1860 3052
226 109 293 136 1279

943 111 987 138 EX
1004 111 1155 140 ORIGENE

1755 119 1796 145 IN

224 164 330 198 piddms
348 164 425 190 vivis.
442 164 508 192 Cum
533 173 596 193 vero
613 171 640 193 et
663 167 814 201 benignitas
830 171 857 194 ct
875 167 973 194 severi!

1043 192 1044 197 η
1059 165 1131 194 οἷκον
1147 168 1249 204 Κυρίου
1263 168 1388 203 λέγεσθαι
1403 169 1451 203 τὴν
1471 169 1633 205 Ἐκκλησίαν
1651 170 1710 196 Θεοῦ
1723 171 1796 205 ζώψ,

223 210 347 243 (μμιιιιιιιιι
363 210 397 236 sit
413 210 469 241 Dei,
489 212 534 245 qui
552 212 675 238 habitant
693 213 719 239 in
736 213 817 240 domo
833 213 950 246 Domini,
969 214 1007 240 vi-

223 255 325 282 debunt
342 255 367 282 in
395 256 515 283 bonitate
541 257 585 284 Dei
611 256 828 290 jucumlitatem;
846 259 890 293 qui
916 264 1006 285 autem

222 305 298 327 extra
314 301 422 327 domum
436 301 495 335 ejus
508 307 586 334 sunt,
602 305 775 331 severitatem
792 305 849 338 ejus
864 306 1006 339 experien-

223 349 274 371 tur.
290 345 419 372 Advertcs
437 353 525 374 autem
538 356 602 374 num
619 347 726 375 dilferat
743 349 871 382 templum
888 349 1004 382 Domini,

222 397 236 415 a
253 390 332 416 domo
352 391 477 423 Domini,
501 397 529 419 et
553 401 616 420 num
634 394 730 421 domus
750 395 784 421 sit
808 395 927 422 Ecclesia
945 404 1005 430 qua:

220 440 322 468 Spectet
342 436 421 463 simul
446 438 479 464 ad
510 438 617 466 Levitas
642 445 668 466 et
689 441 855 468 sacerdotes.
881 441 1003 469 Primum

219 481 328 514 quidem
343 482 368 508 in
387 482 430 509 die
445 483 577 511 malorum
596 485 770 512 absconditur
783 487 844 520 quis
856 494 869 513 a
890 486 1004 515 Domino

219 526 245 552 in
265 519 310 554 Dei
337 527 525 560 tabernaculo,
547 529 644 556 deinde
670 531 821 565 protegitur
838 531 864 558 in
890 533 1004 559 abscon-

218 572 274 600 dito
288 573 453 601 tabernaculi
467 575 562 610 ipsius,
580 578 658 603 tertio
672 577 778 604 demum
792 578 817 604 in
834 584 909 613 petra
927 579 1004 606 exal-

218 622 301 646 talur.
316 619 387 647 Petit
403 621 495 656 itaque
510 627 537 649 ut
554 623 580 649 in
597 623 716 650 Ecclesia
733 624 865 652 inhabitet
880 626 1002 652 curando

218 671 263 691 res
285 665 487 694 ecclesiasticas
512 669 638 696 omnibus
654 669 748 697 diebus
765 670 924 699 illuminata:
941 671 1002 698 vita:

216 715 282 736 suae.
298 708 325 736 In
345 715 428 744 terra,
449 711 547 747 inquit,
566 721 689 746 manens,
706 715 812 742 tametsi
829 715 921 743 multis
951 717 1000 743 bo-

217 754 258 781 nis
274 746 366 789 cgeain
378 776 386 788 ,
410 746 492 783 unum
513 758 643 786 hactenus
659 764 730 793 peto.
757 760 824 788 Cum
843 762 915 790 enim
932 770 999 789 con—-

216 800 305 828 fcrtim
330 802 356 829 in
374 803 501 831 omnibus
524 804 602 832 bonis
621 807 722 834 versari
739 815 885 842 nequeam.
899 816 933 836 ne
947 810 999 836 sal-

1058 214 1090 240 ἐκ
1104 213 1183 240 λίθων
1197 213 1314 245 ζώντων.
1332 213 1421 249 Οῠσης
1441 214 1469 240 δὲ
1489 215 1536 241 καὶ
1556 216 1734 251 χρηστότητος,
1745 218 1796 251 εὖτης

1057 258 1084 284 δὲ
1102 259 1148 284 καὶ
1163 259 1313 294 ἀποτομίας
1329 259 1396 286 Θεοῦ
1406 279 1414 291 ,
1428 260 1452 286 οἱ
1466 261 1514 294 μὲν
1530 260 1712 293 κατοικοῦντες
1726 263 1748 288 ἐν
1757 265 1797 297 οἴκῳ

1057 304 1159 340 Κυρίου
1179 305 1288 338 ὄψονται
1304 305 1352 341 τὴν
1370 306 1399 332 ὲν
1411 307 1444 340 τῇ
1459 306 1624 341 χρηστότητι
1638 306 1682 332 τοῦ
1697 307 1751 333 Θεοῦ
1760 316 1797 342 τερ-

1057 350 1186 386 πνότητα·
1203 352 1227 377 οἱ
1241 351 1269 377 δὲ
1285 351 1337 384 ἔξω
1346 352 1393 378 τοῦ
1404 351 1479 378 οἴκου
1492 352 1671 386 τυγχάνοντες
1681 353 1724 387 τῆς
1732 354 1796 380 ἀποτο-

1057 394 1121 429 μίας
1135 395 1216 422 αὐτοῦ
1235 397 1332 431 πεῖραν
1357 396 1496 431 λήψονται.
1514 396 1545 422 El
1569 395 1691 432 διαφέρει
1713 397 1736 423 δὲ
1758 398 1797 428 v15;

1055 441 1157 476 Κυρίου
1175 442 1222 468 καὶ
1236 440 1310 474 οἶκος
1324 443 1426 478 Κυρίου
1438 443 1604 479 ἐπιστήσεις,
1617 443 1662 469 καὶ
1674 441 1760 474 etaim;
1768 444 1796 478 μὲν

1054 487 1070 521 ἡ
1095 487 1241 523 Ἐκκλησία
1255 488 1393 522 ἀναλόγως
1411 489 1536 520 Λευΐταις
1556 489 1604 515 καὶ
1627 488 1728 524 ἱερεῦσι.
1744 489 1795 523 Upo-

1054 540 1098 559 τον
1112 533 1141 559 ὲν
1159 534 1192 568 τῇ
1210 535 1294 569 σκηνῇ
1318 533 1366 560 τοῦ
1388 533 1455 560 Θεοῦ
1475 533 1626 570 κρύπτεταὶ
1644 543 1683 566 τις
1699 535 1723 560 ἐν
1737 535 1796 569 ἡμέρῃ

1054 578 1146 605 κακῶν
1164 579 1217 605 ἀπὸ
1236 579 1354 615 Κυρίου,
1378 579 1437 606 εἶτα
1460 580 1627 612 σκεπάζεται
1644 581 1672 607 ὲν
1688 581 1797 615 amity-3,73

1052 624 1102 658 τῆς
1123 625 1224 660 σκηνῆς
1242 624 1341 656 αὑτοῦ,
1366 625 1413 652 καὶ
1435 626 1524 662 τρίτον
1544 626 1573 652 ὲν
1600 625 1685 661 πέτρᾳ
1710 626 1796 660 ὑψοῦται.

1051 670 1128 696 ΑἰτΞῖ
1157 671 1246 697 τοίνυν
1265 671 1313 706 τὴν
1334 671 1494 707 Ἐκκλησίαν
1512 672 1597 698 οἰκεῖν
1611 672 1654 698 διᾶ
1671 671 1712 699 τοῦ
1725 673 1799 706 φρονεῖν

1050 713 1086 740 τὰ
1113 714 1329 749 ὲκκλησιαστικὰ
1359 716 1448 747 πάσας
1472 715 1522 747 τὰς
1543 717 1651 752 ἡμέρας
1675 717 1718 751 τῆς
1735 725 1798 749 τετρε-

1050 759 1179 795 τισμένης
1195 759 1276 786 αὑτοῦ
1294 759 1375 796 ζωῆς,
1400 761 1461 787 Ἐπὶ
1479 761 1541 796 γῆς,
1557 763 1774 797 (main-animi.
1786 762 1800 786 εξ

1050 805 1097 832 καὶ
1111 805 1214 833 πολλῶν
1239 806 1278 833 δεῖ
1304 815 1349 841 μοι
1364 806 1418 832 τῶν
1431 806 1552 840 ἀγαθῶν.
1568 807 1635 842 μίαν
1647 807 1742 842 αἴτησιν
1754 807 1799 836 τέως

215 850 270 873 tem
286 846 336 874 boc
350 855 392 875 me
404 849 512 876 deficiat
525 851 595 884 quod
611 859 737 887 magnum
758 857 785 880 et
798 854 928 882 eximium
945 863 973 883 es

1050 851 1125 877 αἰτῶ.
1148 851 1265 886 ’Λορόως
1288 851 1341 888 γὰρ
1365 853 1394 880 ὲν
1419 855 1501 881 πᾶσιν
1520 854 1570 889 οὐχ
1585 851 1643 880 οἷόν
1661 862 1688 879 τε
1706 852 1801 886 «mea:

216 898 226 915 ι
241 895 269 918 ut
285 891 401 925 videam,
418 902 427 918 ι
449 899 502 921 elc.
529 895 581 928 Qui
597 901 688 924 autem
703 897 792 931 diligit
807 899 932 927 decorem
949 901 999 929 do-

215 942 274 961 mus
289 936 405 971 Domini,
419 939 535 967 dulciler
547 941 607 975 ejus
621 949 768 977 conspectu
784 944 836 971 frui
849 943 1007 980 desideral,'

212 985 241 1007 et
258 987 318 1015 post
341 985 597 1019 contemplationem
611 1008 619 1021 ,
639 988 757 1017 invisere
777 992 903 1025 templum
927 993 996 1027 ejus.

212 1026 297 1055 Porro
315 1029 337 1055 is
350 1030 420 1057 videt
433 1031 632 1066 jncundilatem
650 1034 755 1062 Domini
772 1036 817 1070 qui
839 1026 997 1066 fundamen-

214 1073 275 1100 talia
300 1074 427 1103 Ecclesia:
456 1077 581 1113 dogmata
603 1080 742 1108 intuetur:
767 1082 910 1111 Triuilatis
933 1093 997 1113 vero

212 1121 339 1154 mySIcria
357 1122 555 1157 considerans,
578 1126 704 1160 templum
720 1126 778 1161 ejus
803 1130 997 1165 contemplabi-

211 1169 264 1192 tur.
283 1166 369 1194 Decor
382 1168 499 1202 Domini,
513 1175 552 1198 est
568 1171 649 1199 etiam
664 1173 752 1200 omnis
769 1182 863 1202 eormn
878 1176 932 1203 vita
948 1177 994 1212 qui

210 1211 309 1239 virtute
329 1217 358 1240 et
377 1213 476 1248 pietate
498 1221 639 1250 prtestant.
665 1227 674 1244 ε
694 1218 828 1252 Quoniam
851 1211 994 1249 abscondit

207 1263 262 1289 me,
276 1266 286 1283 ι
303 1262 356 1284 etc.
376 1259 502 1287 «Inimici
516 1262 637 1296 quidem,
657 1263 754 1297 inquit,
769 1265 918 1294 infirmitati
931 1272 995 1296 sunt

206 1304 235 1326 et
246 1301 419 1335 ceciderunt;
435 1313 445 1329 ι
465 1311 516 1339 ego
533 1310 622 1333 autem
637 1307 687 1334 sub
698 1309 810 1336 dextera
827 1310 912 1346 ipsius
927 1313 992 1340 abs-

207 1346 358 1379 condebar,
375 1349 501 1378 habitans
523 1351 550 1378 in
570 1353 764 1388 tabernaculo;
791 1356 919 1390 quoniam
936 1362 992 1385 tum

207 1389 234 1416 in
251 1389 366 1419 desertis
383 1394 518 1430 morabar,
534 1404 583 1424 nec
598 1397 730 1426 habebam
742 1389 852 1429 domum
867 1402 925 1437 Dei,
943 1412 991 1433 nec

208 1436 336 1471 templum
368 1438 436 1473 ejus.
466 1440 657 1471 Verumtamen:
682 1443 735 1472 isto
764 1448 990 1481 persecutionum

207 1481 289 1518 634
313 1487 434 1519 tempore
459 1488 577 1520 protexit
602 1497 654 1516 me.
677 1490 873 1520 Absconditum
899 1500 1025 1540 autcmc

208 1529 376 1540 ,μω---μη
407 1536 459 1540 Μ.
492 1533 498 1538 .
547 1533 553 1539 .
578 1534 594 1540 ..
726 1537 731 1540 ,

208 1529 388 1564 tabernaculi,
403 1536 462 1559 erat
474 1533 532 1567 ejus
546 1533 670 1561 intimum
685 1541 712 1563 et
726 1537 904 1573 inaccessum,
917 1542 989 1576 quod

206 1572 306 1599 Sancta
323 1579 479 1602 sanctorum
491 1576 676 1610 appellabant.
697 1579 754 1607 Non
772 1581 882 1609 omnino
897 1572 990 1611 autem

206 1619 411 1647 tabernaculum
440 1621 466 1648 in
491 1622 551 1650 loco
568 1623 651 1651 fuisse
676 1626 792 1660 asserit,
812 1627 860 1654 sed
883 1629 910 1655 in
925 1636 989 1656 sana

204 1665 303 1693 anitum
318 1668 513 1696 constitutione
528 1677 587 1704 quae
603 1671 639 1698 sit
659 1672 695 1699 ab
710 1674 783 1701 omni
807 1675 990 1705 multitudinis

203 1713 393 1740 communione
405 1713 500 1742 libera.
514 1715 571 1743 Non
587 1718 710 1751 permisit
721 1727 775 1751 me,
789 1720 887 1755 inquit,
905 1721 989 1750 latere

204 1765 288 1792 usque
307 1758 332 1785 in
355 1759 435 1787 tinent
448 1781 456 1793 ,
476 1762 523 1789 sed
540 1770 599 1789 cum
616 1763 698 1790 etiam
722 1765 783 1793 aliis
803 1774 845 1793 me
861 1768 988 1801 prodesse

203 1803 293 1836 vellet,
312 1805 337 1831 in
355 1811 442 1839 petra,
461 1807 487 1834 id
510 1813 552 1835 est
569 1808 677 1836 Christo
689 1811 821 1839 exultavit
836 1821 889 1840 me.
913 1814 988 1842 Alias

201 1849 284 1877 etiam
300 1858 369 1886 sa‘pe
385 1852 485 1879 dictum
500 1859 542 1880 est
564 1855 739 1883 tabernaculo
753 1857 922 1893 profectum,
940 1860 988 1887 do-

202 1903 246 1922 mo
261 1900 350 1923 autem
374 1898 572 1932 perfectionem
599 1900 758 1935 significari.
778 1902 863 1930 Nemo
887 1905 984 1940 igitur,

200 1949 261 1968 cum
285 1943 333 1978 ipsi
358 1943 416 1971 dies
438 1945 524 1972 malus
548 1946 691 1979 imminet,
712 1947 738 1974 in
754 1948 833 1976 domo
857 1949 904 1978 Dei
922 1959 982 1979 esse

200 1992 306 2021 potest:
329 1989 374 2015 scd
393 1989 419 2016 in
441 1991 535 2017 umbra
556 1991 732 2020 absconditur
744 2014 752 2027 ,
770 1995 841 2029 quod
859 1996 882 2022 is
907 1998 952 2032 qui
969 2006 984 2024 a

201 2033 271 2060 malo
295 2033 392 2061 liberat
416 2035 564 2069 profectum
592 2037 650 2072 ejus
674 2044 807 2074 protegat.
836 2041 886 2074 Qui
911 2039 984 2070 enini

199 2079 289 2106 adhuc
302 2085 384 2113 agunt
399 2082 594 2115 pteuitcntiam,
614 2085 808 2119 perfectionem
826 2087 926 2115 habere
940 2096 985 2116 nc-

199 2128 312 2157 queunt.
328 2124 442 2152 Possunt
456 2127 536 2154 etiam
553 2129 621 2156 mala
641 2129 684 2156 hic
700 2129 815 2166 intelligi
832 2133 983 2162 adversita-

1048 898 1105 930 τοῖς
1121 897 1241 931 ἀγαθοῖς,
1260 899 1342 933 μήπω
1356 899 1414 926 τόδε
1427 899 1514 926 λείποι
1535 900 1564 927 τὺ
1580 900 1652 935 μέγα
1665 901 1707 926 καὶ
1723 900 1800 934 ἐξαίρε-

1047 950 1093 970 τον
1103 962 1110 974 ,
1134 952 1143 968 ι
1158 942 1189 968 τὸ
1211 943 1322 979 Θεωρεῖν
1337 952 1381 979 με,
1395 954 1404 970 ι
1423 945 1469 971 καὶ
1487 945 1521 971 τὰ
1537 944 1613 980 ἑξῆς,
1638 945 1667 971 'U
1679 945 1705 971 δὲ
1718 944 1802 979 ἀγαπῶν

1047 987 1096 1022 τὴν
1111 987 1277 1023 εὐπρέπειαν
1293 989 1339 1016 τοῦ
1358 989 1433 1016 οἴκου
1448 991 1549 1026 Κυρίου
1569 991 1691 1026 βούλεται
1708 990 1801 1026 τερπνῶς

1047 1033 1230 1060 ὲναπολαῦσαι
1246 1036 1278 1070 τῇ
1296 1035 1355 1071 θέᾳ,
1373 1036 1419 1062 καὶ
1437 1036 1506 1072 μετὰ
1521 1037 1572 1073 τὴν
1585 1037 1701 1073 θεωρίαν
1719 1036 1802 1063 ἐπιδιέ-

1047 1079 1162 1106 πτεσθαι
1175 1080 1221 1106 τὸν
1237 1081 1300 1107 ναὸν
1313 1081 1407 1108 αὐτοῦ.
1421 1082 1524 1118 Θεωρεῖ
1542 1083 1571 1110 δέ
1593 1092 1641 1116 τις
1652 1084 1699 1119 τὴν
1717 1083 1801 1118 τερπνό-

1046 1134 1115 1162 τητα
1134 1126 1247 1162 Κυρίου.
1260 1127 1296 1154 τὰ
1308 1128 1499 1164 ὑποόεὸηκότα
1514 1129 1640 1165 δόγματα
1658 1130 1704 1165 τῆς
1718 1128 1802 1163 Ἐκκλη-

1047 1171 1107 1202 σίας
1127 1171 1208 1206 ὀρῶν·
1232 1172 1393 1207 προσϐαλὼν
1408 1173 1436 1200 δὲ
1449 1175 1505 1206 τοῖς
1517 1175 1582 1210 περὶ
1597 1175 1719 1210 Τριάδος,
1732 1183 1802 1210 regis.

1045 1216 1141 1253 θρήσει
1152 1217 1198 1244 τὸν
1207 1218 1270 1244 ναὸν
1282 1218 1375 1246 αὐτοῦ.
1391 1219 1548 1256 Εὗπρέπεια
1557 1220 1586 1247 δὲ
1599 1221 1703 1256 Κυρίου
1717 1221 1757 1247 ui.
1766 1221 1802 1251 πᾶς

1044 1262 1058 1289 ὁ
1072 1263 1132 1289 κατ’
1151 1263 1250 1299 ἀρετὴν
1265 1264 1322 1300 βίος
1338 1265 1393 1292 τῶν
1411 1266 1440 1294 ἐν
1465 1266 1605 1302 θεοσεϐείᾳ
1620 1267 1802 1302 διαπρεπύπων.

1046 1317 1056 1334 ι
1070 1309 1131 1336 ’Ὁτι
1147 1309 1250 1346 ἔκρυψέ
1263 1319 1307 1346 με,
1323 1321 1332 1337 ι
1348 1312 1396 1338 καί⁷
1416 1312 1452 1338 τὰ
1468 1312 1541 1348 ἑξῆς,
1559 1322 1568 1338 ι
1579 1313 1616 1339 οι
1656 1313 1703 1348 μὲν
1717 1311 1800 1347 ἐχθρά,

1043 1355 1140 1390 φησὶν,
1168 1355 1298 1390 ἠσθένουν
1322 1357 1369 1383 καὶ
1382 1357 1505 1386 ἔπιπτον·
1517 1368 1526 1384 ι
1541 1358 1598 1393 ἐγὼ
1619 1359 1649 1386 δὲ
1665 1359 1715 1385 ὑπὸ
1724 1359 1764 1394 τῆς
1771 1358 1802 1384 αὖ·

1042 1399 1090 1427 τοῦ
1106 1400 1196 1434 δεξιᾶς
1216 1402 1391 1438 ἐκρυπτόμην
1414 1404 1444 1430 ὲν
1466 1406 1552 1440 σκηνῇ
1568 1405 1722 1438 κατοικῶν,
1735 1404 1769 1430 διὰ
1783 1404 1800 1428 τί

1041 1445 1144 1481 διάγειν
1156 1448 1186 1475 ὲν
1199 1448 1340 1484 ἐρημίαις,
1357 1449 1405 1475 καὶ
1427 1449 1464 1485 μὴ
1478 1449 1548 1484 ἔχειν
1563 1450 1628 1476 τότε
1640 1451 1687 1477 τὸν
1700 1449 1761 1476 οἷκον
1772 1448 1801 1475 τεῦ

1041 1492 1128 1525 Θεοῦ,
1157 1493 1223 1528 μηδὲ
1244 1493 1290 1521 τὸν
1309 1493 1373 1522 ναὸν
1393 1495 1486 1524 αὑτοῦ.
1508 1496 1564 1522 Καὶ
1589 1496 1620 1522 εν
1641 1496 1708 1532 τῷδε
1723 1495 1801 1530 {ita}:

1041 1537 1167 1573 διωγμῶν
1186 1539 1275 1575 καιρῷ
1291 1540 1427 1567 ὲσκέπασέ
1456 1550 1500 1577 με.
1526 1542 1702 1578 Ἀπόκρυφον
1719 1542 1743 1568 δὲ
1757 1549 1802 1573 σκη-

1041 1583 1090 1618 νῆς
1107 1583 1137 1610 τὺ
1153 1584 1291 1612 ἐνδότατόν
1307 1594 1336 1613 τε
1353 1586 1401 1613 καὶ
1415 1587 1524 1619 ἄϐατον,
1537 1588 1609 1624 ὅπερ
1622 1588 1733 1615 ἐκάλουν
1743 1588 1802 1620 ’Λτιι

1040 1628 1135 1663 ἁγίων.
1156 1630 1192 1656 Οὐ
1204 1630 1312 1663 πάντως
1324 1631 1352 1657 δὲ
1364 1632 1414 1666 τὴν
1424 1632 1526 1668 σκηνὴν
1539 1633 1567 1659 ἐν
1579 1633 1659 1668 τόπῳ
1671 1631 1803 1668 γεγενῆσθαὶ

1040 1685 1133 1712 φησιν,
1158 1676 1216 1704 ἀλλ’
1241 1678 1269 1704 ἐν
1290 1677 1378 1713 ψυχῆς
1407 1678 1572 1705 καταστάσει
1598 1679 1756 1715 ἡγιασμένη.
1773 1677 1802 1702 ui

1039 1722 1130 1757 πάσης
1145 1723 1343 1760 ἀπηλλαγμένῃ
1352 1724 1401 1759 τῆς
1411 1724 1465 1750 τῶν
1479 1723 1586 1751 πολλῶν
1601 1722 1802 1756 κοινωνίας,

1038 1769 1088 1795 οὐκ
1100 1768 1191 1804 ἀφῆκέ
1208 1777 1252 1804 με,
1272 1769 1351 1804 φησὶ,
1372 1769 1453 1804 μέχρι
1475 1769 1568 1802 τέλους
1591 1767 1801 1800 λανθάνειν,ἁὶὶὰ

1038 1815 1085 1842 καὶ
1101 1814 1204 1850 ἑτέροις
1218 1815 1353 1850 χρήσιμον
1368 1814 1494 1849 γενέσθαι
1511 1815 1690 1851 βουλόμενος,
1702 1816 1728 1841 ὲν
1742 1814 1803 1847 πέτρᾳ

1037 1861 1076 1897 τῷ
1091 1861 1201 1897 Χριστῷ
1219 1861 1310 1897 ὕψωσὲ
1331 1871 1375 1897 με.
1391 1862 1446 1889 Καὶ
1459 1862 1546 1894 ἄλλως
1561 1862 1591 1889 δὲ
1610 1863 1738 1893 πολλάκις
1751 1862 1801 1895 559?,-

1036 1917 1081 1935 ται
1097 1908 1146 1943 τὴν
1163 1908 1211 1942 μὲν
1226 1907 1327 1944 σκηνὴν
1346 1908 1442 1944 δηλοῦν
1470 1909 1626 1945 προκοπὴν,
1651 1909 1697 1936 τὸν
1713 1907 1773 1942 οἷκον

1037 1953 1203 1989 τελειότητα.
1221 1953 1314 1985 Οὐδεὶς
1329 1951 1375 1980 οὖν
1387 1973 1394 1985 ,
1411 1954 1589 1989 ἐνεστηκυίας
1607 1955 1686 1989 αὐτῷ
1702 1955 1746 1989 τῆς
1767 1952 1800 1977 τιῗῆ

1037 2000 1130 2026 κακῶν
1145 1999 1261 2035 ἡμέρας,
1279 2000 1307 2025 ἐν
1323 1999 1390 2034 οἴκῳ
1404 1997 1472 2026 εἶναι
1485 1999 1597 2026 δύναται
1613 2000 1663 2028 τοῦ
1679 1999 1750 2026 Θεοῦ*

1036 2045 1065 2072 ὲν
1085 2046 1117 2080 τῇ
1134 2045 1198 2079 σκιᾷ
1214 2044 1362 2081 κρύπτεται
1375 2045 1429 2080 ,τῷ
1445 2045 1494 2080 τὴν
1510 2046 1660 2081 προκοπὴν
1683 2045 1799 2075 σκεπάζειν

1034 2089 1081 2116 τὸν
1095 2090 1193 2122 κακίας
1211 2090 1456 2126 ἀπαλλαττόμενον.
1476 2091 1536 2117 Ἔτι
1553 2091 1610 2127 γὰρ
1624 2091 1800 2127 μετανοοῦντες.

1035 2136 1065 2162 οὐ
1083 2135 1210 2162 δύνανται
1227 2135 1299 2171 ἔχειν
1323 2136 1371 2171 τὴν
1394 2136 1562 2171 τελειότητα.
1590 2137 1712 2163 Δύναται
1733 2137 1756 2162 ἂ
1771 2136 1800 2160 xz".

201 2174 255 2200 tes;
281 2171 468 2199 absconditum
492 2178 581 2201 autem
599 2176 763 2203 tabernaculi
781 2177 840 2212 ejus
860 2179 976 2214 discipli-

1043 2181 1082 2208 μῦν
1105 2181 1178 2208 κακὰ
1204 2182 1322 2208 νοεῖσθαι
1351 2181 1386 2208 τὰ
1411 2182 1601 2217 περιστατικά·
1624 2180 1799 2218 ἀπόκρυφνέ

199 2223 250 2247 na,
271 2224 323 2249 qua
340 2218 420 2244 etiam
439 2219 606 2253 proficimus.
625 2221 713 2255 Atque
730 2222 782 2249 alia
795 2224 903 2257 quidem
920 2231 982 2254 sunt

199 2260 355 2294 uiauifesta,
374 2263 424 2290 alia
442 2271 505 2291 vero
521 2266 645 2300 mystica.
663 2266 734 2294 Deus
756 2268 847 2303 itaque
869 2279 921 2299 non
936 2280 982 2299 su-

197 2308 305 2339 prrlicic
323 2313 402 2336 tenus
414 2310 599 2344 proficientem
615 2314 744 2348 protegit.
762 2314 832 2342 Dixit
851 2317 979 2346 taberna-

197 2352 286 2379 culum
303 2353 377 2388 cjus,
394 2356 520 2390 quoniam
545 2365 598 2384 non
624 2360 715 2386 omnis
729 2360 867 2394 profectus
883 2371 980 2392 secun-

196 2398 258 2424 dum
272 2398 353 2426 Demu
370 2406 426 2433 est,
450 2402 521 2429 hunc
535 2408 624 2431 autem
640 2405 791 2439 profectum
810 2410 916 2445 excepit
931 2418 978 2445 pe-

196 2449 235 2471 tra
250 2445 433 2479 perfectionis.
453 2447 588 2476 Profectui
608 2452 754 2486 respondet
770 2455 878 2482 verbum
896 2464 905 2479 ι
917 2457 980 2485 abs-

194 2491 302 2522 condit;
330 2501 339 2517 »
379 2493 540 2526 pcrfectioni
565 2503 629 2524 vero
657 2507 667 2523 (
690 2499 830 2527 exultavit.
851 2510 860 2527 ι
888 2502 979 2531 Possis

194 2537 275 2563 etiam
295 2538 495 2567 tabernaculum
517 2541 673 2578 intelligere,
696 2545 756 2572 vitaz
771 2546 920 2574 institutqu
935 2557 978 2576 se-

193 2583 310 2609 cundum
326 2583 411 2618 lcgcm
426 2590 452 2613 et
465 2588 621 2621 prophetasl
637 2590 661 2616 iu
676 2598 739 2624 quo,
758 2591 782 2617 id
800 2597 840 2619 cst
855 2593 880 2620 in
896 2602 976 2622 sensu

195 2629 318 2661 mystico,
336 2630 478 2658 abscondit
499 2634 567 2661 Dens
582 2642 642 2662 eum
662 2643 740 2669 quem
758 2637 878 2670 instruit,
901 2640 976 2667 exal-

195 2677 254 2698 laus
270 2673 357 2706 ipsum
374 2675 398 2701 in
413 2681 499 2710 petra,
514 2678 539 2705 id
556 2684 596 2706 est
610 2679 634 2706 in
648 2680 765 2708 Christo.

207 2748 215 2754 .
232 2717 309 2745 Vnus.
336 2721 361 2746 5.
381 2721 512 2753 Quoniam
536 2725 671 2752 abscondit
695 2735 734 2753 me
757 2729 784 2754 in
809 2729 976 2758 tabernaculo

196 2768 242 2787 suo
257 2763 284 2789 in
304 2765 346 2791 die
365 2768 493 2795 nullorum
506 2789 513 2801 ,
533 2774 585 2797 etc.
605 2771 819 2800 Tabernaculum
837 2774 974 2802 Christum

1036 2228 1139 2263 σκηνῆς
1153 2228 1235 2255 αὐτοῦ
1253 2229 1300 2255 ἐπὶ
1316 2229 1365 2264 τῆς
1380 2229 1556 2261 παιδεύσεως,
1577 2230 1664 2256 κάκεῖ
1679 2229 1799 2264 προκόπτο-

1036 2282 1095 2309 μεν.
1110 2273 1150 2301 Τὰ
1164 2274 1215 2309 μέν
1227 2275 1286 2300 ἐστι
1308 2275 1432 2310 προφανῆ
1445 2295 1452 2306 ,
1466 2274 1500 2301 τὰ
1512 2275 1541 2301 δὲ
1564 2276 1701 2310 μυστικά.
1723 2275 1768 2301 051
1781 2274 1799 2298 ἐν

1033 2321 1089 2352 τοῖς
1101 2319 1269 2351 ἑπιπολαίοις
1283 2318 1329 2346 οὖν
1342 2321 1356 2346 ὁ
1367 2320 1432 2351 Θεὸς
1443 2320 1489 2347 τὸν
1501 2321 1699 2356 προκόπτοντα
1721 2320 1798 2347 σκέῖμ

1033 2367 1118 2393 Αὑτοῦ
1133 2367 1160 2393 δὲ
1174 2365 1233 2393 εἷπε
1248 2367 1361 2402 σκηνὴν,
1373 2367 1434 2393 ἐπεὶ
1446 2367 1483 2402 μὴ
1504 2368 1580 2393 πᾶσα
1595 2368 1672 2394 κατὰ
1684 2367 1744 2394 Θεῇν
1754 2372 1797 2400 Iph

1033 2413 1114 2448 κοπή·
1124 2412 1257 2444 διεδέξατο
1271 2412 1299 2439 δὲ
1311 2412 1360 2447 τὴν
1373 2413 1514 2448 προκοπὴν
1528 2413 1544 2447 ἡ
1558 2413 1652 2448 πέτρα.
1667 2414 1715 2448 τῆς
1727 2411 1797 2438 πελειάς

1032 2467 1122 2493 τητος.
1140 2457 1314 2490 Κατάλληλον
1329 2457 1358 2484 δὲ
1373 2459 1406 2493 τῇ
1421 2458 1471 2493 μὲν
1481 2460 1609 2494 προκοπῇ
1628 2459 1662 2485 τὸ
1678 2469 1687 2484 ι
1697 2458 1794 2507 ἐκρνᾲιῖι

1032 2506 1065 2539 τῇ
1081 2503 1109 2530 δὲ
1125 2503 1272 2538 τελειότητι
1288 2504 1319 2529 τὸ
1333 2514 1341 2528 ι
1354 2503 1455 2537 ὖψωσε.
1470 2513 1479 2529 ι
1498 2504 1596 2538 Λέγοις
1624 2505 1649 2531 δ’
1668 2505 1700 2532 ἂν

1033 2550 1079 2576 καὶ
1093 2549 1141 2585 τὴν
1155 2549 1200 2576 διὰ
1210 2549 1292 2584 νόμου
1307 2549 1353 2575 καὶ
1368 2549 1658 2595 προφητιῦνλάγωγὴν,
1673 2547 1725 2586 ὲνῇ
1738 2547 1794 2595 svi?

1033 2593 1154 2629 μυστικῷ
1170 2593 1208 2628 νῷ
1222 2593 1337 2628 κρύπτει
1357 2594 1402 2620 τὸν
1416 2593 1614 2629 παιδευόμενον
1631 2596 1647 2621 ὁ
1661 2596 1732 2625 Θεὸς.
1745 2592 1796 2625 eam

1031 2640 1112 2666 αὑτὸν
1127 2640 1155 2666 ἐν
1168 2641 1201 2675 τῇ
1217 2639 1305 2674 πέτρᾳ
1324 2639 1362 2674 τῷ
1375 2638 1496 2674 Χριστῷ.

1066 2731 1124 2757 ’Ὁτι
1137 2729 1251 2764 ἔκρυψέ
1263 2739 1301 2764 με
1317 2730 1352 2756 ἐν
1373 2729 1474 2764 σκηνῇ
1488 2730 1580 2757 αὐτοῦ
1602 2731 1641 2757 ἑν
1668 2731 1749 2765 fuitin;
1762 2736 1792 2753 ιη’

1030 2777 1090 2804 κῶν
1100 2786 1170 2812 μου,
1185 2786 1210 2804 κ.
1223 2786 1247 2804 τ.
1262 2778 1285 2803 ἐ.
1299 2777 1405 2812 Σκηνὴν
1419 2777 1464 2804 τὸν
1480 2778 1598 2811 Χριστὸν
1619 2779 1677 2815 (Η)
1688 2777 1792 2812 ὀνομὲὲἣ

228 2819 282 2854 (l5)
297 2819 420 2855 Σκηνὴν
438 2825 488 2851 τὸν
503 2827 640 2860 Χριστόν,
659 2833 710 2857 etc.
732 2829 845 2860 Schcda:
868 2831 972 2870 Gl'ubii,

1043 2844 1072 2864 ex
1088 2835 1280 2864 Coislinianus.
1297 2834 1439 2863 Barbarus.
