1860 3052
29 143 38 167 I
44 143 89 168 εει»

28 201 130 236 εποίησε

25 247 51 274 αἱ
63 246 161 282 ἀρεταὶ,
178 246 245 282 ἔργα
261 247 288 273 δὲ
301 246 398 282 χειρῶν
410 246 492 274 αὑτοῦ
504 248 528 273 οὶ
545 247 617 282 λόγοι
632 247 685 274 τῶν
699 246 810 281 γεγονό-

24 302 81 319 των.
88 292 231 324 «Καοελείς
239 293 336 325 αὐτοὺς
344 293 391 320 καὶ
400 293 429 320 οὺ
441 293 478 329 μὴ
486 293 672 329 οἰκοδομήσεις
681 293 789 325 αὐτούς.
797 303 806 319 ›

25 338 133 365 Καθελεί
155 338 257 374 Κύριος
285 338 334 370 τὰς
360 338 432 372 ἕξεις
461 338 511 371 τὰς
540 338 677 374 πονηρὰς,
702 339 749 365 καὶ
776 338 806 364 οὐ

24 382 58 418 μὴ
76 382 114 408 ἔτι
137 383 308 418 συγχωρήσει
339 384 396 416 τοῖς
424 383 609 419 οἰκοδομοῦσιν
631 383 807 418 οἰκοδομῆσαι

23 429 110 461 αὑτάς.
339 457 387 469 'v

53 476 104 503 Καὶ
123 476 270 503 ἀνέθίιλεν
284 476 304 510 ἡ
318 473 398 510 σάρξ
409 485 481 511 μου,
499 486 526 504 κ.
547 485 571 504 τ.
591 478 614 504 ἑ.
638 477 732 513 Σάρκα
758 476 807 512 μὲν

21 522 140 557 ὠνόμασε
155 522 211 558 ('50)
219 522 269 558 τὴν
279 522 367 558 ψυχὴν
379 522 423 550 διὰ
437 522 467 549 τὸ
481 522 661 558 κεκολλῆσθαι
675 522 759 558 αὐτὴν
772 524 805 558 τῇ

21 567 107 601 σαρκὶ,
125 567 195 594 κατὰ
216 567 257 599 τὸ,
280 577 290 593 ι
309 567 424 603 Ὀψεται
445 568 520 594 πᾶσα
538 567 606 604 σὰρξ
626 568 657 594 τὸ
673 568 806 604 σωτήριον

19 612 62 638 τοῦ
86 611 152 638 Θεοῦ
168 612 258 648 ἡμῶν.
278 622 287 638 ι
306 613 342 639 Ἦ
361 612 432 648 τάχα
448 613 465 648 ἡ
482 612 599 648 αἰσθητὴ
623 612 714 639 θάλλει
739 612 807 648 σὰρξ

18 658 169 694 ἀποθεμένη
182 657 217 684 τὰ
226 658 309 694 πάθη.

48 702 150 730 £6007-
165 703 218 730 τὸν
242 703 322 730 λαόν·
334 709 404 734 σου,
417 701 465 729 κα)
481 703 652 737 εὺλόγνησον
663 701 721 736 τὴν
735 703 806 736 κλη-

13 749 154 783 ρονομίαν
167 756 236 781 σου,
256 749 305 776 καὶ
322 749 470 783 ποίμανον
479 747 601 781 αὐτοὺς,
618 748 667 775 καὶ
692 748 806 782 ἔπαρον

16 791 122 825 αὐτοὺς
149 793 206 827 ἕως
219 792 274 820 τοῦ
289 792 406 826 αἰῶνος,
423 801 450 819 κ.
468 801 491 819 τ.
508 793 532 819 ὲ.
547 792 738 828 Κληρονομίαν
746 791 803 827 (51)

15 838 59 865 νῦν
76 839 150 873 λέγει
171 839 221 875 τὴν
243 839 463 875 κληρονομοῦσαν
482 839 563 866 αὑτὸν
579 838 659 873 φύσιν
679 838 802 874 λογικήν.

486 140 639 168 SELECTA
661 140 692 168 IN
716 139 882 168 PSALMOS.
901 156 934 160 —-
951 139 1050 168 PSAL.
1071 138 1190 167 XXVIII.

177 201 260 228 ταῦτα
282 202 383 236 nivea;
400 211 409 227 ι
428 202 463 228 Ἦ
474 202 544 237 τάχα
559 201 626 238 ἔργα
642 201 692 237 μὲν
705 202 808 238 Κυρίου
823 207 833 233 Α

893 200 997 235 Nonne,
1015 201 1102 236 inquit
1116 200 1152 233 ⁷⁸,
1167 207 1264 227 manus
1280 206 1341 227 utea
1358 199 1419 228 fecit
1439 199 1495 228 tunc
1505 201 1596 228 oumia
1611 202 1621 228 ‘3
1639 211 1648 226 ι

1583 141 1649 167 ίὲΊΟ

863 246 909 273 νει
925 246 997 274 forte
1012 253 1095 281 opera
1110 244 1216 273 Domini
1231 250 1297 272 sunt
1314 245 1425 273 virtutes
1437 267 1443 279 ,
1459 253 1541 280 opera
1557 251 1649 272 autem

862 299 990 319 manuum
1002 291 1070 326 ejus,
1087 295 1150 318 sunt
1166 297 1254 317 rerum
1269 289 1403 318 factarum
1421 292 1552 320 rationes.
1574 301 1583 317 ι
1601 292 1650 319 De-

861 343 951 364 strues
964 337 1025 364 illos
1037 343 1064 364 et
1079 345 1133 365 non
1149 337 1297 366 aediﬁcahis
1309 345 1367 365 eos.
1393 347 1402 363 ι
1417 338 1536 365 Destruit
1557 338 1649 365 Domi-

861 392 912 411 nus
937 384 1021 411 malos
1046 384 1164 417 habitus,
1183 392 1233 412 nec
1253 384 1388 419 permittit
1403 383 1600 412 aediﬁcantibus
1622 389 1650 413 ut

860 430 935 465 ipsos
948 430 1111 458 instaurent.
1188 429 1192 432 ’

896 475 977 503 Vens.
995 476 1021 503 7.
1034 476 1068 504 Et
1080 477 1199 512 reﬂoruit
1216 484 1278 504 caro
1300 484 1367 508 utea,
1383 481 1436 503 etc.
1458 476 1573 503 Carnem
1599 483 1650 502 vo-

859 523 930 550 cavit
945 523 1075 556 animam,
1091 523 1163 558 quod
1176 523 1251 550 carui
1265 521 1415 552 adhaereat,
1429 522 1506 556 juxta
1519 522 1582 548 illml
1595 521 1618 537 '°
1640 530 1647 549 :

862 579 870 594 ι
889 568 997 596 Videbit
1008 570 1097 596 omnis
1110 577 1175 596 eam
1186 569 1307 596 salutare
1322 569 1366 595 Dei
1379 568 1474 596 nostri.
1490 578 1499 594 ›
1517 567 1564 596 Vel
1580 568 1651 595 forte

858 615 967 643 sensilis
986 622 1051 642 caro
1067 614 1227 649 reﬂorescit,
1243 623 1303 642 cum
1326 614 1439 641 allectus
1458 614 1593 648 deposuit.

892 703 975 739 639
993 707 1070 735 Vens.
1084 703 1110 732 9.
1129 703 1239 731 Salvum
1252 703 1296 738 [ac
1309 702 1435 736 populant
1451 707 1537 733 tuum,
1552 706 1576 727 et
1602 701 1648 726 lu:-

858 749 934 776 nedlc
949 749 1100 776 Itwreditati
1121 754 1183 780 tum,
1202 754 1226 776 et
1248 756 1305 782 rege
1334 756 1388 779 eos,
1405 752 1429 774 ιιι
1458 748 1553 774 οπιοίιε
1586 746 1648 772 illo:

857 802 937 829 usque
947 794 974 821 in
987 801 1124 825 ιιιιενηιιηι,
1141 798 1194 821 etc.
1208 793 1400 820 Ilzereditatem
1423 796 1502 819 vocat
1527 791 1648 818 rationa-

857 839 938 866 bilem
952 843 1075 866 naturam
1090 847 1150 874 qua:
1165 839 1251 874 ipsius
1265 839 1351 865 haeres
1367 837 1436 864 facta
1452 842 1504 865 est.

49 885 103 912 Τοῦ
116 874 222 913 αὑτοῦ.
238 874 324 917 Αὐτός
335 886 350 912 ὁ
362 874 485 921 Χριστὸς
508 884 564 920 (52)
584 885 659 920 ἡμᾶς
676 886 802 920 ποιμανεῖ
820 874 833 901 Ῑ

893 884 1032 919 Ejusdem.
1052 885 1110 919 Ipse
1129 885 1254 912 Christus
1276 884 1363 919 pascit
1381 892 1430 910 nos
1445 883 1491 917 qui
1510 883 1536 910 itt
1557 883 1644 916 ipsum

11 931 71 962 τοὺς
95 932 134 963 είς
159 931 239 958 αὑτὸν
262 931 488 963 πεπιστευκότας,
511 929 623 966 πέμψας
638 929 696 957 ἀντ’
717 929 800 957 αὑτοῦ

11 978 55 1004 καὶ
71 978 108 1009 ὡς
122 977 205 1004 αὐτὸν
218 977 263 1004 τὸν
278 977 466 1013 Παράκλητον,
480 977 494 1003 ὅ
511 977 568 1003 ἐστι
582 976 612 1003 τὸ
628 976 740 1012 Πνεῦμα
753 977 802 1012 τῆς

10 1023 145 1058 ἀληθείας.
156 1024 211 1050 Καὶ
228 1023 281 1059 μὴν
292 1023 338 1050 καὶ
352 1023 459 1059 ἐπαίρει
472 1022 527 1049 ἀπὸ
538 1021 593 1048 τῶν
602 1022 713 1058 γηΐνων,
724 1031 802 1049 τουτ-

855 931 1031 962 credidimus,
1050 931 1158 958 mittens
1174 939 1222 965 pro
1238 938 1266 958 se
1281 935 1308 957 et
1326 935 1453 965 tanquam
1474 937 1504 957 se
1517 929 1646 956 Puracle-

857 983 926 1011 tum,
939 976 1073 1012 Spiritum
1085 978 1218 1005 veritatis.
1228 978 1297 1010 Quin
1312 982 1339 1004 et
1350 977 1453 1004 extollit
1467 983 1515 1003 nos
1527 984 1542 1003 a
1560 980 1646 1002 terre-

857 1024 909 1055 nis,
923 1024 947 1050 id
962 1029 1004 1051 est
1017 1024 1147 1051 sublimes
1161 1024 1226 1052 l'acit
1239 1024 1265 1051 in
1278 1023 1369 1050 futura
1382 1027 1408 1051 et
1419 1022 1524 1051 inﬂuit:
1533 1022 1643 1050 Sal-cuia.

10 1070 81 1097 ἐστιν
110 1070 230 1105 ὑψηλοὺς
253 1070 398 1105 ἀποφαίνει
415 1070 455 1101 είς
480 1069 543 1100 τοὺς
567 1068 713 1104 μέλλοντας
733 1069 780 1096 καὶ
800 1069 994 1106 ὰτελευτήτους
1015 1069 1125 1102 αἰῶνας.

289 1169 436 1195 ΨΑΛΜΟΣ
446 1169 512 1195 KH’.

44 1227 197 1262 Ἐνέγκατε
213 1225 252 1259 τῷ
272 1226 379 1260 Κυρίῳ,
390 1226 449 1253 υἱοὶ
460 1225 546 1257 Θεοῦ,
563 1235 590 1252 κ.
607 1235 631 1252 τ.
650 1226 673 1252 ἐ.
693 1225 798 1259 Παῦλος

7 1272 20 1299 6
35 1272 109 1306 ἅγιος
126 1273 184 1306 (55)
210 1271 266 1304 υἱὸς
280 1270 351 1297 Θεοῦ
367 1271 463 1305 γέγονε
485 1270 531 1298 διὰ
550 1270 598 1297 τοῦ
618 1271 794 1305 Εὑαγγελίου.

13 1319 120 1352 Ἐγέννα
139 1319 170 1345 δὲ
194 1318 241 1344 καὶ
263 1318 345 1350 αὐτὸς
375 1317 449 1349 υἱοὺς
473 1317 520 1343 καὶ
537 1316 658 1352 προσῆγε
671 1316 711 1352 τῷ
725 1317 795 1354 θεῷ.
813 1339 835 1371 c

8 1364 84 1396 Υἱοὺς
110 1364 191 1391 καλεῖ
208 1364 272 1395 τοὺς
296 1362 397 1397 πολλῆς
420 1361 552 1397 τυχόντας
573 1361 647 1397 παρὰ
667 1362 714 1390 τοῦ
731 1363 799 1390 Θεοῦ

7 1410 183 1446 κηδεμονίας,
208 1411 256 1437 καὶ
281 1409 417 1442 σωθέντας
442 1408 611 1444 παραδόξως,
637 1405 675 1437 ὧν
695 1411 709 1437 ὁ
733 1409 799 1442 Θεὸς

7 1456 128 1489 ἐφείσατο
138 1456 228 1488 οὕτως
243 1455 281 1488 ὡς
298 1455 376 1484 υἱῶν.

41 1503 198 1538 Ἐνέγκατε
216 1502 256 1534 τῷ
281 1503 380 1536 Κυρίῳ
406 1502 491 1535 υἱοὺς
511 1501 611 1536 κριῶν,
628 1510 656 1528 κ.
674 1509 700 1528 τ.
723 1501 747 1528 ὲ.
767 1501 797 1527 '0

8 1549 124 1583 πυνάγων
142 1547 202 1583 (54)
218 1547 253 1574 τὰ
267 1547 498 1583 διεσκορπισμένα
516 1546 642 1582 πρόϐατα
665 1545 796 1581 Χριστοῦ,

8 1595 46 1621 ut
68 1594 245 1631 ἐπιστρέφων
259 1593 295 1620 τὰ
314 1593 520 1628 πεπλανημένα,
537 1592 584 1619 καὶ
606 1592 742 1627 εὑρίσκων
763 1591 797 1618 τὰ

8 1640 169 1673 indutum,
185 1637 263 1672 οὗτος
281 1639 358 1674 φέρει
374 1638 413 1673 τῷ
430 1637 525 1673 Κυρίῳ
540 1637 614 1668 υἱοὺς
638 1635 732 1670 κριῶν·
749 1636 796 1663 καὶ

8 1686 14 1711 5
29 1686 111 1713 ποιῶν
125 1687 203 1718 ὅπως
222 1685 314 1712 ἴδωσιν
328 1685 352 1711 oi
372 1683 511 1720 ἄνθρωποι
525 1682 559 1710 τὰ
576 1682 644 1709 καλὰ
660 1681 729 1717 ἔργα
745 1682 796 1708 αὐ-

9 1731 54 1763 τοῦ,
68 1732 115 1759 καὶ
127 1731 264 1765 δοξάσωσι
279 1730 325 1757 τὸν
345 1731 374 1757 ὲν
394 1730 519 1766 οὐρανοῖς
530 1729 651 1764 Πατέρα.
667 1727 748 1763 Φέρει
767 1727 796 1754 δὲ

9 1776 35 1811 τῷ
47 1778 142 1813 Κυρίῳ
158 1776 240 1809 δόξαν
257 1777 303 1803 καὶ
319 1777 333 1802 ὁ
346 1777 375 1803 ὲν
391 1775 463 1810 λόγῳ
481 1774 576 1809 σοφίας
586 1772 727 1808 θεολογῶν.
746 1773 795 1799 Τι-

9 1823 51 1859 ιὴν
72 1824 101 1851 δὲ
123 1824 206 1860 φέρει
231 1823 326 1858 Κυρίῳ
339 1823 352 1849 ὸ
371 1822 408 1858 μὴ
428 1822 460 1848 ὲκ
476 1820 596 1856 λύπηςῆ
624 1817 795 1855 ὲξ’ἀνάγκης

11 1869 76 1896 λεῶν
91 1869 215 1904 πτωχὸν,
235 1869 283 1895 καὶ
308 1869 337 1895 ἐν
365 1867 452 1903 τούτῳ
472 1866 588 1899 δανείζει
602 1865 670 1901 Θεῷ.
687 1865 724 1892 Τὺ
739 1865 794 1901 γὰρ

27 1917 110 1951 τιμᾷν
127 1926 138 1942 ι
151 1915 228 1946 ἰδίως
238 1915 286 1942 καὶ
294 1914 340 1941 ἐπὶ
349 1914 450 1941 τούτων
457 1914 486 1940 ἐν
498 1915 530 1949 τῇ
547 1913 641 1949 Γραφῇ
651 1913 792 1945 τέτακται,

10 1969 31 1991 ›ς
44 1961 124 1996 δῆλον
141 1961 179 1988 ἐκ
191 1960 249 1987 τοῦ·
271 1969 280 1986 ι
298 1960 391 1995 Χήρας
405 1959 483 1994 τίμα,
498 1958 546 1989 τὰς
560 1957 644 1990 ὅντως
659 1958 756 1993 χήρας,
780 1967 790 1983 ι

1103 1168 1261 1197 ΡδΑωΙυδ
1281 1168 1399 1196 XXVIII.

889 1226 1010 1255 VEMJ.
1039 1227 1138 1262 Απετιι
1158 1227 1282 1259 Domino,
1307 1227 1358 1261 ﬁlii
1384 1227 1441 1260 Dei,
1466 1232 1521 1255 etc.
1541 1227 1642 1256 Paulus

852 1278 963 1301 sanctus
976 1273 1046 1301 [ilius
1063 1273 1109 1301 Dei
1127 1281 1174 1307 per
1191 1272 1368 1307 Evangelium
1379 1272 1467 1301 factus
1481 1273 1642 1301 est.Gehuit

851 1324 940 1345 autem
962 1324 988 1346 et
1004 1319 1061 1353 ipse
1087 1318 1155 1345 ﬁlios
1170 1324 1196 1345 et
1210 1318 1299 1345 attulit
1330 1318 1393 1346 Deo.
1414 1318 1496 1346 Filios
1512 1323 1590 1346 vocat
1605 1319 1641 1346 de

851 1366 950 1401 quibus
962 1366 1056 1400 ingens
1069 1373 1135 1393 cura
1149 1371 1191 1394 est
1207 1367 1271 1399 Deo,
1288 1366 1334 1401 qui
1345 1366 1506 1394 mirabiliter
1523 1367 1639 1395 salutem

851 1416 914 1439 sunt
924 1412 1026 1447 adepti,
1040 1417 1068 1440 et
1080 1412 1183 1447 quibus
1205 1413 1275 1441 Deus
1303 1418 1431 1449 tanquam
1458 1413 1522 1441 ﬁliis
1543 1421 1640 1450 peper-

850 1458 898 1485 cit.

887 1504 987 1538 ΑῙῙει-ιε
999 1505 1114 1532 Domino
1136 1505 1205 1539 filios
1218 1505 1344 1538 arietum,
1374 1509 1428 1535 etc.
1460 1505 1511 1540 Qui
1534 1507 1638 1543 colligit

850 1550 987 1584 dispersas
1000 1550 1102 1578 Christi
1117 1558 1198 1582 oves,
1216 1554 1244 1578 et
1262 1555 1389 1578 errantes
1410 1548 1524 1584 reducit,
1548 1553 1638 1586 perdi-

851 1599 947 1630 tasque
964 1595 1077 1631 reperit,
1105 1596 1128 1623 is
1157 1595 1234 1623 atl‘ert
1267 1595 1380 1623 Domino
1396 1586 1466 1624 ﬁlios
1492 1597 1636 1626 arietum:

847 1641 919 1675 quod
933 1641 997 1668 item
1013 1641 1079 1669 facit
1094 1642 1141 1676 qui
1155 1641 1193 1669 ita
1219 1641 1302 1669 vitam
1327 1641 1456 1676 instituit,
1471 1647 1501 1670 ut
1524 1643 1636 1671 videant

850 1686 975 1714 homines
1001 1694 1084 1721 opera
1111 1687 1170 1721 eius
1189 1687 1272 1719 bona.
1290 1692 1318 1715 et
1345 1687 1497 1723 gloriﬁcent
1524 1688 1634 1716 Patrem

846 1731 892 1765 qui
913 1731 940 1758 in
959 1731 1038 1758 coriis
1050 1737 1104 1760 est.
1115 1729 1199 1758 AIIert
1210 1731 1292 1758 etiam
1316 1731 1369 1760 Deo
1394 1731 1507 1767 gloriam
1529 1733 1574 1767 qui
1601 1734 1636 1761 de

847 1777 902 1804 Deo
921 1777 1060 1811 sapientes
1079 1776 1200 1810 loquitur
1223 1782 1251 1803 et
1278 1777 1370 1803 sentit.
1403 1777 1539 1806 Honorem
1570 1786 1635 1805 vero

847 1821 961 1849 Domino
977 1820 1064 1851 allert,
1077 1821 1122 1856 qui
1138 1829 1191 1848 non
1210 1828 1244 1848 ex
1262 1821 1372 1848 tristitia
1394 1821 1435 1848 vel
1454 1829 1486 1849 ex
1513 1822 1632 1849 necessi-

847 1873 902 1895 tate
914 1868 1023 1902 pauperi
1036 1867 1082 1893 dat
1097 1867 1310 1902 eleemosynam,
1324 1871 1352 1895 et
1369 1866 1395 1894 in
1408 1867 1465 1902 ipso
1480 1863 1634 1895 [ueneratur

845 1913 911 1941 Deo.
928 1921 937 1939 ι
955 1911 1097 1940 Honorare
1109 1922 1118 1938 ι
1131 1912 1205 1940 enim
1221 1914 1330 1947 proprie
1345 1913 1428 1940 etiam
1444 1914 1495 1941 hoc
1507 1921 1588 1942 sensu
1605 1916 1632 1943 in

844 1959 988 1993 Scriptura
1000 1958 1119 1993 ponitur,
1135 1958 1175 1985 uti
1201 1957 1375 1986 manifestum
1389 1963 1476 1986 estex
1497 1959 1539 1986 his
1569 1968 1632 1988 ver-

10 2006 51 2038 :at,
67 2014 76 2030 ι
95 2006 173 2041 Τίμα
185 2005 232 2032 τὸν
255 2005 360 2040 πατέρα
374 2004 422 2031 καὶ¹
435 2003 484 2039 τὴν
501 2002 617 2038 μητέρα.
638 2012 647 2030 ι
672 2003 746 2039 Αὐλὴ
763 2002 791 2030 δὲ
807 2007 829 2035 ι)

877 2003 923 2031 s“
942 2012 949 2030 :
971 2013 980 2029 ι
998 2002 1098 2030 Viduas
1111 2003 1225 2035 honora,
1244 2009 1303 2037 quae
1324 2009 1387 2030 vere
1415 2003 1502 2031 vidua:
1517 2009 1600 2038 sunt;
1620 2015 1630 2031 ι

13 2052 59 2086 γία
73 2053 91 2088 ἠ
111 2050 273 2087 Ἐκκλησία.

26 2144 115 2179 Φωνὴ
134 2144 250 2178 Κυρίου
261 2143 311 2170 ἐπὶ
322 2143 381 2170 τῶν
393 2143 520 2174 ὑδάτων.
535 2151 563 2169 κ.
571 2151 597 2168 τ.
609 2142 634 2168 ὲ.
646 2141 724 2177 Φωνὴ
741 2142 791 2176 μὲν

12 2191 96 2226 ,υρίου
119 2190 182 2225 (55)
197 2189 291 2221 ἁπλῶς
305 2189 353 2217 ἐπὶ
364 2190 418 2216 τῶν
438 2189 552 2220 ὑδάτων,
565 2188 648 2220 αὐτὸς
662 2187 690 2214 δὲ
705 2188 719 2214 ὁ
734 2187 791 2214 Κύ-

12 2245 47 2268 to;
63 2238 112 2264 ἐπὶ
127 2236 237 2264 ὑδάτων
251 2235 364 2262 πολλῶν.
388 2235 507 2270 Λογικὰς
519 2234 548 2261 δὲ
565 2233 660 2268 φύσεις
677 2232 724 2259 νῦν
741 2241 790 2267 ση-

12 2283 81 2308 αίνει
95 2282 131 2309 τὰ
140 2282 238 2309 ὕδατα.
253 2291 262 2307 ι
278 2281 431 2317 Γενηθήτω.
471 2281 548 2315 φησὶ,
594 2279 625 2305 τὸ
643 2278 787 2314 στερέωμα
808 2294 810 2297 -

13 2338 16 2349 ι
29 2328 108 2363 μέσῳ
120 2328 172 2355 τοῦ
190 2327 295 2359 ὓδατος,
313 2327 360 2354 καὶ
375 2327 445 2353 ἔστω
457 2325 630 2361 διαχωρῑζον.
654 2334 663 2351 ι

19 2374 74 2400 Kal
87 2372 240 2401 λεπτυνεῖ
252 2373 344 2406 αὑτὰς
356 2373 397 2406 ὡς
411 2372 464 2399 τὸν
477 2372 597 2406 μόσχον
616 2370 670 2397 τοῦ
699 2369 788 2397 Λιϐά-

13 2430 51 2451 τυ,
76 2429 105 2446 κ.
121 2429 150 2447 τ.
167 2420 194 2446 ὲ.
211 2419 318 2454 Μόσχος
336 2418 451 2445 Λιϐάνου
465 2417 520 2450 (56)
540 2418 554 2444 ό
579 2415 695 2451 πονηρὸς
721 2414 788 2442 ἐνώ-

13 2474 47 2492 ιον
56 2465 169 2501 Κυρίου
185 2464 404 2499 παντοκράτορος
415 2462 602 2499 τραχηλιάσας
617 2461 664 2488 καὶ
676 2460 789 2496 ἀπορρί-

14 2519 36 2542 ις
58 2511 108 2538 τὸν
130 2510 312 2545 εὐαγγελικὺν
329 2509 420 2544 ζυγὸν,
452 2509 511 2540 Θεὸς
532 2506 602 2535 εἷναι
613 2505 788 2542 βιαζόμενος.

841 2054 868 2077 et
881 2050 940 2078 istis
948 2049 971 2065 ⁸·
989 2057 997 2077 :
1016 2058 1025 2074 4
1045 2049 1153 2076 Honora
1167 2053 1272 2084 patrem
1284 2053 1311 2077 et
1324 2053 1448 2077 matrem.
1464 2059 1474 2076 ι
1491 2050 1560 2078 Aula
1580 2059 1632 2079 au-

844 2101 897 2123 tem
916 2099 1021 2128 sancta,
1041 2100 1082 2122 est
1098 2095 1229 2122 Ecclesia.

878 2141 961 2169 Vens.
974 2141 1002 2168 5.
1027 2139 1082 2168 Vox
1097 2140 1205 2172 Domini
1216 2148 1295 2175 super
1304 2149 1398 2176 aquas,
1413 2145 1466 2169 etc.
1498 2142 1555 2170 Vox
1572 2143 1633 2178 qui-

843 2188 904 2214 dem
922 2187 1027 2214 Domini
1044 2186 1204 2221 simpliciter
1223 2190 1266 2213 est
1282 2193 1364 2220 super
1379 2193 1481 2220 aquas;
1507 2187 1565 2222 ipse
1582 2195 1632 2214 au-

845 2237 898 2260 tent
915 2233 1048 2259 Dominus
1060 2239 1141 2266 super
1155 2238 1240 2266 aquas
1256 2230 1364 2258 multas.
1381 2230 1570 2259 Ratiouabiles
1583 2241 1633 2259 ua-

843 2282 910 2304 tura:
921 2278 972 2304 hoe
987 2278 1046 2304 loco
1058 2274 1137 2312 aquis
1154 2276 1342 2314 signiﬁcantur
1373 2287 1382 2303 ι
1404 2277 1474 2306 Fiat.
1493 2277 1580 2312 inquit
1593 2278 1628 2312 ⁸³,

841 2322 1041 2349 Iirmamentum
1057 2322 1082 2348 in
1097 2321 1185 2349 medio
1201 2329 1288 2355 aquae,
1304 2327 1331 2348 et
1342 2322 1378 2348 sit
1389 2321 1522 2349 dividens.
1544 2331 1554 2346 ι

879 2366 959 2394 Vens.
974 2366 1000 2393 6.
1016 2365 1048 2392 Et
1060 2367 1217 2393 connninue!
1233 2375 1276 2393 ea:
1288 2372 1414 2400 tanquam
1440 2368 1552 2395 vitulum
1583 2367 1629 2394 Li-

840 2414 911 2445 bani,
928 2418 979 2440 etc.
995 2412 1100 2440 Vitulus
1114 2412 1208 2440 Libani
1235 2413 1368 2448 malignus
1393 2418 1434 2441 est
1458 2414 1502 2448 qui
1531 2422 1624 2442 coram

842 2458 954 2485 Domino
966 2457 1151 2491 omnipotente
1167 2458 1301 2485 cervicem
1314 2457 1443 2486 attollens
1463 2459 1568 2486 excutit
1581 2458 1626 2493 ju-

843 2512 907 2539 gum
918 2503 1116 2538 evangelicum,
1131 2509 1157 2531 et
1172 2504 1238 2531 deus
1252 2504 1345 2532 haberi
1359 2509 1483 2532 conatur.

17 2593 40 2608 "’
55 2593 122 2621 Act.
136 2600 191 2624 su,
206 2592 252 2621 50.
289 2593 312 2608 ⁸⁸
323 2591 389 2620 Luc.
403 2600 444 2624 ιιι,
460 2591 486 2619 6.
524 2591 546 2606 ⁸¹
567 2590 575 2617 l
592 2590 664 2617 'I‘im.
675 2597 702 2622 ν,
715 2589 742 2616 '5.
780 2588 803 2604 “
820 2586 906 2614 Exod.
924 2593 969 2618 xx,
993 2584 1045 2616 l2._
1072 2585 1094 2600 ⁸³
1105 2584 1202 2612 Cenes.
1216 2593 1235 2618 ι,
1250 2585 1277 2614 6,

15 2673 73 2707 ('50)
95 2672 207 2706 Σάρκα
231 2672 290 2707 μὲν
315 2672 464 2706 ὠνόμασε,
489 2675 542 2697 etc.
566 2670 656 2707 Codex
682 2668 781 2707 Coisli-
802 2674 805 2677 ‘

16 2704 94 2748 inus,
122 2704 240 2735 schedia
262 2704 380 2739 Grabii,
401 2706 556 2742 partimque
583 2705 684 2732 Catena
715 2704 781 2731 Ilur-

15 2752 75 2812 ξξι)
96 2776 326 2811 Κληρονομίαν,
338 2781 391 2803 etc.
408 2777 487 2812 idem
497 2783 563 2812 mss.

27 2810 68 2839 ὅθ’
98 2812 208 2843 Αὐτὸς
221 2810 387 2845 ὀΧριστός,
401 2817 453 2838 etc.
470 2811 557 2838 Codex
574 2810 639 2838 Itoe.

29 2813 77 2883 53)
98 2846 232 2878 Παῦλος
247 2848 263 2873 ό
288 2846 382 2881 ἅγιος,
398 2851 450 2881 etc.
476 2846 568 2873 Codex
594 2845 639 2873 Ret

16 2844 77 2882 (53)
98 2846 232 2878 Παῦλος
247 2844 382 2881 ὅᾶτνος,
398 2851 450 2881 etc.
476 2846 568 2873 Codex
594 2845 660 2878 R00,
683 2844 782 2871 Barba-

86 2895 236 2926 ΡΑτιιοι.
253 2893 311 2925 Gn.
329 2893 402 2924 XII.

840 2674 894 2694 rus.
909 2665 993 2693 codex
1005 2665 1200 2693 Coislinianus.

873 2701 929 2735 (5t)
956 2700 982 2726 Ὀ
999 2700 1150 2735 συνάγων.
1166 2707 1218 2728 etc.
1234 2701 1335 2728 Catena
1349 2700 1484 2730 Corderii.

874 2734 931 2771 (55)
951 2734 1037 2771 Φωνὴ
1151 2736 1273 2770 Κυρίου,
1296 2740 1348 2771 etc.
1374 2736 1488 2762 Schcda:
1513 2735 1624 2768 Grabii,

838 2773 996 2807 partimque
1006 2770 1107 2798 Catena
1124 2771 1256 2807 Corderii.
1275 2778 1307 2797 ac
1313 2770 1469 2807 ⁸ΙίειιπιῂιιΊιξ.

841 2804 857 2869 'b
875 2806 931 2841 (56)
950 2804 1073 2841 Μόσχος
1088 2805 1226 2839 Λιϐάνου,
1241 2811 1293 2834 etc.
1311 2804 1423 2832 Sc'hedte
1437 2804 1544 2839 Grahii,
1559 2806 1624 2834 Bar-

860 2849 933 2869 :ttus.

860 2849 933 2869 atus.

1426 2886 1461 2918 Μ
