  <div class='ocr_page' id='page_1' title='image "/cluster/home/n/w/nwhite01/storage/ocr_20150623/12/njp.32101077772422/708.png"; bbox 0 0 1860 3052; ppageno 0'>
   <div class='ocr_carea' id='block_1_1' title="bbox 34 111 109 139">
    <p class='ocr_par' dir='ltr' id='par_1_1' title="bbox 34 111 109 139">
     <span class='ocr_line' id='line_1_1' title="bbox 34 111 109 139; baseline 0.013 -2"><span class='ocrx_word' id='word_1_1' title='bbox 34 111 109 139; x_wconf 73' lang='grc'>’1515</span> 
     </span>
    </p>
   </div>
   <div class='ocr_carea' id='block_1_2' title="bbox 537 114 1224 148">
    <p class='ocr_par' dir='ltr' id='par_1_2' title="bbox 537 114 1224 148">
     <span class='ocr_line' id='line_1_2' title="bbox 537 114 1224 148; baseline 0.009 -7"><span class='ocrx_word' id='word_1_2' title='bbox 537 114 690 142; x_wconf 64' lang='grc' dir='ltr'><strong>ΞΕΙιΕΟΤᾹ</strong></span> <span class='ocrx_word' id='word_1_3' title='bbox 708 114 740 141; x_wconf 69' lang='lat' dir='ltr'><strong>IN</strong></span> <span class='ocrx_word' id='word_1_4' title='bbox 760 114 929 144; x_wconf 70' lang='lat' dir='ltr'><strong>PSALMUS.</strong></span> <span class='ocrx_word' id='word_1_5' title='bbox 950 133 984 136; x_wconf 91' lang='lat'><strong><em>—</em></strong></span> <span class='ocrx_word' id='word_1_6' title='bbox 1001 118 1098 146; x_wconf 78' lang='lat' dir='ltr'><strong>PSAL.</strong></span> <span class='ocrx_word' id='word_1_7' title='bbox 1118 119 1224 148; x_wconf 69' lang='lat' dir='ltr'><strong>XXXV.</strong></span> 
     </span>
    </p>
   </div>
   <div class='ocr_carea' id='block_1_3' title="bbox 1595 127 1662 156">
    <p class='ocr_par' dir='ltr' id='par_1_3' title="bbox 1595 127 1662 156">
     <span class='ocr_line' id='line_1_3' title="bbox 1595 127 1662 156; baseline 0.03 -2"><span class='ocrx_word' id='word_1_8' title='bbox 1595 127 1662 156; x_wconf 73' lang='grc'>1511</span> 
     </span>
    </p>
   </div>
   <div class='ocr_carea' id='block_1_4' title="bbox 42 170 798 216">
    <p class='ocr_par' dir='ltr' id='par_1_4' title="bbox 42 170 798 211">
     <span class='ocr_line' id='line_1_4' title="bbox 42 170 798 211; baseline 0.009 -15"><span class='ocrx_word' id='word_1_9' title='bbox 42 170 124 197; x_wconf 75' lang='grc' dir='ltr'>στεία.</span> <span class='ocrx_word' id='word_1_10' title='bbox 146 179 155 197; x_wconf 76' lang='grc' dir='ltr'><strong>ι</strong></span> <span class='ocrx_word' id='word_1_11' title='bbox 184 171 238 198; x_wconf 81' lang='grc' dir='ltr'><strong>Καὶ</strong></span> <span class='ocrx_word' id='word_1_12' title='bbox 255 173 270 208; x_wconf 80' lang='grc' dir='ltr'>ὴ</span> <span class='ocrx_word' id='word_1_13' title='bbox 289 174 425 209; x_wconf 80' lang='grc' dir='ltr'>προσευχὴ</span> <span class='ocrx_word' id='word_1_14' title='bbox 453 182 504 209; x_wconf 80' lang='grc' dir='ltr'><strong>μου</strong></span> <span class='ocrx_word' id='word_1_15' title='bbox 522 175 561 206; x_wconf 83' lang='grc' dir='ltr'><strong>εἰς</strong></span> <span class='ocrx_word' id='word_1_16' title='bbox 575 174 675 202; x_wconf 83' lang='grc' dir='ltr'><strong>κόλπον</strong></span> <span class='ocrx_word' id='word_1_17' title='bbox 692 184 742 211; x_wconf 87' lang='grc' dir='ltr'><strong>μου</strong></span> <span class='ocrx_word' id='word_1_18' title='bbox 759 176 798 203; x_wconf 81' lang='grc' dir='ltr'>ἀπ</span> 
     </span>
    </p>
   </div>
   <div class='ocr_carea' id='block_1_5' title="bbox 898 170 1662 216">
    <p class='ocr_par' dir='ltr' id='par_1_5' title="bbox 901 178 1662 216">
     <span class='ocr_line' id='line_1_5' title="bbox 901 178 1662 216; baseline 0.016 -12"><span class='ocrx_word' id='word_1_19' title='bbox 901 178 968 205; x_wconf 97' lang='lat' dir='ltr'><strong>ratio</strong></span> <span class='ocrx_word' id='word_1_20' title='bbox 981 187 1038 207; x_wconf 88' lang='lat' dir='ltr'><strong>mea</strong></span> <span class='ocrx_word' id='word_1_21' title='bbox 1056 180 1082 207; x_wconf 91' lang='lat' dir='ltr'><strong>in</strong></span> <span class='ocrx_word' id='word_1_22' title='bbox 1100 181 1160 208; x_wconf 89' lang='lat' dir='ltr'><strong>sinu</strong></span> <span class='ocrx_word' id='word_1_23' title='bbox 1179 190 1239 209; x_wconf 76' lang='lat' dir='ltr'><strong>meo</strong></span> <span class='ocrx_word' id='word_1_24' title='bbox 1259 189 1441 213; x_wconf 86' lang='lat' dir='ltr'><strong>convertetur.</strong></span> <span class='ocrx_word' id='word_1_25' title='bbox 1470 196 1479 212; x_wconf 92' lang='grc' dir='ltr'><strong>ι</strong></span> <span class='ocrx_word' id='word_1_26' title='bbox 1497 187 1591 215; x_wconf 80' lang='lat' dir='ltr'><strong>Silium</strong></span> <span class='ocrx_word' id='word_1_27' title='bbox 1610 189 1662 216; x_wconf 87' lang='lat' dir='ltr'><strong>hoc</strong></span> 
     </span>
    </p>
   </div>
   <div class='ocr_carea' id='block_1_6' title="bbox 41 217 749 256">
    <p class='ocr_par' dir='ltr' id='par_1_6' title="bbox 41 217 749 256">
     <span class='ocr_line' id='line_1_6' title="bbox 41 217 749 256; baseline 0.007 -13"><span class='ocrx_word' id='word_1_28' title='bbox 41 217 236 253; x_wconf 77' lang='grc' dir='ltr'>στραφήσεται.</span> <span class='ocrx_word' id='word_1_29' title='bbox 253 227 262 244; x_wconf 85' lang='grc' dir='ltr'><strong>ι</strong></span> <span class='ocrx_word' id='word_1_30' title='bbox 279 218 386 245; x_wconf 81' lang='grc' dir='ltr'>Κόλπον</span> <span class='ocrx_word' id='word_1_31' title='bbox 402 219 449 246; x_wconf 82' lang='grc' dir='ltr'><strong>νῦν</strong></span> <span class='ocrx_word' id='word_1_32' title='bbox 468 219 514 247; x_wconf 76' lang='grc' dir='ltr'>τὸν</span> <span class='ocrx_word' id='word_1_33' title='bbox 534 221 595 247; x_wconf 82' lang='grc' dir='ltr'>νοῦν</span> <span class='ocrx_word' id='word_1_34' title='bbox 611 220 749 256; x_wconf 78' lang='grc' dir='ltr'>ὀνομάζει.</span> 
     </span>
    </p>
   </div>
   <div class='ocr_carea' id='block_1_7' title="bbox 79 263 825 302">
    <p class='ocr_par' dir='ltr' id='par_1_7' title="bbox 79 263 825 302">
     <span class='ocr_line' id='line_1_7' title="bbox 79 263 825 302; baseline 0.007 -12"><span class='ocrx_word' id='word_1_35' title='bbox 79 263 260 297; x_wconf 77' lang='grc' dir='ltr'>Ἐπείρασάν</span> <span class='ocrx_word' id='word_1_36' title='bbox 268 273 317 298; x_wconf 85' lang='grc' dir='ltr'><strong>με,</strong></span> <span class='ocrx_word' id='word_1_37' title='bbox 331 264 456 300; x_wconf 78' lang='grc' dir='ltr'><strong>ἑξεμυκτ</strong></span> <span class='ocrx_word' id='word_1_38' title='bbox 463 265 572 300; x_wconf 76' lang='grc' dir='ltr'>ήρισὰν</span> <span class='ocrx_word' id='word_1_39' title='bbox 575 275 613 300; x_wconf 86' lang='grc' dir='ltr'><strong>με</strong></span> <span class='ocrx_word' id='word_1_40' title='bbox 619 268 825 302; x_wconf 61' lang='grc' dir='ltr'>μυκτψισμῷ,</span> 
     </span>
    </p>
   </div>
   <div class='ocr_carea' id='block_1_8' title="bbox 38 308 825 349">
    <p class='ocr_par' dir='ltr' id='par_1_8' title="bbox 38 308 825 349">
     <span class='ocr_line' id='line_1_8' title="bbox 38 308 825 349; baseline 0.008 -15"><span class='ocrx_word' id='word_1_41' title='bbox 38 317 63 335; x_wconf 80' lang='grc' dir='ltr'>κ.</span> <span class='ocrx_word' id='word_1_42' title='bbox 82 317 107 335; x_wconf 93' lang='grc' dir='ltr'>τ.</span> <span class='ocrx_word' id='word_1_43' title='bbox 124 309 147 335; x_wconf 81' lang='grc' dir='ltr'><strong>ἑ.</strong></span> <span class='ocrx_word' id='word_1_44' title='bbox 171 308 256 336; x_wconf 82' lang='grc' dir='ltr'>Ἐλεῖν</span> <span class='ocrx_word' id='word_1_45' title='bbox 275 310 305 336; x_wconf 85' lang='grc' dir='ltr'><strong>οὑ</strong></span> <span class='ocrx_word' id='word_1_46' title='bbox 324 310 484 346; x_wconf 81' lang='grc' dir='ltr'><strong>δυνηθέντες</strong></span> <span class='ocrx_word' id='word_1_47' title='bbox 500 311 556 347; x_wconf 81' lang='grc'>(15)</span> <span class='ocrx_word' id='word_1_48' title='bbox 574 312 608 338; x_wconf 79' lang='grc' dir='ltr'><strong>δι’</strong></span> <span class='ocrx_word' id='word_1_49' title='bbox 627 309 663 339; x_wconf 83' lang='grc' dir='ltr'>ὧν</span> <span class='ocrx_word' id='word_1_50' title='bbox 677 313 825 349; x_wconf 76' lang='grc' dir='ltr'>ἐπειράθη-</span> 
     </span>
    </p>
   </div>
   <div class='ocr_carea' id='block_1_9' title="bbox 38 352 826 394">
    <p class='ocr_par' dir='ltr' id='par_1_9' title="bbox 38 352 826 394">
     <span class='ocr_line' id='line_1_9' title="bbox 38 352 826 394; baseline 0.008 -15"><span class='ocrx_word' id='word_1_51' title='bbox 38 361 97 385; x_wconf 86' lang='grc' dir='ltr'>σαν,</span> <span class='ocrx_word' id='word_1_52' title='bbox 110 352 193 389; x_wconf 78' lang='grc' dir='ltr'>χλεύη</span> <span class='ocrx_word' id='word_1_53' title='bbox 212 353 279 388; x_wconf 80' lang='grc' dir='ltr'>γοῦν</span> <span class='ocrx_word' id='word_1_54' title='bbox 295 355 502 391; x_wconf 82' lang='grc' dir='ltr'><strong>παρεμυθοῦντο</strong></span> <span class='ocrx_word' id='word_1_55' title='bbox 520 356 588 392; x_wconf 82' lang='grc' dir='ltr'>πρὸς</span> <span class='ocrx_word' id='word_1_56' title='bbox 600 357 661 393; x_wconf 78' lang='grc' dir='ltr'><strong>ἐμὲ,</strong></span> <span class='ocrx_word' id='word_1_57' title='bbox 685 359 731 384; x_wconf 81' lang='grc' dir='ltr'>καὶ</span> <span class='ocrx_word' id='word_1_58' title='bbox 747 358 826 394; x_wconf 83' lang='grc' dir='ltr'>δίκην</span> 
     </span>
    </p>
   </div>
   <div class='ocr_carea' id='block_1_10' title="bbox 36 399 826 438">
    <p class='ocr_par' dir='ltr' id='par_1_10' title="bbox 36 399 826 438">
     <span class='ocr_line' id='line_1_10' title="bbox 36 399 826 438; baseline 0.006 -13"><span class='ocrx_word' id='word_1_59' title='bbox 36 399 127 435; x_wconf 85' lang='grc' dir='ltr'><strong>θηρῶν</strong></span> <span class='ocrx_word' id='word_1_60' title='bbox 142 399 246 435; x_wconf 77' lang='grc' dir='ltr'><strong>ἀγρίων</strong></span> <span class='ocrx_word' id='word_1_61' title='bbox 257 400 321 432; x_wconf 81' lang='grc' dir='ltr'>τοὺς</span> <span class='ocrx_word' id='word_1_62' title='bbox 334 401 453 434; x_wconf 84' lang='grc' dir='ltr'><strong>ὀδόντας,</strong></span> <span class='ocrx_word' id='word_1_63' title='bbox 471 403 518 428; x_wconf 85' lang='grc' dir='ltr'><strong>καὶ</strong></span> <span class='ocrx_word' id='word_1_64' title='bbox 530 402 579 437; x_wconf 82' lang='grc' dir='ltr'><strong>τὴν</strong></span> <span class='ocrx_word' id='word_1_65' title='bbox 594 402 706 438; x_wconf 83' lang='grc' dir='ltr'>ὀργίλην</span> <span class='ocrx_word' id='word_1_66' title='bbox 720 404 766 430; x_wconf 76' lang='grc' dir='ltr'><strong>καὶ</strong></span> <span class='ocrx_word' id='word_1_67' title='bbox 779 403 826 430; x_wconf 87' lang='grc' dir='ltr'><strong>θυ-</strong></span> 
     </span>
    </p>
   </div>
   <div class='ocr_carea' id='block_1_11' title="bbox 37 444 825 484">
    <p class='ocr_par' dir='ltr' id='par_1_11' title="bbox 37 444 825 484">
     <span class='ocr_line' id='line_1_11' title="bbox 37 444 825 484; baseline 0.008 -14"><span class='ocrx_word' id='word_1_68' title='bbox 37 444 158 481; x_wconf 81' lang='grc' dir='ltr'>μωτικὴν</span> <span class='ocrx_word' id='word_1_69' title='bbox 173 445 264 472; x_wconf 86' lang='grc' dir='ltr'>αὐτῶν</span> <span class='ocrx_word' id='word_1_70' title='bbox 284 445 398 481; x_wconf 86' lang='grc' dir='ltr'>δύναμιν</span> <span class='ocrx_word' id='word_1_71' title='bbox 420 447 463 473; x_wconf 79' lang='grc' dir='ltr'><strong>ἐπ’</strong></span> <span class='ocrx_word' id='word_1_72' title='bbox 481 447 531 482; x_wconf 74' lang='grc' dir='ltr'><strong>ἐμὲ</strong></span> <span class='ocrx_word' id='word_1_73' title='bbox 552 447 681 483; x_wconf 78' lang='grc' dir='ltr'>ἐϐρυξαν·</span> <span class='ocrx_word' id='word_1_74' title='bbox 701 456 825 484; x_wconf 80' lang='grc' dir='ltr'>καταφα-</span> 
     </span>
    </p>
   </div>
   <div class='ocr_carea' id='block_1_12' title="bbox 35 489 522 527">
    <p class='ocr_par' dir='ltr' id='par_1_12' title="bbox 35 489 522 527">
     <span class='ocr_line' id='line_1_12' title="bbox 35 489 522 527; baseline 0.006 -12"><span class='ocrx_word' id='word_1_75' title='bbox 35 490 93 523; x_wconf 82' lang='grc' dir='ltr'><strong>γεῖν</strong></span> <span class='ocrx_word' id='word_1_76' title='bbox 111 498 145 526; x_wconf 82' lang='grc' dir='ltr'><strong>με</strong></span> <span class='ocrx_word' id='word_1_77' title='bbox 158 489 213 527; x_wconf 80' lang='grc' dir='ltr'><strong>γὰρ</strong></span> <span class='ocrx_word' id='word_1_78' title='bbox 225 490 359 524; x_wconf 83' lang='grc' dir='ltr'>Θέλοντες,</span> <span class='ocrx_word' id='word_1_79' title='bbox 374 491 522 527; x_wconf 72' lang='grc' dir='ltr'><strong>ἀπέτυχον.</strong></span> 
     </span>
    </p>
   </div>
   <div class='ocr_carea' id='block_1_13' title="bbox 68 579 824 617">
    <p class='ocr_par' dir='ltr' id='par_1_13' title="bbox 68 579 824 617">
     <span class='ocr_line' id='line_1_13' title="bbox 68 579 824 617; baseline 0.004 -11"><span class='ocrx_word' id='word_1_80' title='bbox 68 579 118 615; x_wconf 80' lang='grc' dir='ltr'><strong>Μὴ</strong></span> <span class='ocrx_word' id='word_1_81' title='bbox 133 580 350 615; x_wconf 76' lang='grc' dir='ltr'>ἑπιχαρείησάν</span> <span class='ocrx_word' id='word_1_82' title='bbox 367 590 419 616; x_wconf 86' lang='grc' dir='ltr'>μοι</span> <span class='ocrx_word' id='word_1_83' title='bbox 437 583 464 609; x_wconf 83' lang='lat' dir='ltr'><strong>al</strong></span> <span class='ocrx_word' id='word_1_84' title='bbox 478 581 686 616; x_wconf 80' lang='grc' dir='ltr'>ὲχθραίνοντές</span> <span class='ocrx_word' id='word_1_85' title='bbox 700 591 751 617; x_wconf 83' lang='grc' dir='ltr'>μοι</span> <span class='ocrx_word' id='word_1_86' title='bbox 768 590 824 616; x_wconf 85' lang='grc' dir='ltr'><strong>μα-</strong></span> 
     </span>
    </p>
   </div>
   <div class='ocr_carea' id='block_1_14' title="bbox 34 626 823 664">
    <p class='ocr_par' dir='ltr' id='par_1_14' title="bbox 34 626 823 664">
     <span class='ocr_line' id='line_1_14' title="bbox 34 626 823 664; baseline 0.004 -12"><span class='ocrx_word' id='word_1_87' title='bbox 34 626 133 659; x_wconf 84' lang='grc' dir='ltr'>ταίως,</span> <span class='ocrx_word' id='word_1_88' title='bbox 147 635 173 652; x_wconf 87' lang='grc' dir='ltr'>κ.</span> <span class='ocrx_word' id='word_1_89' title='bbox 189 635 215 653; x_wconf 90' lang='grc' dir='ltr'><strong>τ.</strong></span> <span class='ocrx_word' id='word_1_90' title='bbox 235 627 257 653; x_wconf 82' lang='grc' dir='ltr'><strong>ὲ.</strong></span> <span class='ocrx_word' id='word_1_91' title='bbox 277 626 321 662; x_wconf 88' lang='grc' dir='ltr'>Τῷ</span> <span class='ocrx_word' id='word_1_92' title='bbox 337 627 435 662; x_wconf 84' lang='grc' dir='ltr'>δικαίῳ</span> <span class='ocrx_word' id='word_1_93' title='bbox 455 627 510 663; x_wconf 74' lang='grc'>(14)</span> <span class='ocrx_word' id='word_1_94' title='bbox 526 627 570 654; x_wconf 82' lang='grc' dir='ltr'><strong>διὰ</strong></span> <span class='ocrx_word' id='word_1_95' title='bbox 585 628 635 664; x_wconf 80' lang='grc' dir='ltr'>τὴν</span> <span class='ocrx_word' id='word_1_96' title='bbox 651 628 823 664; x_wconf 80' lang='grc' dir='ltr'>δικαιοσύνην</span> 
     </span>
    </p>
   </div>
   <div class='ocr_carea' id='block_1_15' title="bbox 32 671 542 708">
    <p class='ocr_par' dir='ltr' id='par_1_15' title="bbox 32 671 542 708">
     <span class='ocr_line' id='line_1_15' title="bbox 32 671 542 708; baseline 0.008 -12"><span class='ocrx_word' id='word_1_97' title='bbox 32 671 231 706; x_wconf 70' lang='grc' dir='ltr'><strong>ἐχθραίνοντες,</strong></span> <span class='ocrx_word' id='word_1_98' title='bbox 247 672 348 704; x_wconf 83' lang='grc' dir='ltr'><strong>ἀδίκως</strong></span> <span class='ocrx_word' id='word_1_99' title='bbox 361 672 542 708; x_wconf 82' lang='grc' dir='ltr'>ὲχθραίνουσι.</span> 
     </span>
    </p>
   </div>
   <div class='ocr_carea' id='block_1_16' title="bbox 69 717 822 756">
    <p class='ocr_par' dir='ltr' id='par_1_16' title="bbox 69 717 822 756">
     <span class='ocr_line' id='line_1_16' title="bbox 69 717 822 756; baseline 0.005 -13"><span class='ocrx_word' id='word_1_100' title='bbox 69 718 135 744; x_wconf 79' lang='grc' dir='ltr'>’Ὁτι</span> <span class='ocrx_word' id='word_1_101' title='bbox 149 717 213 752; x_wconf 73' lang='grc' dir='ltr'><strong>ἐμοὶ</strong></span> <span class='ocrx_word' id='word_1_102' title='bbox 231 718 290 752; x_wconf 79' lang='grc' dir='ltr'><strong>μὲν</strong></span> <span class='ocrx_word' id='word_1_103' title='bbox 303 719 437 753; x_wconf 75' lang='grc' dir='ltr'>εἰρηνικὰ</span> <span class='ocrx_word' id='word_1_104' title='bbox 458 719 600 751; x_wconf 78' lang='grc' dir='ltr'><strong>ἐλάλουν,</strong></span> <span class='ocrx_word' id='word_1_105' title='bbox 620 720 668 746; x_wconf 77' lang='grc' dir='ltr'>καὶ</span> <span class='ocrx_word' id='word_1_106' title='bbox 687 721 733 747; x_wconf 81' lang='grc' dir='ltr'><strong>ἐπ’</strong></span> <span class='ocrx_word' id='word_1_107' title='bbox 748 720 822 756; x_wconf 74' lang='grc' dir='ltr'><strong>ὀργῆ</strong></span> 
     </span>
    </p>
   </div>
   <div class='ocr_carea' id='block_1_17' title="bbox 31 763 820 803">
    <p class='ocr_par' dir='ltr' id='par_1_17' title="bbox 31 763 820 803">
     <span class='ocr_line' id='line_1_17' title="bbox 31 763 820 803; baseline 0.006 -14"><span class='ocrx_word' id='word_1_108' title='bbox 31 763 146 796; x_wconf 77' lang='grc' dir='ltr'>δόλους</span> <span class='ocrx_word' id='word_1_109' title='bbox 159 764 366 799; x_wconf 74' lang='grc' dir='ltr'><strong>διελογίζοντο,</strong></span> <span class='ocrx_word' id='word_1_110' title='bbox 382 774 410 792; x_wconf 85' lang='grc' dir='ltr'>κ.</span> <span class='ocrx_word' id='word_1_111' title='bbox 423 775 448 793; x_wconf 94' lang='grc' dir='ltr'>τ.</span> <span class='ocrx_word' id='word_1_112' title='bbox 463 767 486 792; x_wconf 76' lang='grc' dir='ltr'><strong>ὲ.</strong></span> <span class='ocrx_word' id='word_1_113' title='bbox 499 775 509 792; x_wconf 77' lang='grc' dir='ltr'><strong>ι</strong></span> <span class='ocrx_word' id='word_1_114' title='bbox 524 766 638 793; x_wconf 83' lang='grc' dir='ltr'>Ἔσεσθε</span> <span class='ocrx_word' id='word_1_115' title='bbox 656 776 665 792; x_wconf 87' lang='grc' dir='ltr'><strong>ι</strong></span> <span class='ocrx_word' id='word_1_116' title='bbox 682 766 736 803; x_wconf 85' lang='grc' dir='ltr'>γὰρ</span> <span class='ocrx_word' id='word_1_117' title='bbox 753 766 820 803; x_wconf 80' lang='grc'>(15),</span> 
     </span>
    </p>
   </div>
   <div class='ocr_carea' id='block_1_18' title="bbox 31 809 816 849">
    <p class='ocr_par' dir='ltr' id='par_1_18' title="bbox 31 809 816 849">
     <span class='ocr_line' id='line_1_18' title="bbox 31 809 816 849; baseline 0.008 -14"><span class='ocrx_word' id='word_1_118' title='bbox 31 809 126 844; x_wconf 81' lang='grc' dir='ltr'>φησὶν,</span> <span class='ocrx_word' id='word_1_119' title='bbox 146 818 154 835; x_wconf 80' lang='grc' dir='ltr'><strong>ι</strong></span> <span class='ocrx_word' id='word_1_120' title='bbox 176 810 213 842; x_wconf 86' lang='grc' dir='ltr'>ὡς</span> <span class='ocrx_word' id='word_1_121' title='bbox 228 810 295 842; x_wconf 75' lang='lat' dir='ltr'><strong>Geel,</strong></span> <span class='ocrx_word' id='word_1_122' title='bbox 309 811 489 845; x_wconf 83' lang='grc' dir='ltr'>γινώσκοντες</span> <span class='ocrx_word' id='word_1_123' title='bbox 506 812 586 840; x_wconf 75' lang='grc' dir='ltr'>καλὸν</span> <span class='ocrx_word' id='word_1_124' title='bbox 601 813 648 840; x_wconf 72' lang='grc' dir='ltr'>καὶ</span> <span class='ocrx_word' id='word_1_125' title='bbox 663 813 789 849; x_wconf 78' lang='grc' dir='ltr'>πονηρόψ</span> <span class='ocrx_word' id='word_1_126' title='bbox 807 824 816 840; x_wconf 90' lang='grc' dir='ltr'><strong>ι</strong></span> 
     </span>
    </p>
   </div>
   <div class='ocr_carea' id='block_1_19' title="bbox 31 854 460 892">
    <p class='ocr_par' dir='ltr' id='par_1_19' title="bbox 31 854 460 892">
     <span class='ocr_line' id='line_1_19' title="bbox 31 854 460 892; baseline 0.009 -12"><span class='ocrx_word' id='word_1_127' title='bbox 31 855 170 890; x_wconf 73' lang='grc' dir='ltr'>εξρηνικὺς</span> <span class='ocrx_word' id='word_1_128' title='bbox 185 855 238 892; x_wconf 85' lang='grc' dir='ltr'><strong>γὰρ</strong></span> <span class='ocrx_word' id='word_1_129' title='bbox 254 854 330 889; x_wconf 77' lang='grc' dir='ltr'>οὗτος</span> <span class='ocrx_word' id='word_1_130' title='bbox 344 857 358 883; x_wconf 83' lang='grc' dir='ltr'>ὁ</span> <span class='ocrx_word' id='word_1_131' title='bbox 373 857 460 892; x_wconf 81' lang='grc' dir='ltr'>λόγος.</span> 
     </span>
    </p>
   </div>
   <div class='ocr_carea' id='block_1_20' title="bbox 63 945 819 983">
    <p class='ocr_par' dir='ltr' id='par_1_20' title="bbox 63 945 819 983">
     <span class='ocr_line' id='line_1_20' title="bbox 63 945 819 983; baseline 0.007 -11"><span class='ocrx_word' id='word_1_132' title='bbox 63 945 150 980; x_wconf 82' lang='grc' dir='ltr'><strong>Μηδὲ</strong></span> <span class='ocrx_word' id='word_1_133' title='bbox 163 946 316 974; x_wconf 80' lang='grc' dir='ltr'>ειποισαν·</span> <span class='ocrx_word' id='word_1_134' title='bbox 331 949 516 983; x_wconf 71' lang='grc' dir='ltr'>ιίατεπίομεν</span> <span class='ocrx_word' id='word_1_135' title='bbox 527 949 631 982; x_wconf 80' lang='grc' dir='ltr'>αὐτὸν,</span> <span class='ocrx_word' id='word_1_136' title='bbox 645 958 672 978; x_wconf 86' lang='grc' dir='ltr'><strong>κ.</strong></span> <span class='ocrx_word' id='word_1_137' title='bbox 685 958 710 977; x_wconf 90' lang='grc' dir='ltr'>τ.</span> <span class='ocrx_word' id='word_1_138' title='bbox 726 951 749 977; x_wconf 80' lang='grc' dir='ltr'><strong>ἐ.</strong></span> <span class='ocrx_word' id='word_1_139' title='bbox 763 951 819 978; x_wconf 79' lang='grc' dir='ltr'>Καὶ</span> 
     </span>
    </p>
   </div>
   <div class='ocr_carea' id='block_1_21' title="bbox 27 990 819 1031">
    <p class='ocr_par' dir='ltr' id='par_1_21' title="bbox 27 990 819 1031">
     <span class='ocr_line' id='line_1_21' title="bbox 27 990 819 1031; baseline 0.008 -15"><span class='ocrx_word' id='word_1_140' title='bbox 27 991 41 1016; x_wconf 82' lang='grc' dir='ltr'>ὁ</span> <span class='ocrx_word' id='word_1_141' title='bbox 58 990 166 1022; x_wconf 85' lang='grc' dir='ltr'>Παῦλός</span> <span class='ocrx_word' id='word_1_142' title='bbox 183 1000 248 1028; x_wconf 84' lang='grc' dir='ltr'>φησι</span> <span class='ocrx_word' id='word_1_143' title='bbox 265 992 320 1028; x_wconf 89' lang='grc'>(16)</span> <span class='ocrx_word' id='word_1_144' title='bbox 338 992 402 1028; x_wconf 78' lang='grc' dir='ltr'>περὶ</span> <span class='ocrx_word' id='word_1_145' title='bbox 416 993 462 1019; x_wconf 79' lang='grc' dir='ltr'>τοῦ</span> <span class='ocrx_word' id='word_1_146' title='bbox 479 994 507 1019; x_wconf 82' lang='grc' dir='ltr'><strong>ὲν</strong></span> <span class='ocrx_word' id='word_1_147' title='bbox 525 993 649 1030; x_wconf 83' lang='grc' dir='ltr'>Κορίνθῳ</span> <span class='ocrx_word' id='word_1_148' title='bbox 668 1003 819 1031; x_wconf 83' lang='grc' dir='ltr'>πεπορνευ-</span> 
     </span>
    </p>
   </div>
   <div class='ocr_carea' id='block_1_22' title="bbox 28 1037 819 1077">
    <p class='ocr_par' dir='ltr' id='par_1_22' title="bbox 28 1037 819 1077">
     <span class='ocr_line' id='line_1_22' title="bbox 28 1037 819 1077; baseline 0.008 -15"><span class='ocrx_word' id='word_1_149' title='bbox 28 1037 123 1068; x_wconf 78' lang='grc' dir='ltr'>κότος’</span> <span class='ocrx_word' id='word_1_150' title='bbox 144 1047 153 1063; x_wconf 80' lang='grc' dir='ltr'><strong>ι</strong></span> <span class='ocrx_word' id='word_1_151' title='bbox 177 1038 290 1073; x_wconf 81' lang='grc' dir='ltr'>Μήποτε</span> <span class='ocrx_word' id='word_1_152' title='bbox 313 1040 346 1075; x_wconf 87' lang='grc' dir='ltr'>τῇ</span> <span class='ocrx_word' id='word_1_153' title='bbox 363 1039 544 1075; x_wconf 72' lang='grc' dir='ltr'>περισσοτέρᾳ</span> <span class='ocrx_word' id='word_1_154' title='bbox 558 1039 631 1077; x_wconf 85' lang='grc' dir='ltr'>λύπῃ</span> <span class='ocrx_word' id='word_1_155' title='bbox 649 1041 788 1077; x_wconf 80' lang='grc' dir='ltr'><strong>καταποθῇ</strong></span> <span class='ocrx_word' id='word_1_156' title='bbox 804 1042 819 1068; x_wconf 85' lang='grc' dir='ltr'><em>ὁ</em></span> 
     </span>
    </p>
   </div>
   <div class='ocr_carea' id='block_1_23' title="bbox 26 1090 191 1114">
    <p class='ocr_par' dir='ltr' id='par_1_23' title="bbox 26 1090 191 1114">
     <span class='ocr_line' id='line_1_23' title="bbox 26 1090 191 1114; baseline 0.012 -7"><span class='ocrx_word' id='word_1_157' title='bbox 26 1090 159 1114; x_wconf 82' lang='grc' dir='ltr'>τοιοντος.</span> <span class='ocrx_word' id='word_1_158' title='bbox 181 1092 191 1109; x_wconf 71' lang='grc' dir='ltr'><strong>ι</strong></span> 
     </span>
    </p>
   </div>
   <div class='ocr_carea' id='block_1_24' title="bbox 69 1127 818 1167">
    <p class='ocr_par' dir='ltr' id='par_1_24' title="bbox 69 1127 818 1167">
     <span class='ocr_line' id='line_1_24' title="bbox 69 1127 818 1167; baseline 0.008 -13"><span class='ocrx_word' id='word_1_159' title='bbox 69 1127 329 1156; x_wconf 80' lang='grc' dir='ltr'>Ἑνδυσάσθωσαν</span> <span class='ocrx_word' id='word_1_160' title='bbox 359 1131 511 1165; x_wconf 76' lang='grc' dir='ltr'>αἰσχύνην</span> <span class='ocrx_word' id='word_1_161' title='bbox 538 1131 588 1157; x_wconf 80' lang='grc' dir='ltr'>καὶ</span> <span class='ocrx_word' id='word_1_162' title='bbox 617 1132 767 1167; x_wconf 79' lang='grc' dir='ltr'>ἐντροπὴν</span> <span class='ocrx_word' id='word_1_163' title='bbox 791 1135 818 1160; x_wconf 82' lang='grc' dir='ltr'><strong>οι</strong></span> 
     </span>
    </p>
   </div>
   <div class='ocr_carea' id='block_1_25' title="bbox 23 1174 817 1214">
    <p class='ocr_par' dir='ltr' id='par_1_25' title="bbox 23 1174 817 1214">
     <span class='ocr_line' id='line_1_25' title="bbox 23 1174 817 1214; baseline 0.006 -14"><span class='ocrx_word' id='word_1_164' title='bbox 23 1174 365 1209; x_wconf 63' lang='grc' dir='ltr'>μεγαλορῤημονοῦντες</span> <span class='ocrx_word' id='word_1_165' title='bbox 376 1175 423 1202; x_wconf 79' lang='grc' dir='ltr'><strong>ἐπ’</strong></span> <span class='ocrx_word' id='word_1_166' title='bbox 445 1176 508 1211; x_wconf 79' lang='grc' dir='ltr'><strong>ἐμὲ,</strong></span> <span class='ocrx_word' id='word_1_167' title='bbox 528 1185 555 1203; x_wconf 89' lang='grc' dir='ltr'>κ.</span> <span class='ocrx_word' id='word_1_168' title='bbox 572 1185 598 1203; x_wconf 89' lang='grc' dir='ltr'>τ.</span> <span class='ocrx_word' id='word_1_169' title='bbox 619 1177 642 1203; x_wconf 84' lang='grc' dir='ltr'>έ.</span> <span class='ocrx_word' id='word_1_170' title='bbox 659 1178 690 1204; x_wconf 85' lang='lat' dir='ltr'><strong>Ol</strong></span> <span class='ocrx_word' id='word_1_171' title='bbox 712 1178 761 1214; x_wconf 77' lang='grc' dir='ltr'><strong>μὲν</strong></span> <span class='ocrx_word' id='word_1_172' title='bbox 778 1180 817 1210; x_wconf 83' lang='grc' dir='ltr'>εἰς</span> 
     </span>
    </p>
   </div>
   <div class='ocr_carea' id='block_1_26' title="bbox 25 1219 816 1257">
    <p class='ocr_par' dir='ltr' id='par_1_26' title="bbox 25 1219 816 1257">
     <span class='ocr_line' id='line_1_26' title="bbox 25 1219 816 1257; baseline 0.005 -12"><span class='ocrx_word' id='word_1_173' title='bbox 25 1219 70 1246; x_wconf 69' lang='grc' dir='ltr'>τὸν</span> <span class='ocrx_word' id='word_1_174' title='bbox 87 1219 205 1254; x_wconf 74' lang='grc' dir='ltr'>Χριστὸν</span> <span class='ocrx_word' id='word_1_175' title='bbox 228 1219 284 1254; x_wconf 89' lang='grc'>(17)</span> <span class='ocrx_word' id='word_1_176' title='bbox 303 1219 495 1256; x_wconf 66' lang='grc' dir='ltr'><strong>βαπτιζόμενοι</strong></span> <span class='ocrx_word' id='word_1_177' title='bbox 518 1221 564 1248; x_wconf 79' lang='grc' dir='ltr'><strong>τὸν</strong></span> <span class='ocrx_word' id='word_1_178' title='bbox 578 1222 696 1257; x_wconf 81' lang='grc' dir='ltr'>Χριστὸν</span> <span class='ocrx_word' id='word_1_179' title='bbox 710 1222 816 1249; x_wconf 77' lang='grc' dir='ltr'>ἐνδύον-</span> 
     </span>
    </p>
   </div>
   <div class='ocr_carea' id='block_1_27' title="bbox 24 1264 817 1300">
    <p class='ocr_par' dir='ltr' id='par_1_27' title="bbox 24 1264 817 1300">
     <span class='ocr_line' id='line_1_27' title="bbox 24 1264 817 1300; baseline 0.005 -10"><span class='ocrx_word' id='word_1_180' title='bbox 24 1273 80 1297; x_wconf 85' lang='grc' dir='ltr'>ται,</span> <span class='ocrx_word' id='word_1_181' title='bbox 102 1264 224 1291; x_wconf 84' lang='grc' dir='ltr'>τουτέστι</span> <span class='ocrx_word' id='word_1_182' title='bbox 241 1265 414 1300; x_wconf 88' lang='grc' dir='ltr'>δικαιοσύνην</span> <span class='ocrx_word' id='word_1_183' title='bbox 433 1266 481 1293; x_wconf 74' lang='grc' dir='ltr'>καὶ</span> <span class='ocrx_word' id='word_1_184' title='bbox 495 1266 608 1300; x_wconf 74' lang='grc' dir='ltr'><strong>σοφίαν⁸</strong></span> <span class='ocrx_word' id='word_1_185' title='bbox 629 1268 653 1293; x_wconf 79' lang='grc' dir='ltr'>οἱ</span> <span class='ocrx_word' id='word_1_186' title='bbox 671 1267 699 1293; x_wconf 81' lang='grc' dir='ltr'><strong>δὲ</strong></span> <span class='ocrx_word' id='word_1_187' title='bbox 719 1268 759 1299; x_wconf 83' lang='grc' dir='ltr'><strong>εἰς</strong></span> <span class='ocrx_word' id='word_1_188' title='bbox 772 1268 817 1294; x_wconf 85' lang='grc' dir='ltr'><strong>τὸν</strong></span> 
     </span>
    </p>
   </div>
   <div class='ocr_carea' id='block_1_28' title="bbox 25 1309 816 1348">
    <p class='ocr_par' dir='ltr' id='par_1_28' title="bbox 25 1309 816 1348">
     <span class='ocr_line' id='line_1_28' title="bbox 25 1309 816 1348; baseline 0.004 -12"><span class='ocrx_word' id='word_1_189' title='bbox 25 1310 151 1337; x_wconf 82' lang='grc' dir='ltr'><strong>Σατανᾶν</strong></span> <span class='ocrx_word' id='word_1_190' title='bbox 164 1309 355 1345; x_wconf 77' lang='grc' dir='ltr'>βαπτιζόμενοι</span> <span class='ocrx_word' id='word_1_191' title='bbox 369 1311 499 1347; x_wconf 77' lang='grc' dir='ltr'>αἰσχύνην</span> <span class='ocrx_word' id='word_1_192' title='bbox 511 1311 647 1339; x_wconf 74' lang='grc' dir='ltr'>ἐνδύονται</span> <span class='ocrx_word' id='word_1_193' title='bbox 663 1312 709 1339; x_wconf 78' lang='grc' dir='ltr'>καὶ</span> <span class='ocrx_word' id='word_1_194' title='bbox 724 1312 816 1348; x_wconf 83' lang='grc' dir='ltr'>ἐντρο-</span> 
     </span>
    </p>
   </div>
   <div class='ocr_carea' id='block_1_29' title="bbox 23 1358 92 1393">
    <p class='ocr_par' dir='ltr' id='par_1_29' title="bbox 23 1358 92 1393">
     <span class='ocr_line' id='line_1_29' title="bbox 23 1358 92 1393; baseline 0 -9"><span class='ocrx_word' id='word_1_195' title='bbox 23 1358 92 1393; x_wconf 81' lang='grc' dir='ltr'>πήν.</span> 
     </span>
    </p>
   </div>
   <div class='ocr_carea' id='block_1_30' title="bbox 59 1402 816 1439">
    <p class='ocr_par' dir='ltr' id='par_1_30' title="bbox 59 1402 816 1439">
     <span class='ocr_line' id='line_1_30' title="bbox 59 1402 816 1439; baseline 0.001 -10"><span class='ocrx_word' id='word_1_196' title='bbox 59 1402 118 1430; x_wconf 69' lang='grc' dir='ltr'><strong>Καὶ</strong></span> <span class='ocrx_word' id='word_1_197' title='bbox 138 1402 310 1432; x_wconf 73' lang='grc' dir='ltr'>εἰπάτωσαν</span> <span class='ocrx_word' id='word_1_198' title='bbox 335 1402 385 1429; x_wconf 83' lang='grc' dir='ltr'><strong>διὰ</strong></span> <span class='ocrx_word' id='word_1_199' title='bbox 407 1404 538 1437; x_wconf 73' lang='grc' dir='ltr'>παντός’</span> <span class='ocrx_word' id='word_1_200' title='bbox 558 1403 779 1439; x_wconf 73' lang='grc' dir='ltr'><strong>Μεταλυνθήτω</strong></span> <span class='ocrx_word' id='word_1_201' title='bbox 799 1404 816 1430; x_wconf 83' lang='grc' dir='ltr'><em>ὁ</em></span> 
     </span>
    </p>
   </div>
   <div class='ocr_carea' id='block_1_31' title="bbox 24 1448 816 1483">
    <p class='ocr_par' dir='ltr' id='par_1_31' title="bbox 24 1448 816 1483">
     <span class='ocr_line' id='line_1_31' title="bbox 24 1448 816 1483; baseline 0.003 -9"><span class='ocrx_word' id='word_1_202' title='bbox 24 1448 147 1482; x_wconf 81' lang='grc' dir='ltr'>Κύριος,</span> <span class='ocrx_word' id='word_1_203' title='bbox 162 1449 189 1475; x_wconf 81' lang='grc' dir='ltr'><strong>οι</strong></span> <span class='ocrx_word' id='word_1_204' title='bbox 204 1448 344 1482; x_wconf 77' lang='grc' dir='ltr'>θέλοντες</span> <span class='ocrx_word' id='word_1_205' title='bbox 362 1448 420 1483; x_wconf 79' lang='grc' dir='ltr'>τὴν</span> <span class='ocrx_word' id='word_1_206' title='bbox 433 1449 556 1483; x_wconf 75' lang='grc' dir='ltr'>εἰρήνην</span> <span class='ocrx_word' id='word_1_207' title='bbox 569 1449 622 1476; x_wconf 85' lang='grc' dir='ltr'>τοῦ</span> <span class='ocrx_word' id='word_1_208' title='bbox 637 1449 749 1476; x_wconf 75' lang='grc' dir='ltr'>δούλου</span> <span class='ocrx_word' id='word_1_209' title='bbox 763 1449 816 1476; x_wconf 85' lang='grc' dir='ltr'><strong>αὐ-</strong></span> 
     </span>
    </p>
   </div>
   <div class='ocr_carea' id='block_1_32' title="bbox 23 1494 816 1531">
    <p class='ocr_par' dir='ltr' id='par_1_32' title="bbox 23 1494 816 1531">
     <span class='ocr_line' id='line_1_32' title="bbox 23 1494 816 1531; baseline 0.001 -11"><span class='ocrx_word' id='word_1_210' title='bbox 23 1494 88 1526; x_wconf 83' lang='grc' dir='ltr'>τοῦ,</span> <span class='ocrx_word' id='word_1_211' title='bbox 103 1502 133 1520; x_wconf 86' lang='grc' dir='ltr'><strong>κ.</strong></span> <span class='ocrx_word' id='word_1_212' title='bbox 147 1501 174 1521; x_wconf 81' lang='grc' dir='ltr'>τ.</span> <span class='ocrx_word' id='word_1_213' title='bbox 188 1494 211 1521; x_wconf 77' lang='grc' dir='ltr'><strong>ἑ.</strong></span> <span class='ocrx_word' id='word_1_214' title='bbox 233 1495 368 1529; x_wconf 82' lang='grc' dir='ltr'><strong>Ἀγγέλων</strong></span> <span class='ocrx_word' id='word_1_215' title='bbox 385 1495 434 1530; x_wconf 84' lang='grc' dir='ltr'><strong>μὲν</strong></span> <span class='ocrx_word' id='word_1_216' title='bbox 448 1495 502 1531; x_wconf 91' lang='grc'>(18)</span> <span class='ocrx_word' id='word_1_217' title='bbox 517 1495 548 1522; x_wconf 82' lang='grc' dir='ltr'>τὸ</span> <span class='ocrx_word' id='word_1_218' title='bbox 560 1496 604 1523; x_wconf 80' lang='grc' dir='ltr'><strong>διὰ</strong></span> <span class='ocrx_word' id='word_1_219' title='bbox 617 1495 716 1526; x_wconf 86' lang='grc' dir='ltr'>παντὸς</span> <span class='ocrx_word' id='word_1_220' title='bbox 731 1503 816 1530; x_wconf 79' lang='grc' dir='ltr'>μεγα-</span> 
     </span>
    </p>
   </div>
   <div class='ocr_carea' id='block_1_33' title="bbox 879 222 1179 254">
    <p class='ocr_par' dir='ltr' id='par_1_33' title="bbox 879 222 1179 254">
     <span class='ocr_line' id='line_1_33' title="bbox 879 222 1179 254; baseline 0.017 -6"><span class='ocrx_word' id='word_1_221' title='bbox 879 222 937 250; x_wconf 86' lang='lat' dir='ltr'><strong>luco</strong></span> <span class='ocrx_word' id='word_1_222' title='bbox 951 230 1069 252; x_wconf 86' lang='lat' dir='ltr'><strong>mentem</strong></span> <span class='ocrx_word' id='word_1_223' title='bbox 1090 231 1179 254; x_wconf 79' lang='lat' dir='ltr'><strong>vocat.</strong></span> 
     </span>
    </p>
   </div>
   <div class='ocr_carea' id='block_1_34' title="bbox 914 269 1661 307">
    <p class='ocr_par' dir='ltr' id='par_1_34' title="bbox 914 269 1661 307">
     <span class='ocr_line' id='line_1_34' title="bbox 914 269 1661 307; baseline 0.013 -11"><span class='ocrx_word' id='word_1_224' title='bbox 914 269 995 296; x_wconf 65' lang='lat' dir='ltr'><strong>Vens.</strong></span> <span class='ocrx_word' id='word_1_225' title='bbox 1023 270 1067 297; x_wconf 89' lang='grc'><strong>16.</strong></span> <span class='ocrx_word' id='word_1_226' title='bbox 1090 271 1266 300; x_wconf 76' lang='lat' dir='ltr'><strong>Tentaverunt</strong></span> <span class='ocrx_word' id='word_1_227' title='bbox 1290 282 1341 307; x_wconf 82' lang='lat' dir='ltr'><strong>me,</strong></span> <span class='ocrx_word' id='word_1_228' title='bbox 1365 278 1595 305; x_wconf 77' lang='lat' dir='ltr'><strong>subsannaverunt</strong></span> <span class='ocrx_word' id='word_1_229' title='bbox 1622 288 1661 306; x_wconf 81' lang='lat' dir='ltr'><strong>me</strong></span> 
     </span>
    </p>
   </div>
   <div class='ocr_carea' id='block_1_35' title="bbox 877 316 1662 358">
    <p class='ocr_par' dir='ltr' id='par_1_35' title="bbox 877 316 1662 358">
     <span class='ocr_line' id='line_1_35' title="bbox 877 316 1662 358; baseline 0.014 -17"><span class='ocrx_word' id='word_1_230' title='bbox 877 316 1092 349; x_wconf 78' lang='lat' dir='ltr'><strong>subsannatione,</strong></span> <span class='ocrx_word' id='word_1_231' title='bbox 1112 323 1165 346; x_wconf 89' lang='lat' dir='ltr'><strong>etc.</strong></span> <span class='ocrx_word' id='word_1_232' title='bbox 1191 319 1258 346; x_wconf 87' lang='lat' dir='ltr'><strong>Cum</strong></span> <span class='ocrx_word' id='word_1_233' title='bbox 1277 328 1320 347; x_wconf 88' lang='lat' dir='ltr'><strong>me</strong></span> <span class='ocrx_word' id='word_1_234' title='bbox 1351 329 1448 356; x_wconf 88' lang='lat' dir='ltr'><strong>capere</strong></span> <span class='ocrx_word' id='word_1_235' title='bbox 1474 331 1526 351; x_wconf 90' lang='lat' dir='ltr'><strong>non</strong></span> <span class='ocrx_word' id='word_1_236' title='bbox 1553 330 1662 358; x_wconf 82' lang='lat' dir='ltr'><strong>possent</strong></span> 
     </span>
    </p>
   </div>
   <div class='ocr_carea' id='block_1_36' title="bbox 877 364 1660 402">
    <p class='ocr_par' dir='ltr' id='par_1_36' title="bbox 877 364 1660 402">
     <span class='ocr_line' id='line_1_36' title="bbox 877 364 1660 402; baseline 0.014 -16"><span class='ocrx_word' id='word_1_237' title='bbox 877 368 925 394; x_wconf 85' lang='lat' dir='ltr'><strong>per</strong></span> <span class='ocrx_word' id='word_1_238' title='bbox 947 369 978 388; x_wconf 90' lang='lat' dir='ltr'><strong>ca</strong></span> <span class='ocrx_word' id='word_1_239' title='bbox 1002 368 1062 396; x_wconf 64' lang='lat' dir='ltr'><strong>qua:</strong></span> <span class='ocrx_word' id='word_1_240' title='bbox 1085 364 1324 399; x_wconf 71' lang='lat' dir='ltr'><strong>machinabantur,</strong></span> <span class='ocrx_word' id='word_1_241' title='bbox 1346 368 1491 402; x_wconf 89' lang='lat' dir='ltr'><strong>opprobria</strong></span> <span class='ocrx_word' id='word_1_242' title='bbox 1515 370 1660 397; x_wconf 79' lang='lat' dir='ltr'><strong>adversum</strong></span> 
     </span>
    </p>
   </div>
   <div class='ocr_carea' id='block_1_37' title="bbox 877 409 1661 447">
    <p class='ocr_par' dir='ltr' id='par_1_37' title="bbox 877 409 1661 447">
     <span class='ocr_line' id='line_1_37' title="bbox 877 409 1661 447; baseline 0.01 -13"><span class='ocrx_word' id='word_1_243' title='bbox 877 415 919 434; x_wconf 89' lang='lat' dir='ltr'><strong>me</strong></span> <span class='ocrx_word' id='word_1_244' title='bbox 932 409 1134 442; x_wconf 75' lang='lat' dir='ltr'><strong>excogitarunt,</strong></span> <span class='ocrx_word' id='word_1_245' title='bbox 1149 414 1176 436; x_wconf 90' lang='lat' dir='ltr'><strong>et</strong></span> <span class='ocrx_word' id='word_1_246' title='bbox 1190 418 1265 438; x_wconf 89' lang='lat' dir='ltr'><strong>more</strong></span> <span class='ocrx_word' id='word_1_247' title='bbox 1282 411 1400 439; x_wconf 78' lang='lat' dir='ltr'><strong>ferarum</strong></span> <span class='ocrx_word' id='word_1_248' title='bbox 1413 413 1661 447; x_wconf 85' lang='lat' dir='ltr'><strong>silvestrium,den-</strong></span> 
     </span>
    </p>
   </div>
   <div class='ocr_carea' id='block_1_38' title="bbox 877 454 1660 488">
    <p class='ocr_par' dir='ltr' id='par_1_38' title="bbox 877 454 1660 488">
     <span class='ocr_line' id='line_1_38' title="bbox 877 454 1660 488; baseline 0.011 -9"><span class='ocrx_word' id='word_1_249' title='bbox 877 457 917 480; x_wconf 82' lang='lat' dir='ltr'><strong>tes</strong></span> <span class='ocrx_word' id='word_1_250' title='bbox 933 457 960 480; x_wconf 89' lang='lat' dir='ltr'><strong>et</strong></span> <span class='ocrx_word' id='word_1_251' title='bbox 984 454 1149 482; x_wconf 82' lang='lat' dir='ltr'><strong>iraseibilem</strong></span> <span class='ocrx_word' id='word_1_252' title='bbox 1166 463 1198 482; x_wconf 86' lang='lat' dir='ltr'><strong>ac</strong></span> <span class='ocrx_word' id='word_1_253' title='bbox 1223 456 1396 485; x_wconf 84' lang='lat' dir='ltr'><strong>furibundam</strong></span> <span class='ocrx_word' id='word_1_254' title='bbox 1414 460 1465 486; x_wconf 81' lang='lat' dir='ltr'><strong>vim</strong></span> <span class='ocrx_word' id='word_1_255' title='bbox 1481 467 1556 487; x_wconf 90' lang='lat' dir='ltr'><strong>suam</strong></span> <span class='ocrx_word' id='word_1_256' title='bbox 1575 461 1601 487; x_wconf 91' lang='lat' dir='ltr'><strong>in</strong></span> <span class='ocrx_word' id='word_1_257' title='bbox 1617 468 1660 488; x_wconf 91' lang='lat' dir='ltr'><strong>me</strong></span> 
     </span>
    </p>
   </div>
   <div class='ocr_carea' id='block_1_39' title="bbox 877 497 1658 536">
    <p class='ocr_par' dir='ltr' id='par_1_39' title="bbox 877 497 1658 536">
     <span class='ocr_line' id='line_1_39' title="bbox 877 497 1658 536; baseline 0.013 -13"><span class='ocrx_word' id='word_1_258' title='bbox 877 497 1019 525; x_wconf 72' lang='lat' dir='ltr'><strong>fremendo</strong></span> <span class='ocrx_word' id='word_1_259' title='bbox 1036 500 1170 527; x_wconf 84' lang='lat' dir='ltr'><strong>acuebant</strong></span> <span class='ocrx_word' id='word_1_260' title='bbox 1190 510 1198 534; x_wconf 91' lang='lat'><strong>;</strong></span> <span class='ocrx_word' id='word_1_261' title='bbox 1242 501 1378 536; x_wconf 88' lang='lat' dir='ltr'><strong>siquidem</strong></span> <span class='ocrx_word' id='word_1_262' title='bbox 1396 503 1530 532; x_wconf 79' lang='lat' dir='ltr'><strong>devorare</strong></span> <span class='ocrx_word' id='word_1_263' title='bbox 1545 512 1588 532; x_wconf 88' lang='lat' dir='ltr'><strong>me</strong></span> <span class='ocrx_word' id='word_1_264' title='bbox 1610 513 1658 533; x_wconf 87' lang='lat' dir='ltr'><strong>vo-</strong></span> 
     </span>
    </p>
   </div>
   <div class='ocr_carea' id='block_1_40' title="bbox 876 540 1202 575">
    <p class='ocr_par' dir='ltr' id='par_1_40' title="bbox 876 540 1202 575">
     <span class='ocr_line' id='line_1_40' title="bbox 876 540 1202 575; baseline 0.009 -6"><span class='ocrx_word' id='word_1_265' title='bbox 876 542 975 575; x_wconf 84' lang='lat' dir='ltr'><strong>lentes.</strong></span> <span class='ocrx_word' id='word_1_266' title='bbox 992 540 1112 572; x_wconf 52' lang='lat' dir='ltr'><strong>l&#39;rustral&#39;i</strong></span> <span class='ocrx_word' id='word_1_267' title='bbox 1129 550 1202 572; x_wconf 88' lang='lat' dir='ltr'><strong>sunt.</strong></span> 
     </span>
    </p>
   </div>
   <div class='ocr_carea' id='block_1_41' title="bbox 910 587 1658 628">
    <p class='ocr_par' dir='ltr' id='par_1_41' title="bbox 910 587 1658 628">
     <span class='ocr_line' id='line_1_41' title="bbox 910 587 1658 628; baseline 0.011 -13"><span class='ocrx_word' id='word_1_268' title='bbox 910 587 991 616; x_wconf 73' lang='lat' dir='ltr'><strong>Vens.</strong></span> <span class='ocrx_word' id='word_1_269' title='bbox 1010 590 1053 618; x_wconf 79' lang='grc'>19.</span> <span class='ocrx_word' id='word_1_270' title='bbox 1070 590 1133 617; x_wconf 79' lang='lat' dir='ltr'><strong>Non</strong></span> <span class='ocrx_word' id='word_1_271' title='bbox 1146 593 1359 627; x_wconf 76' lang='lat' dir='ltr'><strong>supergaudeant</strong></span> <span class='ocrx_word' id='word_1_272' title='bbox 1372 594 1438 620; x_wconf 77' lang='lat' dir='ltr'><strong>milii</strong></span> <span class='ocrx_word' id='word_1_273' title='bbox 1454 594 1500 628; x_wconf 85' lang='lat' dir='ltr'><strong>qui</strong></span> <span class='ocrx_word' id='word_1_274' title='bbox 1513 595 1658 623; x_wconf 78' lang='lat' dir='ltr'><strong>adversan-</strong></span> 
     </span>
    </p>
   </div>
   <div class='ocr_carea' id='block_1_42' title="bbox 873 635 1651 675">
    <p class='ocr_par' dir='ltr' id='par_1_42' title="bbox 873 635 1651 675">
     <span class='ocr_line' id='line_1_42' title="bbox 873 635 1651 675; baseline 0.008 -13"><span class='ocrx_word' id='word_1_275' title='bbox 873 635 993 662; x_wconf 67' lang='lat' dir='ltr'><strong>tur-milii</strong></span> <span class='ocrx_word' id='word_1_276' title='bbox 1014 636 1112 671; x_wconf 86' lang='lat' dir='ltr'><strong>inique,</strong></span> <span class='ocrx_word' id='word_1_277' title='bbox 1139 642 1193 665; x_wconf 85' lang='lat' dir='ltr'><strong>etc.</strong></span> <span class='ocrx_word' id='word_1_278' title='bbox 1218 637 1269 671; x_wconf 86' lang='lat' dir='ltr'><strong>Qui</strong></span> <span class='ocrx_word' id='word_1_279' title='bbox 1291 639 1365 674; x_wconf 90' lang='lat' dir='ltr'><strong>justo</strong></span> <span class='ocrx_word' id='word_1_280' title='bbox 1382 644 1493 674; x_wconf 80' lang='lat' dir='ltr'><strong>propter</strong></span> <span class='ocrx_word' id='word_1_281' title='bbox 1516 640 1651 675; x_wconf 91' lang='lat' dir='ltr'><strong>justitiam</strong></span> 
     </span>
    </p>
   </div>
   <div class='ocr_carea' id='block_1_43' title="bbox 873 681 1386 717">
    <p class='ocr_par' dir='ltr' id='par_1_43' title="bbox 873 681 1386 717">
     <span class='ocr_line' id='line_1_43' title="bbox 873 681 1386 717; baseline 0.01 -11"><span class='ocrx_word' id='word_1_282' title='bbox 873 681 1064 713; x_wconf 86' lang='lat' dir='ltr'><strong>adversantur,</strong></span> <span class='ocrx_word' id='word_1_283' title='bbox 1080 682 1180 717; x_wconf 81' lang='lat' dir='ltr'><strong>injuste</strong></span> <span class='ocrx_word' id='word_1_284' title='bbox 1196 683 1386 712; x_wconf 69' lang='lat' dir='ltr'><strong>adversantur.</strong></span> 
     </span>
    </p>
   </div>
   <div class='ocr_carea' id='block_1_44' title="bbox 909 726 1656 768">
    <p class='ocr_par' dir='ltr' id='par_1_44' title="bbox 909 726 1656 768">
     <span class='ocr_line' id='line_1_44' title="bbox 909 726 1656 768; baseline 0.008 -14"><span class='ocrx_word' id='word_1_285' title='bbox 909 726 991 754; x_wconf 69' lang='lat' dir='ltr'><strong>Vens.</strong></span> <span class='ocrx_word' id='word_1_286' title='bbox 1009 727 1053 754; x_wconf 76' lang='grc'><strong>20.</strong></span> <span class='ocrx_word' id='word_1_287' title='bbox 1073 727 1204 760; x_wconf 77' lang='lat' dir='ltr'><strong>Quoniam</strong></span> <span class='ocrx_word' id='word_1_288' title='bbox 1227 729 1412 765; x_wconf 81' lang='lat' dir='ltr'><strong>mihiquidem</strong></span> <span class='ocrx_word' id='word_1_289' title='bbox 1432 732 1542 767; x_wconf 77' lang='lat' dir='ltr'><strong>paciﬁce</strong></span> <span class='ocrx_word' id='word_1_290' title='bbox 1564 732 1656 768; x_wconf 81' lang='lat' dir='ltr'><strong>loque-</strong></span> 
     </span>
    </p>
   </div>
   <div class='ocr_carea' id='block_1_45' title="bbox 872 773 1654 813">
    <p class='ocr_par' dir='ltr' id='par_1_45' title="bbox 872 773 1654 813">
     <span class='ocr_line' id='line_1_45' title="bbox 872 773 1654 813; baseline 0.009 -14"><span class='ocrx_word' id='word_1_291' title='bbox 872 773 990 806; x_wconf 81' lang='lat' dir='ltr'><strong>bantur,</strong></span> <span class='ocrx_word' id='word_1_292' title='bbox 1020 779 1044 801; x_wconf 80' lang='grc' dir='ltr'>ει</span> <span class='ocrx_word' id='word_1_293' title='bbox 1073 775 1101 801; x_wconf 85' lang='lat' dir='ltr'><strong>in</strong></span> <span class='ocrx_word' id='word_1_294' title='bbox 1128 775 1268 803; x_wconf 74' lang='lat' dir='ltr'><strong>iracundia</strong></span> <span class='ocrx_word' id='word_1_295' title='bbox 1295 776 1371 804; x_wconf 82' lang='lat' dir='ltr'><strong>dolos</strong></span> <span class='ocrx_word' id='word_1_296' title='bbox 1395 779 1567 813; x_wconf 77' lang='lat' dir='ltr'><strong>cogitabant,</strong></span> <span class='ocrx_word' id='word_1_297' title='bbox 1601 784 1654 807; x_wconf 91' lang='lat' dir='ltr'><strong>etc.</strong></span> 
     </span>
    </p>
   </div>
   <div class='ocr_carea' id='block_1_46' title="bbox 875 818 1655 856">
    <p class='ocr_par' dir='ltr' id='par_1_46' title="bbox 875 818 1655 856">
     <span class='ocr_line' id='line_1_46' title="bbox 875 818 1655 856; baseline 0.008 -11"><span class='ocrx_word' id='word_1_298' title='bbox 875 827 884 844; x_wconf 83' lang='grc' dir='ltr'><strong>ι</strong></span> <span class='ocrx_word' id='word_1_299' title='bbox 923 818 1023 847; x_wconf 62' lang='lat' dir='ltr'><strong>Erilis»</strong></span> <span class='ocrx_word' id='word_1_300' title='bbox 1039 820 1135 853; x_wconf 88' lang='lat' dir='ltr'><strong>enim,</strong></span> <span class='ocrx_word' id='word_1_301' title='bbox 1166 820 1254 855; x_wconf 81' lang='lat' dir='ltr'><strong>inquit</strong></span> <span class='ocrx_word' id='word_1_302' title='bbox 1277 821 1336 853; x_wconf 71' lang='lat' dir='ltr'><strong>&quot;,t</strong></span> <span class='ocrx_word' id='word_1_303' title='bbox 1351 822 1422 850; x_wconf 87' lang='lat' dir='ltr'><strong>sicut</strong></span> <span class='ocrx_word' id='word_1_304' title='bbox 1446 823 1506 856; x_wconf 88' lang='lat' dir='ltr'><strong>dii,</strong></span> <span class='ocrx_word' id='word_1_305' title='bbox 1538 824 1655 851; x_wconf 76' lang='lat' dir='ltr'><strong>scientes</strong></span> 
     </span>
    </p>
   </div>
   <div class='ocr_carea' id='block_1_47' title="bbox 837 859 1655 896">
    <p class='ocr_par' dir='ltr' id='par_1_47' title="bbox 837 859 1655 896">
     <span class='ocr_line' id='line_1_47' title="bbox 837 859 1655 896; baseline 0.009 -7"><span class='ocrx_word' id='word_1_306' title='bbox 837 859 971 890; x_wconf 82' lang='lat' dir='ltr'><strong>Bbouum</strong></span> <span class='ocrx_word' id='word_1_307' title='bbox 1003 869 1030 891; x_wconf 88' lang='lat' dir='ltr'><strong>et</strong></span> <span class='ocrx_word' id='word_1_308' title='bbox 1066 864 1178 892; x_wconf 88' lang='lat' dir='ltr'><strong>malutu.</strong></span> <span class='ocrx_word' id='word_1_309' title='bbox 1214 875 1224 892; x_wconf 84' lang='grc' dir='ltr'><strong>ι</strong></span> <span class='ocrx_word' id='word_1_310' title='bbox 1253 865 1389 894; x_wconf 78' lang='lat' dir='ltr'><strong>Paciﬁcas</strong></span> <span class='ocrx_word' id='word_1_311' title='bbox 1420 868 1490 894; x_wconf 88' lang='lat' dir='ltr'><strong>enim</strong></span> <span class='ocrx_word' id='word_1_312' title='bbox 1519 874 1578 896; x_wconf 83' lang='lat' dir='ltr'><strong>erat</strong></span> <span class='ocrx_word' id='word_1_313' title='bbox 1611 870 1655 896; x_wconf 88' lang='lat' dir='ltr'><strong>hic</strong></span> 
     </span>
    </p>
   </div>
   <div class='ocr_carea' id='block_1_48' title="bbox 869 915 969 936">
    <p class='ocr_par' dir='ltr' id='par_1_48' title="bbox 869 915 969 936">
     <span class='ocr_line' id='line_1_48' title="bbox 869 915 969 936; baseline 0 0"><span class='ocrx_word' id='word_1_314' title='bbox 869 915 969 936; x_wconf 87' lang='lat' dir='ltr'><strong>sermo.</strong></span> 
     </span>
    </p>
   </div>
   <div class='ocr_carea' id='block_1_49' title="bbox 906 954 1655 991">
    <p class='ocr_par' dir='ltr' id='par_1_49' title="bbox 906 954 1655 991">
     <span class='ocr_line' id='line_1_49' title="bbox 906 954 1655 991; baseline 0.007 -10"><span class='ocrx_word' id='word_1_315' title='bbox 906 954 987 982; x_wconf 66' lang='lat' dir='ltr'><strong>Vens.</strong></span> <span class='ocrx_word' id='word_1_316' title='bbox 1011 955 1058 982; x_wconf 72' lang='lat'><strong>25.</strong></span> <span class='ocrx_word' id='word_1_317' title='bbox 1077 955 1133 983; x_wconf 83' lang='lat' dir='ltr'><strong>Nec</strong></span> <span class='ocrx_word' id='word_1_318' title='bbox 1154 957 1269 984; x_wconf 76' lang='lat' dir='ltr'><strong>dicant:</strong></span> <span class='ocrx_word' id='word_1_319' title='bbox 1294 956 1480 985; x_wconf 75' lang='lat' dir='ltr'><strong>Devaravimus</strong></span> <span class='ocrx_word' id='word_1_320' title='bbox 1493 967 1572 991; x_wconf 68' lang='lat' dir='ltr'><strong>eum.</strong></span> <span class='ocrx_word' id='word_1_321' title='bbox 1601 964 1655 989; x_wconf 85' lang='lat' dir='ltr'><strong>etc.</strong></span> 
     </span>
    </p>
   </div>
   <div class='ocr_carea' id='block_1_50' title="bbox 869 1000 1655 1033">
    <p class='ocr_par' dir='ltr' id='par_1_50' title="bbox 869 1000 1655 1033">
     <span class='ocr_line' id='line_1_50' title="bbox 869 1000 1655 1033; baseline 0.006 -5"><span class='ocrx_word' id='word_1_322' title='bbox 869 1000 971 1028; x_wconf 77' lang='lat' dir='ltr'><strong>Paulus</strong></span> <span class='ocrx_word' id='word_1_323' title='bbox 996 1001 1077 1028; x_wconf 89' lang='lat' dir='ltr'><strong>etiam</strong></span> <span class='ocrx_word' id='word_1_324' title='bbox 1104 1002 1138 1029; x_wconf 91' lang='lat' dir='ltr'><strong>de</strong></span> <span class='ocrx_word' id='word_1_325' title='bbox 1164 1002 1268 1029; x_wconf 89' lang='lat' dir='ltr'><strong>incesto</strong></span> <span class='ocrx_word' id='word_1_326' title='bbox 1296 1002 1438 1031; x_wconf 87' lang='lat' dir='ltr'><strong>Corinthio</strong></span> <span class='ocrx_word' id='word_1_327' title='bbox 1458 1004 1497 1031; x_wconf 90' lang='lat' dir='ltr'><strong>ait</strong></span> <span class='ocrx_word' id='word_1_328' title='bbox 1512 1005 1533 1020; x_wconf 87' lang='lat'><strong>&quot;</strong></span> <span class='ocrx_word' id='word_1_329' title='bbox 1550 1014 1557 1032; x_wconf 85' lang='lat'>:</span> <span class='ocrx_word' id='word_1_330' title='bbox 1576 1014 1585 1030; x_wconf 81' lang='grc' dir='ltr'><strong>ι</strong></span> <span class='ocrx_word' id='word_1_331' title='bbox 1615 1005 1655 1033; x_wconf 79' lang='lat' dir='ltr'><strong>Ne</strong></span> 
     </span>
    </p>
   </div>
   <div class='ocr_carea' id='block_1_51' title="bbox 869 1047 1653 1085">
    <p class='ocr_par' dir='ltr' id='par_1_51' title="bbox 869 1047 1653 1085">
     <span class='ocr_line' id='line_1_51' title="bbox 869 1047 1653 1085; baseline 0.006 -13"><span class='ocrx_word' id='word_1_332' title='bbox 869 1047 938 1074; x_wconf 83' lang='lat' dir='ltr'><strong>forte</strong></span> <span class='ocrx_word' id='word_1_333' title='bbox 960 1047 1153 1075; x_wconf 82' lang='lat' dir='ltr'><strong>alnmdantiori</strong></span> <span class='ocrx_word' id='word_1_334' title='bbox 1176 1047 1287 1075; x_wconf 86' lang='lat' dir='ltr'><strong>tristitia</strong></span> <span class='ocrx_word' id='word_1_335' title='bbox 1312 1049 1494 1077; x_wconf 86' lang='lat' dir='ltr'><strong>absorbeatur</strong></span> <span class='ocrx_word' id='word_1_336' title='bbox 1512 1050 1558 1085; x_wconf 88' lang='lat' dir='ltr'><strong>qui</strong></span> <span class='ocrx_word' id='word_1_337' title='bbox 1582 1050 1653 1085; x_wconf 75' lang='lat' dir='ltr'><strong>ejus-</strong></span> 
     </span>
    </p>
   </div>
   <div class='ocr_carea' id='block_1_52' title="bbox 869 1091 1636 1118">
    <p class='ocr_par' dir='ltr' id='par_1_52' title="bbox 869 1091 1636 1118">
     <span class='ocr_line' id='line_1_52' title="bbox 869 1091 1636 1118; baseline 0 0"><span class='ocrx_word' id='word_1_338' title='bbox 869 1091 940 1118; x_wconf 93' lang='lat' dir='ltr'><strong>modi</strong></span> <span class='ocrx_word' id='word_1_339' title='bbox 957 1097 1007 1118; x_wconf 91' lang='lat' dir='ltr'><strong>est.</strong></span> <span class='ocrx_word' id='word_1_340' title='bbox 1031 1100 1040 1116; x_wconf 87' lang='grc' dir='ltr'><strong>ι</strong></span> <span class='ocrx_word' id='word_1_341' title='bbox 1627 1095 1636 1104; x_wconf 58' lang='grc' dir='ltr'><strong>’ν</strong></span> 
     </span>
    </p>
   </div>
   <div class='ocr_carea' id='block_1_53' title="bbox 904 1135 1651 1174">
    <p class='ocr_par' dir='ltr' id='par_1_53' title="bbox 904 1135 1651 1174">
     <span class='ocr_line' id='line_1_53' title="bbox 904 1135 1651 1174; baseline 0.005 -12"><span class='ocrx_word' id='word_1_342' title='bbox 904 1135 986 1163; x_wconf 73' lang='lat' dir='ltr'><strong>Vens.</strong></span> <span class='ocrx_word' id='word_1_343' title='bbox 1003 1136 1048 1163; x_wconf 69' lang='lat'><strong>26.</strong></span> <span class='ocrx_word' id='word_1_344' title='bbox 1068 1135 1222 1164; x_wconf 84' lang='lat' dir='ltr'><strong>lnduamur</strong></span> <span class='ocrx_word' id='word_1_345' title='bbox 1239 1138 1395 1172; x_wconf 78' lang='lat' dir='ltr'><strong>confusione</strong></span> <span class='ocrx_word' id='word_1_346' title='bbox 1407 1144 1432 1166; x_wconf 84' lang='lat' dir='ltr'><strong>et</strong></span> <span class='ocrx_word' id='word_1_347' title='bbox 1451 1143 1594 1166; x_wconf 79' lang='lat' dir='ltr'><strong>reverentia</strong></span> <span class='ocrx_word' id='word_1_348' title='bbox 1606 1139 1651 1174; x_wconf 79' lang='lat' dir='ltr'><strong>qui</strong></span> 
     </span>
    </p>
   </div>
   <div class='ocr_carea' id='block_1_54' title="bbox 867 1181 1649 1217">
    <p class='ocr_par' dir='ltr' id='par_1_54' title="bbox 867 1181 1649 1217">
     <span class='ocr_line' id='line_1_54' title="bbox 867 1181 1649 1217; baseline 0.005 -10"><span class='ocrx_word' id='word_1_349' title='bbox 867 1188 964 1215; x_wconf 80' lang='lat' dir='ltr'><strong>magna</strong></span> <span class='ocrx_word' id='word_1_350' title='bbox 986 1181 1131 1217; x_wconf 79' lang='lat' dir='ltr'><strong>loquuntur</strong></span> <span class='ocrx_word' id='word_1_351' title='bbox 1153 1191 1232 1217; x_wconf 85' lang='lat' dir='ltr'><strong>super</strong></span> <span class='ocrx_word' id='word_1_352' title='bbox 1255 1191 1306 1216; x_wconf 78' lang='lat' dir='ltr'><strong>me,</strong></span> <span class='ocrx_word' id='word_1_353' title='bbox 1323 1188 1375 1211; x_wconf 86' lang='lat' dir='ltr'><strong>etc.</strong></span> <span class='ocrx_word' id='word_1_354' title='bbox 1394 1183 1445 1217; x_wconf 84' lang='lat' dir='ltr'><strong>Qui</strong></span> <span class='ocrx_word' id='word_1_355' title='bbox 1469 1185 1494 1211; x_wconf 89' lang='lat' dir='ltr'><strong>in</strong></span> <span class='ocrx_word' id='word_1_356' title='bbox 1509 1185 1649 1212; x_wconf 79' lang='lat' dir='ltr'><strong>Christum</strong></span> 
     </span>
    </p>
   </div>
   <div class='ocr_carea' id='block_1_55' title="bbox 868 1224 1650 1263">
    <p class='ocr_par' dir='ltr' id='par_1_55' title="bbox 868 1224 1650 1263">
     <span class='ocr_line' id='line_1_55' title="bbox 868 1224 1650 1263; baseline 0.006 -11"><span class='ocrx_word' id='word_1_357' title='bbox 868 1224 1057 1260; x_wconf 86' lang='lat' dir='ltr'><strong>baptizantur,</strong></span> <span class='ocrx_word' id='word_1_358' title='bbox 1074 1227 1213 1254; x_wconf 84' lang='lat' dir='ltr'><strong>Christum</strong></span> <span class='ocrx_word' id='word_1_359' title='bbox 1237 1228 1362 1260; x_wconf 86' lang='lat' dir='ltr'><strong>induunt,</strong></span> <span class='ocrx_word' id='word_1_360' title='bbox 1384 1229 1436 1256; x_wconf 89' lang='lat' dir='ltr'><strong>hoc</strong></span> <span class='ocrx_word' id='word_1_361' title='bbox 1452 1234 1494 1256; x_wconf 86' lang='lat' dir='ltr'><strong>est</strong></span> <span class='ocrx_word' id='word_1_362' title='bbox 1518 1230 1650 1263; x_wconf 87' lang='lat' dir='ltr'><strong>justitiam</strong></span> 
     </span>
    </p>
   </div>
   <div class='ocr_carea' id='block_1_56' title="bbox 866 1271 1651 1308">
    <p class='ocr_par' dir='ltr' id='par_1_56' title="bbox 866 1271 1651 1308">
     <span class='ocr_line' id='line_1_56' title="bbox 866 1271 1651 1308; baseline 0.005 -12"><span class='ocrx_word' id='word_1_363' title='bbox 866 1273 894 1296; x_wconf 91' lang='lat' dir='ltr'><strong>et</strong></span> <span class='ocrx_word' id='word_1_364' title='bbox 910 1271 1088 1305; x_wconf 74' lang='lat' dir='ltr'><strong>sapientiam;</strong></span> <span class='ocrx_word' id='word_1_365' title='bbox 1104 1271 1150 1305; x_wconf 89' lang='lat' dir='ltr'><strong>qui</strong></span> <span class='ocrx_word' id='word_1_366' title='bbox 1167 1276 1256 1299; x_wconf 86' lang='lat' dir='ltr'><strong>autem</strong></span> <span class='ocrx_word' id='word_1_367' title='bbox 1274 1271 1300 1298; x_wconf 93' lang='lat' dir='ltr'><strong>iu</strong></span> <span class='ocrx_word' id='word_1_368' title='bbox 1319 1271 1450 1299; x_wconf 84' lang='lat' dir='ltr'><strong>Satanam</strong></span> <span class='ocrx_word' id='word_1_369' title='bbox 1467 1273 1651 1308; x_wconf 76' lang='lat' dir='ltr'><strong>bapulantnr,</strong></span> 
     </span>
    </p>
   </div>
   <div class='ocr_carea' id='block_1_57' title="bbox 866 1315 1417 1348">
    <p class='ocr_par' dir='ltr' id='par_1_57' title="bbox 866 1315 1417 1348">
     <span class='ocr_line' id='line_1_57' title="bbox 866 1315 1417 1348; baseline 0.002 -5"><span class='ocrx_word' id='word_1_370' title='bbox 866 1315 1027 1344; x_wconf 79' lang='lat' dir='ltr'><strong>confusione</strong></span> <span class='ocrx_word' id='word_1_371' title='bbox 1045 1317 1192 1348; x_wconf 83' lang='lat' dir='ltr'><strong>induuntur</strong></span> <span class='ocrx_word' id='word_1_372' title='bbox 1205 1321 1233 1344; x_wconf 88' lang='lat' dir='ltr'><strong>et</strong></span> <span class='ocrx_word' id='word_1_373' title='bbox 1249 1317 1417 1345; x_wconf 85' lang='lat' dir='ltr'><strong>reverentia.</strong></span> 
     </span>
    </p>
   </div>
   <div class='ocr_carea' id='block_1_58' title="bbox 901 1405 1650 1443">
    <p class='ocr_par' dir='ltr' id='par_1_58' title="bbox 901 1405 1650 1443">
     <span class='ocr_line' id='line_1_58' title="bbox 901 1405 1650 1443; baseline 0 -8"><span class='ocrx_word' id='word_1_374' title='bbox 901 1407 985 1435; x_wconf 70' lang='lat' dir='ltr'><strong>Vens.</strong></span> <span class='ocrx_word' id='word_1_375' title='bbox 998 1407 1046 1434; x_wconf 74' lang='grc'><strong>27.</strong></span> <span class='ocrx_word' id='word_1_376' title='bbox 1073 1405 1106 1434; x_wconf 86' lang='lat' dir='ltr'><strong>Et</strong></span> <span class='ocrx_word' id='word_1_377' title='bbox 1123 1407 1210 1434; x_wconf 81' lang='lat' dir='ltr'><strong>dicunt</strong></span> <span class='ocrx_word' id='word_1_378' title='bbox 1233 1415 1344 1442; x_wconf 76' lang='lat' dir='ltr'><strong>semper,</strong></span> <span class='ocrx_word' id='word_1_379' title='bbox 1362 1407 1547 1443; x_wconf 68' lang='lat' dir='ltr'><strong>Magni/iretur</strong></span> <span class='ocrx_word' id='word_1_380' title='bbox 1564 1408 1650 1435; x_wconf 83' lang='lat' dir='ltr'><strong>Domi-</strong></span> 
     </span>
    </p>
   </div>
   <div class='ocr_carea' id='block_1_59' title="bbox 865 1452 1650 1488">
    <p class='ocr_par' dir='ltr' id='par_1_59' title="bbox 865 1452 1650 1488">
     <span class='ocr_line' id='line_1_59' title="bbox 865 1452 1650 1488; baseline 0.003 -9"><span class='ocrx_word' id='word_1_381' title='bbox 865 1460 926 1486; x_wconf 80' lang='lat' dir='ltr'><strong>nus,</strong></span> <span class='ocrx_word' id='word_1_382' title='bbox 943 1453 989 1487; x_wconf 88' lang='lat' dir='ltr'><strong>qui</strong></span> <span class='ocrx_word' id='word_1_383' title='bbox 1001 1452 1090 1479; x_wconf 81' lang='lat' dir='ltr'><strong>volunt</strong></span> <span class='ocrx_word' id='word_1_384' title='bbox 1105 1460 1195 1486; x_wconf 79' lang='lat' dir='ltr'><strong>pacem</strong></span> <span class='ocrx_word' id='word_1_385' title='bbox 1218 1453 1285 1480; x_wconf 75' lang='lat' dir='ltr'><strong>servi</strong></span> <span class='ocrx_word' id='word_1_386' title='bbox 1296 1453 1363 1487; x_wconf 78' lang='lat' dir='ltr'><strong>ejus.</strong></span> <span class='ocrx_word' id='word_1_387' title='bbox 1381 1458 1435 1480; x_wconf 86' lang='lat' dir='ltr'><strong>etc.</strong></span> <span class='ocrx_word' id='word_1_388' title='bbox 1451 1453 1549 1488; x_wconf 72' lang='lat' dir='ltr'><strong>Angcii</strong></span> <span class='ocrx_word' id='word_1_389' title='bbox 1577 1462 1650 1481; x_wconf 75' lang='lat' dir='ltr'><strong>scm-</strong></span> 
     </span>
    </p>
   </div>
   <div class='ocr_carea' id='block_1_60' title="bbox 865 1497 1648 1534">
    <p class='ocr_par' dir='ltr' id='par_1_60' title="bbox 865 1497 1648 1534">
     <span class='ocr_line' id='line_1_60' title="bbox 865 1497 1648 1534; baseline 0.003 -10"><span class='ocrx_word' id='word_1_390' title='bbox 865 1504 925 1532; x_wconf 91' lang='lat' dir='ltr'><strong>per,</strong></span> <span class='ocrx_word' id='word_1_391' title='bbox 942 1497 1066 1525; x_wconf 83' lang='lat' dir='ltr'><strong>homines</strong></span> <span class='ocrx_word' id='word_1_392' title='bbox 1093 1505 1148 1524; x_wconf 90' lang='lat' dir='ltr'><strong>non</strong></span> <span class='ocrx_word' id='word_1_393' title='bbox 1164 1505 1286 1532; x_wconf 84' lang='lat' dir='ltr'><strong>semper;</strong></span> <span class='ocrx_word' id='word_1_394' title='bbox 1303 1498 1442 1526; x_wconf 78' lang='lat' dir='ltr'><strong>dannones</strong></span> <span class='ocrx_word' id='word_1_395' title='bbox 1457 1506 1508 1526; x_wconf 82' lang='lat' dir='ltr'><strong>nec</strong></span> <span class='ocrx_word' id='word_1_396' title='bbox 1531 1506 1648 1534; x_wconf 78' lang='lat' dir='ltr'><strong>semper,</strong></span> 
     </span>
    </p>
   </div>
   <div class='ocr_carea' id='block_1_61' title="bbox 23 1529 798 1579">
    <p class='ocr_par' dir='ltr' id='par_1_61' title="bbox 23 1529 797 1576">
     <span class='ocr_line' id='line_1_61' title="bbox 23 1529 797 1576; baseline 0.001 -10"><span class='ocrx_word' id='word_1_397' title='bbox 23 1539 116 1566; x_wconf 81' lang='grc' dir='ltr'>λύνειν</span> <span class='ocrx_word' id='word_1_398' title='bbox 131 1539 177 1566; x_wconf 76' lang='grc' dir='ltr'>τὸν</span> <span class='ocrx_word' id='word_1_399' title='bbox 189 1540 308 1576; x_wconf 57' lang='grc' dir='ltr'>Κύριον</span> <span class='ocrx_word' id='word_1_400' title='bbox 328 1529 479 1576; x_wconf 64' lang='grc' dir='ltr'>ἀνθρώπιον</span> <span class='ocrx_word' id='word_1_401' title='bbox 493 1529 527 1567; x_wconf 61' lang='lat' dir='ltr'><strong>se</strong></span> <span class='ocrx_word' id='word_1_402' title='bbox 542 1540 572 1568; x_wconf 84' lang='grc' dir='ltr'>τὺ</span> <span class='ocrx_word' id='word_1_403' title='bbox 586 1541 623 1576; x_wconf 85' lang='grc' dir='ltr'><strong>μὴ</strong></span> <span class='ocrx_word' id='word_1_404' title='bbox 636 1540 680 1567; x_wconf 82' lang='grc' dir='ltr'><strong>διὰ</strong></span> <span class='ocrx_word' id='word_1_405' title='bbox 697 1529 797 1571; x_wconf 74' lang='grc' dir='ltr'>παντός</span> 
     </span>
    </p>
   </div>
   <div class='ocr_carea' id='block_1_62' title="bbox 898 1529 1441 1579">
    <p class='ocr_par' dir='ltr' id='par_1_62' title="bbox 898 1529 1441 1579">
     <span class='ocr_line' id='line_1_62' title="bbox 898 1529 1441 1579; baseline 0.002 -9"><span class='ocrx_word' id='word_1_406' title='bbox 898 1529 920 1571; x_wconf 61' lang='lat' dir='ltr'><strong>re</strong></span> <span class='ocrx_word' id='word_1_407' title='bbox 930 1543 1077 1579; x_wconf 86' lang='lat' dir='ltr'><strong>aliquando</strong></span> <span class='ocrx_word' id='word_1_408' title='bbox 1094 1529 1441 1579; x_wconf 20' lang='lat' dir='ltr'><strong>magniﬁcantrDomiuum.</strong></span> 
     </span>
    </p>
   </div>
   <div class='ocr_carea' id='block_1_63' title="bbox 21 1585 722 1622">
    <p class='ocr_par' dir='ltr' id='par_1_63' title="bbox 21 1585 722 1622">
     <span class='ocr_line' id='line_1_63' title="bbox 21 1585 722 1622; baseline 0 -10"><span class='ocrx_word' id='word_1_409' title='bbox 21 1585 161 1620; x_wconf 80' lang='grc' dir='ltr'>δαιμόνων</span> <span class='ocrx_word' id='word_1_410' title='bbox 174 1585 202 1612; x_wconf 82' lang='grc' dir='ltr'><strong>δὲ</strong></span> <span class='ocrx_word' id='word_1_411' title='bbox 215 1585 246 1613; x_wconf 81' lang='grc' dir='ltr'>τὸ</span> <span class='ocrx_word' id='word_1_412' title='bbox 262 1586 330 1622; x_wconf 82' lang='grc' dir='ltr'>μήτε</span> <span class='ocrx_word' id='word_1_413' title='bbox 346 1586 390 1613; x_wconf 83' lang='grc' dir='ltr'><strong>διὰ</strong></span> <span class='ocrx_word' id='word_1_414' title='bbox 402 1586 512 1619; x_wconf 79' lang='grc' dir='ltr'>παντὸς,</span> <span class='ocrx_word' id='word_1_415' title='bbox 530 1586 599 1622; x_wconf 83' lang='grc' dir='ltr'>μήτε</span> <span class='ocrx_word' id='word_1_416' title='bbox 614 1585 722 1613; x_wconf 68' lang='grc' dir='ltr'>ποσῶν.</span> 
     </span>
    </p>
   </div>
   <div class='ocr_carea' id='block_1_64' title="bbox 306 1673 530 1700">
    <p class='ocr_par' dir='ltr' id='par_1_64' title="bbox 306 1673 530 1700">
     <span class='ocr_line' id='line_1_64' title="bbox 306 1673 530 1700; baseline 0 -1"><span class='ocrx_word' id='word_1_417' title='bbox 306 1673 452 1700; x_wconf 77' lang='grc' dir='ltr'><strong>ΨΑΔΜΟΣ</strong></span> <span class='ocrx_word' id='word_1_418' title='bbox 469 1673 530 1700; x_wconf 85' lang='grc' dir='ltr'><strong>ΛΕ’.</strong></span> 
     </span>
    </p>
   </div>
   <div class='ocr_carea' id='block_1_65' title="bbox 59 1716 814 1753">
    <p class='ocr_par' dir='ltr' id='par_1_65' title="bbox 59 1716 814 1753">
     <span class='ocr_line' id='line_1_65' title="bbox 59 1716 814 1753; baseline -0.001 -8"><span class='ocrx_word' id='word_1_419' title='bbox 59 1719 126 1745; x_wconf 81' lang='grc' dir='ltr'><strong>Οὐκ</strong></span> <span class='ocrx_word' id='word_1_420' title='bbox 143 1717 209 1745; x_wconf 82' lang='grc' dir='ltr'>ἔστι</span> <span class='ocrx_word' id='word_1_421' title='bbox 226 1719 319 1753; x_wconf 72' lang='grc' dir='ltr'>φόϐος</span> <span class='ocrx_word' id='word_1_422' title='bbox 333 1718 407 1745; x_wconf 82' lang='grc' dir='ltr'><strong>Θεοῦ</strong></span> <span class='ocrx_word' id='word_1_423' title='bbox 422 1717 567 1745; x_wconf 78' lang='grc' dir='ltr'>ἀπέναντι</span> <span class='ocrx_word' id='word_1_424' title='bbox 579 1716 639 1744; x_wconf 81' lang='grc' dir='ltr'>τῶν</span> <span class='ocrx_word' id='word_1_425' title='bbox 653 1718 814 1753; x_wconf 73' lang='grc' dir='ltr'><strong>ὀφθαλμῶν</strong></span> 
     </span>
    </p>
   </div>
   <div class='ocr_carea' id='block_1_66' title="bbox 19 1762 812 1799">
    <p class='ocr_par' dir='ltr' id='par_1_66' title="bbox 19 1762 812 1799">
     <span class='ocr_line' id='line_1_66' title="bbox 19 1762 812 1799; baseline 0 -9"><span class='ocrx_word' id='word_1_426' title='bbox 19 1764 129 1795; x_wconf 83' lang='grc' dir='ltr'>αὑτοῦ,</span> <span class='ocrx_word' id='word_1_427' title='bbox 143 1772 170 1790; x_wconf 87' lang='grc' dir='ltr'>κ.</span> <span class='ocrx_word' id='word_1_428' title='bbox 185 1772 211 1791; x_wconf 90' lang='grc' dir='ltr'>τ.</span> <span class='ocrx_word' id='word_1_429' title='bbox 233 1764 257 1790; x_wconf 81' lang='grc' dir='ltr'><strong>ἑ.</strong></span> <span class='ocrx_word' id='word_1_430' title='bbox 269 1762 315 1798; x_wconf 85' lang='grc' dir='ltr'><strong>Τῷ</strong></span> <span class='ocrx_word' id='word_1_431' title='bbox 330 1763 385 1799; x_wconf 85' lang='grc' dir='ltr'><strong>γὰρ</strong></span> <span class='ocrx_word' id='word_1_432' title='bbox 400 1763 476 1798; x_wconf 76' lang='grc' dir='ltr'><strong>φόϐῳ</strong></span> <span class='ocrx_word' id='word_1_433' title='bbox 492 1763 547 1799; x_wconf 89' lang='grc'>(19)</span> <span class='ocrx_word' id='word_1_434' title='bbox 567 1762 670 1798; x_wconf 81' lang='grc' dir='ltr'>Κυρίου</span> <span class='ocrx_word' id='word_1_435' title='bbox 695 1762 812 1790; x_wconf 79' lang='grc' dir='ltr'>ἐκκλίνει</span> 
     </span>
    </p>
   </div>
   <div class='ocr_carea' id='block_1_67' title="bbox 20 1809 264 1842">
    <p class='ocr_par' dir='ltr' id='par_1_67' title="bbox 20 1809 264 1842">
     <span class='ocr_line' id='line_1_67' title="bbox 20 1809 264 1842; baseline 0.004 -6"><span class='ocrx_word' id='word_1_436' title='bbox 20 1811 76 1842; x_wconf 79' lang='grc' dir='ltr'>πᾶς</span> <span class='ocrx_word' id='word_1_437' title='bbox 95 1810 152 1837; x_wconf 79' lang='grc' dir='ltr'>ἀπὸ</span> <span class='ocrx_word' id='word_1_438' title='bbox 168 1809 264 1838; x_wconf 82' lang='grc' dir='ltr'>κακοῦ.</span> 
     </span>
    </p>
   </div>
   <div class='ocr_carea' id='block_1_68' title="bbox 57 1854 810 1890">
    <p class='ocr_par' dir='ltr' id='par_1_68' title="bbox 57 1854 810 1890">
     <span class='ocr_line' id='line_1_68' title="bbox 57 1854 810 1890; baseline 0 -8"><span class='ocrx_word' id='word_1_439' title='bbox 57 1857 128 1883; x_wconf 83' lang='grc' dir='ltr'><strong>ὀτι</strong></span> <span class='ocrx_word' id='word_1_440' title='bbox 143 1855 295 1884; x_wconf 76' lang='grc' dir='ltr'><strong>ὲδόλωσεν</strong></span> <span class='ocrx_word' id='word_1_441' title='bbox 309 1856 438 1883; x_wconf 76' lang='grc' dir='ltr'>ὲνιῖιπιον</span> <span class='ocrx_word' id='word_1_442' title='bbox 452 1855 556 1888; x_wconf 83' lang='grc' dir='ltr'>αὐτοῦ,</span> <span class='ocrx_word' id='word_1_443' title='bbox 576 1855 628 1882; x_wconf 84' lang='grc' dir='ltr'>τοῦ</span> <span class='ocrx_word' id='word_1_444' title='bbox 642 1854 739 1889; x_wconf 78' lang='grc' dir='ltr'><strong>εὑρεῖν</strong></span> <span class='ocrx_word' id='word_1_445' title='bbox 755 1855 810 1890; x_wconf 81' lang='grc' dir='ltr'>τὴν</span> 
     </span>
    </p>
   </div>
   <div class='ocr_carea' id='block_1_69' title="bbox 17 1900 812 1937">
    <p class='ocr_par' dir='ltr' id='par_1_69' title="bbox 17 1900 812 1937">
     <span class='ocr_line' id='line_1_69' title="bbox 17 1900 812 1937; baseline -0.003 -9"><span class='ocrx_word' id='word_1_446' title='bbox 17 1902 154 1937; x_wconf 76' lang='grc' dir='ltr'>ἀνομίαν</span> <span class='ocrx_word' id='word_1_447' title='bbox 178 1901 271 1929; x_wconf 82' lang='grc' dir='ltr'>αὐτοῦ</span> <span class='ocrx_word' id='word_1_448' title='bbox 294 1901 344 1928; x_wconf 77' lang='grc' dir='ltr'>καὶ</span> <span class='ocrx_word' id='word_1_449' title='bbox 361 1901 502 1936; x_wconf 83' lang='grc' dir='ltr'>μισῆσαι,</span> <span class='ocrx_word' id='word_1_450' title='bbox 523 1908 550 1926; x_wconf 88' lang='grc' dir='ltr'>κ.</span> <span class='ocrx_word' id='word_1_451' title='bbox 578 1908 603 1927; x_wconf 88' lang='grc' dir='ltr'>τ.</span> <span class='ocrx_word' id='word_1_452' title='bbox 629 1901 652 1927; x_wconf 79' lang='grc' dir='ltr'><strong>ὲ.</strong></span> <span class='ocrx_word' id='word_1_453' title='bbox 673 1900 710 1926; x_wconf 85' lang='grc' dir='ltr'>Τὸ</span> <span class='ocrx_word' id='word_1_454' title='bbox 733 1909 743 1926; x_wconf 77' lang='grc' dir='ltr'><strong>ι</strong></span> <span class='ocrx_word' id='word_1_455' title='bbox 767 1901 812 1926; x_wconf 80' lang='grc' dir='ltr'><strong>εὑ-</strong></span> 
     </span>
    </p>
   </div>
   <div class='ocr_carea' id='block_1_70' title="bbox 18 1945 812 1982">
    <p class='ocr_par' dir='ltr' id='par_1_70' title="bbox 18 1945 812 1982">
     <span class='ocr_line' id='line_1_70' title="bbox 18 1945 812 1982; baseline -0.003 -8"><span class='ocrx_word' id='word_1_456' title='bbox 18 1949 79 1982; x_wconf 81' lang='grc' dir='ltr'>ρεῖν</span> <span class='ocrx_word' id='word_1_457' title='bbox 95 1947 154 1982; x_wconf 71' lang='lat'><strong>(20)</strong></span> <span class='ocrx_word' id='word_1_458' title='bbox 172 1956 182 1973; x_wconf 86' lang='grc' dir='ltr'><strong>ι</strong></span> <span class='ocrx_word' id='word_1_459' title='bbox 196 1946 257 1974; x_wconf 79' lang='grc' dir='ltr'>ἀντὶ</span> <span class='ocrx_word' id='word_1_460' title='bbox 272 1946 318 1974; x_wconf 83' lang='grc' dir='ltr'>τοῦ</span> <span class='ocrx_word' id='word_1_461' title='bbox 340 1956 349 1972; x_wconf 82' lang='grc' dir='ltr'><strong>ι</strong></span> <span class='ocrx_word' id='word_1_462' title='bbox 369 1947 516 1981; x_wconf 76' lang='grc' dir='ltr'>ἐπιγνῶναι</span> <span class='ocrx_word' id='word_1_463' title='bbox 532 1955 541 1972; x_wconf 87' lang='grc' dir='ltr'><strong>ι</strong></span> <span class='ocrx_word' id='word_1_464' title='bbox 559 1947 656 1972; x_wconf 81' lang='grc' dir='ltr'>κεῖται.</span> <span class='ocrx_word' id='word_1_465' title='bbox 672 1945 745 1982; x_wconf 81' lang='grc' dir='ltr'>Πλὴν</span> <span class='ocrx_word' id='word_1_466' title='bbox 764 1946 812 1981; x_wconf 82' lang='grc' dir='ltr'><strong>ζη-</strong></span> 
     </span>
    </p>
   </div>
   <div class='ocr_carea' id='block_1_71' title="bbox 15 1991 812 2028">
    <p class='ocr_par' dir='ltr' id='par_1_71' title="bbox 15 1991 812 2028">
     <span class='ocr_line' id='line_1_71' title="bbox 15 1991 812 2028; baseline -0.001 -9"><span class='ocrx_word' id='word_1_467' title='bbox 15 1992 122 2027; x_wconf 85' lang='grc' dir='ltr'>τητέον</span> <span class='ocrx_word' id='word_1_468' title='bbox 137 1993 160 2019; x_wconf 74' lang='grc' dir='ltr'>εί</span> <span class='ocrx_word' id='word_1_469' title='bbox 177 1993 192 2019; x_wconf 84' lang='grc' dir='ltr'><strong>ό</strong></span> <span class='ocrx_word' id='word_1_470' title='bbox 203 1992 330 2027; x_wconf 81' lang='grc' dir='ltr'>ἐγνωκὼς</span> <span class='ocrx_word' id='word_1_471' title='bbox 343 1991 392 2028; x_wconf 86' lang='grc' dir='ltr'><strong>τὴν</strong></span> <span class='ocrx_word' id='word_1_472' title='bbox 403 1992 519 2027; x_wconf 81' lang='grc' dir='ltr'>ἀνομίαν</span> <span class='ocrx_word' id='word_1_473' title='bbox 528 1991 566 2024; x_wconf 86' lang='grc' dir='ltr'>ὡς</span> <span class='ocrx_word' id='word_1_474' title='bbox 577 1991 691 2027; x_wconf 84' lang='grc' dir='ltr'>ἀνομίαν</span> <span class='ocrx_word' id='word_1_475' title='bbox 705 1991 812 2023; x_wconf 81' lang='grc' dir='ltr'>πάντως</span> 
     </span>
    </p>
   </div>
   <div class='ocr_carea' id='block_1_72' title="bbox 14 2039 171 2074">
    <p class='ocr_par' dir='ltr' id='par_1_72' title="bbox 14 2039 171 2074">
     <span class='ocr_line' id='line_1_72' title="bbox 14 2039 171 2074; baseline -0.006 -9"><span class='ocrx_word' id='word_1_476' title='bbox 14 2039 65 2065; x_wconf 79' lang='grc' dir='ltr'><strong>καὶ</strong></span> <span class='ocrx_word' id='word_1_477' title='bbox 84 2039 171 2074; x_wconf 87' lang='grc' dir='ltr'>μισεῖ.</span> 
     </span>
    </p>
   </div>
   <div class='ocr_carea' id='block_1_73' title="bbox 55 2081 811 2118">
    <p class='ocr_par' dir='ltr' id='par_1_73' title="bbox 55 2081 811 2118">
     <span class='ocr_line' id='line_1_73' title="bbox 55 2081 811 2118; baseline -0.004 -7"><span class='ocrx_word' id='word_1_478' title='bbox 55 2084 99 2111; x_wconf 82' lang='grc' dir='ltr'><strong><em>Τὰ</em></strong></span> <span class='ocrx_word' id='word_1_479' title='bbox 110 2083 230 2118; x_wconf 71' lang='grc' dir='ltr'>ῥήματα</span> <span class='ocrx_word' id='word_1_480' title='bbox 246 2082 300 2110; x_wconf 81' lang='grc' dir='ltr'>τοῦ</span> <span class='ocrx_word' id='word_1_481' title='bbox 311 2083 460 2117; x_wconf 81' lang='grc' dir='ltr'>στόματος</span> <span class='ocrx_word' id='word_1_482' title='bbox 477 2081 570 2109; x_wconf 80' lang='grc' dir='ltr'>αὐτοῦ</span> <span class='ocrx_word' id='word_1_483' title='bbox 583 2081 690 2116; x_wconf 78' lang='grc' dir='ltr'>ἀνομία</span> <span class='ocrx_word' id='word_1_484' title='bbox 700 2081 749 2108; x_wconf 78' lang='grc' dir='ltr'>καὶ</span> <span class='ocrx_word' id='word_1_485' title='bbox 760 2081 811 2108; x_wconf 74' lang='grc' dir='ltr'><strong>δό-</strong></span> 
     </span>
    </p>
   </div>
   <div class='ocr_carea' id='block_1_74' title="bbox 12 2124 809 2165">
    <p class='ocr_par' dir='ltr' id='par_1_74' title="bbox 12 2124 809 2165">
     <span class='ocr_line' id='line_1_74' title="bbox 12 2124 809 2165; baseline -0.004 -8"><span class='ocrx_word' id='word_1_486' title='bbox 12 2132 83 2164; x_wconf 79' lang='grc' dir='ltr'>λος,</span> <span class='ocrx_word' id='word_1_487' title='bbox 101 2138 130 2156; x_wconf 83' lang='grc' dir='ltr'><strong>κ.</strong></span> <span class='ocrx_word' id='word_1_488' title='bbox 145 2138 171 2156; x_wconf 88' lang='grc' dir='ltr'>τ.</span> <span class='ocrx_word' id='word_1_489' title='bbox 192 2130 217 2156; x_wconf 84' lang='grc' dir='ltr'><strong>ὲ.</strong></span> <span class='ocrx_word' id='word_1_490' title='bbox 238 2124 435 2165; x_wconf 74' lang='grc' dir='ltr'>Ἕτερόςφησι</span> <span class='ocrx_word' id='word_1_491' title='bbox 457 2127 523 2164; x_wconf 73' lang='grc'>(21)·</span> <span class='ocrx_word' id='word_1_492' title='bbox 542 2137 551 2154; x_wconf 78' lang='grc' dir='ltr'><strong>ι</strong></span> <span class='ocrx_word' id='word_1_493' title='bbox 577 2127 618 2155; x_wconf 87' lang='grc' dir='ltr'>Τὰ</span> <span class='ocrx_word' id='word_1_494' title='bbox 637 2128 747 2164; x_wconf 79' lang='grc' dir='ltr'>ῥήματα</span> <span class='ocrx_word' id='word_1_495' title='bbox 761 2127 809 2154; x_wconf 85' lang='grc' dir='ltr'>τοῦ</span> 
     </span>
    </p>
   </div>
   <div class='ocr_carea' id='block_1_75' title="bbox 1058 1673 1453 1710">
    <p class='ocr_par' dir='ltr' id='par_1_75' title="bbox 1058 1673 1453 1710">
     <span class='ocr_line' id='line_1_75' title="bbox 1058 1673 1453 1710; baseline 0.005 -9"><span class='ocrx_word' id='word_1_496' title='bbox 1058 1674 1140 1710; x_wconf 71' lang='lat'><strong>352</strong></span> <span class='ocrx_word' id='word_1_497' title='bbox 1166 1673 1327 1703; x_wconf 69' lang='lat' dir='ltr'><strong>pstnus</strong></span> <span class='ocrx_word' id='word_1_498' title='bbox 1345 1675 1453 1704; x_wconf 84' lang='lat' dir='ltr'><strong>xxxv.</strong></span> 
     </span>
    </p>
   </div>
   <div class='ocr_carea' id='block_1_76' title="bbox 899 1720 1645 1759">
    <p class='ocr_par' dir='ltr' id='par_1_76' title="bbox 899 1720 1645 1759">
     <span class='ocr_line' id='line_1_76' title="bbox 899 1720 1645 1759; baseline 0.003 -11"><span class='ocrx_word' id='word_1_499' title='bbox 899 1720 982 1748; x_wconf 72' lang='lat' dir='ltr'><strong>VERS.</strong></span> <span class='ocrx_word' id='word_1_500' title='bbox 1006 1721 1034 1748; x_wconf 72' lang='grc'><strong>2.</strong></span> <span class='ocrx_word' id='word_1_501' title='bbox 1060 1720 1122 1748; x_wconf 85' lang='lat' dir='ltr'><strong>Non</strong></span> <span class='ocrx_word' id='word_1_502' title='bbox 1147 1726 1184 1748; x_wconf 77' lang='lat' dir='ltr'><strong>est</strong></span> <span class='ocrx_word' id='word_1_503' title='bbox 1212 1721 1291 1748; x_wconf 83' lang='lat' dir='ltr'><strong>timor</strong></span> <span class='ocrx_word' id='word_1_504' title='bbox 1313 1721 1361 1748; x_wconf 85' lang='lat' dir='ltr'><strong>Dei</strong></span> <span class='ocrx_word' id='word_1_505' title='bbox 1384 1728 1446 1749; x_wconf 77' lang='lat' dir='ltr'><strong>ante</strong></span> <span class='ocrx_word' id='word_1_506' title='bbox 1468 1723 1556 1750; x_wconf 76' lang='lat' dir='ltr'><strong>oculos</strong></span> <span class='ocrx_word' id='word_1_507' title='bbox 1579 1723 1645 1759; x_wconf 68' lang='lat' dir='ltr'><strong>ejus,</strong></span> 
     </span>
    </p>
   </div>
   <div class='ocr_carea' id='block_1_77' title="bbox 862 1766 1646 1802">
    <p class='ocr_par' dir='ltr' id='par_1_77' title="bbox 862 1766 1646 1802">
     <span class='ocr_line' id='line_1_77' title="bbox 862 1766 1646 1802; baseline 0.005 -9"><span class='ocrx_word' id='word_1_508' title='bbox 862 1772 916 1794; x_wconf 89' lang='lat' dir='ltr'><strong>etc.</strong></span> <span class='ocrx_word' id='word_1_509' title='bbox 952 1766 1062 1794; x_wconf 83' lang='lat' dir='ltr'><strong>Timore</strong></span> <span class='ocrx_word' id='word_1_510' title='bbox 1093 1767 1167 1794; x_wconf 88' lang='lat' dir='ltr'><strong>enim</strong></span> <span class='ocrx_word' id='word_1_511' title='bbox 1199 1767 1307 1794; x_wconf 85' lang='lat' dir='ltr'><strong>Domini</strong></span> <span class='ocrx_word' id='word_1_512' title='bbox 1336 1767 1453 1802; x_wconf 85' lang='lat' dir='ltr'><strong>quilibet</strong></span> <span class='ocrx_word' id='word_1_513' title='bbox 1481 1768 1601 1797; x_wconf 84' lang='lat' dir='ltr'><strong>declinat</strong></span> <span class='ocrx_word' id='word_1_514' title='bbox 1631 1778 1646 1797; x_wconf 76' lang='grc' dir='ltr'><strong>ιι</strong></span> 
     </span>
    </p>
   </div>
   <div class='ocr_carea' id='block_1_78' title="bbox 862 1812 944 1840">
    <p class='ocr_par' dir='ltr' id='par_1_78' title="bbox 862 1812 944 1840">
     <span class='ocr_line' id='line_1_78' title="bbox 862 1812 944 1840; baseline -0.024 0"><span class='ocrx_word' id='word_1_515' title='bbox 862 1812 944 1840; x_wconf 87' lang='lat' dir='ltr'><strong>malo.</strong></span> 
     </span>
    </p>
   </div>
   <div class='ocr_carea' id='block_1_79' title="bbox 899 1855 1646 1893">
    <p class='ocr_par' dir='ltr' id='par_1_79' title="bbox 899 1855 1646 1893">
     <span class='ocr_line' id='line_1_79' title="bbox 899 1855 1646 1893; baseline 0.005 -11"><span class='ocrx_word' id='word_1_516' title='bbox 899 1855 979 1883; x_wconf 72' lang='lat' dir='ltr'><strong>Vens.</strong></span> <span class='ocrx_word' id='word_1_517' title='bbox 993 1856 1021 1884; x_wconf 82' lang='grc'><strong>5.</strong></span> <span class='ocrx_word' id='word_1_518' title='bbox 1038 1855 1171 1889; x_wconf 80' lang='lat' dir='ltr'><strong>Quoniam</strong></span> <span class='ocrx_word' id='word_1_519' title='bbox 1185 1856 1276 1883; x_wconf 79' lang='lat' dir='ltr'><strong>dolose</strong></span> <span class='ocrx_word' id='word_1_520' title='bbox 1297 1857 1348 1890; x_wconf 77' lang='lat' dir='ltr'><strong>egit</strong></span> <span class='ocrx_word' id='word_1_521' title='bbox 1370 1858 1396 1884; x_wconf 84' lang='lat' dir='ltr'><strong>in</strong></span> <span class='ocrx_word' id='word_1_522' title='bbox 1420 1863 1557 1891; x_wconf 79' lang='lat' dir='ltr'><strong>conspectu</strong></span> <span class='ocrx_word' id='word_1_523' title='bbox 1577 1859 1646 1893; x_wconf 78' lang='lat' dir='ltr'><strong>ejus.</strong></span> 
     </span>
    </p>
   </div>
   <div class='ocr_carea' id='block_1_80' title="bbox 861 1903 1642 1938">
    <p class='ocr_par' dir='ltr' id='par_1_80' title="bbox 861 1903 1642 1938">
     <span class='ocr_line' id='line_1_80' title="bbox 861 1903 1642 1938; baseline 0.003 -8"><span class='ocrx_word' id='word_1_524' title='bbox 861 1908 888 1930; x_wconf 83' lang='lat' dir='ltr'><strong>ut</strong></span> <span class='ocrx_word' id='word_1_525' title='bbox 905 1903 1052 1937; x_wconf 76' lang='lat' dir='ltr'><strong>inveniatur</strong></span> <span class='ocrx_word' id='word_1_526' title='bbox 1073 1903 1199 1938; x_wconf 85' lang='lat' dir='ltr'><strong>iniquitas</strong></span> <span class='ocrx_word' id='word_1_527' title='bbox 1213 1903 1270 1937; x_wconf 84' lang='lat' dir='ltr'><strong>ejus</strong></span> <span class='ocrx_word' id='word_1_528' title='bbox 1286 1903 1321 1930; x_wconf 82' lang='lat' dir='ltr'><strong>ad</strong></span> <span class='ocrx_word' id='word_1_529' title='bbox 1338 1903 1436 1933; x_wconf 79' lang='lat' dir='ltr'><strong>adium.</strong></span> <span class='ocrx_word' id='word_1_530' title='bbox 1460 1909 1512 1932; x_wconf 87' lang='lat' dir='ltr'><strong>etc.</strong></span> <span class='ocrx_word' id='word_1_531' title='bbox 1530 1913 1539 1930; x_wconf 85' lang='grc' dir='ltr'><strong>ι</strong></span> <span class='ocrx_word' id='word_1_532' title='bbox 1560 1904 1642 1932; x_wconf 71' lang='lat' dir='ltr'><strong>Inve—</strong></span> 
     </span>
    </p>
   </div>
   <div class='ocr_carea' id='block_1_81' title="bbox 861 1947 1643 1983">
    <p class='ocr_par' dir='ltr' id='par_1_81' title="bbox 861 1947 1643 1983">
     <span class='ocr_line' id='line_1_81' title="bbox 861 1947 1643 1983; baseline 0 -8"><span class='ocrx_word' id='word_1_533' title='bbox 861 1947 919 1975; x_wconf 88' lang='lat' dir='ltr'><strong>nire</strong></span> <span class='ocrx_word' id='word_1_534' title='bbox 936 1957 946 1973; x_wconf 85' lang='grc' dir='ltr'><strong>ι</strong></span> <span class='ocrx_word' id='word_1_535' title='bbox 963 1947 1071 1982; x_wconf 89' lang='lat' dir='ltr'><strong>ponitur</strong></span> <span class='ocrx_word' id='word_1_536' title='bbox 1091 1955 1141 1982; x_wconf 87' lang='lat' dir='ltr'><strong>pro</strong></span> <span class='ocrx_word' id='word_1_537' title='bbox 1161 1957 1170 1973; x_wconf 79' lang='grc' dir='ltr'><strong>ι</strong></span> <span class='ocrx_word' id='word_1_538' title='bbox 1191 1948 1360 1982; x_wconf 83' lang='lat' dir='ltr'><strong>dignoscere.</strong></span> <span class='ocrx_word' id='word_1_539' title='bbox 1387 1957 1396 1974; x_wconf 80' lang='grc' dir='ltr'><strong>ι</strong></span> <span class='ocrx_word' id='word_1_540' title='bbox 1413 1948 1549 1975; x_wconf 64' lang='grc' dir='ltr'>(ὶςιιιυιιιιιιι</span> <span class='ocrx_word' id='word_1_541' title='bbox 1566 1956 1643 1983; x_wconf 80' lang='lat' dir='ltr'><strong>qmc-</strong></span> 
     </span>
    </p>
   </div>
   <div class='ocr_carea' id='block_1_82' title="bbox 861 1993 1644 2028">
    <p class='ocr_par' dir='ltr' id='par_1_82' title="bbox 861 1993 1644 2028">
     <span class='ocr_line' id='line_1_82' title="bbox 861 1993 1644 2028; baseline 0.001 -8"><span class='ocrx_word' id='word_1_542' title='bbox 861 1993 975 2021; x_wconf 86' lang='lat' dir='ltr'><strong>rendum</strong></span> <span class='ocrx_word' id='word_1_543' title='bbox 992 1998 1033 2020; x_wconf 87' lang='lat' dir='ltr'><strong>est</strong></span> <span class='ocrx_word' id='word_1_544' title='bbox 1048 2000 1082 2020; x_wconf 88' lang='lat' dir='ltr'><strong>an</strong></span> <span class='ocrx_word' id='word_1_545' title='bbox 1097 1993 1143 2028; x_wconf 87' lang='lat' dir='ltr'><strong>qui</strong></span> <span class='ocrx_word' id='word_1_546' title='bbox 1168 1993 1243 2020; x_wconf 86' lang='lat' dir='ltr'><strong>novit</strong></span> <span class='ocrx_word' id='word_1_547' title='bbox 1262 1993 1445 2028; x_wconf 84' lang='lat' dir='ltr'><strong>iniquitatem,</strong></span> <span class='ocrx_word' id='word_1_548' title='bbox 1474 1993 1548 2020; x_wconf 81' lang='lat' dir='ltr'><strong>illam</strong></span> <span class='ocrx_word' id='word_1_549' title='bbox 1562 1994 1644 2021; x_wconf 88' lang='lat' dir='ltr'><strong>etiam</strong></span> 
     </span>
    </p>
   </div>
   <div class='ocr_carea' id='block_1_83' title="bbox 861 2039 1317 2073">
    <p class='ocr_par' dir='ltr' id='par_1_83' title="bbox 861 2039 1317 2073">
     <span class='ocr_line' id='line_1_83' title="bbox 861 2039 1317 2073; baseline -0.004 -6"><span class='ocrx_word' id='word_1_550' title='bbox 861 2044 891 2067; x_wconf 88' lang='lat' dir='ltr'><strong>ut</strong></span> <span class='ocrx_word' id='word_1_551' title='bbox 905 2039 1076 2073; x_wconf 87' lang='lat' dir='ltr'><strong>iniquitatem</strong></span> <span class='ocrx_word' id='word_1_552' title='bbox 1090 2039 1203 2066; x_wconf 89' lang='lat' dir='ltr'><strong>omnino</strong></span> <span class='ocrx_word' id='word_1_553' title='bbox 1217 2039 1317 2065; x_wconf 85' lang='lat' dir='ltr'><strong>oderit.</strong></span> 
     </span>
    </p>
   </div>
   <div class='ocr_carea' id='block_1_84' title="bbox 898 2084 1643 2120">
    <p class='ocr_par' dir='ltr' id='par_1_84' title="bbox 898 2084 1643 2120">
     <span class='ocr_line' id='line_1_84' title="bbox 898 2084 1643 2120; baseline 0.004 -11"><span class='ocrx_word' id='word_1_554' title='bbox 898 2084 978 2112; x_wconf 75' lang='lat' dir='ltr'><strong>\‘Ens.</strong></span> <span class='ocrx_word' id='word_1_555' title='bbox 1000 2085 1027 2112; x_wconf 76' lang='grc'><strong>4.</strong></span> <span class='ocrx_word' id='word_1_556' title='bbox 1049 2084 1135 2112; x_wconf 81' lang='lat' dir='ltr'><strong>Verba</strong></span> <span class='ocrx_word' id='word_1_557' title='bbox 1156 2085 1210 2111; x_wconf 84' lang='lat' dir='ltr'><strong>aris</strong></span> <span class='ocrx_word' id='word_1_558' title='bbox 1224 2084 1281 2119; x_wconf 72' lang='lat' dir='ltr'><strong>ejus</strong></span> <span class='ocrx_word' id='word_1_559' title='bbox 1295 2085 1419 2120; x_wconf 73' lang='lat' dir='ltr'><strong>iniquitas</strong></span> <span class='ocrx_word' id='word_1_560' title='bbox 1433 2090 1456 2111; x_wconf 82' lang='lat' dir='ltr'><strong>ct</strong></span> <span class='ocrx_word' id='word_1_561' title='bbox 1481 2085 1567 2118; x_wconf 86' lang='lat' dir='ltr'><strong>dolus,</strong></span> <span class='ocrx_word' id='word_1_562' title='bbox 1590 2090 1643 2113; x_wconf 87' lang='lat' dir='ltr'><strong>etc.</strong></span> 
     </span>
    </p>
   </div>
   <div class='ocr_carea' id='block_1_85' title="bbox 861 2130 1645 2165">
    <p class='ocr_par' dir='ltr' id='par_1_85' title="bbox 861 2130 1645 2165">
     <span class='ocr_line' id='line_1_85' title="bbox 861 2130 1645 2165; baseline 0 -8"><span class='ocrx_word' id='word_1_563' title='bbox 861 2130 938 2158; x_wconf 87' lang='lat' dir='ltr'><strong>Alius</strong></span> <span class='ocrx_word' id='word_1_564' title='bbox 955 2131 994 2158; x_wconf 84' lang='lat' dir='ltr'><strong>ait</strong></span> <span class='ocrx_word' id='word_1_565' title='bbox 1013 2138 1020 2158; x_wconf 88' lang='lat'><strong>:</strong></span> <span class='ocrx_word' id='word_1_566' title='bbox 1043 2140 1052 2157; x_wconf 80' lang='grc' dir='ltr'><strong>ι</strong></span> <span class='ocrx_word' id='word_1_567' title='bbox 1073 2131 1159 2157; x_wconf 79' lang='lat' dir='ltr'><strong>Verba</strong></span> <span class='ocrx_word' id='word_1_568' title='bbox 1185 2131 1242 2157; x_wconf 88' lang='lat' dir='ltr'><strong>oris</strong></span> <span class='ocrx_word' id='word_1_569' title='bbox 1271 2130 1330 2165; x_wconf 69' lang='lat' dir='ltr'><strong>ejus</strong></span> <span class='ocrx_word' id='word_1_570' title='bbox 1355 2130 1485 2164; x_wconf 87' lang='lat' dir='ltr'><strong>iniquitas</strong></span> <span class='ocrx_word' id='word_1_571' title='bbox 1507 2135 1535 2157; x_wconf 90' lang='lat' dir='ltr'><strong>et</strong></span> <span class='ocrx_word' id='word_1_572' title='bbox 1560 2131 1645 2158; x_wconf 82' lang='lat' dir='ltr'><strong>mulc-</strong></span> 
     </span>
    </p>
   </div>
   <div class='ocr_carea' id='block_1_86' title="bbox 12 2173 798 2211">
    <p class='ocr_par' dir='ltr' id='par_1_86' title="bbox 12 2173 798 2211">
     <span class='ocr_line' id='line_1_86' title="bbox 12 2173 798 2211; baseline -0.001 -9"><span class='ocrx_word' id='word_1_573' title='bbox 12 2176 156 2211; x_wconf 76' lang='grc' dir='ltr'>στόματος</span> <span class='ocrx_word' id='word_1_574' title='bbox 173 2174 256 2202; x_wconf 82' lang='grc' dir='ltr'>αὐτοῦ</span> <span class='ocrx_word' id='word_1_575' title='bbox 272 2174 370 2210; x_wconf 80' lang='grc' dir='ltr'>ἀνομία</span> <span class='ocrx_word' id='word_1_576' title='bbox 386 2174 433 2201; x_wconf 77' lang='grc' dir='ltr'>καὶ</span> <span class='ocrx_word' id='word_1_577' title='bbox 446 2173 538 2206; x_wconf 82' lang='grc' dir='ltr'>κόπος,</span> <span class='ocrx_word' id='word_1_578' title='bbox 561 2183 570 2200; x_wconf 82' lang='grc' dir='ltr'><strong>ι</strong></span> <span class='ocrx_word' id='word_1_579' title='bbox 588 2174 725 2201; x_wconf 82' lang='grc' dir='ltr'>τουτέστιν</span> <span class='ocrx_word' id='word_1_580' title='bbox 739 2174 798 2201; x_wconf 83' lang='grc' dir='ltr'>ὲπα-</span> 
     </span>
    </p>
   </div>
   <div class='ocr_carea' id='block_1_87' title="bbox 898 2173 1644 2211">
    <p class='ocr_par' dir='ltr' id='par_1_87' title="bbox 898 2175 1644 2210">
     <span class='ocr_line' id='line_1_87' title="bbox 898 2175 1644 2210; baseline 0.003 -9"><span class='ocrx_word' id='word_1_581' title='bbox 898 2184 924 2207; x_wconf 87' lang='lat' dir='ltr'><strong>a,</strong></span> <span class='ocrx_word' id='word_1_582' title='bbox 945 2185 955 2201; x_wconf 79' lang='grc' dir='ltr'><strong>ι</strong></span> <span class='ocrx_word' id='word_1_583' title='bbox 974 2175 999 2203; x_wconf 95' lang='lat' dir='ltr'><strong>id</strong></span> <span class='ocrx_word' id='word_1_584' title='bbox 1013 2180 1056 2203; x_wconf 89' lang='lat' dir='ltr'><strong>est</strong></span> <span class='ocrx_word' id='word_1_585' title='bbox 1070 2175 1175 2210; x_wconf 76' lang='lat' dir='ltr'><strong>gravia,</strong></span> <span class='ocrx_word' id='word_1_586' title='bbox 1191 2176 1225 2202; x_wconf 90' lang='lat' dir='ltr'><strong>ita</strong></span> <span class='ocrx_word' id='word_1_587' title='bbox 1244 2180 1271 2202; x_wconf 88' lang='lat' dir='ltr'><strong>ut</strong></span> <span class='ocrx_word' id='word_1_588' title='bbox 1290 2175 1441 2203; x_wconf 79' lang='lat' dir='ltr'><strong>molestiam</strong></span> <span class='ocrx_word' id='word_1_589' title='bbox 1460 2176 1594 2203; x_wconf 68' lang='lat' dir='ltr'><strong>lacessant</strong></span> <span class='ocrx_word' id='word_1_590' title='bbox 1612 2176 1644 2203; x_wconf 79' lang='lat' dir='ltr'><strong>iis</strong></span> 
     </span>
    </p>
   </div>
   <div class='ocr_carea' id='block_1_88' title="bbox 12 2219 807 2257">
    <p class='ocr_par' dir='ltr' id='par_1_88' title="bbox 12 2219 807 2257">
     <span class='ocr_line' id='line_1_88' title="bbox 12 2219 807 2257; baseline 0 -9"><span class='ocrx_word' id='word_1_591' title='bbox 12 2222 82 2257; x_wconf 81' lang='grc' dir='ltr'>χθῆ,</span> <span class='ocrx_word' id='word_1_592' title='bbox 107 2222 146 2252; x_wconf 89' lang='grc' dir='ltr'>ὼς</span> <span class='ocrx_word' id='word_1_593' title='bbox 164 2221 248 2248; x_wconf 81' lang='grc' dir='ltr'>κόπον</span> <span class='ocrx_word' id='word_1_594' title='bbox 274 2221 396 2256; x_wconf 75' lang='grc' dir='ltr'>ἐμποιεῖν</span> <span class='ocrx_word' id='word_1_595' title='bbox 419 2221 475 2252; x_wconf 79' lang='grc' dir='ltr'>τοῖς</span> <span class='ocrx_word' id='word_1_596' title='bbox 499 2219 686 2256; x_wconf 80' lang='grc' dir='ltr'>προσέχουσιν.</span> <span class='ocrx_word' id='word_1_597' title='bbox 714 2229 723 2245; x_wconf 80' lang='grc' dir='ltr'><strong>ι</strong></span> <span class='ocrx_word' id='word_1_598' title='bbox 749 2221 807 2248; x_wconf 84' lang='grc' dir='ltr'><strong>οὐκ</strong></span> 
     </span>
    </p>
   </div>
   <div class='ocr_carea' id='block_1_89' title="bbox 12 2265 806 2302">
    <p class='ocr_par' dir='ltr' id='par_1_89' title="bbox 12 2265 806 2302">
     <span class='ocr_line' id='line_1_89' title="bbox 12 2265 806 2302; baseline -0.003 -9"><span class='ocrx_word' id='word_1_599' title='bbox 12 2266 159 2302; x_wconf 69' lang='grc' dir='ltr'>ἠϐουλήθη</span> <span class='ocrx_word' id='word_1_600' title='bbox 178 2266 304 2293; x_wconf 76' lang='grc' dir='ltr'>συνιέναι.</span> <span class='ocrx_word' id='word_1_601' title='bbox 329 2275 339 2292; x_wconf 82' lang='grc' dir='ltr'><strong>ι</strong></span> <span class='ocrx_word' id='word_1_602' title='bbox 355 2265 439 2300; x_wconf 86' lang='grc' dir='ltr'>Δῆλον</span> <span class='ocrx_word' id='word_1_603' title='bbox 451 2266 483 2292; x_wconf 78' lang='grc' dir='ltr'>ὲκ</span> <span class='ocrx_word' id='word_1_604' title='bbox 495 2265 549 2292; x_wconf 83' lang='grc' dir='ltr'>τῶν</span> <span class='ocrx_word' id='word_1_605' title='bbox 565 2265 727 2301; x_wconf 72' lang='grc' dir='ltr'>εἰρημένων,</span> <span class='ocrx_word' id='word_1_606' title='bbox 744 2265 781 2297; x_wconf 79' lang='grc' dir='ltr'>ὡς</span> <span class='ocrx_word' id='word_1_607' title='bbox 792 2267 806 2292; x_wconf 84' lang='grc' dir='ltr'><strong>ό</strong></span> 
     </span>
    </p>
   </div>
   <div class='ocr_carea' id='block_1_90' title="bbox 12 2311 807 2349">
    <p class='ocr_par' dir='ltr' id='par_1_90' title="bbox 12 2311 807 2349">
     <span class='ocr_line' id='line_1_90' title="bbox 12 2311 807 2349; baseline -0.003 -10"><span class='ocrx_word' id='word_1_608' title='bbox 12 2312 179 2349; x_wconf 75' lang='grc' dir='ltr'>παράνομος</span> <span class='ocrx_word' id='word_1_609' title='bbox 192 2312 241 2338; x_wconf 81' lang='grc' dir='ltr'><strong>οὐκ</strong></span> <span class='ocrx_word' id='word_1_610' title='bbox 257 2313 288 2338; x_wconf 76' lang='grc' dir='ltr'>ὲκ</span> <span class='ocrx_word' id='word_1_611' title='bbox 304 2311 476 2346; x_wconf 80' lang='grc' dir='ltr'>κατασκευῆς</span> <span class='ocrx_word' id='word_1_612' title='bbox 489 2312 545 2338; x_wconf 84' lang='grc' dir='ltr'>ὲστι</span> <span class='ocrx_word' id='word_1_613' title='bbox 561 2311 691 2343; x_wconf 81' lang='grc' dir='ltr'>τοιοῦτος·</span> <span class='ocrx_word' id='word_1_614' title='bbox 708 2311 738 2337; x_wconf 83' lang='grc' dir='ltr'><strong>τὸ</strong></span> <span class='ocrx_word' id='word_1_615' title='bbox 752 2311 807 2347; x_wconf 88' lang='grc' dir='ltr'><strong>γὰρ</strong></span> 
     </span>
    </p>
   </div>
   <div class='ocr_carea' id='block_1_91' title="bbox 12 2357 805 2394">
    <p class='ocr_par' dir='ltr' id='par_1_91' title="bbox 12 2357 805 2394">
     <span class='ocr_line' id='line_1_91' title="bbox 12 2357 805 2394; baseline 0 -10"><span class='ocrx_word' id='word_1_616' title='bbox 12 2359 52 2394; x_wconf 82' lang='grc' dir='ltr'><strong>μὴ</strong></span> <span class='ocrx_word' id='word_1_617' title='bbox 73 2358 218 2393; x_wconf 75' lang='grc' dir='ltr'>βούλεσθαι</span> <span class='ocrx_word' id='word_1_618' title='bbox 233 2358 339 2385; x_wconf 82' lang='grc' dir='ltr'>σύνεσιν</span> <span class='ocrx_word' id='word_1_619' title='bbox 356 2358 427 2394; x_wconf 75' lang='grc' dir='ltr'>ἔχειν</span> <span class='ocrx_word' id='word_1_620' title='bbox 443 2357 488 2384; x_wconf 72' lang='grc' dir='ltr'><strong>ἐπὶ</strong></span> <span class='ocrx_word' id='word_1_621' title='bbox 499 2357 538 2393; x_wconf 86' lang='grc' dir='ltr'>τῷ</span> <span class='ocrx_word' id='word_1_622' title='bbox 549 2357 639 2391; x_wconf 83' lang='grc' dir='ltr'>ἀγαθὰ</span> <span class='ocrx_word' id='word_1_623' title='bbox 656 2359 741 2384; x_wconf 86' lang='grc' dir='ltr'>ποιεῖν</span> <span class='ocrx_word' id='word_1_624' title='bbox 755 2358 805 2384; x_wconf 81' lang='grc' dir='ltr'>αὐ-</span> 
     </span>
    </p>
   </div>
   <div class='ocr_carea' id='block_1_92' title="bbox 12 2403 805 2440">
    <p class='ocr_par' dir='ltr' id='par_1_92' title="bbox 12 2403 805 2440">
     <span class='ocr_line' id='line_1_92' title="bbox 12 2403 805 2440; baseline -0.001 -10"><span class='ocrx_word' id='word_1_625' title='bbox 12 2405 168 2437; x_wconf 73' lang='grc' dir='ltr'>τεξουσίου.</span> <span class='ocrx_word' id='word_1_626' title='bbox 189 2404 249 2430; x_wconf 84' lang='grc' dir='ltr'>Ἔτι</span> <span class='ocrx_word' id='word_1_627' title='bbox 269 2404 298 2431; x_wconf 77' lang='grc' dir='ltr'><strong>δὲ</strong></span> <span class='ocrx_word' id='word_1_628' title='bbox 312 2404 380 2440; x_wconf 83' lang='grc' dir='ltr'>πρὸς</span> <span class='ocrx_word' id='word_1_629' title='bbox 401 2403 506 2436; x_wconf 83' lang='grc' dir='ltr'>τούτοις</span> <span class='ocrx_word' id='word_1_630' title='bbox 524 2413 533 2428; x_wconf 78' lang='grc' dir='ltr'>σ</span> <span class='ocrx_word' id='word_1_631' title='bbox 555 2403 670 2438; x_wconf 81' lang='grc' dir='ltr'>ἀνομίαν</span> <span class='ocrx_word' id='word_1_632' title='bbox 690 2403 805 2438; x_wconf 83' lang='grc' dir='ltr'>διελογί-</span> 
     </span>
    </p>
   </div>
   <div class='ocr_carea' id='block_1_93' title="bbox 12 2449 804 2486">
    <p class='ocr_par' dir='ltr' id='par_1_93' title="bbox 12 2449 804 2486">
     <span class='ocr_line' id='line_1_93' title="bbox 12 2449 804 2486; baseline -0.003 -9"><span class='ocrx_word' id='word_1_633' title='bbox 12 2460 94 2482; x_wconf 76' lang='grc' dir='ltr'>σατο,</span> <span class='ocrx_word' id='word_1_634' title='bbox 108 2460 117 2476; x_wconf 92' lang='grc' dir='ltr'><strong>ι</strong></span> <span class='ocrx_word' id='word_1_635' title='bbox 133 2451 179 2476; x_wconf 78' lang='grc' dir='ltr'><strong>καὶ</strong></span> <span class='ocrx_word' id='word_1_636' title='bbox 193 2449 227 2476; x_wconf 74' lang='grc' dir='ltr'>τὰ</span> <span class='ocrx_word' id='word_1_637' title='bbox 239 2449 312 2486; x_wconf 80' lang='grc' dir='ltr'>ἑξῆς.</span> <span class='ocrx_word' id='word_1_638' title='bbox 327 2449 454 2477; x_wconf 77' lang='grc' dir='ltr'>Τοιοῦτόν</span> <span class='ocrx_word' id='word_1_639' title='bbox 472 2449 530 2476; x_wconf 83' lang='grc' dir='ltr'>ὲστι</span> <span class='ocrx_word' id='word_1_640' title='bbox 545 2449 591 2475; x_wconf 77' lang='grc' dir='ltr'>τό’</span> <span class='ocrx_word' id='word_1_641' title='bbox 609 2458 618 2475; x_wconf 80' lang='grc' dir='ltr'><strong>ι</strong></span> <span class='ocrx_word' id='word_1_642' title='bbox 637 2449 705 2476; x_wconf 81' lang='grc' dir='ltr'><strong>Οὐαὶ</strong></span> <span class='ocrx_word' id='word_1_643' title='bbox 721 2449 745 2475; x_wconf 80' lang='grc' dir='ltr'>οἱ</span> <span class='ocrx_word' id='word_1_644' title='bbox 759 2450 804 2484; x_wconf 77' lang='grc' dir='ltr'><strong>ἑρ-</strong></span> 
     </span>
    </p>
   </div>
   <div class='ocr_carea' id='block_1_94' title="bbox 12 2495 802 2532">
    <p class='ocr_par' dir='ltr' id='par_1_94' title="bbox 12 2495 802 2532">
     <span class='ocr_line' id='line_1_94' title="bbox 12 2495 802 2532; baseline -0.003 -9"><span class='ocrx_word' id='word_1_645' title='bbox 12 2497 163 2532; x_wconf 67' lang='grc' dir='ltr'>Γαζὸμενοι</span> <span class='ocrx_word' id='word_1_646' title='bbox 179 2496 251 2523; x_wconf 81' lang='grc' dir='ltr'><strong>κακὰ</strong></span> <span class='ocrx_word' id='word_1_647' title='bbox 270 2497 315 2523; x_wconf 68' lang='grc' dir='ltr'>ἐπὶ</span> <span class='ocrx_word' id='word_1_648' title='bbox 334 2497 383 2532; x_wconf 83' lang='grc' dir='ltr'>τῆς</span> <span class='ocrx_word' id='word_1_649' title='bbox 401 2496 494 2531; x_wconf 83' lang='grc' dir='ltr'>κοίτης</span> <span class='ocrx_word' id='word_1_650' title='bbox 510 2495 612 2527; x_wconf 82' lang='grc' dir='ltr'>αὐτῶν,</span> <span class='ocrx_word' id='word_1_651' title='bbox 631 2495 678 2522; x_wconf 73' lang='grc' dir='ltr'><strong>καὶ</strong></span> <span class='ocrx_word' id='word_1_652' title='bbox 696 2496 753 2530; x_wconf 71' lang='grc' dir='ltr'><strong>ἅμα</strong></span> <span class='ocrx_word' id='word_1_653' title='bbox 769 2498 802 2531; x_wconf 86' lang='grc' dir='ltr'>τῇ</span> 
     </span>
    </p>
   </div>
   <div class='ocr_carea' id='block_1_95' title="bbox 47 2542 767 2577">
    <p class='ocr_par' dir='ltr' id='par_1_95' title="bbox 47 2542 767 2577">
     <span class='ocr_line' id='line_1_95' title="bbox 47 2542 767 2577; baseline 0.001 -6"><span class='ocrx_word' id='word_1_654' title='bbox 47 2545 72 2561; x_wconf 75' lang='grc'><strong>³⁸</strong></span> <span class='ocrx_word' id='word_1_655' title='bbox 89 2544 159 2571; x_wconf 89' lang='lat' dir='ltr'><strong>Gen.</strong></span> <span class='ocrx_word' id='word_1_656' title='bbox 178 2551 219 2576; x_wconf 83' lang='lat' dir='ltr'><strong>In.</strong></span> <span class='ocrx_word' id='word_1_657' title='bbox 234 2543 261 2571; x_wconf 84' lang='lat'><strong>5.</strong></span> <span class='ocrx_word' id='word_1_658' title='bbox 300 2544 321 2560; x_wconf 84' lang='lat'><strong>&quot;</strong></span> <span class='ocrx_word' id='word_1_659' title='bbox 338 2544 364 2570; x_wconf 77' lang='grc'><strong>2.</strong></span> <span class='ocrx_word' id='word_1_660' title='bbox 379 2543 441 2571; x_wconf 90' lang='lat' dir='ltr'><strong>Cor.</strong></span> <span class='ocrx_word' id='word_1_661' title='bbox 455 2551 482 2577; x_wconf 89' lang='grc' dir='ltr'><strong>ιι,</strong></span> <span class='ocrx_word' id='word_1_662' title='bbox 500 2543 526 2570; x_wconf 87' lang='lat'><strong>7.</strong></span> <span class='ocrx_word' id='word_1_663' title='bbox 563 2543 585 2558; x_wconf 84' lang='grc'>¹</span> <span class='ocrx_word' id='word_1_664' title='bbox 600 2542 679 2570; x_wconf 82' lang='lat' dir='ltr'><strong>Micb.</strong></span> <span class='ocrx_word' id='word_1_665' title='bbox 695 2550 725 2575; x_wconf 85' lang='grc' dir='ltr'><strong>ιι,</strong></span> <span class='ocrx_word' id='word_1_666' title='bbox 741 2544 767 2572; x_wconf 84' lang='grc'>1.</span> 
     </span>
    </p>
   </div>
   <div class='ocr_carea' id='block_1_96' title="bbox 44 2601 802 2642">
    <p class='ocr_par' dir='ltr' id='par_1_96' title="bbox 44 2601 802 2642">
     <span class='ocr_line' id='line_1_96' title="bbox 44 2601 802 2642; baseline -0.003 -10"><span class='ocrx_word' id='word_1_667' title='bbox 128 2604 223 2642; x_wconf 52' lang='grc' dir='ltr'><strong>ᾙΖιεῖν</strong></span> <span class='ocrx_word' id='word_1_668' title='bbox 233 2605 269 2642; x_wconf 58' lang='lat' dir='ltr'><strong>ob</strong></span> <span class='ocrx_word' id='word_1_669' title='bbox 283 2602 471 2642; x_wconf 54' lang='lat' dir='ltr'><strong>dumﬁézvec,</strong></span> <span class='ocrx_word' id='word_1_670' title='bbox 487 2607 539 2642; x_wconf 60' lang='lat' dir='ltr'><strong>etc.</strong></span> <span class='ocrx_word' id='word_1_671' title='bbox 556 2602 657 2642; x_wconf 59' lang='lat' dir='ltr'><strong>Qatena</strong></span> <span class='ocrx_word' id='word_1_672' title='bbox 669 2601 802 2633; x_wconf 74' lang='lat' dir='ltr'><strong>Cordet&#39;ii.</strong></span> 
     </span>
    </p>
   </div>
   <div class='ocr_carea' id='block_1_97' title="bbox 44 2637 682 2672">
    <p class='ocr_par' dir='ltr' id='par_1_97' title="bbox 44 2637 682 2672">
     <span class='ocr_line' id='line_1_97' title="bbox 44 2637 682 2672; baseline -0.005 -5"><span class='ocrx_word' id='word_1_673' title='bbox 44 2637 110 2672; x_wconf 69' lang='grc'>(14)</span> <span class='ocrx_word' id='word_1_674' title='bbox 131 2639 173 2672; x_wconf 85' lang='grc' dir='ltr'><strong>Τῷ</strong></span> <span class='ocrx_word' id='word_1_675' title='bbox 189 2639 301 2672; x_wconf 80' lang='grc' dir='ltr'>δικαίῳ.</span> <span class='ocrx_word' id='word_1_676' title='bbox 318 2644 372 2666; x_wconf 89' lang='lat' dir='ltr'><strong>etc.</strong></span> <span class='ocrx_word' id='word_1_677' title='bbox 386 2638 479 2666; x_wconf 82' lang='lat' dir='ltr'><strong>Codex</strong></span> <span class='ocrx_word' id='word_1_678' title='bbox 490 2637 682 2665; x_wconf 84' lang='lat' dir='ltr'><strong>Coislinianns.</strong></span> 
     </span>
    </p>
   </div>
   <div class='ocr_carea' id='block_1_98' title="bbox 44 2650 801 2711">
    <p class='ocr_par' dir='ltr' id='par_1_98' title="bbox 44 2650 801 2711">
     <span class='ocr_line' id='line_1_98' title="bbox 44 2650 682 2672; baseline -0.005 -5"><span class='ocrx_word' id='word_1_679' title='bbox 44 2650 99 2672; x_wconf 72' lang='grc'>(14</span> <span class='ocrx_word' id='word_1_680' title='bbox 131 2650 173 2672; x_wconf 80' lang='grc' dir='ltr'><strong>ιφ</strong></span> <span class='ocrx_word' id='word_1_681' title='bbox 189 2650 301 2672; x_wconf 82' lang='grc' dir='ltr'>οικαιῳ.</span> <span class='ocrx_word' id='word_1_682' title='bbox 318 2650 372 2666; x_wconf 79' lang='lat' dir='ltr'><strong>etc.</strong></span> <span class='ocrx_word' id='word_1_683' title='bbox 386 2650 479 2666; x_wconf 65' lang='lat' dir='ltr'><strong>uuucx</strong></span> <span class='ocrx_word' id='word_1_684' title='bbox 490 2650 682 2665; x_wconf 67' lang='lat' dir='ltr'><strong>uutatlmunua.</strong></span> 
     </span>
     <span class='ocr_line' id='line_1_99' title="bbox 44 2650 801 2711; baseline -0.003 -9"><span class='ocrx_word' id='word_1_685' title='bbox 44 2650 110 2711; x_wconf 56' lang='grc'>(15)</span> <span class='ocrx_word' id='word_1_686' title='bbox 125 2675 254 2702; x_wconf 82' lang='grc' dir='ltr'><strong>Ἔσεσθε</strong></span> <span class='ocrx_word' id='word_1_687' title='bbox 265 2674 320 2711; x_wconf 69' lang='grc' dir='ltr'><strong>γᾴρ</strong></span> <span class='ocrx_word' id='word_1_688' title='bbox 330 2693 341 2711; x_wconf 77' lang='lat'><strong>,_</strong></span> <span class='ocrx_word' id='word_1_689' title='bbox 353 2679 405 2711; x_wconf 68' lang='lat' dir='ltr'><strong>etc.</strong></span> <span class='ocrx_word' id='word_1_690' title='bbox 419 2673 520 2700; x_wconf 80' lang='lat' dir='ltr'><strong>Partim</strong></span> <span class='ocrx_word' id='word_1_691' title='bbox 535 2680 567 2700; x_wconf 85' lang='lat' dir='ltr'><strong>ex</strong></span> <span class='ocrx_word' id='word_1_692' title='bbox 582 2673 674 2700; x_wconf 86' lang='lat' dir='ltr'><strong>eodem</strong></span> <span class='ocrx_word' id='word_1_693' title='bbox 697 2673 801 2705; x_wconf 76' lang='lat' dir='ltr'><strong>codice,</strong></span> 
     </span>
    </p>
   </div>
   <div class='ocr_carea' id='block_1_99' title="bbox 14 2709 431 2738">
    <p class='ocr_par' dir='ltr' id='par_1_99' title="bbox 14 2709 431 2738">
     <span class='ocr_line' id='line_1_100' title="bbox 14 2709 431 2738; baseline -0.002 -1"><span class='ocrx_word' id='word_1_694' title='bbox 14 2720 39 2738; x_wconf 65' lang='lat' dir='ltr'><strong>ra</strong></span> <span class='ocrx_word' id='word_1_695' title='bbox 47 2709 85 2737; x_wconf 70' lang='lat' dir='ltr'><strong>rti</strong></span> <span class='ocrx_word' id='word_1_696' title='bbox 93 2718 117 2736; x_wconf 86' lang='grc' dir='ltr'><strong>ιιι</strong></span> <span class='ocrx_word' id='word_1_697' title='bbox 131 2717 146 2736; x_wconf 89' lang='lat' dir='ltr'><strong>e</strong></span> <span class='ocrx_word' id='word_1_698' title='bbox 159 2711 267 2736; x_wconf 62' lang='lat' dir='ltr'><strong>schedia</strong></span> <span class='ocrx_word' id='word_1_699' title='bbox 279 2709 382 2737; x_wconf 83' lang='lat' dir='ltr'><strong>Grabii.</strong></span> <span class='ocrx_word' id='word_1_700' title='bbox 424 2711 431 2719; x_wconf 83' lang='lat'><strong><em>‘</em></strong></span> 
     </span>
    </p>
   </div>
   <div class='ocr_carea' id='block_1_100' title="bbox 43 2743 799 2779">
    <p class='ocr_par' dir='ltr' id='par_1_100' title="bbox 43 2743 799 2779">
     <span class='ocr_line' id='line_1_101' title="bbox 43 2743 799 2779; baseline -0.003 -6"><span class='ocrx_word' id='word_1_701' title='bbox 43 2746 108 2779; x_wconf 79' lang='grc'>(16)</span> <span class='ocrx_word' id='word_1_702' title='bbox 123 2745 176 2771; x_wconf 78' lang='grc' dir='ltr'><strong>Καὶ</strong></span> <span class='ocrx_word' id='word_1_703' title='bbox 185 2746 201 2771; x_wconf 85' lang='lat' dir='ltr'><strong>d</strong></span> <span class='ocrx_word' id='word_1_704' title='bbox 215 2744 335 2777; x_wconf 82' lang='grc' dir='ltr'>Παῦλός</span> <span class='ocrx_word' id='word_1_705' title='bbox 344 2744 430 2778; x_wconf 47' lang='grc' dir='ltr'>φησι,</span> <span class='ocrx_word' id='word_1_706' title='bbox 440 2748 493 2771; x_wconf 88' lang='lat' dir='ltr'><strong>etc.</strong></span> <span class='ocrx_word' id='word_1_707' title='bbox 504 2743 541 2770; x_wconf 76' lang='lat' dir='ltr'><strong>Ex</strong></span> <span class='ocrx_word' id='word_1_708' title='bbox 553 2743 648 2771; x_wconf 85' lang='lat' dir='ltr'><strong>eodem</strong></span> <span class='ocrx_word' id='word_1_709' title='bbox 659 2743 763 2776; x_wconf 86' lang='lat' dir='ltr'><strong>codice,</strong></span> <span class='ocrx_word' id='word_1_710' title='bbox 773 2748 799 2771; x_wconf 90' lang='lat' dir='ltr'><strong>et</strong></span> 
     </span>
    </p>
   </div>
   <div class='ocr_carea' id='block_1_101' title="bbox 12 2779 700 2808">
    <p class='ocr_par' dir='ltr' id='par_1_101' title="bbox 12 2779 700 2808">
     <span class='ocr_line' id='line_1_102' title="bbox 12 2779 700 2808; baseline -0.012 -1"><span class='ocrx_word' id='word_1_711' title='bbox 12 2793 23 2807; x_wconf 58' lang='grc' dir='ltr'>γι</span> <span class='ocrx_word' id='word_1_712' title='bbox 35 2780 122 2808; x_wconf 77' lang='lat' dir='ltr'><strong>hedis</strong></span> <span class='ocrx_word' id='word_1_713' title='bbox 134 2779 237 2806; x_wconf 87' lang='lat' dir='ltr'><strong>Grabii.</strong></span> <span class='ocrx_word' id='word_1_714' title='bbox 697 2797 700 2799; x_wconf 73' lang='lat'><strong>.</strong></span> 
     </span>
    </p>
   </div>
   <div class='ocr_carea' id='block_1_102' title="bbox 40 2812 778 2848">
    <p class='ocr_par' dir='ltr' id='par_1_102' title="bbox 40 2812 778 2848">
     <span class='ocr_line' id='line_1_103' title="bbox 40 2812 778 2848; baseline -0.003 -7"><span class='ocrx_word' id='word_1_715' title='bbox 40 2814 108 2848; x_wconf 83' lang='lat' dir='ltr'><strong>(l7)</strong></span> <span class='ocrx_word' id='word_1_716' title='bbox 121 2816 153 2841; x_wconf 81' lang='grc' dir='ltr'><strong>οι</strong></span> <span class='ocrx_word' id='word_1_717' title='bbox 164 2813 224 2848; x_wconf 76' lang='grc' dir='ltr'><strong>μὲν</strong></span> <span class='ocrx_word' id='word_1_718' title='bbox 238 2815 281 2847; x_wconf 85' lang='grc' dir='ltr'>εις</span> <span class='ocrx_word' id='word_1_719' title='bbox 294 2814 430 2847; x_wconf 64' lang='grc' dir='ltr'>Χριστόν,</span> <span class='ocrx_word' id='word_1_720' title='bbox 451 2818 495 2841; x_wconf 88' lang='lat' dir='ltr'><strong>ctc</strong></span> <span class='ocrx_word' id='word_1_721' title='bbox 517 2813 553 2840; x_wconf 75' lang='lat' dir='ltr'><strong>Ex</strong></span> <span class='ocrx_word' id='word_1_722' title='bbox 569 2813 662 2841; x_wconf 83' lang='lat' dir='ltr'><strong>eodem</strong></span> <span class='ocrx_word' id='word_1_723' title='bbox 676 2812 778 2841; x_wconf 83' lang='lat' dir='ltr'><strong>codice.</strong></span> 
     </span>
    </p>
   </div>
   <div class='ocr_carea' id='block_1_103' title="bbox 861 2221 1644 2257">
    <p class='ocr_par' dir='ltr' id='par_1_103' title="bbox 861 2221 1644 2257">
     <span class='ocr_line' id='line_1_104' title="bbox 861 2221 1644 2257; baseline 0.004 -10"><span class='ocrx_word' id='word_1_724' title='bbox 861 2222 905 2256; x_wconf 82' lang='lat' dir='ltr'><strong>qui</strong></span> <span class='ocrx_word' id='word_1_725' title='bbox 922 2222 1076 2249; x_wconf 88' lang='lat' dir='ltr'><strong>attendunt.</strong></span> <span class='ocrx_word' id='word_1_726' title='bbox 1097 2230 1106 2247; x_wconf 76' lang='grc' dir='ltr'><strong>ι</strong></span> <span class='ocrx_word' id='word_1_727' title='bbox 1123 2221 1215 2248; x_wconf 87' lang='lat' dir='ltr'><strong>Noluit</strong></span> <span class='ocrx_word' id='word_1_728' title='bbox 1232 2222 1394 2257; x_wconf 76' lang='lat' dir='ltr'><strong>intelligere.</strong></span> <span class='ocrx_word' id='word_1_729' title='bbox 1412 2231 1421 2248; x_wconf 91' lang='grc' dir='ltr'><strong>ι</strong></span> <span class='ocrx_word' id='word_1_730' title='bbox 1439 2221 1477 2249; x_wconf 83' lang='lat' dir='ltr'><strong>Ex</strong></span> <span class='ocrx_word' id='word_1_731' title='bbox 1493 2222 1574 2248; x_wconf 87' lang='lat' dir='ltr'><strong>dictis</strong></span> <span class='ocrx_word' id='word_1_732' title='bbox 1588 2230 1644 2250; x_wconf 87' lang='lat' dir='ltr'><strong>ma-</strong></span> 
     </span>
    </p>
   </div>
   <div class='ocr_carea' id='block_1_104' title="bbox 861 2267 1642 2302">
    <p class='ocr_par' dir='ltr' id='par_1_104' title="bbox 861 2267 1642 2302">
     <span class='ocr_line' id='line_1_105' title="bbox 861 2267 1642 2302; baseline 0.001 -8"><span class='ocrx_word' id='word_1_733' title='bbox 861 2267 989 2294; x_wconf 70' lang='lat' dir='ltr'><strong>nil&#39;u-stum</strong></span> <span class='ocrx_word' id='word_1_734' title='bbox 1005 2271 1059 2299; x_wconf 84' lang='lat' dir='ltr'><strong>est,</strong></span> <span class='ocrx_word' id='word_1_735' title='bbox 1072 2267 1195 2302; x_wconf 90' lang='lat' dir='ltr'><strong>iniquum</strong></span> <span class='ocrx_word' id='word_1_736' title='bbox 1209 2275 1262 2293; x_wconf 88' lang='grc' dir='ltr'>ιιυιι</span> <span class='ocrx_word' id='word_1_737' title='bbox 1272 2275 1304 2294; x_wconf 79' lang='lat' dir='ltr'><strong>ex</strong></span> <span class='ocrx_word' id='word_1_738' title='bbox 1318 2268 1456 2295; x_wconf 85' lang='lat' dir='ltr'><strong>creatione</strong></span> <span class='ocrx_word' id='word_1_739' title='bbox 1469 2267 1551 2294; x_wconf 84' lang='lat' dir='ltr'><strong>talem</strong></span> <span class='ocrx_word' id='word_1_740' title='bbox 1564 2275 1642 2296; x_wconf 80' lang='lat' dir='ltr'><strong>esse:</strong></span> 
     </span>
    </p>
   </div>
   <div class='ocr_carea' id='block_1_105' title="bbox 860 2312 1642 2347">
    <p class='ocr_par' dir='ltr' id='par_1_105' title="bbox 860 2312 1642 2347">
     <span class='ocr_line' id='line_1_106' title="bbox 860 2312 1642 2347; baseline 0 -7"><span class='ocrx_word' id='word_1_741' title='bbox 860 2313 930 2340; x_wconf 77' lang='lat' dir='ltr'><strong>nolle</strong></span> <span class='ocrx_word' id='word_1_742' title='bbox 949 2313 1049 2347; x_wconf 85' lang='lat' dir='ltr'><strong>quippe</strong></span> <span class='ocrx_word' id='word_1_743' title='bbox 1060 2312 1266 2346; x_wconf 76' lang='lat' dir='ltr'><strong>intelligentiam</strong></span> <span class='ocrx_word' id='word_1_744' title='bbox 1283 2313 1382 2340; x_wconf 80' lang='lat' dir='ltr'><strong>habere</strong></span> <span class='ocrx_word' id='word_1_745' title='bbox 1394 2313 1426 2340; x_wconf 86' lang='lat' dir='ltr'><strong>ad</strong></span> <span class='ocrx_word' id='word_1_746' title='bbox 1443 2314 1548 2346; x_wconf 81' lang='lat' dir='ltr'><strong>agcmla</strong></span> <span class='ocrx_word' id='word_1_747' title='bbox 1562 2314 1642 2345; x_wconf 83' lang='lat' dir='ltr'><strong>bona.</strong></span> 
     </span>
    </p>
   </div>
   <div class='ocr_carea' id='block_1_106' title="bbox 859 2357 1642 2386">
    <p class='ocr_par' dir='ltr' id='par_1_106' title="bbox 859 2357 1642 2386">
     <span class='ocr_line' id='line_1_107' title="bbox 859 2357 1642 2386; baseline 0.001 -1"><span class='ocrx_word' id='word_1_748' title='bbox 859 2358 936 2386; x_wconf 82' lang='lat' dir='ltr'><strong>liberi</strong></span> <span class='ocrx_word' id='word_1_749' title='bbox 952 2362 992 2385; x_wconf 83' lang='lat' dir='ltr'><strong>cst</strong></span> <span class='ocrx_word' id='word_1_750' title='bbox 1018 2357 1136 2385; x_wconf 86' lang='lat' dir='ltr'><strong>arbitrii.</strong></span> <span class='ocrx_word' id='word_1_751' title='bbox 1157 2358 1291 2385; x_wconf 69' lang='lat' dir='ltr'><strong>Prwtcrea</strong></span> <span class='ocrx_word' id='word_1_752' title='bbox 1313 2367 1322 2384; x_wconf 80' lang='grc' dir='ltr'><strong>ι</strong></span> <span class='ocrx_word' id='word_1_753' title='bbox 1353 2358 1502 2385; x_wconf 80' lang='lat' dir='ltr'><strong>meditatus</strong></span> <span class='ocrx_word' id='word_1_754' title='bbox 1520 2365 1562 2386; x_wconf 78' lang='lat' dir='ltr'><strong>est</strong></span> <span class='ocrx_word' id='word_1_755' title='bbox 1589 2360 1642 2386; x_wconf 90' lang='lat' dir='ltr'><strong>iui-</strong></span> 
     </span>
    </p>
   </div>
   <div class='ocr_carea' id='block_1_107' title="bbox 858 2402 1641 2438">
    <p class='ocr_par' dir='ltr' id='par_1_107' title="bbox 858 2402 1641 2438">
     <span class='ocr_line' id='line_1_108' title="bbox 858 2402 1641 2438; baseline 0.001 -9"><span class='ocrx_word' id='word_1_756' title='bbox 858 2404 1000 2438; x_wconf 83' lang='lat' dir='ltr'><strong>quitatem,</strong></span> <span class='ocrx_word' id='word_1_757' title='bbox 1015 2412 1024 2429; x_wconf 82' lang='grc' dir='ltr'><strong>ι</strong></span> <span class='ocrx_word' id='word_1_758' title='bbox 1040 2407 1067 2429; x_wconf 88' lang='lat' dir='ltr'><strong>et</strong></span> <span class='ocrx_word' id='word_1_759' title='bbox 1084 2411 1144 2438; x_wconf 65' lang='lat' dir='ltr'><strong>qum</strong></span> <span class='ocrx_word' id='word_1_760' title='bbox 1159 2409 1320 2436; x_wconf 86' lang='lat' dir='ltr'><strong>sequuntur.</strong></span> <span class='ocrx_word' id='word_1_761' title='bbox 1337 2402 1491 2430; x_wconf 87' lang='lat' dir='ltr'><strong>Istiusmodi</strong></span> <span class='ocrx_word' id='word_1_762' title='bbox 1509 2404 1641 2430; x_wconf 81' lang='lat' dir='ltr'><strong>estctiam</strong></span> 
     </span>
    </p>
   </div>
   <div class='ocr_carea' id='block_1_108' title="bbox 858 2448 1639 2483">
    <p class='ocr_par' dir='ltr' id='par_1_108' title="bbox 858 2448 1639 2483">
     <span class='ocr_line' id='line_1_109' title="bbox 858 2448 1639 2483; baseline -0.001 -6"><span class='ocrx_word' id='word_1_763' title='bbox 858 2450 923 2477; x_wconf 88' lang='lat' dir='ltr'><strong>illud</strong></span> <span class='ocrx_word' id='word_1_764' title='bbox 936 2450 979 2476; x_wconf 80' lang='lat'><strong>&#39;°:</strong></span> <span class='ocrx_word' id='word_1_765' title='bbox 1003 2459 1011 2475; x_wconf 87' lang='grc' dir='ltr'><strong>ι</strong></span> <span class='ocrx_word' id='word_1_766' title='bbox 1034 2448 1080 2476; x_wconf 77' lang='lat' dir='ltr'><strong>Va:</strong></span> <span class='ocrx_word' id='word_1_767' title='bbox 1099 2449 1144 2483; x_wconf 88' lang='lat' dir='ltr'><strong>qui</strong></span> <span class='ocrx_word' id='word_1_768' title='bbox 1170 2454 1319 2483; x_wconf 87' lang='lat' dir='ltr'><strong>operantur</strong></span> <span class='ocrx_word' id='word_1_769' title='bbox 1345 2448 1413 2475; x_wconf 85' lang='lat' dir='ltr'><strong>tuala</strong></span> <span class='ocrx_word' id='word_1_770' title='bbox 1430 2448 1456 2475; x_wconf 90' lang='lat' dir='ltr'><strong>in</strong></span> <span class='ocrx_word' id='word_1_771' title='bbox 1475 2449 1558 2476; x_wconf 88' lang='lat' dir='ltr'><strong>cubili</strong></span> <span class='ocrx_word' id='word_1_772' title='bbox 1578 2457 1639 2482; x_wconf 86' lang='lat' dir='ltr'><strong>suo,</strong></span> 
     </span>
    </p>
   </div>
   <div class='ocr_carea' id='block_1_109' title="bbox 857 2493 1641 2529">
    <p class='ocr_par' dir='ltr' id='par_1_109' title="bbox 857 2493 1641 2529">
     <span class='ocr_line' id='line_1_110' title="bbox 857 2493 1641 2529; baseline -0.001 -7"><span class='ocrx_word' id='word_1_773' title='bbox 857 2500 883 2522; x_wconf 90' lang='lat' dir='ltr'><strong>et</strong></span> <span class='ocrx_word' id='word_1_774' title='bbox 907 2495 987 2522; x_wconf 90' lang='lat' dir='ltr'><strong>simul</strong></span> <span class='ocrx_word' id='word_1_775' title='bbox 1001 2502 1062 2522; x_wconf 91' lang='lat' dir='ltr'><strong>cum</strong></span> <span class='ocrx_word' id='word_1_776' title='bbox 1079 2495 1122 2522; x_wconf 83' lang='lat' dir='ltr'><strong>die</strong></span> <span class='ocrx_word' id='word_1_777' title='bbox 1137 2495 1308 2529; x_wconf 76' lang='lat' dir='ltr'><strong>perfecerunt</strong></span> <span class='ocrx_word' id='word_1_778' title='bbox 1325 2501 1366 2521; x_wconf 87' lang='lat' dir='ltr'><strong>ea.</strong></span> <span class='ocrx_word' id='word_1_779' title='bbox 1387 2503 1397 2519; x_wconf 74' lang='grc' dir='ltr'><strong>ι</strong></span> <span class='ocrx_word' id='word_1_780' title='bbox 1418 2493 1468 2526; x_wconf 86' lang='lat' dir='ltr'><strong>Qui</strong></span> <span class='ocrx_word' id='word_1_781' title='bbox 1495 2493 1576 2528; x_wconf 82' lang='lat' dir='ltr'><strong>igitur</strong></span> <span class='ocrx_word' id='word_1_782' title='bbox 1592 2495 1641 2522; x_wconf 81' lang='lat' dir='ltr'><strong>hoc</strong></span> 
     </span>
    </p>
   </div>
   <div class='ocr_carea' id='block_1_110' title="bbox 875 2602 1638 2645">
    <p class='ocr_par' dir='ltr' id='par_1_110' title="bbox 875 2602 1638 2645">
     <span class='ocr_line' id='line_1_111' title="bbox 875 2602 1638 2645; baseline -0.003 -15"><span class='ocrx_word' id='word_1_783' title='bbox 875 2639 880 2645; x_wconf 42' lang='lat'><strong><em>.</em></strong></span> <span class='ocrx_word' id='word_1_784' title='bbox 892 2604 948 2645; x_wconf 53' lang='lat'><strong>(133)</strong></span> <span class='ocrx_word' id='word_1_785' title='bbox 956 2603 1106 2645; x_wconf 64' lang='grc' dir='ltr'><strong>’ᾼχγέλων</strong></span> <span class='ocrx_word' id='word_1_786' title='bbox 1117 2603 1185 2637; x_wconf 78' lang='grc' dir='ltr'>μέν,</span> <span class='ocrx_word' id='word_1_787' title='bbox 1197 2608 1248 2630; x_wconf 90' lang='lat' dir='ltr'><strong>etc.</strong></span> <span class='ocrx_word' id='word_1_788' title='bbox 1261 2602 1298 2630; x_wconf 73' lang='lat' dir='ltr'><strong>Es</strong></span> <span class='ocrx_word' id='word_1_789' title='bbox 1308 2603 1402 2630; x_wconf 64' lang='lat' dir='ltr'><strong>eodem</strong></span> <span class='ocrx_word' id='word_1_790' title='bbox 1414 2602 1546 2635; x_wconf 75' lang='lat' dir='ltr'><strong>C0tii0t‘,0l</strong></span> <span class='ocrx_word' id='word_1_791' title='bbox 1561 2602 1638 2629; x_wconf 83' lang='lat' dir='ltr'><strong>sche-</strong></span> 
     </span>
    </p>
   </div>
   <div class='ocr_carea' id='block_1_111' title="bbox 855 2639 1638 2709">
    <p class='ocr_par' dir='ltr' id='par_1_111' title="bbox 855 2639 1638 2709">
     <span class='ocr_line' id='line_1_112' title="bbox 855 2639 1638 2709; baseline -0.003 -7"><span class='ocrx_word' id='word_1_792' title='bbox 855 2639 1068 2709; x_wconf 49' lang='lat' dir='ltr'><strong>d&#39;itgi&#39;ur&#39;g&#39;ynp</strong></span> <span class='ocrx_word' id='word_1_793' title='bbox 1080 2674 1170 2708; x_wconf 69' lang='grc' dir='ltr'>φόϐῳ,</span> <span class='ocrx_word' id='word_1_794' title='bbox 1199 2678 1251 2700; x_wconf 78' lang='lat' dir='ltr'><strong>etc.</strong></span> <span class='ocrx_word' id='word_1_795' title='bbox 1278 2672 1367 2701; x_wconf 80' lang='lat' dir='ltr'><strong>Codex</strong></span> <span class='ocrx_word' id='word_1_796' title='bbox 1393 2672 1586 2704; x_wconf 80' lang='lat' dir='ltr'><strong>Coisiinianns,</strong></span> <span class='ocrx_word' id='word_1_797' title='bbox 1612 2678 1638 2700; x_wconf 84' lang='lat' dir='ltr'><strong>et</strong></span> 
     </span>
    </p>
   </div>
   <div class='ocr_carea' id='block_1_112' title="bbox 853 2709 1077 2739">
    <p class='ocr_par' dir='ltr' id='par_1_112' title="bbox 853 2709 1077 2739">
     <span class='ocr_line' id='line_1_113' title="bbox 853 2709 1077 2739; baseline -0.009 -2"><span class='ocrx_word' id='word_1_798' title='bbox 853 2710 962 2739; x_wconf 63' lang='lat' dir='ltr'><strong>schedze</strong></span> <span class='ocrx_word' id='word_1_799' title='bbox 974 2709 1077 2736; x_wconf 83' lang='lat' dir='ltr'><strong>Grabii.</strong></span> 
     </span>
    </p>
   </div>
   <div class='ocr_carea' id='block_1_113' title="bbox 900 2743 1460 2779">
    <p class='ocr_par' dir='ltr' id='par_1_113' title="bbox 900 2743 1460 2779">
     <span class='ocr_line' id='line_1_114' title="bbox 900 2743 1460 2779; baseline -0.005 -8"><span class='ocrx_word' id='word_1_800' title='bbox 900 2744 945 2779; x_wconf 61' lang='lat'><strong>‘20)</strong></span> <span class='ocrx_word' id='word_1_801' title='bbox 962 2744 996 2771; x_wconf 85' lang='grc' dir='ltr'><strong>Τὸ</strong></span> <span class='ocrx_word' id='word_1_802' title='bbox 1016 2743 1123 2777; x_wconf 81' lang='grc' dir='ltr'>εὑρεῖν,</span> <span class='ocrx_word' id='word_1_803' title='bbox 1137 2749 1190 2771; x_wconf 80' lang='lat' dir='ltr'><strong>ctc.</strong></span> <span class='ocrx_word' id='word_1_804' title='bbox 1205 2744 1286 2772; x_wconf 75' lang='lat' dir='ltr'><strong>iidem</strong></span> <span class='ocrx_word' id='word_1_805' title='bbox 1300 2743 1460 2779; x_wconf 20' lang='lat' dir='ltr'><strong>coddamss.</strong></span> 
     </span>
    </p>
   </div>
   <div class='ocr_carea' id='block_1_114' title="bbox 888 2745 1508 2815">
    <p class='ocr_par' dir='ltr' id='par_1_114' title="bbox 888 2745 1508 2815">
     <span class='ocr_line' id='line_1_115' title="bbox 900 2745 1460 2779; baseline -0.005 -8"><span class='ocrx_word' id='word_1_806' title='bbox 900 2745 945 2779; x_wconf 61' lang='lat'><strong>‘20)</strong></span> <span class='ocrx_word' id='word_1_807' title='bbox 962 2745 996 2771; x_wconf 87' lang='grc' dir='ltr'><strong>Τὸ</strong></span> <span class='ocrx_word' id='word_1_808' title='bbox 1016 2745 1123 2777; x_wconf 81' lang='grc' dir='ltr'>εὑρεῖν,</span> <span class='ocrx_word' id='word_1_809' title='bbox 1137 2749 1190 2771; x_wconf 80' lang='lat' dir='ltr'><strong>ctc.</strong></span> <span class='ocrx_word' id='word_1_810' title='bbox 1205 2745 1286 2772; x_wconf 85' lang='lat' dir='ltr'><strong>lidem</strong></span> <span class='ocrx_word' id='word_1_811' title='bbox 1300 2745 1378 2770; x_wconf 84' lang='lat' dir='ltr'><strong>codd.</strong></span> <span class='ocrx_word' id='word_1_812' title='bbox 1395 2750 1460 2769; x_wconf 89' lang='lat' dir='ltr'><strong>mss.</strong></span> 
     </span>
     <span class='ocr_line' id='line_1_116' title="bbox 888 2745 1508 2815; baseline -0.003 -9"><span class='ocrx_word' id='word_1_813' title='bbox 888 2745 944 2815; x_wconf 66' lang='grc'>(21)</span> <span class='ocrx_word' id='word_1_814' title='bbox 957 2779 1077 2813; x_wconf 63' lang='grc' dir='ltr'>Ἔτι-δρός</span> <span class='ocrx_word' id='word_1_815' title='bbox 1088 2788 1174 2814; x_wconf 63' lang='grc' dir='ltr'>φησι,</span> <span class='ocrx_word' id='word_1_816' title='bbox 1189 2785 1242 2807; x_wconf 82' lang='lat' dir='ltr'><strong>etc.</strong></span> <span class='ocrx_word' id='word_1_817' title='bbox 1257 2779 1358 2806; x_wconf 77' lang='lat' dir='ltr'><strong>Culcita</strong></span> <span class='ocrx_word' id='word_1_818' title='bbox 1375 2778 1508 2806; x_wconf 78' lang='lat' dir='ltr'><strong>Cut&#39;dcrii.</strong></span> 
     </span>
    </p>
   </div>
  </div>
