1885 3053
26 105 87 133 illi!

378 104 534 132 SELECTA
552 103 584 131 IN
602 102 772 132 PSALMOS.
788 117 822 122 -—
840 100 957 130 llOMlL.
979 101 987 127 Ι
1006 100 1038 129 l.\'
1060 101 1156 129 l’SAL.
1181 100 1298 129 XXXVI.

1584 103 1655 132 13!!

24 169 79 202 ipse
91 171 133 195 est
145 173 250 195 sermo.
264 166 318 194 Sed
332 171 360 194 et
380 166 407 194 in
419 165 550 202 Apostclo
564 167 695 201 scriptum
711 171 755 194 cst
767 163 790 182 '°
803 174 810 192 :
827 168 851 197 Λ
865 165 912 193 sed
926 165 987 192 ideo
1007 170 1067 199 qua:
1083 162 1164 191 stulta
1184 167 1249 190 sunt
1265 163 1347 197 elegit
1364 163 1437 191 Deus
1452 162 1534 198 hujus
1548 166 1652 194 mundi.
1675 156 1677 159 ’

24 214 62 239 An
81 212 243 239 cmulamur
267 212 408 239 Dominum
426 213 440 238 Ρ
459 211 587 246 Nunquid
617 212 741 246 fortiores
766 211 813 238 illo

24 265 111 284 sumus
132 258 144 284 1’
171 257 206 284 Et
218 257 263 284 ubi
287 257 413 290 habetur,
430 258 590 283 cumulantur
605 256 765 288 Dominum,
785 256 812 283 in

25 302 185 337 quibusdam
217 301 443 337 exemplaribus,
475 302 614 329 irritamus
647 302 811 336 Dominum,

24 348 153 383 scriptum
168 353 221 376 est.
239 348 277 375 Ex
292 348 392 382 quibus
405 348 533 376 omnibus
550 347 716 376 testimoniis
740 349 812 375 indi<

27 399 118 427 tatur,
144 394 218 428 quod
240 394 361 422 aemulari
386 394 524 429 aliquem,
553 394 663 421 irritare
686 401 749 421 eum
771 398 813 421 est

25 444 50 468 et
73 447 223 473 provocare
247 448 253 467 :
282 444 324 474 ut,
344 440 420 468 verbi
445 446 550 473 causa,
576 439 598 466 si
621 439 668 466 tall
705 445 813 467 utamur

26 486 144 520 exemplo
158 485 247 513 :Sttnt
262 485 387 521 quaedam
406 485 535 513 mulieres
556 486 699 520 impudicae
720 490 747 513 et
763 493 812 513 ne-

25 537 114 565 quam,
125 538 187 565 quae
200 531 223 558 si
240 531 312 558 forte
327 530 402 559 viros
415 531 442 559 in
451 531 554 559 amoris
571 530 663 559 furtivi
676 530 813 558 illecebris

27 577 154 612 ceperint,
174 583 307 611 processu
321 577 452 612 temporis
466 577 583 605 occultis
601 584 655 604 non
676 580 812 604 contenta:

26 623 139 658 ﬂagitiis.
167 623 264 650 volunt
278 623 361 650 etiam
380 623 488 658 pudicis
515 622 678 658 conjugibus
698 622 810 650 innote-

28 676 112 701 scere,
127 669 199 703 quod
215 668 250 695 ab
266 675 360 695 earum
381 667 447 695 viris
460 672 597 700 amentur,
614 672 644 694 ut
658 674 690 695 ex
713 667 765 695 hoc
784 667 811 694 iit

28 716 109 742 zelum
125 714 260 747 excitent,
282 718 310 742 et
332 714 451 745 irritent,
470 720 503 741 ac
522 713 682 748 perturbent
709 712 813 740 alienas

26 761 125 789 domos.
142 761 171 788 Si
190 759 348 788 intellexisti
370 759 489 795 exempli
511 759 650 791 virtutem,
676 760 812 795 quomodo

28 807 109 841 pellex
125 807 214 834 zelum
226 806 345 834 concitet
361 807 452 840 uxori,
468 810 497 834 et
511 805 562 834 hoc
573 806 657 834 debes
668 805 811 833 advertere

27 838 88 886 quid
101 852 137 879 sit
153 851 278 878 aemulari
298 851 369 879 inter
384 838 501 885 aliquos,
518 850 544 878 id
564 855 614 883 est,
630 857 692 878 cum
705 850 746 878 eis
757 857 811 877 ma-
826 838 847 867 Β

29 897 89 924 lilia
105 897 222 931 alicujus
237 896 416 924 incitamenta
434 895 602 931 praebentur.
614 895 736 931 Denique
747 895 810 930 quia

28 950 113 971 sermo
123 942 168 970 ille
183 941 399 975 Deuteronomii,
411 940 438 968 iit
455 948 510 976 quo
529 941 567 969 alt
582 950 588 969 :
606 940 663 976 Ipsi
679 941 706 968 in
725 941 811 968 zelum

29 990 188 1016 adduxerunt
215 997 257 1017 me
280 990 308 1016 in
326 997 377 1016 non
396 988 462 1022 Deo,
486 989 512 1016 id
534 993 575 1017 est
597 988 808 1024 παρεζήλωσαν,

30 1036 75 1061 hoc
87 1034 230 1070 signiticet,
245 1042 280 1061 ex
297 1034 351 1062 hoc
366 1033 538 1062 manifestius
555 1033 643 1061 claret
655 1033 730 1068 quod
744 1033 810 1060 alibi

31 1082 150 1116 scriptunt
163 1087 206 1108 est
223 1081 258 1114 εί,
276 1082 341 1116 quia
362 1081 432 1109 Deus
450 1085 544 1108 noster
565 1080 637 1108 Deus
659 1079 752 1107 zelans
765 1079 810 1107 di-

31 1126 105 1153 citur.
120 1127 218 1155 Zelans
233 1132 324 1154 autem
344 1127 458 1154 maritus
481 1126 535 1154 diei
557 1125 625 1154 solet
643 1125 677 1154 de
697 1124 811 1160 conjuge

31 1180 85 1204 sua,
100 1180 159 1200 cum
177 1174 203 1202 ei
219 1172 380 1208 pudicitiam
395 1172 540 1201 sollicitius
554 1176 582 1200 et
596 1171 705 1199 cautius
719 1175 810 1204 curat,

33 1225 78 1246 nec
95 1218 174 1253 pollui
195 1219 300 1254 patitur
325 1218 451 1253 conjugis
465 1217 630 1245 castitatem.
648 1216 726 1245 Unde
743 1223 810 1244 con-

32 1269 168 1300 sequenter
184 1266 229 1301 qui
245 1270 352 1300 peccat,
377 1264 462 1292 Deum
480 1264 527 1300 qui
548 1264 642 1292 zelatts
655 1264 766 1297 dicitur,
783 1263 810 1292 in

33 1313 111 1340 zelum
129 1314 234 1349 incitat,
247 1318 275 1342 et
287 1314 392 1342 irritat.
408 1312 510 1341 Verum
526 1313 584 1341 haec
595 1313 686 1341 omnia
699 1313 812 1342 abusive

35 1360 157 1387 audienda
177 1366 243 1388 sunt
267 1360 301 1388 de
323 1359 390 1394 Deo,
413 1359 483 1388 sicut
498 1363 526 1387 et
539 1367 572 1387 ea
590 1367 651 1395 quae
669 1359 704 1387 de
717 1359 812 1388 fur0re

36 1404 77 1432 Dei
101 1407 234 1440 dicuntur,
257 1406 300 1434 vel
322 1407 356 1435 de
376 1414 485 1440 somno,
505 1406 548 1434 vel
566 1406 600 1434 de
618 1406 741 1439 tristitia,
764 1413 812 1441 per

34 1460 88 1485 qua:
109 1453 171 1481 illud
196 1453 360 1488 intelligitur
380 1453 446 1489 quid
471 1453 662 1488 unusquisque
688 1457 811 1481 nostrum

35 1506 78 1532 pro
99 1501 203 1528 actibus
227 1501 287 1528 suis
309 1500 343 1528 de
366 1500 422 1528 Deo
447 1505 596 1527 uterentur.
622 1499 744 1533 Denique
770 1498 810 1526 sic

33 1543 96 1572 dixit
108 1547 133 1573 iu
148 1546 361 1574 Deuteronomio
374 1546 408 1579 ",
423 1546 486 1581 quia
506 1546 556 1581 ipsi
576 1546 604 1572 in
624 1546 709 1572 zelum
721 1545 809 1572 addu-

34 1598 119 1619 xerunt
129 1601 167 1620 me
177 1595 204 1621 in
221 1603 274 1622 non
288 1594 354 1627 Deo,
367 1598 392 1620 et
406 1593 628 1620 exneerbauerunt
642 1599 680 1618 me
691 1592 717 1618 in
732 1591 810 1618 idolis

35 1639 92 1670 iuit,
107 1639 132 1666 id
148 1645 199 1673 est,
215 1640 337 1669 colentes
354 1639 424 1667 idola
450 1639 476 1666 iit
500 1638 587 1666 zelum
604 1638 811 1665 concitaverunt

37 1691 82 1711 tne.
96 1684 147 1713 Sed
161 1686 225 1721 quid
240 1685 386 1721 sequitur?
402 1685 434 1712 Et
458 1693 505 1720 ego
530 1685 557 1711 in
576 1683 660 1710 zelum
678 1684 811 1710 adducam

35 1737 74 1756 eos
91 1731 115 1757 in
135 1740 186 1759 non
202 1737 316 1768 gentem,
339 1732 368 1759 in
386 1735 489 1766 gentem
514 1730 680 1765 insipientem
701 1730 810 1757 irritabo

37 1782 83 1802 eos.
99 1777 170 1806 Unde
184 1779 267 1806 etiam
286 1786 360 1806 ttunc
373 1777 460 1805 Judaei
482 1785 536 1804 non
554 1782 697 1804 moventur
714 1777 812 1804 adver-

37 1827 77 1848 sus
101 1824 220 1857 gentiles,
245 1824 390 1851 adversum
418 1830 468 1851 eos
493 1823 538 1858 qui
564 1822 634 1851 idola
657 1822 759 1855 colunt,
786 1825 814 1849 et

38 1867 111 1896 Deum
125 1870 322 1906 blasphemant,
337 1876 364 1899 et
377 1871 438 1899 illos
454 1878 508 1898 non
528 1870 656 1901 oderunt,
673 1876 722 1896 nec
737 1868 810 1895 iudi-

37 1921 141 1947 lillantur
153 1918 299 1946 adversum
312 1925 360 1945 eos
373 1926 381 1950 ;
397 1917 542 1945 adversum
561 1915 734 1943 Christianos
747 1921 811 1942 vero

38 1959 171 1991 insatiabili
186 1965 250 1992 odio
273 1964 408 1996 feruntur,
425 1963 471 1998 qui
492 1961 585 1997 utique
604 1961 710 1988 relictis
733 1960 812 1987 idolis

37 2006 65 2032 ad
77 2007 153 2036 Deum
173 2010 297 2038 conversi
317 2014 390 2037 sunt.
408 2008 475 2037 Cum
500 2015 567 2042 ergo
588 2006 690 2034 videris
703 2005 811 2033 Iudaeos

37 2052 89 2080 odio
100 2054 225 2084 habentes
241 2056 427 2084 Christianum
445 2060 472 2082 et
484 2054 649 2082 insidiantes
670 2053 708 2086 ei,
729 2051 811 2079 intel-

38 2097 81 2132 ιίιιε
95 2100 153 2134 Quia
169 2102 321 2137 completur
342 2101 483 2136 propltetia
509 2100 554 2127 illa
577 2106 638 2134 quae
656 2098 722 2126 dicit
743 2106 750 2124 :
776 2097 810 2124 Et

37 2152 76 2178 ego
91 2148 220 2176 concitabo
234 2156 279 2176 eos
301 2148 329 2174 in
354 2155 407 2174 non
426 2151 540 2182 gentem.
556 2144 611 2173 Nos
624 2144 696 2172 enim
717 2151 810 2171 sumus

38 2197 164 2226 "0“84303.
185 2195 232 2229 qui
253 2193 333 2228 pauci
357 2200 392 2221 ex
414 2192 465 2220 ista
484 2191 596 2219 civitate
615 2189 760 2222 credimus,
781 2193 809 2216 et
824 2188 848 2217 D

38 2235 77 2262 alii
102 2245 134 2265 ex
155 2239 218 2273 alia,
244 2244 273 2268 et
294 2246 430 2274 nusquam
458 2245 525 2274 gens
545 2236 652 2272 integra
675 2235 710 2262 ab
732 2235 810 2261 initio

37 2283 190 2314 credulitatis
204 2286 313 2314 videtur
328 2289 480 2320 assumpta.
503 2283 562 2311 Non
584 2282 658 2310 enim
675 2282 745 2310 sicut
759 2280 808 2309 Ju-

38 2326 142 2357 daeorutn
170 2339 236 2367 gens
266 2336 338 2365 erat,
368 2330 411 2359 vel
436 2329 629 2366 Egyptiorum
664 2335 741 2364 gens,
772 2328 809 2354 ita

37 2373 107 2402 etiam
119 2377 334 2406 Christianorum
349 2385 436 2413 genus
450 2384 517 2412 gens
533 2381 576 2404 est
591 2383 660 2407 una,
676 2374 717 2402 vel
737 2374 809 2401 inte-

38 2426 86 2453 ιη.
103 2423 147 2451 sed
161 2426 273 2460 sparsim
297 2432 331 2453 ex
356 2425 471 2460 singulis
490 2424 618 2459 gentibus
637 2422 720 2459 656
739 2429 807 2449 con-

38 2471 181 2501 gregantur.
200 2472 270 2500 Dicit
282 2479 359 2506 ergo.
379 2471 441 2506 quia
453 2469 508 2505 Ego
521 2471 549 2497 itt
565 2469 650 2496 zelum
666 2477 710 2496 eoa
729 2468 810 2495 indu-

39 2518 87 2538 εσκι
103 2514 128 2542 in
143 2525 192 2544 non
204 2524 314 2553 gentem,
339 2519 368 2546 iit
388 2523 489 2553 gentem
510 2517 677 2552 insipientem
696 2515 807 2543 irritabo

39 2563 85 2584 tot.
100 2558 130 2586 Et
143 2561 201 2590 ideo
214 2564 358 2591 irritantur
381 2563 408 2590 in
433 2571 492 2596 nos,
508 2567 536 2590 et
554 2562 617 2590 odio
640 2569 690 2588 nos
707 2561 808 2588 habent

40 2603 101 2630 velut
118 2613 221 2641 gentem
238 2610 426 2646 insipientem,
441 2610 565 2638 dicentes
581 2617 610 2636 se
625 2615 686 2635 esse
700 2607 809 2641 sapien-

40 2649 84 2678 ίθδσ
103 2654 225 2685 ‘luouiam
245 2656 355 2690 quidem
378 2655 476 2690 primis
499 2655 563 2689 ipsis
585 2653 733 2681 commissa
748 2655 811 2678 sunt

40 2691 132 2728 emtInia
149 2699 205 2733 Dei,
219 2707 244 2729 et
262 2702 423 2729 meditantes
439 2709 454 2728 a
471 2707 552 2735 puero
564 2707 651 2734 usque
672 2698 706 2725 ad
730 2703 808 2724 senc-

41 2743 127 2768 etutein
142 2743 223 2780 legem
239 2748 300 2781 Dei,
325 2749 351 2775 in
365 2748 452 2783 legem
474 2747 521 2774 Dei
538 2754 590 2774 non
606 2747 788 2781 pet-venerunt
801 2751 809 2776 ;

71 2828 115 2857 "l
137 2832 196 2862 Cor.
226 2843 254 2867 x,
273 2836 320 2863 Ἡ.
358 2836 379 2851 ¹¹
405 2835 490 2864 Exod.
513 2843 540 2869 x,
562 2834 589 2861 5.

145 2879 276 2913 Ριῖιιοι..
295 2882 355 2912 Gn.
373 2882 442 2913 XII.

629 2834 650 2850 "
673 2834 752 2861 Deut.
771 2839 857 2864 xxxtt,
871 2831 915 2858 21.

865 216 894 239 ιιι
907 210 1056 239 confundat
1081 209 1229 244 sapientes,
1243 214 1271 236 et
1285 210 1325 236 sic
1341 209 1470 244 impletur
1492 210 1565 245 quod
1582 211 1653 238 scri-

864 261 940 291 ptum
955 260 997 283 est
1012 264 1019 282 :
1040 255 1054 282 1
1058 264 1075 282 ιι
1090 261 1191 289 gentem
1208 255 1372 287 insipientem
1391 255 1502 282 irritubo
1528 264 1585 285 eos.
1599 258 1652 283 Sed

864 307 892 329 et
911 303 983 337 quod
1002 302 1069 329 dicit
1087 300 1233 337 Apostolus
1252 302 1297 328 ³³ε
1319 303 1358 328 An
1381 300 1540 329 aemulantur
1559 302 1651 329 Domi-

864 356 925 375 num
936 349 948 374 .’
960 347 1089 382 Nunquid
1099 343 1223 383 fortiores
1238 356 1329 375 sumus
1342 346 1389 375 illo
1404 348 1415 374 .9
1428 348 1569 376 videamus
1586 349 1652 384 quid

865 392 976 420 indicet.
996 392 1025 420 Ιιι
1043 401 1076 420 eo
1091 393 1149 420 loco
1171 394 1228 420 ha-c
1247 391 1327 425 dixit,
1340 391 1385 420 ubi
1399 393 1432 420 de
1451 392 1603 427 sacrificiis,
1626 399 1654 420 ot

864 440 896 466 de
912 436 954 466 his
973 447 1034 474 quae
1050 437 1130 466 idolis
1148 439 1337 472 immolantur,
1360 436 1491 474 disputat.
1511 438 1552 466 An
1569 446 1653 466 temu-

863 484 961 516 lnmur.
991 484 1040 517 ait,
1060 484 1213 517 Dominum,
1238 485 1291 513 hoc
1314 491 1356 513 est
1382 484 1441 512 zelo
1463 485 1651 518 concitamus,

863 529 976 558 edentes
993 537 1024 558 ea
1040 538 1101 565 qua:
1119 530 1197 558 idolis
1216 530 1355 558 imtnolata
1379 536 1453 563 sunt,
1471 529 1541 558 sicut
1562 530 1649 558 Iudici

864 575 952 603 zelum
968 575 1026 610 ejus
1039 581 1248 604 commoverunt
1271 577 1298 604 in
1319 573 1399 604 idolis
1421 577 1479 604 suis
1494 577 1506 604 τ
1524 575 1652 612 Nunquid

862 622 942 649 etiam
959 630 1009 649 nos
1023 622 1105 650 simili
1130 622 1211 650 modo
1233 622 1324 650 facere
1341 620 1487 650 volumus?
1505 622 1567 650 Ideo
1584 630 1651 658 ergo

863 668 921 696 ait:
939 668 980 695 Αη
1001 669 1160 696 wmulanmr
1183 669 1352 696 Dominum?
1376 668 1505 704 Nunquid
1528 669 1652 703 fortiores

863 714 910 740 illo
931 722 1022 741 sumus
1035 712 1049 742 3
1061 713 1118 741 lloc
1135 720 1178 741 est
1192 714 1263 749 quod
1280 714 1355 742 dicit.
1368 712 1395 741 Si
1405 714 1516 750 quidem
1529 713 1653 742 concite-

863 767 924 788 mus
943 760 1032 787 zelum
1048 760 1131 788 alicui
1147 761 1192 795 qui
1212 760 1325 788 inferior
1346 764 1388 787 est
1407 759 1515 788 viribus
1536 758 1650 791 nostris,

863 813 1006 841 possumus
1017 806 1099 834 facile
1113 811 1291 833 contemnere
1306 815 1314 839 ;
1328 806 1351 834 si
1369 813 1435 834 vero
1449 805 1546 834 fortem
1560 806 1654 834 conci-

862 856 952 880 temus
967 852 994 879 in
1011 852 1113 885 zelum.
1127 850 1248 887 nunquid
1260 860 1314 880 non
1327 853 1355 880 in
1370 852 1509 887 propriam
1524 852 1653 880 molimur

863 898 914 926 ista
933 898 1083 933 perniciem
1095 897 1106 924 ἓ
1118 897 1146 925 Si
1161 905 1227 933 ergo
1243 897 1380 925 vescimur
1396 898 1476 926 idolis
1492 897 1651 931 immolatis,

861 948 889 972 et
905 944 1049 971 adversum
1069 951 1119 971 nos
1134 943 1223 970 zelum
1241 942 1348 971 Domini
1365 943 1542 975 concitamus,
1557 942 1653 971 fortio-

862 997 919 1018 rem
938 990 1007 1018 irant
1022 994 1118 1017 contra
1132 997 1193 1022 nos,
1209 989 1235 1016 id
1252 993 1294 1017 est
1309 990 1342 1016 ad
1356 988 1497 1027 proprium
1513 989 1651 1017 interitum

861 1043 1053 1072 provocamus.
1069 1035 1098 1064 Si
1117 1036 1226 1071 quando
1242 1043 1308 1071 ergo
1324 1036 1426 1063 videris
1447 1036 1585 1064 hominem
1601 1043 1651 1063 ne-

860 1089 954 1117 quam,
968 1082 1094 1114 observa,
1109 1086 1137 1109 et
1152 1088 1220 1109 cave
1236 1089 1270 1109 ne
1284 1085 1373 1108 zelum
1390 1080 1451 1116 ejus
1469 1081 1591 1109 concites
1602 1082 1650 1108 ad-

861 1135 968 1156 versum
990 1132 1026 1161 te,
1048 1135 1082 1155 ne
1095 1128 1160 1162 quid
1175 1128 1288 1155 incaute
1310 1126 1408 1160 facias,
1430 1127 1501 1154 unde
1528 1125 1650 1161 nequitia

861 1173 1024 1200 concitetur.
1040 1172 1122 1201 Verbi
1138 1180 1234 1204 causa,
1257 1177 1286 1200 ut
1309 1181 1358 1207 per
1372 1172 1526 1207 exemplum
1542 1170 1651 1207 planius

860 1219 910 1247 ﬂat
925 1219 998 1254 quod
1014 1219 1125 1252 dicitur,
1141 1219 1238 1247 beatus
1263 1219 1348 1246 David
1365 1218 1431 1246 Saul
1454 1218 1649 1253 malignantem

861 1265 1014 1293 concitavit
1030 1265 1057 1292 in
1075 1265 1174 1297 zelum,
1191 1265 1300 1300 quando
1315 1264 1452 1300 processit
1469 1269 1532 1291 ante
1545 1262 1651 1291 exerci-

862 1315 939 1342 tum,
963 1314 991 1338 et
1015 1310 1117 1338 occidit
1142 1310 1271 1342 Goliam,
1298 1314 1325 1337 et
1351 1314 1547 1344 processerunt
1573 1307 1650 1336 clmri

862 1357 1013 1392 puellarum
1026 1360 1054 1383 et
1073 1355 1217 1383 mulierum
1231 1356 1356 1383 dicentes
1372 1355 1395 1371 “
1409 1364 1416 1382 :
1435 1353 1571 1382 Percussit
1586 1353 1652 1382 Saul

862 1402 890 1430 in
908 1401 1035 1432 millibus.
1053 1405 1078 1428 et
1095 1400 1181 1428 David
1199 1401 1226 1428 in
1246 1401 1334 1428 decem
1359 1401 1484 1428 millibus.
1502 1401 1579 1434 Quod
1600 1401 1652 1428 uti-

862 1455 916 1483 que
937 1448 960 1474 si
982 1446 1075 1474 studio
1093 1454 1143 1474 suo
1168 1446 1270 1481 egisset
1287 1446 1383 1480 David,
1397 1447 1540 1476 acinulatus
1555 1447 1653 1476 fuisset

864 1493 891 1521 in
912 1493 1080 1528 malignitate
1096 1492 1171 1520 Saul.
1189 1492 1243 1520 Sed
1261 1500 1335 1520 ttunc
1354 1500 1409 1520 non
1432 1501 1481 1521 suo
1498 1493 1587 1522 studio
1608 1493 1652 1520 fa-

863 1543 939 1566 ctum
951 1544 994 1566 est
1006 1543 1035 1565 ιιι
1047 1538 1155 1566 exirent
1166 1538 1243 1566 chori
1254 1538 1417 1574 puellarum,
1425 1542 1453 1566 et
1465 1538 1652 1573 hujuscemodi

863 1585 992 1621 hymnum
1009 1585 1144 1618 dicereut,
1166 1585 1232 1620 quia
1253 1585 1338 1613 David
1360 1585 1498 1620 percussit
1516 1585 1542 1612 in
1558 1585 1651 1613 decem

864 1630 996 1663 millibus,
1021 1635 1048 1657 et
1069 1631 1134 1658 Saul
1161 1631 1188 1658 itt
1214 1630 1343 1660 tnillibus.
1365 1630 1423 1659 Hoc
1443 1635 1563 1666 estergo
1580 1633 1652 1666 quod

864 1684 915 1704 nos
931 1677 1026 1704 edocet
1043 1677 1177 1712 psalmus,
1201 1681 1231 1704 ut
1254 1677 1383 1712 quoniam
1405 1685 1491 1712 genus
1512 1678 1651 1706 hominum

865 1722 986 1758 proclive
1002 1727 1045 1749 est
1060 1722 1094 1750 ad
1109 1723 1286 1757 zelotypiam,
1307 1726 1335 1749 et
1357 1722 1487 1758 perfacile
1504 1724 1538 1750 ad
1556 1724 1653 1751 vitium

863 1768 935 1796 istud
951 1769 1111 1801 inclinatur,
1127 1769 1244 1796 observa
1267 1775 1300 1795 ne
1324 1768 1350 1795 id
1375 1775 1451 1802 agas,
1469 1768 1540 1803 quod
1566 1769 1651 1803 malos

865 1814 989 1842 homines
1004 1814 1030 1841 iit
1047 1813 1250 1841 aemulationem
1266 1814 1303 1840 tui
1317 1814 1416 1848 irritet,
1429 1819 1456 1842 et
1470 1815 1503 1841 ad
1516 1815 1651 1842 insidian-

863 1862 928 1889 duttt
948 1860 995 1888 tibi
1012 1860 1142 1893 concitet,
1158 1860 1199 1887 vel
1213 1860 1246 1887 ad
1262 1859 1354 1887 odium
1372 1860 1408 1887 tui
1426 1859 1539 1887 excitet.
1562 1859 1593 1888 Et
1609 1866 1653 1888 est

863 1908 915 1934 hoc
928 1912 1014 1934 totunt
1028 1907 1100 1942 quod
1120 1907 1292 1942 significatur
1309 1906 1336 1933 in
1353 1906 1396 1933 his
1409 1906 1546 1939 omnibus,
1560 1911 1590 1934 ut
1609 1915 1653 1934 tte-

863 1959 916 1987 que
932 1951 989 1987 ipse
1007 1959 1140 1987 provoces
1154 1951 1218 1978 tuali
1234 1950 1437 1979 aemulationem
1454 1950 1598 1979 adversum
1613 1958 1651 1984 te,

863 2006 951 2033 neque
976 2003 1004 2026 tu
1025 1997 1175 2033 nequitiam
1198 1996 1336 2025 azmuleris
1359 1997 1487 2024 alienam.
1511 1996 1649 2030 Quomodt.

862 2052 929 2080 ergo
958 2045 1040 2072 homo
1073 2044 1222 2080 nequitiam
1252 2043 1397 2071 simulatur
1422 2043 1561 2072 alterius?
1586 2043 1651 2072 Sine

863 2091 946 2118 dubio
963 2098 1024 2118 cum
1037 2091 1131 2118 eadem
1145 2090 1211 2125 agit.
1227 2089 1305 2123 Quod
1319 2094 1411 2117 autem
1431 2090 1503 2122 dico,
1527 2090 1584 2118 tale
1599 2096 1652 2118 est:

863 2137 892 2164 Si
909 2137 971 2172 quis
983 2137 1020 2164 sit
1033 2144 1082 2172 per
1094 2136 1266 2172 iniquitatem
1282 2136 1357 2163 dives
1371 2135 1458 2163 iactus
1472 2143 1505 2163 ex
1521 2143 1651 2171 paupere,

862 2182 886 2210 si
903 2183 939 2210 sit
961 2182 1068 2210 vicinus
1084 2181 1143 2217 ejus
1167 2189 1262 2216 egens.
1286 2186 1314 2209 et
1339 2182 1429 2209 videat
1449 2181 1524 2210 illum
1547 2183 1591 2217 qui
1619 2184 1653 2211 de

864 2234 938 2256 terra
958 2228 1094 2260 surrexit,
1115 2233 1143 2255 et
1162 2228 1195 2255 ad
1216 2227 1372 2255 divitiarum
1389 2229 1494 2256 culmen
1518 2229 1653 2263 ascendit,

865 2281 893 2303 et
911 2275 1024 2310 incipiat
1040 2275 1161 2302 annulari
1176 2279 1205 2302 ut
1217 2274 1345 2302 similiter
1361 2275 1446 2302 etiam
1471 2275 1528 2309 ipse
1546 2283 1579 2302 ex
1599 2276 1652 2303 ini-

864 2320 1104 2356 quitatediiescat,
1123 2320 1174 2348 huc
1187 2324 1230 2347 est
1248 2320 1371 2347 amulari
1391 2319 1524 2348 facientes
1547 2321 1650 2356 iniqui-

865 2371 960 2395 tatem.
981 2366 1034 2394 Sed
1048 2371 1075 2394 et
1089 2367 1111 2394 si
1128 2367 1190 2401 quis
1204 2374 1266 2394 eum
1281 2366 1328 2402 qui
1342 2365 1384 2394 vel
1407 2365 1516 2394 furtivis
1537 2368 1651 2402 stupris,

863 2420 906 2448 vel
933 2420 1036 2448 illicitis
1059 2420 1205 2448 conatibus
1229 2420 1300 2447 ultra
1324 2419 1415 2447 locum
1437 2424 1466 2447 et
1496 2427 1652 2447 mensuram

861 2482 939 2503 suam
965 2473 1073 2501 invadit
1098 2472 1219 2507 nuptias,
1247 2472 1354 2504 domos,
1380 2471 1506 2503 divitias,
1529 2470 1651 2498 amulari

862 2527 940 2560 velit,
956 2526 1098 2554 aemulatus
1113 2530 1157 2554 est
1167 2524 1298 2553 facientes
1314 2524 1497 2559 iniquitatem.
1509 2522 1569 2550 Jam
1587 2531 1654 2551 vero

862 2587 910 2608 eos
922 2580 970 2615 qui
984 2586 1033 2615 per
1047 2579 1154 2607 diversa
1173 2577 1285 2613 flagitia,
1299 2576 1342 2604 vel
1361 2575 1487 2610 indignas
1502 2579 1584 2610 atque
1596 2575 1652 2602 illi-

861 2635 931 2662 citas
954 2633 1119 2661 ambitiones
1144 2632 1178 2659 ad
1206 2630 1341 2659 immerita
1370 2629 1506 2657 bonorum
1533 2627 1653 2656 culmina

862 2690 1060 2723 pervenerunt,
1072 2690 1100 2713 et
1110 2684 1211 2719 iniquis
1226 2683 1391 2711 factionibus
1403 2681 1444 2710 vel
1459 2681 1581 2709 cruentis
1594 2689 1652 2708 ma—

864 2740 944 2768 nibus
962 2739 1080 2767 honores
1093 2745 1146 2765 non
1164 2736 1216 2764 sibi
1234 2735 1340 2764 debitos
1349 2739 1544 2770 ~occuparunt,
1563 2734 1613 2762 hos
1629 2733 1652 2762 si

955 2829 978 2845 ’³
995 2828 1079 2858 lCor.
1097 2834 1124 2859 x,
1139 2825 1185 2853 22.
1223 2825 1246 2840 ⁸³
1259 2823 1268 2851 l
1282 2824 1347 2860 Reg.
1368 2830 1445 2854 xvut,
1468 2822 1483 2848 7

1381 2869 1421 2899 Ιι2
