1885 3053
257 57 268 82 f
273 56 325 84 523

251 161 323 190 latus
337 169 379 191 est
396 164 528 194 facientes
544 167 726 202 iniquitatem.

284 229 312 256 2.
334 230 479 266 Propterea
494 239 557 267 ergo
572 234 697 262 mandato
715 236 819 265 Domini
836 239 1032 276 illuminamur,

250 279 289 306 ut,
308 281 368 302 cum
389 277 570 305 zentulationis
594 278 695 308 illicitas
713 281 820 310 ﬂamma
839 291 888 312 cor
910 292 1032 315 nostrum

248 324 421 356 mentemque
437 322 597 356 pulsaverit,
614 332 663 353 nos
681 326 773 355 verbis
786 328 872 356 edocti
891 331 1030 360 dicamus:

197 379 203 389 ι
246 363 273 391 Si
285 365 406 393 aemulari
427 367 537 396 voluero
559 369 630 396 inter
654 371 846 407 malignantes,
872 380 919 403 aut
948 385 1032 405 temu-

244 409 316 436 latns
332 409 409 437 fuero
427 411 560 441 iacientes
574 414 760 450 iniquitatem,
777 418 837 447 vide
852 421 916 455 quid
930 429 1029 457 sequa-

244 459 309 481 tur:
328 454 401 483 Sirut
424 458 524 492 fenum,
539 460 628 495 inquit
644 462 677 496 ",
693 464 745 490 cito
765 471 894 499 arescent,
915 472 940 494 et
961 469 1029 496 sicut

242 499 312 526 olera
331 502 471 529 herbarum
502 504 555 531 cito
584 505 716 535 decident.
739 509 788 537 Vis
809 511 891 538 etiam
916 513 1029 541 alterius

239 546 380 580 prophetm
403 548 438 575 de
464 549 562 577 talibus
587 552 699 580 monitis
719 555 886 583 auctoritate
903 558 1028 585 muniri?

239 593 308 620 Audi
324 594 388 628 quid
404 595 485 622 etiam
498 596 583 625 Isaias
596 599 630 626 de
648 600 721 627 omni
734 601 819 636 gloria
835 603 939 631 carnali
962 612 1025 640 pro-

238 640 366 667 nuntiet:
390 640 493 674 Ontnir,
517 643 605 678 inquit
631 644 664 678 ³⁸,
690 654 751 673 caro
777 647 878 682 fenum,
898 654 921 676 et
939 651 1024 678 omnis

237 685 323 719 gloria
337 686 396 719 ejus
421 690 448 712 ut
472 687 524 721 [los
547 688 611 722 feni.
633 689 677 718 Vis
700 691 783 718 etiam
798 699 847 727 per
864 694 969 729 singula
984 697 1024 723 vi-

237 731 302 758 dere
323 733 458 766 quomodo
485 734 534 761 llos
558 734 611 762 feni
637 735 673 762 sit
694 737 785 765 carnis
809 738 895 772 gloria
915 740 927 767 i
956 739 1023 769 Vide

235 777 297 810 quis
312 777 458 812 imperavit
480 784 544 807 ante
563 780 614 808 hos
637 782 746 817 triginta
770 791 866 817 annos,
887 787 1022 820 quomodo

235 822 378 857 imperium
393 825 452 859 ejus
465 825 582 854 ellloruit
599 836 605 854 :
620 828 749 856 continuo
770 834 859 857 autem
884 831 954 859 sicut
971 832 1020 861 ﬂos

235 869 287 896 feni
317 871 476 904 emarcuit,
505 877 570 901 tunc
601 874 697 902 deinde
729 875 797 903 alius
823 882 884 912 post
912 878 1018 913 ipsum,

234 915 332 942 deinde
346 916 415 944 alius
427 921 508 953 atque
524 919 604 954 alius,
618 921 664 955 qui
680 921 777 949 deinde
793 923 886 956 duces,
904 929 931 952 et
944 925 1018 959 prin-

232 961 326 994 cipes:
343 966 370 989 et
386 963 474 991 omnis
490 971 584 991 eorum
605 964 690 1001 gloria
706 970 733 994 et
747 967 833 996 honor
854 977 906 997 non
930 970 1017 998 solum

233 1011 361 1041 tanquam
376 1007 425 1036 llos
444 1010 587 1042 emarcuit,
603 1018 696 1038 verum
713 1013 796 1040 etiam
815 1017 943 1049 tanquam
958 1016 1017 1051 pul-

229 1052 272 1079 vis
288 1052 380 1080 aridus
402 1057 429 1081 et
445 1061 460 1080 a
483 1059 565 1082 vento
583 1055 722 1090 dispersus
745 1065 778 1085 ne
798 1059 939 1094 vestigium
953 1061 1016 1096 qui-

227 1097 290 1125 dem
309 1098 351 1126 sui
370 1098 488 1134 reliquit.
506 1100 558 1128 Alii
573 1101 655 1128 etiam
676 1103 778 1131 divitiis
790 1104 866 1137 elati,
884 1109 911 1132 et
927 1106 1014 1134 hono-

228 1143 305 1170 ribus
324 1145 433 1178 tumidi,
447 1146 590 1175 studentes
615 1147 658 1174 vel
677 1148 827 1178 laudabiles
850 1150 944 1179 haberi
966 1160 1014 1187 per

228 1187 384 1216 simulatam
418 1190 579 1223 bonitatem,
601 1192 643 1219 vel
659 1194 842 1223 exsecrabilcs
863 1204 911 1231 per
934 1197 1012 1226 indo-

221 1234 321 1261 mitam
342 1235 541 1263 crudelitatem.
564 1236 684 1270 Quorum
706 1240 729 1266 si
751 1241 813 1275 quis
834 1249 904 1269 vana
922 1244 1010 1272 studia

225 1279 364 1306 existimat
377 1281 539 1314 aemulanda,
555 1288 599 1310 eat
615 1291 686 1311 nunc
698 1285 733 1312 ad
745 1286 907 1315 cadaverum
916 1296 1009 1317 eorum

220 1324 363 1358 reliquias,
380 1325 402 1352 si
422 1329 511 1353 tamen
533 1326 575 1354 vel
598 1327 662 1362 ipsa!
685 1330 803 1358 inveniri
820 1338 941 1367 queant;
958 1334 1008 1362 all-

218 1369 335 1403 quantis
361 1369 432 1396 enim
457 1377 490 1397 ne
514 1371 564 1399 hoc
588 1373 696 1407 quidem
722 1382 881 1405 concessum
905 1385 1009 1409 estzet

224 1419 287 1441 tunc
310 1415 429 1443 inveniet
450 1418 586 1450 quomodo
606 1420 693 1446 omnis
723 1428 786 1448 caro
806 1422 895 1457 fenum
915 1430 962 1458 est,
983 1431 1006 1453 et

939 68 985 96 EX
1003 68 1153 99 ORIGENE

252 116 314 149 quis
323 116 416 144 videns
429 119 585 149 adsimilem
611 121 785 152 nliammetnr
795 125 939 160 insaniam,
953 136 1036 156 aaum-
1050 134 1072 162 Α
1087 131 1188 159 dabilia
1204 133 1289 167 olera,

1793 87 1843 117 ιδξι

1313 143 1373 170 qua;
1395 144 1444 172 per
1460 144 1626 175 praeceptum
1649 142 1767 178 Apostoli
1784 153 1843 174 man-

1087 177 1328 214 ducarejubentur
1351 182 1462 213 infirmi.
1488 185 1549 213 Alia
1571 177 1746 217 autemsunt
1761 191 1811 225 illa,
1826 200 1844 220 et

1085 223 1127 249 his
1155 226 1310 260 contraria,
1336 228 1370 256 de
1402 230 1502 264 quibus
1535 233 1636 260 dicitur
1664 235 1736 269 quod
1760 223 1843 264 ﬂumina

1084 268 1194 304 (Egypti
1219 279 1288 306 aqua
1313 274 1350 301 sit
1366 275 1493 303 deorsum
1519 268 1707 314 descendens,
1728 286 1754 308 et
1773 282 1843 318 rigans

1082 315 1152 342 sicut
1179 317 1286 344 hortum
1309 320 1414 347 olerum
1428 321 1450 338 ³³
1471 331 1478 350 ;
1496 330 1549 357 quo
1572 324 1701 353 videlicet
1724 315 1842 363 Egyptius

1083 369 1136 388 non
1152 363 1233 391 arbor
1249 365 1368 399 dicatur,
1384 369 1431 395 sed
1450 376 1483 396 ne
1498 371 1560 398 vitis
1573 373 1682 407 quidem
1703 377 1842 409 nominetur,

1081 407 1128 434 sed
1146 409 1218 436 olera
1243 418 1303 445 quze
1322 412 1378 440 cito
1403 414 1540 444 deliciunt.
1565 417 1596 445 Et
1612 419 1653 446 vis
1679 420 1767 448 videre
1781 430 1842 457 quam

1080 453 1134 498 cito
1147 454 1291 491 Egyptius
1306 458 1431 487 decidat?
1448 461 1513 490 Vide
1526 464 1590 498 quid
1611 465 1720 494 dicatur
1733 468 1763 495 de
1778 453 1812 495 eis
1823 469 1841 496 iu

1080 496 1174 526 Exodo
1185 500 1219 527 ⁵ο.
1233 500 1354 537 Ᾱῖεγριίί
1370 509 1461 532 autem
1484 496 1694 545 festinaverunt,
1709 512 1797 547 inquit,
1810 515 1841 542 de-

1078 544 1273 579 colligaverunt
1288 555 1352 576 axes
1364 557 1438 583 suos,
1451 557 1478 579 et
1494 553 1549 581 cito
1567 544 1696 589 fugerunt
1717 544 1765 584 su-b
1777 544 1841 593 aqua.

1077 589 1152 617 Sicut
1167 591 1239 619 olera
1261 600 1326 627 ergo
1341 595 1486 624 herbarum
1511 599 1565 626 cito
1585 600 1724 629 decident.
1744 589 1842 639 Denique

1075 640 1102 661 et
1124 635 1217 663 Achab
1237 637 1283 665 ille
1299 639 1406 674 iniquus
1427 643 1555 676 quoniam
1573 645 1636 672 talia
1657 647 1734 674 olera
1750 635 1842 683 parabat

1075 680 1197 715 plantare
1220 683 1246 711 in
1265 685 1341 714 vinea
1370 686 1477 715 Naboth
1499 688 1671 719 Jezrahelita:
1689 692 1724 725 “,
1750 680 1843 729 propter

1073 729 1143 762 quod
1159 729 1316 760 Nabutheus
1338 734 1424 768 magis
1440 736 1508 762 mori
1530 736 1622 770 elegit,
1644 745 1728 772 quam
1746 741 1842 774 permit-

1074 778 1130 801 tere
1145 779 1174 802 ut
1188 777 1279 805 excisa
1296 779 1373 806 vinea
1388 780 1535 809 Israelitica
1557 782 1633 810 olera
1655 784 1841 819 plantarentur.

1072 819 1147 847 Fecit
1162 829 1227 855 ergo
1241 823 1292 850 hoc
1305 827 1435 859 tanquam
1450 825 1550 860 justus,
1565 832 1594 854 ut
1616 835 1669 855 non
1687 831 1844 864 permitteret

1070 865 1157 892 excidi
1181 867 1286 895 vineam
1301 869 1424 903 iustitiae,
1445 871 1525 905 cujus
1539 871 1643 901 fruetus
1665 873 1786 902 laetificat
1806 884 1844 903 cor

1070 910 1203 944 hominis,
1227 920 1287 939 cum
1311 915 1338 941 in
1363 915 1502 950 sapientiae
1528 922 1635 946 cratere
1664 920 1803 955 miscetur,
1824 929 1844 949 et

1069 956 1183 990 planturi
1198 958 1273 986 olera
1295 960 1458 996 iniquitatis,
1482 963 1610 991 velociter
1631 965 1790 1001 viridantia,
1805 968 1844 995 sed

1068 1003 1187 1031 velocius
1202 1006 1367 1034 arescentia.
1391 1007 1460 1036 Puto
1475 1017 1540 1045 ergo
1554 1011 1627 1046 quod
1651 1013 1738 1040 etiam
1759 1015 1785 1041 in
1801 1022 1842 1042 uo-

1066 1051 1131 1076 su-is
1155 1050 1283 1079 cordibus
1303 1053 1349 1087 qui
1367 1054 1503 1083 credimus
1528 1056 1676 1090 Salvatori,
1702 1060 1740 1086 sit
1765 1060 1842 1095 aliqua

1065 1095 1142 1122 vinea
1167 1096 1299 1131 plautata,
1321 1099 1392 1126 sicut
1410 1100 1529 1128 dixit":
1551 1101 1633 1130 Vinea
1656 1104 1733 1138 facta
1749 1112 1786 1132 ut
1807 1107 1843 1133 di-

1064 1140 1128 1166 lecto
1145 1141 1172 1167 in
1187 1150 1278 1176 cornu,
1292 1143 1321 1170 in
1335 1144 1393 1171 loco
1408 1145 1490 1174 uberi.
1515 1146 1569 1174 Sed
1583 1152 1610 1175 et
1624 1149 1657 1175 ad
1676 1149 1738 1177 illus
1754 1151 1843 1177 dictum

1063 1190 1104 1213 est
1118 1187 1216 1220 quibus
1236 1195 1326 1216 sermo
1351 1189 1398 1217 Dei
1416 1190 1504 1218 factus
1527 1197 1568 1219 est
1592 1193 1710 1227 primum
1730 1195 1763 1228 ⁸³,
1789 1199 1843 1230 quia

1060 1230 1116 1266 Ego
1131 1231 1247 1266 plantaui
1269 1239 1293 1261 te
1320 1235 1420 1263 vineam
1447 1241 1529 1264 totout
1555 1237 1680 1271 feracem.
1708 1240 1756 1268 Est
1788 1250 1845 1278 ergo

1061 1277 1139 1304 nobis
1153 1277 1229 1305 vinea
1245 1280 1366 1314 quaedam
1382 1289 1415 1308 ex
1437 1289 1490 1317 qua
1507 1283 1624 1313 fructum
1648 1286 1786 1319 scicntize,
1804 1289 1843 1323 qui

1060 1323 1178 1352 lmtilicat
1199 1333 1247 1353 eor
1272 1327 1397 1361 hominis,
1421 1337 1470 1364 per
1493 1330 1594 1358 donum
1619 1334 1766 1368 sapientia:
1789 1342 1843 1369 pre-

1059 1367 1158 1396 mimus
1182 1369 1210 1397 iu
1236 1371 1417 1400 torcularibus
1442 1367 1659 1410 Seripturarum,
1676 1385 1740 1404 cum
1759 1378 1843 1414 perfe-

1057 1412 1127 1440 ctius
1143 1419 1171 1441 et
1195 1414 1274 1444 latius
1301 1417 1391 1445 divina
1418 1420 1484 1454 legis
1513 1422 1643 1456 mysteria
1673 1412 1841 1451 contuemur.

218 1462 305 1489 omni,
330 1462 414 1496 gloria
436 1465 494 1498 ej",
516 1469 543 1490 ω
566 1465 617 1499 βω
638 1464 702 1499 feni.
731 1465 846 1496 Eram“
871 1469 959 1504 {suum
979 1468 1041 1499 ac
1058 1459 1110 1486 Sed
1128 1461 1333 1495 proﬁcientibus
1359 1465 1437 1493 nobis
1463 1466 1490 1493 in
1515 1468 1623 1499 studiis,
1649 1474 1678 1496 et
1697 1468 1841 1498 Israelitico

214 1508 270 1542 ﬂos
285 1508 342 1542 ejus
357 1509 455 1536 decidit
471 1510 505 1538 ³⁷.
523 1510 574 1544 Qui
589 1516 678 1539 autem
700 1520 753 1540 non
770 1514 858 1551 diligit
879 1515 1004 1546 ﬂosculos

219 1555 321 1587 carnis,
348 1562 435 1590 neque
461 1557 612 1586 carnaliter
632 1559 708 1592 vivit,
728 1560 776 1588 sed
790 1561 878 1598 diligit
892 1565 1003 1593 verbum

219 1600 278 1632 Dei,
295 1601 362 1628 etin
378 1601 436 1636 ipso
451 1602 571 1637 proficit,
588 1604 649 1632 audi
663 1605 729 1640 quid
741 1611 833 1641 speret
848 1616 855 1635 :
879 1607 1001 1644 Verbum,

218 1646 307 1681 inquit
323 1647 356 1680 ³⁸,
377 1646 483 1676 Domini
503 1654 591 1677 manet
615 1650 642 1676 in
665 1655 803 1680 temnunt.
825 1652 879 1681 Sed
904 1660 931 1682 et
951 1656 1002 1684 hoc

218 1693 305 1728 ipsum
329 1694 401 1729 quod
422 1695 472 1728 ait,
493 1695 556 1730 quia
584 1697 652 1724 sicut
673 1697 762 1732 fenum
782 1699 835 1726 cito
867 1708 999 1737 arescent,

217 1739 397 1774 malignantes
410 1740 525 1774 scilicet,
540 1749 593 1769 non
607 1743 728 1771 arbitror
736 1745 851 1772 otiosum
866 1754 915 1774 cur
936 1747 1000 1776 feno

208 1792 261 1812 eos
280 1787 489 1820 comparaverit,
517 1795 578 1814 cum
601 1787 694 1823 utique
708 1794 740 1825 et
761 1790 813 1818 alia
829 1793 914 1826 possit
937 1800 999 1822 esse

215 1831 339 1864 materia,
355 1831 398 1858 cui
413 1838 605 1867 comparentur
617 1833 644 1860 hi
661 1834 706 1868 qui
721 1835 855 1865 malitiose
869 1843 996 1872 egerunt.

207 1875 316 1903 fFenLtm
344 1882 481 1904 mutorum
498 1882 526 1904 et
541 1878 771 1907 irrationabilium
783 1882 941 1911 animalium
954 1885 996 1912 ci-

212 1922 264 1950 bus
278 1927 330 1950 est.
345 1922 481 1951 Fortassis
503 1931 567 1959 ergo
585 1931 634 1958 pro
648 1932 680 1953 eo
697 1926 767 1960 quod
790 1934 885 1957 omnes
906 1930 993 1964 stulti,

203 1973 237 1996 -et
252 1969 377 2004 imperiti,
401 1974 428 1996 et
451 1971 498 2004 qui
523 1975 618 1998 contra
638 1972 774 2001 rationem
788 1977 815 2001 et
828 1976 991 2010 sapientiam

212 2014 258 2042 Dei
285 2015 389 2047 vivunt,
417 2020 569 2050 sequuntur
593 2023 640 2044 eos
665 2018 711 2052 qui
736 2018 762 2046 in
787 2019 890 2048 malitia
916 2021 992 2057 prin-

203 2058 285 2094 eipes
299 2065 371 2093 sunt,
388 2065 415 2087 et
429 2068 460 2087 ex
477 2060 584 2088 illorum
602 2062 657 2089 vita
672 2063 715 2091 vel
729 2065 835 2093 actibus
857 2068 930 2095 vesci
949 2067 990 2095 di-

202 2110 318 2138 cuntur,
334 2106 432 2140 quibus
446 2110 473 2134 et
487 2107 626 2140 obediunt,
645 2108 748 2137 idcirco
763 2117 810 2139 eos
826 2111 890 2139 feno
915 2120 989 2141 com-

202 2151 325 2187 .vparavit.
339 2150 424 2179 Nemo
443 2151 515 2179 enim
535 2153 654 2187 prudens
677 2153 709 2181 ab
731 2154 782 2183 illis
802 2157 884 2184 sumit
898 2165 989 2186 exem-

201 2196 504 2232 .plum.Nam,sicutvir
514 2197 630 2232 prudens
637 2199 684 2234 qui
699 2200 866 2230 auditverba
881 2203 988 2233 Domini

199 2247 234 2270 tet
257 2242 322 2270 facit
341 2251 384 2277 ea,
410 2243 460 2270 iste
481 2248 525 2271 est
547 2245 593 2280 qui
618 2246 764 2274 mandueat
787 2255 884 2282 panem
911 2249 986 2278 illum

199 2288 284 2324 657
296 2289 343 2324 qui
365 2290 397 2317 de
413 2289 480 2318 coelo
495 2289 643 2325 descendit,
659 2297 686 2320 et
700 2291 779 2321 Iesus
797 2298 839 2322 est
855 2294 932 2323 cibus
949 2296 985 2330 ei,

203 2341 253 2369 pro
273 2341 306 2362 eo
322 2335 394 2369 quod
416 2342 449 2362 ex
471 2336 561 2364 verbis
584 2337 642 2372 ejus
667 2339 796 2373 pascitur,
813 2345 840 2368 et
864 2341 890 2368 in
911 2348 987 2369 man-

201 2381 272 2409 datis
289 2380 347 2415 ejus
362 2381 442 2410 vivit:
464 2380 589 2410 similiter
602 2387 629 2411 et
642 2383 670 2411 hi
690 2384 738 2419 qui
755 2385 782 2412 in
799 2385 901 2414 malitia
921 2387 987 2415 emi-

191 2416 307 2460 ‘nentes,
321 2428 391 2455 sicut
407 2427 497 2456 fenum
518 2428 672 2458 efﬁciuntur
694 2416 728 2458 iis
743 2431 789 2465 qui
812 2431 865 2460 sibi
881 2434 984 2461 obtem-

200 2478 304 2509 perant,
317 2473 358 2501 vel
380 2474 579 2503 atmulationem
594 2476 636 2503 sui
653 2475 687 2503 ad
705 2477 852 2510 nequitiam
875 2484 982 2513 gerunt.

199 2517 304 2546 Similia
328 2523 419 2546 autem
433 2520 515 2547 etiam
533 2520 567 2547 de
583 2520 703 2548 oleribus
719 2521 867 2549 herbarum
885 2523 983 2551 intelli-

197 2565 284 2599 genda
303 2570 375 2598 sunt,
389 2565 487 2600 quibus
500 2571 692 2600 comparantur
707 2567 733 2594 lii
750 2567 794 2602 qui
814 2568 914 2596 faciunt
931 2570 982 2598 iui-

198 2609 327 2642 quitatem
351 2617 399 2644 pro
422 2617 455 2637 eo
477 2611 547 2645 quod
567 2610 698 2639 velociter
722 2616 870 2640 transeant.
899 2613 979 2642 lnve~

194 2654 286 2682 nimus
302 2660 390 2682 tamen
407 2655 433 2682 in
450 2655 597 2690 Scripturis
612 2656 710 2684 divinis
727 2657 860 2686 interdum
874 2665 902 2687 et
920 2660 978 2687 lau-

249 2724 273 2740 ιι
290 2723 360 2752 ρεθι,
383 2733 476 2757 xxxv],
492 2726 518 2753 2.
558 2727 580 2742 ³⁵
606 2725 668 2753 lsai.
690 2735 734 2759 ιιι..
758 2728 784 2756 6.
825 2729 846 2745 ¹⁷
862 2730 927 2759 illiti.
942 2731 967 2758 7.

210 2765 267 2785 ut.
302 2759 328 2796 _“
344 2759 394 2787 lsa.
411 2767 437 2793 v,
451 2761 477 2788 l.
515 2761 537 2776 "
555 2760 656 2789 Jermn.
672 2770 708 2796 ιι,
729 2762 772 2791 21.

194 2801 286 2826 (un,
301 2794 327 2821 3.

1009 2733 1031 2748 ⁸⁸
1046 2734 1109 2760 ibid.
1124 2735 1150 2761 8.

812 2764 834 2780 “
854 2764 912 2792 Gal.
940 2774 987 2800 ιιι,
1003 2767 1029 2794 5.
1069 2769 1091 2784 ⁸⁸

1055 1506 1134 1534 oculo
1163 1507 1196 1534 ad
1227 1510 1336 1537 oculum
1369 1511 1517 1546 spiritalem
1552 1514 1745 1546 tendentibus.
1776 1517 1841 1544 venit

1054 1551 1148 1580 Achab
1172 1553 1281 1589 iniquus
1304 1559 1330 1582 et
1355 1555 1463 1591 impius,
1486 1558 1579 1585 Achab
1607 1559 1739 1588 inimicus
1763 1562 1842 1589 vinet-

1054 1601 1164 1630 nostrae,
1184 1603 1212 1626 et
1232 1599 1374 1629 adversum
1392 1603 1494 1637 optima
1518 1605 1604 1631 studia
1623 1605 1681 1633 haec
1706 1609 1843 1642 sapientia

1053 1643 1182 1671 invidiam
1203 1645 1334 1680 concitat,
1364 1648 1506 1676 tumultum
1530 1657 1699 1684 comnmvet,
1727 1653 1805 1680 dolus
1820 1659 1843 1680 et

1051 1686 1186 1716 factiones
1201 1697 1249 1724 per
1264 1689 1383 1725 Jezabel,
1407 1693 1459 1721 hoc
1484 1699 1541 1727 est,
1566 1703 1614 1731 per
1639 1699 1784 1726 carnalem
1799 1690 1843 1726 sa-

1050 1733 1179 1768 pientiam
1196 1735 1316 1770 instruit,
1331 1742 1359 1765 et
1378 1739 1435 1766 vult
1451 1740 1540 1768 excidi
1558 1742 1666 1770 vineam
1695 1744 1780 1772 istam
1797 1747 1845 1780 spi-

1049 1779 1137 1807 ritalis
1158 1781 1356 1816 intelligentiae,
1379 1788 1406 1811 et
1430 1785 1549 1820 plantari
1575 1788 1663 1821 olera,
1688 1790 1718 1818 id
1737 1779 1844 1824 est,7ut

1048 1832 1108 1860 qua:
1131 1825 1253 1860 legimus,
1269 1827 1414 1855 carnaliter
1442 1830 1647 1866 intelligamus:
1668 1835 1746 1862 sicut
1773 1836 1843 1863 olera

1046 1872 1118 1898 enim
1131 1872 1219 1899 omnis
1232 1873 1318 1908 gratia
1333 1875 1423 1903 carnis
1439 1881 1492 1908 est,
1506 1882 1536 1904 ut
1555 1877 1707 1913 impleatu‘r
1720 1882 1750 1909 in
1770 1883 1843 1912 nobis

1046 1915 1109 1943 illud
1125 1918 1196 1952 quod
1217 1918 1307 1953 culpat
1328 1920 1473 1954 Apostolus
1489 1922 1582 1951 dicens
1605 1926 1640 1952 ad
1663 1926 1820 1957 Galatas“
1836 1940 1842 1957 :

1045 1961 1092 1989 Sic
1114 1963 1240 1991 inrensati
1254 1966 1326 1998 estis,
1351 1970 1380 1992 ut
1403 1975 1461 1993 cum
1484 1969 1578 2002 spiritu
1603 1974 1758 2007 ctrperitis,
1776 1983 1843 2002 nunc

1043 2015 1122 2034 carne
1144 2009 1342 2043 perﬁciamim’?
1368 2011 1443 2045 Quod
1460 2018 1550 2040 autem
1577 2014 1603 2041 in
1626 2017 1728 2045 anima
1750 2027 1842 2047 sancta

1043 2053 1098 2081 sint
1114 2055 1208 2089 vincte,
1224 2062 1252 2084 et
1265 2058 1323 2092 agri
1342 2065 1356 2085 a
1373 2057 1487 2086 Dotnino
1500 2060 1649 2095 benedicti,
1666 2065 1737 2092 andi
1762 2067 1841 2093 etiam

1042 2099 1119 2127 lsaac
1133 2101 1166 2127 ad
1183 2101 1267 2129 lilium
1281 2110 1358 2130 suum
1375 2102 1458 2131 Jacob
1473 2104 1609 2132 dicentem
1623 2107 1648 2123 “
1663 2117 1670 2134 :
1690 2109 1766 2137 Ecce
1780 2114 1844 2139 odor

1041 2143 1091 2178 lilii
1108 2146 1159 2172 mei
1179 2146 1245 2172 sicut
1265 2147 1331 2173 odor
1355 2148 1413 2182 agri
1434 2148 1514 2182 pleni,
1529 2157 1604 2184 quem
1622 2152 1768 2182 benedixit
1791 2156 1842 2182 Do—

1042 2191 1140 2219 mimu.
1154 2191 1249 2219 Melius
1263 2200 1328 2228 ergo
1340 2199 1382 2221 est
1397 2195 1504 2222 vincant
1521 2204 1570 2223 nos
1589 2198 1686 2226 colere
1704 2203 1734 2228 in
1750 2203 1841 2229 anima

1042 2241 1143 2270 nostra,
1157 2241 1183 2264 et
1202 2239 1323 2266 torcular
1342 2239 1434 2267 fodere
1451 2240 1668 2277 Scripturarum,
1693 2251 1725 2273 et
1749 2248 1842 2274 vinde-

1040 2285 1124 2311 miare
1140 2284 1241 2319 botros,
1256 2290 1283 2313 et
1299 2292 1423 2320 premere
1438 2287 1527 2314 vinum
1545 2289 1579 2315 de
1595 2289 1676 2318 vinea
1696 2292 1800 2325 Sorec,
1817 2298 1843 2319 ut

1040 2334 1068 2356 et
1080 2337 1128 2358 nos
1145 2330 1265 2359 dicamus
1280 2332 1314 2359 ad
1330 2331 1471 2360 Dominum
1483 2332 1518 2366 “,
1532 2334 1597 2369 quia
1606 2334 1750 2367 Paculam
1763 2344 1838 2366 ιιι-

1040 2375 1171 2403 inebrians
1189 2385 1266 2411 quam
1286 2378 1443 2412 praeclarum
1461 2379 1526 2406 εει]-

1072 2422 1099 2448 5.
1118 2421 1297 2457 Posteaquam
1315 2423 1383 2450 dixit
1409 2423 1481 2452 sicut
1503 2425 1580 2453 olera
1604 2426 1767 2458 herbarum
1786 2431 1841 2458 cito

1038 2467 1162 2495 decidere
1178 2467 1308 2497 facientes
1330 2469 1512 2505 iniquitatem,
1527 2476 1556 2500 et
1581 2475 1734 2508 prohibuit
1757 2484 1843 2504 mn-

1037 2513 1085 2541 lari
1103 2514 1171 2541 inter
1188 2514 1376 2551 malignantes,
1396 2521 1423 2544 et
1442 2517 1543 2546 imitari
1569 2519 1712 2550 facientes
1738 2523 1842 2557 iniqui-

1037 2563 1141 2586 tatem:
1160 2564 1224 2587 tunc
1247 2560 1312 2588 dicit
1333 2562 1397 2596 quid
1423 2562 1514 2591 facere
1539 2564 1707 2595 debeamus.
1735 2568 1839 2603 Spera.

1035 2604 1122 2640 inquit
1134 2605 1167 2638 ",
1182 2607 1208 2633 in
1229 2607 1339 2634 Domino
1355 2627 1362 2639 ,
1379 2612 1402 2635 el
1420 2608 1463 2643 [ac
1483 2608 1639 2638 bonitatem.
1658 2613 1841 2649 Conlemptis

1033 2651 1139 2679 scilicet
1162 2652 1214 2680 illis
1236 2654 1362 2681 omnibus
1385 2661 1444 2689 qum
1466 2656 1595 2690 superius
1618 2659 1735 2692 culpata
1765 2664 1839 2689 sunt.

1201 2735 1223 2751 "
1242 2735 1299 2763 .lus.
1314 2743 1374 2774 χιῃ.
1413 2735 1434 2774 “j
1455 2736 1542 2774 Exod.
1566 2746 1623 2765 xiv.
1665 2740 1689 2756 δι
1711 2740 1747 2768 ill
1771 2741 1839 2774 Reg.

1147 2770 1214 2797 Grn.
1229 2778 1301 2798 xxvn
1329 2771 1373 2797 Ξτ-
1411 2771 1435 2786 ·⁸
1455 2770 1527 2798 Psal.
1549 2780 1626 2809 xxn,
1646 2775 1675 2803 5.
1716 2775 1739 2790 "
1765 2770 1836 2803 P517-
