1860 3052
0 72 11 98 i
19 71 76 99 325

347 71 502 99 SELECTA
521 71 555 99 IN
574 72 744 102 PSALMOS.
762 83 800 95 ὐ-
819 71 936 102 llOMlL.
956 71 965 99 1
987 60 1020 99 ΙΝ
1039 72 1135 101 PSAL.
1156 72 1275 101 XXXVI.

1559 74 1625 104 l326

0 130 162 163 honoribus,
184 130 296 163 divitiis,
319 133 347 158 et
361 130 436 158 omni
460 130 545 166 gloria
563 133 678 165 carnali,
704 137 787 168 atque
801 134 824 163 Α
840 132 925 159 mines
955 132 1129 161 introducere
1151 133 1307 169 ὁμωνυμίᾳ,
1333 132 1359 161 id
1384 137 1426 161 est
1449 133 1626 163 similitudine

0 177 129 204 omnibus
145 176 235 203 smculi
260 175 348 209 bonis,
372 176 398 203 in
418 175 542 208 Domino,
569 178 673 212 inquit.
698 186 788 213 spera.

0 221 126 256 Sperans
150 226 241 248 autem
270 221 295 248 in
325 221 437 249 Domino
455 229 507 249 non
534 221 573 249 sis
598 223 715 255 otiosus;
743 223 790 252 sed

0 267 153 295 bonitatem
171 267 283 299 faciens,
298 274 377 302 spera
397 267 422 294 iu
436 274 478 295 eo.
494 268 560 300 Quae
574 273 615 296 est
630 275 721 296 autem
739 269 789 296 ista

0 314 121 344 bur-itas,
142 313 293 341 videamus.
308 313 384 341 Unus
400 318 441 342 est
463 322 494 342 ex
518 314 571 341 illis
588 313 708 342 fontibus
723 322 790 348 quos

0 359 90 386 sancti
109 359 230 394 Spiritus
255 359 362 386 fructus
387 367 448 387 esse
467 364 610 387 enumerat
632 359 788 394 Apostolus.

0 403 121 432 Fructus
137 411 226 432 autem
241 405 349 438 spiritus
363 411 400 433 est
422 406 550 438 Charitas,
567 406 704 440 gaudium.
725 413 789 439 pax,

0 450 140 482 patientia,
163 450 265 476 bonitas
286 457 310 477 et
334 450 439 484 justitia
452 449 484 477 “.
507 449 561 477 Fac
591 457 656 484 ergo
682 450 788 477 bonita-

0 501 65 527 tem,
85 495 158 522 velut
175 496 198 522 si
216 495 321 523 diceret
337 496 371 523 ad
393 503 489 530 agrum
505 496 630 530 loquens,
644 495 696 523 Fac
715 496 788 524 illmu

0 543 123 570 fructum
143 542 184 569 vel
208 543 303 570 illum:
323 542 360 569 ita
384 550 455 570 nunc
478 542 526 570 tibi
549 542 666 570 auditori
685 543 790 569 divina-

0 596 57 615 rum
78 588 295 623 Scripturarum.
315 593 444 622 tanquam
469 595 535 622 agro
559 588 680 622 loquitur
696 595 788 615 sermo

3 634 120 661 livinus.
137 633 193 661 Fac
212 635 365 666 bonitatem,
380 640 403 662 et
420 634 539 661 inhabita
566 638 676 667 terram,
700 639 723 661 et
742 642 787 667 pa-

0 681 77 708 sceris
94 681 124 708 in
144 681 243 707 divitiis
263 681 333 716 ejus.
357 680 416 708 Noli
440 688 501 709 esse
526 681 597 708 sicut
621 679 710 707 fenum
728 687 788 707 are-

0 735 96 760 ;ccns,
122 727 174 755 noli
201 727 257 755 lieri
281 727 351 754 sicut
373 727 447 755 olera
468 727 630 759 herbarum,
656 734 715 761 quae
733 726 787 753 cito

0 773 142 806 lelicient,
165 773 211 800 sed
227 780 305 808 spera
322 773 348 800 in
367 772 493 805 Domino,
513 776 541 800 et.
565 772 606 800 l‘ac
628 772 785 804 bonitatem,

0 825 19 845 ιι
41 818 168 845 iubabita
185 823 296 846 terram.
312 817 398 851 Quam
425 822 527 845 terram
554 817 709 844 inhabitare
737 824 786 844 nos

3 865 72 892 ubct
99 865 122 891 si
148 864 297 891 bonitatem
322 863 487 892 fecerimus?
512 862 612 898 Utique
637 863 660 890 si
682 863 716 889 de
736 862 786 889 ista

1 915 160 944 oqueretur
177 915 249 938 terra
271 917 353 945 quam
379 910 544 943 habitamus,
562 913 590 937 et
614 909 661 943 qui
685 908 787 936 faciunt

0 957 163 988 ionitatem,
183 961 211 982 et
232 956 277 991 qui
295 963 347 982 non
365 955 479 988 faciunt,
499 954 623 982 habitant
640 954 710 982 hanc
732 959 785 981 ter-

0 1011 64 1030 -am.
91 1001 264 1037 Superﬂuum
279 1009 346 1038 ergo
370 1002 478 1029 videtur
504 1007 566 1029 esse
586 1000 743 1028 mandatum
762 1000 785 1026 si

3 1048 171 1083 ntelligatur
185 1048 242 1075 haec
256 1051 340 1075 terra.
357 1047 410 1075 Sed
426 1047 568 1075 videamus
581 1053 615 1074 ne
628 1045 699 1074 forte
713 1045 786 1073 illam

0 1095 71 1121 licat
91 1098 196 1120 terram
216 1093 249 1120 de
272 1101 325 1128 qua
348 1093 479 1128 scriptum
503 1097 546 1120 est
556 1092 590 1124 δ’.
615 1091 677 1126 quia
695 1098 787 1118 semen

0 1139 68 1166 tliud
88 1139 186 1166 cecidit
201 1145 281 1173 super
301 1143 400 1166 terram
417 1137 526 1170 bonam,
540 1144 601 1172 quae
624 1136 715 1164 attulit
731 1136 787 1162 l‘ru—

0 1190 81 1216 :turn,
105 1183 132 1211 in
155 1191 206 1218 qua
230 1191 304 1211 nunc
319 1189 392 1211 terra
421 1190 469 1211 cor
487 1182 620 1210 auditoris
637 1180 787 1216 signiﬁcari

0 1231 117 1257 ridetur.
146 1229 222 1257 Hauc
247 1236 314 1264 ergo
336 1229 466 1263 jubemur
487 1227 652 1259 inhabitare,
671 1227 723 1254 hoc
747 1231 789 1254 est

0 1284 48 1302 ron
63 1275 177 1311 longius
188 1276 313 1310 evagari.
326 1282 379 1302 non
395 1274 464 1302 ultra
479 1274 604 1309 citraque
621 1273 786 1305 discurrere,

0 1323 40 1349 sed
68 1321 211 1354 habitare,
238 1326 266 1348 et
290 1321 440 1348 consistere
466 1320 537 1348 intra
564 1319 663 1347 animae
688 1323 788 1346 nostra:

2 1367 150 1399 crminos,
171 1372 201 1394 et
223 1367 402 1394 considerare
430 1373 490 1394 eam
519 1366 675 1401 diligentius
706 1371 788 1401 atque

0 1413 64 1440 allici
82 1412 145 1447 ejus
160 1412 279 1446 agricola
295 1412 365 1439 sicut
385 1412 435 1440 fuit
447 1411 515 1444 Noe,
529 1416 558 1439 et
573 1411 698 1446 plantare
714 1411 740 1438 in
755 1418 787 1439 ea

803 808 823 836 Β

0 1460 124 1490 tineam,
146 1462 176 1485 et
198 1457 323 1486 excolere
350 1461 451 1485 terram
476 1465 537 1492 quae
560 1457 632 1484 intra
653 1464 703 1486 nos
728 1462 785 1492 est,
800 1474 823 1504 ε

0 1509 100 1530 rostra:
122 1503 219 1530 animm
243 1502 373 1530 innovare
390 1501 507 1534 novalia,
528 1506 557 1530 et
578 1508 631 1528 non
651 1501 788 1529 seminare

0 1557 78 1585 ,uper
92 1548 189 1584 spinas
202 1557 211 1575 τ
227 1548 354 1576 videlicet
368 1555 432 1577 eum
447 1547 569 1576 animam
586 1552 708 1575 nostram
723 1555 788 1582 pur-

0 1602 93 1630 gamus
109 1602 127 1621 a
144 1594 227 1628 vitiis,
240 1598 268 1622 et
282 1593 399 1622 incultos
415 1598 497 1628 atque
511 1601 626 1628 asperos
646 1600 735 1621 mores
755 1594 788 1621 ad

1 1640 238 1669 nansuetudinem
268 1639 371 1668 Christi
396 1639 560 1668 imitationis
584 1638 743 1672 excolimus,
761 1643 789 1666 et

2 1695 27 1715 ta
49 1688 165 1715 demum
189 1693 223 1714 ex
240 1687 372 1713 virtutum
401 1685 503 1714 divitiis
520 1685 669 1721 pascimur.
696 1684 788 1720 Neque

0 1734 66 1760 mini
82 1732 236 1768 putandum
250 1737 292 1760 est
317 1732 425 1767 ρι’ωοίρί
442 1731 522 1760 nobis
538 1736 662 1760 terrenas
680 1730 789 1759 divitias

0 1785 134 1813 plauore,
159 1785 228 1812 quas
248 1782 424 1805 contemnere
448 1777 576 1812 iubentur
596 1781 629 1805 et
647 1782 787 1812 spernere.

0 1826 36 1852 lit
59 1831 156 1859 ergo:
175 1823 302 1851 latrabitis
327 1828 436 1851 terram.
461 1823 517 1852 lloc
540 1827 583 1851 cst
599 1829 676 1857 ergo,
692 1822 789 1849 animai

3 1880 45 1899 uae
75 1877 190 1905 semper
205 1870 312 1902 assiste,
337 1869 372 1896 ibi
393 1876 501 1904 semper
524 1876 664 1904 permane,
686 1871 714 1896 et
739 1875 789 1895 ex-

0 1920 51 1947 :ole
72 1923 179 1945 terram
196 1922 286 1949 tuam,
309 1922 338 1943 ut
351 1936 358 1949 ,
376 1924 438 1944 cum
455 1915 596 1944 abundare
614 1915 732 1949 coeperis
747 1914 790 1949 ju-

4 1966 77 1994 titite
92 1963 241 1996 fructibus,
258 1967 321 1990 tunc
337 1962 459 1998 pascaris
474 1962 500 1988 in
518 1961 621 1989 divitiis
635 1961 703 1996 ejus.
718 1960 790 1994 Quid

0 2017 31 2040 εει.
47 2014 148 2038 autem
170 2008 245 2044 pasci
266 2009 293 2036 in
314 2009 418 2035 divitiis
441 2007 516 2042 ejus?
532 2007 600 2040 Quia
617 2007 791 2042 quodcunque

0 2056 165 2086 eminaverit
180 2055 271 2088 homo,
284 2054 333 2081 hoc
346 2060 369 2081 et
385 2059 472 2081 metet.
489 2054 521 2081 Et
537 2062 544 2081 :
562 2053 614 2086 Qui
630 2053 741 2080 remittat
763 2053 792 2079 in

2 2112 87 2136 artic,
106 2102 141 2129 de
160 2110 241 2129 carne
254 2106 331 2128 metet
356 2100 564 2135 corruptionem.
581 2099 632 2132 Qui
648 2103 736 2127 autem
750 2107 791 2125 re-

0 2151 78 2177 cinat
96 2149 128 2175 in
143 2148 250 2182 spiritu,
266 2148 300 2174 de
315 2147 410 2181 spiritu
426 2151 503 2173 nutet
517 2146 598 2173 vitam
618 2151 743 2174 teternaut
754 2145 787 2172 ⁸⁰.
807 2142 829 2169 ι)

0 2197 17 2224 Si
38 2199 140 2223 autem
159 2193 265 2221 habites
284 2192 368 2228 658
389 2197 488 2219 terram
511 2197 595 2223 tuam,
616 2196 642 2218 et
660 2191 746 2225 ipsam
763 2189 788 2217 in

0 2243 98 2279 piritn
117 2245 143 2269 et
164 2248 218 2268 non
242 2240 269 2267 iu
295 2247 380 2267 carne
404 2238 593 2272 seminaveris,
617 2237 737 2273 pasceris
761 2237 787 2264 in

0 2289 104 2317 Iivitiis
131 2286 202 2321 cius,
228 2285 299 2314 sicut
324 2293 391 2313 oves
409 2285 461 2312 illte
486 2291 546 2319 quae
570 2284 596 2312 in
625 2284 685 2311 loco
710 2282 790 2310 viridi

0 2334 70 2362 .asci
89 2332 231 2364 dicuntur,
250 2331 283 2359 de
306 2332 405 2366 quibus
421 2330 487 2357 dicit
511 2337 601 2357 sermo
625 2329 732 2356 divinus
745 2328 789 2356 διε

5 2389 24 2408 η
44 2381 113 2406 loco
135 2377 213 2406 viridi
231 2377 267 2404 ibi
280 2385 322 2404 me
340 2375 487 2404 collocarit.
507 2375 583 2403 Unde
597 2379 707 2402 constat
720 2373 791 2408 quod

0 2425 190 2459 unusquisque
201 2427 327 2450 nostrum
346 2423 403 2456 ipse
427 2421 479 2449 sibi
503 2425 638 2455 prteparat
665 2420 735 2447 intra
761 2426 791 2446 se

0 2479 89 2500 ecum
111 2470 245 2502 viridem,
269 2471 295 2496 in
321 2477 375 2504 quo
401 2468 522 2503 pascitur
543 2475 557 2493 a
583 2467 707 2498 Domino,
728 2472 790 2492 cum

5 2524 80 2553 gros
101 2515 200 2543 animat
217 2523 273 2543 suae
296 2515 411 2547 excolit,
434 2518 462 2542 et
480 2515 507 2541 iu
532 2513 626 2548 Spiritu
652 2511 792 2540 seminans

2 2569 110 2597 emper
124 2561 158 2588 ad
175 2561 294 2589 laetitiam
311 2561 440 2596 spiritalis
454 2560 566 2587 culturas
580 2559 700 2586 adducit.
743 2574 746 2576 ν

27 2610 59 2636 4.
85 2606 225 2635 Delectare
246 2607 274 2633 in
299 2606 421 2638 Domino,
444 2611 468 2633 et
485 2606 558 2632 dabit
581 2604 628 2631 tibi
651 2603 788 2637 petitiones

4 2654 88 2681 antis
105 2652 190 2679 tui".
213 2652 297 2680 Moris
308 2657 351 2680 est
366 2651 513 2686 Scriptura:
531 2650 629 2678 divinae
652 2650 719 2677 duos
742 2650 790 2677 bo-

25 2757 52 2773 "
74 2755 140 2784 Gal.
155 2764 184 2788 τ,
197 2755 243 2782 22.
282 2755 304 2771 δ’
323 2755 388 2782 Luc.
403 2762 467 2786 VIII,
492 2755 518 2782 8.
555 2754 577 2770 ³⁸
598 2753 658 2780 Gal.
672 2761 714 2785 νι,
729 2753 757 2781 8.
796 2754 817 2769 '“
831 2752 903 2780 Psal.
931 2760 1005 2783 xui.
1023 2753 1045 2779 l.

37 2793 47 2816 l
67 2791 138 2816 Cor.
153 2799 179 2816 x.
196 2791 223 2816 4.
267 2791 290 2809 ⁸·
306 2789 384 2816 .loau.
399 2798 434 2816 iv.
448 2790 491 2816 15.
545 2790 567 2805 ⁸³
585 2789 655 2816 Psal.
674 2796 729 2816 cur.
780 2789 801 2804 “
814 2789 891 2816 llom.
907 2796 949 2816 tu.
968 2788 1008 2815 id.

3 2794 14 2810 ⁵
37 2793 47 2820 ι
67 2791 138 2820 Cor.
153 2799 180 2824 ι,
196 2791 223 2817 4.
267 2791 290 2809 ⁸⁸
306 2789 384 2818 Joau.
399 2790 491 2823 "1,15.
545 2790 567 2805 ⁸³
585 2789 655 2816 Psal.
674 2796 729 2816 cur.

842 176 954 205 alterius
980 176 1094 206 alterum
1118 185 1151 205 cx
1175 178 1261 205 altero
1287 178 1438 213 nominare,
1463 179 1513 207 hoc
1529 184 1571 207 est
1592 187 1625 208 ea

841 231 901 258 quae
924 224 1066 251 exterioris
1082 228 1146 252 sunt
1166 225 1293 259 hominis,
1314 225 1479 260 compellere
1495 227 1576 253 etiam
1598 226 1626 254 lu

841 269 1012 308 interiorem.
1036 270 1112 306 Quod
1138 277 1227 300 autem
1253 272 1314 300 dico
1341 273 1393 301 tale
1419 273 1627 302 esttExterior

841 315 920 343 homo
943 316 1093 351 corporalis
1109 317 1228 344 vescitur
1255 318 1324 345 cibis
1343 318 1577 353 corruptibilibus,
1594 324 1623 346 et

841 361 891 390 sibi
917 363 996 396 aptis.
1016 363 1062 390 Est
1079 367 1168 390 stiterit
1193 369 1220 392 et
1245 365 1323 394 cibus
1350 363 1458 400 quidam
1487 364 1626 392 interioris

841 406 969 441 hominis,
985 408 1017 436 de
1040 415 1094 444 quo
1113 408 1213 436 dicitur
1237 410 1299 445 quia
1323 410 1350 437 in
1376 409 1450 438 omni
1468 409 1553 439 verbo
1578 409 1625 438 Dei

839 451 906 479 vivit
924 453 1003 482 bomo
1014 453 1048 479 ⁸³.
1066 453 1115 480 Est
1131 454 1256 488 poculum
1272 455 1419 485 exterioris
1434 455 1563 489 hominis,
1580 460 1624 482 est

841 496 912 525 aliud
927 497 1074 526 interioris.
1093 498 1215 528 Bibimus
1228 499 1300 528 enim
1323 500 1356 529 de
1372 500 1486 536 spiritali
1501 500 1625 536 sequenti

839 547 915 576 petra
928 543 962 576 ⁸⁸,
984 548 1008 572 cl
1034 544 1151 574 bibimus
1176 553 1292 579 aquam,
1308 553 1406 581 quam,
1421 546 1527 573 dicente
1549 544 1624 581 Iesu,

839 588 884 621 qui
899 588 972 620 bibit,
991 597 1042 616 non
1060 591 1131 618 sitiet
1147 592 1173 619 in
1192 596 1320 618 a-teruum
1331 591 1364 618 ⁸⁵.
1382 591 1430 618 Est
1446 595 1473 618 et
1488 591 1627 619 indumen-

839 638 896 661 tum
917 635 1062 664 exteriOris
1080 637 1208 669 hominis,
1230 643 1271 665 est
1292 642 1317 664 et
1344 636 1482 665 interioris
1506 636 1625 664 hominis

840 680 1038 709 indumentum.
1053 682 1086 710 Et
1103 683 1125 711 si
1148 683 1257 719 quidem
1281 687 1407 719 peccator
1425 684 1471 716 sit,
1487 683 1574 710 induit
1596 690 1626 711 se

839 727 1011 756 maledictum
1034 729 1104 756 sicut
1126 731 1316 758 vestimentum
1327 730 1360 757 ".
1377 730 1406 757 Si
1429 735 1520 758 autem
1535 730 1625 767 justus

838 773 890 807 sit,
911 774 986 802 audit
997 775 1019 792 ⁸⁷
1036 783 1043 802 :
1061 775 1167 804 lnduite
1193 784 1235 804 vos
1259 776 1399 803 Dominum
1423 775 1515 803 Issum
1547 774 1623 802 Cliri~

837 824 915 846 slum.
941 819 974 847 Et
986 820 1009 836 "
1023 829 1030 848 ;
1044 820 1151 848 luduite
1170 830 1214 848 vos
1239 822 1338 848 viscera
1358 822 1557 856 misericordia;
1581 821 1624 848 be-

839 866 1010 901 nignitatem,
1034 867 1228 900 humilitatem,
1247 868 1494 901 mansuetudinem,
1518 868 1622 903 patien-

838 910 914 937 tiam.
938 910 970 937 Et
997 911 1063 946 quid
1091 919 1203 939 necesse
1226 916 1268 940 est
1290 919 1420 940 enarrare
1446 920 1493 948 per
1518 911 1621 947 singula

838 957 973 989 quomodo
990 957 1105 986 interior
1123 957 1203 987 bomo
1222 957 1368 987 exterioris
1385 958 1503 986 hominis
1527 958 1622 985 hoino-

839 1001 928 1036 nymis
950 1001 1177 1036 appellationibus
1204 1003 1381 1032 nominetur?
1396 1005 1478 1034 Arma
1503 1005 1624 1032 exterior

840 1046 921 1074 homo
941 1052 968 1075 et
986 1047 1098 1075 interior
1115 1048 1208 1077 habet.
1224 1048 1274 1083 Qui
1290 1050 1439 1078 secundum
1465 1050 1622 1078 interiorem

839 1090 976 1120 hominem
1000 1093 1113 1126 militat,
1141 1093 1261 1122 induitur
1284 1094 1368 1122 armis
1397 1094 1460 1127 Dei,
1487 1098 1515 1123 ut
1539 1092 1625 1130 possit

839 1141 911 1165 stare
937 1139 1068 1166 adversus
1096 1139 1230 1167 versutias
1255 1139 1366 1168 diaboli.
1388 1139 1439 1167 Sed
1458 1143 1518 1174 post
1542 1139 1623 1166 multa

840 1184 974 1218 exempla,
995 1184 1135 1212 veniamus
1159 1186 1193 1213 ad
1221 1185 1273 1213 hoc
1289 1185 1360 1220 quod
1388 1186 1553 1222 propositum
1568 1190 1620 1212 est.

840 1229 984 1258 Videamus
1001 1230 1066 1265 quid
1079 1234 1122 1258 est
1135 1231 1206 1265 quod
1220 1231 1388 1266 signiﬁcatur
1401 1239 1434 1259 ex
1451 1239 1484 1260 eo
1500 1231 1571 1266 quod
1585 1230 1626 1257 di-

839 1280 911 1303 ctum
927 1281 989 1304 est:
1005 1276 1142 1304 [Μίδωνι
1158 1278 1185 1304 in
1202 1277 1326 1310 Domino,
1348 1281 1373 1304 et
1397 1277 1468 1304 dabit
1491 1277 1537 1303 tibi
1559 1276 1625 1312 peti-

840 1323 923 1350 tiones
943 1323 1029 1350 cordis
1055 1324 1105 1351 tui.
1124 1322 1269 1352 Sciendum
1288 1323 1403 1358 primum
1429 1327 1471 1350 cst
1493 1323 1556 1358 quia
1573 1323 1623 1350 hoc

840 1368 910 1402 quod
927 1368 982 1395 dixi
997 1369 1023 1395 in
1035 1368 1143 1402 Latino,
1156 1367 1284 1397 delectare
1297 1369 1324 1397 in
1343 1368 1464 1400 Domino,
1479 1369 1506 1395 in
1518 1367 1624 1401 Graeco,

839 1412 966 1441 deliciam
990 1413 1018 1441 in
1048 1414 1171 1447 Domino,
1196 1413 1305 1443 dicitur.
1335 1413 1391 1441 lloc
1419 1414 1489 1442 enim
1514 1413 1626 1442 Grrccus

840 1465 930 1487 sermo
944 1459 1065 1490 iudicat:
1082 1460 1153 1496 quod
1169 1465 1208 1487 est
1228 1459 1448 1496 κατατρύφησον.
1464 1459 1541 1487 Sicut
1559 1467 1626 1496 ergo

841 1505 990 1534 secundum
1013 1506 1179 1534 exteriorem
1201 1506 1337 1533 hominem
1354 1505 1483 1540 possibile
1505 1509 1547 1532 est
1573 1512 1626 1532 nou

841 1551 926 1578 solum
942 1551 1012 1579 cibis
1035 1552 1084 1583 uti,
1100 1559 1192 1579 verum
1219 1552 1301 1579 etiam
1327 1551 1432 1578 deliciis
1459 1550 1576 1586 perfrui,
1601 1557 1627 1578 et

842 1597 960 1624 maxime
979 1597 1027 1632 qui
1044 1597 1142 1625 divites
1165 1600 1229 1624 sunt
1253 1596 1358 1625 deliciis
1385 1601 1516 1628 utuntur;
1542 1596 1625 1623 etiam

841 1643 878 1670 ita
901 1644 1016 1672 interior
1034 1645 1115 1673 homo
1138 1648 1227 1679 potest
1244 1651 1297 1672 nan
1315 1643 1403 1672 solum
1427 1643 1495 1671 cibis
1516 1644 1566 1676 uti,
1582 1651 1628 1671 ve-

841 1696 900 1717 rum
915 1695 943 1717 et
966 1689 1070 1718 deliciis
1084 1689 1198 1726 perlrui.
1213 1689 1290 1724 Quod
1307 1689 1364 1717 lieri
1383 1690 1435 1717 hoc
1452 1690 1530 1717 modo
1554 1689 1627 1717 arbi-

843 1740 907 1762 tror.
925 1735 952 1763 Si
969 1736 1031 1770 quis
1045 1737 1137 1763 audiat
1159 1736 1241 1764 verba
1262 1743 1294 1763 ea
1321 1735 1501 1768 solummodo,
1517 1742 1576 1769 qua:
1600 1742 1629 1763 se

841 1780 957 1808 invitent
974 1782 1007 1808 ad
1031 1781 1155 1808 timorem
1176 1780 1235 1813 Dei,
1257 1781 1309 1808 iste
1333 1780 1424 1808 cibum
1442 1781 1629 1808 tantummodo

842 1825 915 1859 capit
927 1833 959 1852 ex
980 1824 1166 1859 hujuscemodi
1180 1825 1272 1853 verbo.
1291 1824 1341 1858 Qui
1359 1831 1424 1852 vero
1443 1824 1548 1851 dederit
1563 1832 1628 1859 ope-

842 1879 900 1898 ram
924 1871 958 1899 ad
985 1871 1186 1907 intelligendam
1222 1871 1324 1906 legem,
1347 1871 1381 1898 ad
1418 1871 1629 1907 perscrutandos

842 1918 1000 1953 prophetas,
1015 1918 1048 1945 ad
1063 1917 1246 1946 exsolutiones
1264 1916 1455 1952 parabolarum
1476 1916 1627 1952 Evangelii.

843 1963 877 1991 ad
893 1963 1114 1998 explanationem
1137 1963 1284 1991 verborum
1301 1962 1524 1995 apostolicorum,
1538 1967 1567 1989 et
1582 1963 1627 1998 qui

843 2010 871 2038 in
884 2011 1012 2038 omnibus
1030 2010 1179 2038 intellectui
1201 2014 1229 2037 et
1244 2009 1364 2038 scientiae
1379 2016 1488 2044 operam
1512 2008 1628 2041 dederit,

844 2055 896 2084 iste
910 2055 1014 2083 deliciis
1030 2056 1141 2083 fruitur.
1161 2055 1219 2083 Non
1240 2055 1312 2083 enim
1329 2055 1361 2082 ad
1378 2055 1430 2083 hoc
1451 2054 1537 2082 solum
1557 2055 1629 2089 quod

844 2101 917 2129 eiad
935 2102 1017 2128 vitam
1040 2101 1150 2135 sullicit,
1164 2102 1226 2129 cibo
1251 2101 1336 2128 utitur
1359 2101 1558 2134 mandatorum,
1582 2101 1629 2127 scd

844 2148 871 2176 in
883 2148 955 2177 omni
974 2148 1112 2183 agnitione
1125 2147 1248 2175 scientia:
1262 2146 1491 2175 delectatur.'lloc
1505 2151 1547 2172 est
1558 2145 1630 2181 quod

844 2193 964 2222 arbitror
987 2198 1014 2221 et
1036 2194 1063 2220 in
1084 2200 1117 2221 eo
1141 2192 1267 2226 iudicari,
1284 2193 1355 2228 quod
1380 2192 1481 2220 dicitur
1506 2191 1576 2218 Deus
1598 2190 1632 2219 ab

843 2240 923 2268 initio
946 2239 1082 2274 plantasse
1106 2239 1262 2276 paradisum
1278 2239 1447 2271 deliciarum,
1472 2238 1531 2266 sine
1547 2239 1631 2265 dubio

843 2286 870 2314 in
899 2293 952 2320 quo
979 2285 1166 2320 spiritualibus
1195 2285 1301 2314 deliciis
1328 2285 1495 2314 fruerentur.
1524 2284 1576 2312 Sed
1604 2290 1631 2313 et

843 2331 927 2362 alibi:
943 2331 1106 2363 Torrentem,
1121 2332 1159 2359 ait
1170 2332 1205 2363 ⁵³.
1218 2332 1374 2360 deliciarum
1389 2337 1478 2368 putum
1493 2332 1567 2358 dubi:
1580 2332 1630 2364 eis,

842 2378 946 2405 sanctis
969 2378 1084 2406 scilicet.
1102 2378 1156 2405 Sed
1179 2383 1207 2405 et
1231 2378 1276 2405 hic
1299 2378 1356 2406 scio
1377 2378 1449 2413 quod
1474 2378 1499 2405 in
1525 2377 1629 2405 Latinis

844 2423 1044 2458 exemplaribus
1059 2423 1152 2452 haberi
1169 2423 1240 2452 solet
1254 2428 1394 2451 torrentem
1411 2424 1549 2459 voluptatis
1566 2429 1628 2456 tua',

843 2469 890 2496 sed
905 2469 930 2496 iu
947 2469 1042 2497 Graeco
1056 2469 1172 2498 habetur
1186 2469 1302 2506 τρυφῆς,
1318 2470 1388 2505 quod
1402 2475 1445 2497 est
1465 2470 1630 2498 deliciarum.

845 2511 898 2540 Sed
921 2519 948 2541 et
965 2515 1067 2542 sanctis
1089 2515 1241 2550 quibusque
1264 2514 1446 2550 corporalium
1471 2514 1631 2541 deliciarum

844 2565 1016 2594 contemptus
1034 2561 1171 2593 indicitur,
1195 2567 1221 2588 et
1248 2568 1310 2596 spes
1332 2561 1491 2588 deliciarum
1518 2559 1630 2593 spirita-

844 2604 910 2632 lium
929 2607 1133 2641 rcpromittitur.
1152 2606 1199 2634 Vis
1218 2607 1298 2634 etiam
1314 2607 1347 2634 de
1364 2606 1417 2634 hoc
1440 2605 1630 2633 auctoritatem

846 2652 971 2686 accipere
991 2653 1139 2688 Scriptura:
1157 2654 1276 2681 divinae?
1295 2653 1373 2681 Dives
1393 2653 1502 2687 qttidam
1521 2656 1592 2685 erat,
1607 2657 1633 2679 ct

1084 2754 1105 2769 ⁵¹
1126 2753 1197 2780 Psal.
1217 2761 1308 2786 .truvr,
1324 2753 1350 2780 4.
1391 2754 1414 2769 ⁵³
1435 2754 1513 2782 Deut.
1530 2761 1591 2784 rm.
1604 2753 1633 2780 3.

1046 2787 1067 2803 ⁵⁸
1086 2789 1189 2816 Coloss.
1209 2797 1248 2823 Ill,
1266 2789 1307 2816 l2.
1347 2790 1368 2805 ⁸⁹
1381 2789 1452 2817 Psal.
1472 2797 1541 2816 xxxv
1567 2790 1594 2816 υ.
