1885 3053
257 50 325 79 i527

943 50 987 79 EX
1004 49 1156 80 ORIGENE
1773 60 1811 90 ιδῃ

254 110 376 138 Lazarus
401 117 520 145 pauper;
541 110 566 137 iu
583 110 688 137 deliciis
714 108 898 144 corporalibus
915 114 974 137 erat
997 109 1039 135 di-
1056 111 1077 137 Α
1093 109 1158 142 agit,
1178 109 1234 136 odit
1252 109 1349 140 tuum,
1366 113 1389 135 et
1415 117 1465 136 non
1488 109 1558 137 venit
1574 110 1608 137 ad
1624 110 1698 138 luctat
1710 113 1740 140 uti
1754 122 1776 141 In
1787 125 1810 142 sr-

255 164 315 190 ves,
331 157 453 184 Lazarus
476 156 672 184 conficiebatur
696 156 796 183 inedia.
818 155 940 183 Excessit
964 159 1039 182 uter-

254 210 308 238 qtte
321 203 354 230 de
368 202 477 234 saeculo,
492 207 519 229 et
536 201 656 228 Lazarus
677 202 785 235 quidem
808 201 841 229 ab
856 201 958 235 angelis
975 201 1038 228 sub-

254 249 325 277 latus
340 254 382 276 est
406 250 431 276 in
455 249 543 276 sinum
561 248 686 279 Abrahae,
704 252 733 274 ut
754 247 791 275 ibi
815 247 841 274 in
858 247 964 275 deliciis
993 254 1037 274 re-

252 294 421 329 quiesceret;
443 294 487 320 ille
502 297 590 320 autem
609 293 654 327 qui
678 293 705 319 in
731 292 836 320 deliciis
862 292 952 320 fuerat
975 300 1038 320 cor-

199 364 203 367 .
252 340 402 375 poralibus,
418 339 485 366 abiit
500 339 526 366 in
547 339 699 374 gehennam
715 339 795 373 ignis,
811 339 883 367 sicut
903 339 930 366 in
948 339 1038 366 Evan-

251 384 321 418 gelio
331 389 384 417 est,
397 389 425 412 et
439 385 513 412 audit
527 384 561 411 ab
572 385 708 411 Abraham
717 385 752 418 '°,
763 384 826 420 quia
842 389 870 412 tu
884 389 1038 412 consecutus

250 439 278 458 es
292 430 361 458 bona
376 431 403 458 in
423 431 477 458 vita
498 436 556 463 tua,
573 429 624 457 hoc
647 436 689 458 est
711 431 816 458 deliciis
838 430 940 459 abusus
953 438 992 464 es,
1012 435 1038 458 et

250 476 372 504 Lazarus
388 477 460 504 mala
474 485 483 504 :
499 485 567 504 nunc
584 481 677 504 autem
695 476 738 503 hic
762 477 911 512 requiescit,
927 482 955 504 tu
976 484 1037 504 vero

249 523 391 550 cruciaris.
416 522 502 551 Nemo
521 528 620 558 potest,
636 527 664 550 et
682 522 710 550 in
726 529 820 555 carne,
834 526 863 549 et
888 523 914 550 in
940 523 1036 557 spiritu

250 569 353 596 habere
377 568 500 596 delicias.
524 568 577 596 Sed
600 569 622 595 si
648 568 709 603 quis
734 567 761 595 in
781 575 863 596 carne
885 568 1036 601 deiiciatur,

249 614 321 641 sicut
337 614 382 641 ille
396 614 481 646 dives,
495 614 599 641 carebit
612 613 715 649 gremio
729 613 866 641 Abraham
879 618 908 641 et
921 613 1035 642 deliciis.

246 660 300 693 Qui
324 667 390 687 vero
415 660 442 687 in
462 660 587 694 praesenti
607 659 704 688 szeculo
723 667 793 694 paue
817 659 969 687 afllictionis
988 667 1036 687 ve-

248 706 347 737 scitur,
363 705 434 732 sicut
450 710 476 733 et
492 705 538 733 ille
560 712 672 740 pauper,
695 712 758 732 cum
782 705 845 732 hinc
861 705 1034 738 abscesserit,

249 751 276 777 in
295 751 401 778 deliciis
416 751 477 779 erit.
497 750 628 778 Deliciare
645 758 712 786 ergo
727 751 755 778 in
778 751 900 784 Domino,
917 756 941 777 et
962 751 1035 778 dabit

249 797 296 822 tibi
315 797 467 831 petitionem
490 797 576 823 cordis
605 797 655 823 tui.
674 797 750 830 Quod
773 797 796 824 si
820 796 909 824 adlntc
929 796 1034 831 plenius
1050 790 1070 817 Β

249 841 349 869 intueri
375 843 416 868 vis
443 842 580 876 quomodo
598 841 661 876 quis
685 841 828 869 delicietur
853 841 879 868 in
907 841 1033 873 Domino,

250 887 372 921 perspice
383 888 455 921 quod
469 887 600 913 Dominus
613 887 716 914 veritas
727 890 779 919 est,
789 890 817 913 et
834 886 966 921 sapientia
980 890 1033 919 est,

242 937 276 960 et
287 932 391 968 iustitia
405 937 460 965 est,
484 937 511 960 et
529 931 711 960 sanctificatio
732 936 785 960 est.
803 931 832 959 Si
857 939 923 967 ergo
947 932 1034 960 abun-

242 978 354 1005 daveris
368 979 395 1006 in
419 978 521 1006 divitiis
537 977 669 1010 veritatis,
686 977 708 1004 si
733 977 916 1006 abundaveris
939 978 966 1005 in
992 978 1035 1005 in-

249 1023 358 1051 tellectu
384 1023 542 1058 sapientiae,
562 1022 584 1050 si
612 1021 738 1056 copiosus
765 1021 849 1050 fueris
869 1023 895 1049 in
927 1023 1033 1050 actibus

243 1069 369 1104 iustitiae,
384 1075 447 1096 tunc
462 1069 540 1104 plene
554 1073 582 1096 ct
596 1069 701 1103 integre
713 1067 852 1096 deliciaris
863 1068 890 1095 in
906 1067 1032 1095 Domino.

243 1114 311 1146 Quae
325 1115 419 1149 utique
446 1121 507 1141 cum
533 1113 699 1149 expleveris,
718 1117 782 1140 tunc
804 1113 885 1140 etiam
909 1113 935 1140 id
960 1113 1032 1148 quod

245 1160 423 1194 consequitur
446 1159 616 1194 adipisceris.
641 1158 722 1185 Dabit
738 1159 810 1186 enim
833 1158 879 1186 tibi
901 1157 1032 1186 Dominus

244 1205 383 1239 petitiones
398 1205 485 1232 cordis
507 1206 556 1232 tui.
572 1205 733 1233 Necessario
754 1209 845 1232 tamen
864 1204 968 1232 addidit
987 1213 1032 1240 pe-

244 1252 351 1278 titiones
366 1251 454 1278 cordis
470 1251 521 1284 tui,
536 1258 598 1278 cum
613 1250 745 1285 potuisset
764 1250 858 1284 utique
872 1250 965 1278 dicere
985 1257 1032 1285 pe-

246 1299 357 1327 titiones
379 1304 451 1327 tuas.
477 1299 517 1326 Ita
544 1303 635 1326 autem
658 1299 766 1327 facilius
783 1299 898 1335 intelligi
929 1303 1030 1335 potest.

239 1344 321 1378 Quod
339 1344 362 1372 si
379 1343 547 1379 singulorum
571 1344 754 1371 membrorum
772 1344 882 1379 propria
905 1344 1031 1379 quaedam

240 1397 361 1424 persona
386 1390 514 1424 tingatur,
539 1389 616 1416 verbi
634 1396 728 1421 causa,
745 1388 768 1416 si
791 1388 889 1417 oculus
915 1389 1031 1418 haberet

241 1442 354 1469 vocem,
368 1435 489 1470 nunquid
514 1443 567 1462 non
592 1434 694 1462 diceret
715 1443 723 1463 :
737 1434 802 1462 Peto
817 1435 920 1468 lucem,
936 1440 965 1462 ut
990 1435 1031 1463 vi-

242 1480 320 1507 deam
339 1487 370 1507 ea
391 1487 451 1514 quae
468 1487 510 1507 me
530 1480 625 1508 videre
648 1480 802 1508 delectant?
819 1479 933 1517 Refugio
955 1481 1028 1508 enim

241 1525 336 1553 videre
362 1525 506 1553 horrorem
529 1526 666 1561 aiiqttem,
688 1530 716 1553 et
746 1533 826 1553 omne
855 1527 928 1561 quod
959 1534 1028 1555 con-

240 1573 333 1598 turbat
345 1576 372 1598 et
392 1572 537 1599 contristat
561 1576 711 1606 aspectum.
736 1571 869 1599 Similiter
888 1577 915 1600 ct
935 1572 958 1600 si
979 1581 1029 1600 au-

242 1618 315 1645 ditus
334 1618 468 1652 acciperet
482 1625 586 1651 vocem,
610 1617 731 1652 nunquid
749 1624 802 1644 non
823 1618 950 1646 diceret:
964 1619 1029 1647 Peto

242 1672 339 1691 sonum
357 1664 494 1691 modulata
511 1669 570 1692 arte
584 1665 775 1699 compositum,
795 1672 893 1692 sonum
912 1665 1031 1693 delecta-

241 1711 335 1742 bilem,
350 1718 476 1745 asperum
490 1718 555 1738 vero
576 1715 604 1737 et
618 1710 741 1738 terribile
758 1711 859 1746 aliquid
880 1710 976 1738 audire
991 1719 1030 1738 re-

242 1756 337 1792 fugio?
360 1756 398 1784 Ita
423 1756 446 1783 si
471 1756 561 1792 gustui
588 1763 640 1783 vox
666 1755 794 1789 daretur,
819 1762 847 1784 et
875 1756 973 1790 tactni,
1002 1761 1029 1785 et

239 1810 335 1830 omnes
349 1810 445 1830 sensus
466 1802 551 1829 nostri
570 1801 629 1829 siue
646 1801 729 1828 dubio
743 1801 801 1829 hrcc
817 1805 950 1836 peterent,
969 1809 1028 1837 qua:

240 1857 290 1876 suo
315 1849 407 1876 sensui
433 1848 622 1876 convenirent.
638 1846 681 1874 Ab
706 1847 749 1875 bis
773 1855 838 1882 ergo
857 1852 1028 1875 transeamus

241 1896 274 1922 ad
289 1902 336 1922 cor
357 1895 383 1921 in
399 1902 453 1929 quo
468 1899 510 1922 est
529 1901 616 1926 mens,
630 1898 657 1921 et
679 1893 837 1928 principalis
861 1893 1025 1925 intellectus,

239 1945 267 1968 et
284 1941 423 1968 videamus
438 1941 503 1975 quid
519 1940 657 1967 desideret
673 1943 701 1966 et
716 1939 780 1973 quid
795 1943 869 1974 petat
883 1946 940 1973 cor,
956 1939 1027 1966 sicut

240 1987 274 2014 de
288 1986 367 2014 ocu'lo
386 1985 426 2013 vei
444 1985 478 2013 de
493 1985 606 2013 auribus
621 1984 781 2019 exterisque
797 1984 921 2012 sensibus
938 1984 964 2012 in
982 1992 1028 2012 su-

239 2030 392 2066 perioribus
427 2030 685 2058 demonstravimus.
711 2029 864 2058 Secundum
885 2029 927 2057 sui
947 2034 1027 2056 natu-

240 2084 298 2104 ram
322 2083 369 2104 cor
392 2076 452 2103 sine
477 2075 559 2103 dubio
589 2075 796 2111 intelligentiam
824 2075 921 2110 poscit.
949 2075 1027 2102 Sicut

1093 160 1210 188 gnantur
1224 164 1302 190 opera
1317 155 1384 190 ejus.
1403 154 1456 187 Qui
1470 161 1558 182 autent
1577 156 1813 193 {acilrerilalemgaui

1093 201 1127 228 ad
1145 201 1267 228 lucem".
1292 201 1424 234 Quoniam
1451 209 1516 237 ergo
1539 203 1585 236 qui
1598 203 1666 230 male
1679 204 1734 240 agit,
1745 207 1783 233 odit
1792 209 1814 235 lu-

1093 253 1163 278 cem,
1178 251 1206 274 et
1222 252 1353 282 quantum
1372 247 1398 274 in
1416 246 1475 281 ipso
1497 248 1641 276 occultans
1654 250 1713 276 mala
1726 254 1813 288 quaagit,

1092 296 1120 318 et
1136 292 1235 320 timens
1249 299 1283 320 ne
1294 298 1433 327 arguatur,
1446 295 1517 322 velat
1531 299 1558 322 et
1574 296 1688 330 contegit
1698 296 1815 330 viamsnam,

1091 342 1119 365 et
1142 343 1271 373 tanquam
1295 339 1448 367 velamento
1472 341 1590 375 quodam
1608 341 1691 375 operit
1701 347 1762 370 actus
1771 350 1814 371 suos

1094 383 1172 411 Verbi
1189 384 1287 418 gratia,
1297 385 1320 411 si
1336 385 1397 418 quis
1410 391 1543 419 vestrum,
1560 386 1624 414 licet
1642 394 1689 415 non
1700 393 1770 423 optem
1781 396 1816 416 este

1093 430 1118 456 in
1137 429 1189 456 hoc
1202 433 1336 456 conventu
1353 429 1435 457 talem
1449 430 1577 465 aliquem,
1592 436 1680 459 tamen
1691 432 1710 459 si
1721 433 1767 467 quis
1775 434 1816 461 inter

1092 481 1150 507 vos,
1158 474 1216 501 sive
1222 474 1441 507 catechumenus,
1449 475 1505 502 sive
1512 476 1594 503 etiam
1602 484 1669 503 unus
1675 476 1818 512 aliquisaliu-

1092 521 1166 549 ribus
1174 521 1294 548 fidelium
1309 521 1435 549 conscius
1448 522 1498 549 sibi
1508 523 1629 558 estquod
1642 523 1817 557 foruicatnstit,ct

1091 568 1161 595 celat
1168 567 1308 600 delictum,
1316 568 1436 602 nunquid
1444 575 1497 595 non
1506 568 1552 595 tibi
1559 568 1818 602 videtnristeoocultne,

1089 619 1116 641 et
1130 614 1237 649 operire
1250 615 1319 643 viam
1330 622 1407 643 suam
1418 621 1498 648 quam
1515 614 1634 642 incedit?
1647 615 1819 648 Quiauteumie

1090 661 1154 696 agit,
1163 666 1190 689 et
1197 662 1346 690 confiditde
1352 661 1467 697 puritate
1476 662 1536 689 vitae
1542 669 1608 696 suae,
1618 670 1668 690 non
1674 663 1819 698 vultcooperits

1090 707 1159 734 viam
1168 715 1254 741 suam,
1263 709 1308 735 sed
1318 708 1373 735 vult
1381 716 1439 736 eam
1450 707 1620 736 manifestam
1628 716 1692 742 esse,
1699 709 1820 736 manifestam

1089 751 1149 779 dico
1156 759 1207 779 non
1216 753 1417 784 bominibus,ne
1424 752 1491 780 forte
1499 752 1630 787 percipiat
1638 754 1765 780 mermdem
1771 761 1820 781 suam

1085 796 1119 823 ab
1132 797 1295 830 hominibus,
1310 798 1357 825 sed
1385 798 1439 825 Deo
1456 797 1624 825 tuanifestat.
1639 797 1763 831 Propterea
1780 805 1820 832 ergo

1084 842 1194 876 dicitttr,
1200 842 1291 871 Revela
1302 843 1336 870 ad
1349 843 1489 870 Dominum
1503 843 1572 870 viam
1584 848 1666 870 tuam.
1678 842 1723 870 Sed
1731 848 1752 870 et
1761 843 1777 869 si
1786 850 1821 869 ma-

1084 887 1173 915 lorttm
1188 888 1235 915 tibi
1245 888 1370 916 conscius
1382 888 1537 923 aliquorum
1552 888 1649 921 fueris,
1660 887 1820 917 noliocculltrc.

1083 935 1130 963 sed
1145 942 1193 970 per
1207 934 1429 969 exomologesim,
1445 934 1470 961 id
1485 939 1527 962 est
1550 934 1750 965 confessionem,
1763 933 1820 960 mela

1084 989 1116 1009 ea
1133 980 1259 1014 Domino,
1275 985 1303 1008 et
1316 987 1394 1015 spera
1410 979 1436 1007 in
1449 987 1521 1014 eum,
1533 984 1561 1007 et
1574 981 1632 1015 ipse
1644 980 1724 1007 faciet.
1737 980 1779 1006 Hoc
1789 984 1820 1009 est,

1084 1033 1146 1054 cum
1161 1026 1303 1054 confessus
1321 1025 1416 1059 fueris,
1431 1030 1459 1053 et
1475 1026 1641 1053 revelaveris
1656 1026 1678 1053 ei
1693 1025 1771 1052 delicta
1785 1029 1820 1054 tut.

1083 1080 1160 1108 spera
1170 1073 1196 1100 in
1209 1080 1272 1099 eum
1281 1072 1354 1107 quod
1362 1071 1451 1106 possis
1465 1071 1499 1099 ab
1511 1079 1545 1099 eo
1556 1072 1662 1100 veniam
1674 1070 1798 1107 promereri.
1807 1075 1823 1096 rt

1083 1118 1140 1152 ipse
1154 1118 1244 1145 faciet.
1262 1117 1332 1151 Quid
1344 1117 1445 1145 faciet?
1461 1117 1527 1144 Sine
1540 1116 1625 1144 dubio
1636 1124 1722 1145 sanum
1734 1115 1820 1143 tefaciel.

1084 1163 1160 1191 Dicet
1171 1164 1217 1191 tibi
1229 1164 1251 1179 ⁸⁸³
1263 1171 1269 1189 :
1283 1163 1352 1191 Ecce
1355 1164 1413 1198 jam
1423 1171 1505 1190 sanus
1516 1163 1604 1198 [actus
1612 1171 1651 1196 es,
1661 1162 1723 1190 ultra
1736 1161 1777 1189 uati
1783 1169 1822 1195 pta-

1082 1217 1153 1243 care,
1162 1217 1194 1237 ne
1204 1209 1267 1244 quid
1275 1209 1321 1236 tibi
1327 1209 1441 1236 deterius
1449 1209 1594 1243 contingat.
1604 1208 1664 1235 Haec
1671 1206 1773 1239 faciet,si
1780 1205 1822 1232 deli-

1081 1261 1125 1285 cta
1136 1261 1180 1284 tua
1191 1256 1215 1283 ei
1228 1254 1432 1283 revelaveris.Si
1443 1262 1506 1283 vero
1514 1261 1582 1290 pura
1588 1259 1632 1282 est
1639 1255 1680 1281 via
1689 1259 1738 1285 tua,
1745 1257 1767 1280 et
1773 1259 1822 1279 mal-

1082 1303 1114 1330 da
1125 1302 1302 1334 conscientia,
1316 1306 1343 1329 et
1359 1301 1416 1328 haec
1426 1301 1451 1329 ei
1467 1301 1644 1333 revelaveris,
1659 1307 1732 1334 spera
1745 1299 1765 1326 in
1772 1304 1821 1324 eum

1116 1346 1144 1373 6.
1164 1345 1235 1380 Quid
1251 1345 1344 1378 faciat,
1359 1353 1392 1373 ex
1408 1345 1641 1380 consequentibus
1658 1343 1766 1372 disce“:
1777 1341 1821 1369 Prt-

1081 1392 1157 1420 ducet
1178 1392 1245 1419 sicut
1265 1391 1353 1419 lumen
1363 1391 1497 1426 justitiam
1513 1395 1597 1424 tuam,
1611 1396 1637 1418 et
1649 1390 1820 1426 judieisutssu

1081 1439 1150 1466 sicut
1164 1438 1311 1465 meridiem.
1325 1436 1412 1464 Tuam
1432 1436 1579 1471 justitiam,
1601 1444 1684 1472 quam
1699 1440 1723 1464 tu
1733 1434 1791 1470 egisti
1805 1433 1821 1459 in

1081 1483 1199 1516 occulto,
1222 1488 1250 1511 et
1277 1483 1403 1511 revelasti
1425 1490 1487 1510 eam
1500 1483 1550 1510 soli
1567 1482 1637 1517 Deo,
1652 1483 1717 1510 hanc
1729 1480 1819 1516 produc:

1081 1531 1153 1558 sicut
1173 1530 1265 1557 lumen
1280 1530 1362 1563 Deus,
1375 1533 1403 1557 et
1417 1529 1545 1557 ostendet
1560 1533 1588 1557 te
1609 1528 1707 1563 justum
1724 1526 1821 1555 illamilla.

1083 1580 1140 1603 tum
1160 1575 1220 1603 sole
1231 1574 1355 1610 iustitiae,
1370 1573 1443 1602 cutio
1454 1577 1482 1601 et
1494 1578 1583 1606 terra,
1601 1578 1629 1601 et
1643 1572 1756 1601 omnibus
1764 1570 1796 1605 qui
1805 1569 1821 1595 il

1080 1621 1150 1649 ccelo
1175 1625 1239 1648 sunt
1265 1621 1390 1649 ostendet
1411 1619 1502 1647 lumen
1524 1619 1640 1654 iustitiae
1656 1623 1713 1651 tuae,
1728 1614 1822 1649 et,siilt

1079 1667 1134 1695 dici
1160 1671 1280 1702 oportet,
1302 1665 1419 1700 iactabit
1446 1671 1477 1692 se
1505 1665 1538 1692 de
1557 1668 1585 1691 te
1609 1669 1728 1699 tanquam
1740 1663 1767 1689 de
1779 1659 1821 1688 ﬁlia.

1082 1717 1212 1748 tanquam
1240 1712 1287 1747 qui
1314 1711 1456 1746 acceperis
1480 1710 1609 1745 spiritum
1627 1705 1823 1744 adoptionis?»

1080 1759 1160 1786 ducet
1183 1765 1247 1793 ergo
1262 1757 1397 1793 justitiam
1417 1761 1491 1784 tuam
1512 1757 1585 1784 sicut
1611 1756 1710 1787 lumen,
1725 1753 1776 1788 quia
1794 1750 1822 1784 ιυί

1079 1805 1229 1833 secundum
1249 1803 1406 1832 mandatum
1422 1801 1529 1829 Domini
1543 1801 1636 1837 justus
1657 1805 1709 1833 est,
1725 1796 1822 1834 instillat“

1080 1857 1157 1877 suam
1173 1849 1212 1877 ita
1231 1849 1304 1883 facit,
1324 1849 1397 1877 sicut
1419 1848 1477 1883 ipse
1491 1847 1635 1875 mandavit
1650 1844 1775 1874 dicens“:
1789 1840 1822 1867 ῑόε

1079 1900 1177 1927 autem,
1189 1903 1247 1922 cum
1259 1894 1349 1930 facitis
1361 1893 1494 1929 justitiam
1507 1897 1633 1926 uestram,
1646 1892 1737 1920 nesciat
1748 1887 1822 1917 sisit"!

1078 1941 1141 1977 quid
1153 1940 1235 1975 faciat
1250 1941 1342 1967 dextra
1358 1944 1414 1966 tua.
1430 1937 1493 1966 Haec
1503 1945 1568 1973 ergo
1578 1937 1685 1972 iustitia
1696 1943 1748 1970 qua
1758 1934 1785 1960 ita
1795 1931 1822 1977 fil.

1079 1975 1107 2014 ut
1123 1993 1176 2013 non
1197 1985 1352 2013 hominibus
1363 1989 1504 2019 appareat,
1520 1991 1569 2011 nec
1591 1987 1623 2010 ut
1641 1983 1772 2010 humanam
1782 1975 1820 2010 εισι

1080 2032 1147 2059 riam
1161 2035 1265 2066 captet,
1281 2030 1326 2058 sed
1350 2030 1382 2057 ιιι
1405 2031 1431 2056 in
1453 2028 1571 2062 occulto,
1589 2033 1620 2056 ut
1636 2028 1715 2056 Pater
1727 2025 1765 2060 qui
1776 2021 1823 2049 videt

1081 2077 1107 2104 in
1122 2076 1239 2109 occulto,
1259 2076 1355 2103 reddat
1374 2076 1462 2111 palam
1480 2075 1507 2102 in
1526 2080 1650 2109 tempore
1668 2080 1724 2106 suo,
1736 2067 1823 2107 prodati-

239 2122 334 2150 oculus
358 2121 461 2154 visum,
477 2120 560 2157 659
586 2121 622 2148 ita
646 2128 695 2149 cor
717 2121 885 2150 intellectum
903 2121 1027 2156 requirit.
1043 2123 1065 2151 Β
1080 2128 1123 2151 uu-
1142 2130 1157 2150 a
1170 2122 1228 2149 Deo
1249 2121 1320 2149 sicut
1338 2121 1393 2148 lux.
1412 2120 1445 2147 Et
1457 2120 1591 2155 judicium
1608 2124 1683 2146 (sum
1697 2118 1756 2144 sicut
1770 2113 1822 2140 aeti-

240 2168 318 2196 Sicut
340 2168 414 2195 auris
439 2174 549 2196 suavem
577 2174 672 2194 sonum
692 2168 777 2203 cupit,
799 2167 835 2195 ita
858 2175 905 2195 cor
922 2167 1029 2202 sapien-

241 2215 313 2242 tibus
337 2214 464 2242 sensibus
489 2212 651 2241 delectatur.
670 2212 748 2240 Sicut
765 2218 860 2249 gustus
886 2213 957 2241 dulci
984 2221 1029 2241 sa-

238 2267 315 2295 pore,
337 2260 375 2287 ita
399 2267 446 2287 cor
472 2257 653 2294 prudentibus
681 2258 892 2294 cogitationibus
918 2259 1026 2295 gaudet.

238 2307 316 2334 Sicut
331 2306 459 2334 odoratus
482 2305 618 2334 suavitate
640 2305 809 2340 fragrantia,
826 2305 863 2333 ita
880 2312 928 2333 cor
945 2305 1026 2332 ratio-

238 2351 374 2379 nabiiibus
403 2351 500 2379 studiis
526 2350 647 2379 laetatur.
685 2350 761 2378 Sicut
791 2355 879 2378 tactus
916 2349 1023 2377 lenibus

237 2406 270 2426 ac
294 2397 430 2430 mollibus,
463 2397 498 2424 ita
523 2404 571 2424 cor
587 2397 699 2424 utilibus
723 2401 751 2423 et
779 2395 888 2431 optimis
904 2395 1024 2423 consiliis

236 2443 398 2471 delectatur.
423 2442 451 2469 Si
474 2449 539 2477 ergo
563 2442 698 2470 delicieris
726 2442 753 2468 in
781 2441 909 2474 Domino,
930 2445 958 2468 et
977 2448 1022 2468 sa-

237 2490 357 2524 pientia‘,
371 2494 398 2517 et
413 2490 545 2521 veritatis,
561 2493 589 2516 et
600 2488 712 2522 iustitiae
724 2487 811 2522 copiis
820 2491 902 2521 atque
917 2486 1023 2514 deliciis

237 2533 396 2569 perfruaris.
415 2534 491 2562 dabit
511 2533 559 2561 tibi
576 2532 704 2560 Dominus
719 2531 863 2567 petitiones
877 2532 969 2559 cordis
985 2532 1023 2559 tui

235 2585 312 2614 aptas
328 2580 431 2607 deliciis
445 2579 618 2614 supradictis.

271 2625 299 2653 5.
316 2625 381 2653 Post
398 2627 454 2653 lucc
478 2625 543 2653 dicit
555 2625 577 2640 ⁸¹
591 2634 596 2652 :
611 2624 703 2652 Revela
721 2624 834 2651 Domina
849 2623 918 2651 viam
937 2628 1021 2656 tuam,

235 2675 261 2699 et
283 2680 357 2706 spera
372 2671 400 2698 in
419 2679 489 2705 smn,
505 2676 529 2699 et
554 2672 609 2706 ipse
629 2671 719 2705 faciet.
733 2685 768 2690 —
781 2668 874 2697 Omnis
893 2669 939 2705 qui
953 2669 1022 2696 male

274 2729 296 2745 °°
316 2729 380 2756 Luc.
396 2737 451 2760 xw,
466 2730 512 2757 25.
571 2730 591 2745 “
607 2728 680 2756 Psal.
699 2735 792 2760 XXXVI,
803 2727 830 2755 5.

233 2765 261 2781 ⁴³
275 2764 370 2791 Matth.
393 2772 429 2797 \‘I,
445 2765 476 2792 ἴ).

883 2728 905 2744 δ’
921 2727 999 2756 Joau.
1015 2735 1055 2761 ill,
1072 2727 1107 2754 20
1125 2732 1153 2755 et
1168 2726 1213 2754 21.

1078 2170 1142 2196 dies.
1159 2168 1257 2195 Omnia
1277 2167 1350 2195 enim
1364 2166 1431 2200 justi
1443 2165 1545 2200 judicia
1560 2171 1730 2200 quascunque
1746 2160 1822 2196 judica-

1079 2215 1126 2247 vit,
1141 2220 1193 2250 non
1211 2212 1298 2240 solum
1319 2213 1390 2239 sicut
1411 2211 1458 2238 lux
1483 2214 1573 2242 erunt,
1588 2211 1639 2238 sed
1652 2210 1720 2237 sicut
1730 2203 1822 2234 meridi!-

1077 2266 1143 2287 num
1158 2259 1262 2292 lumen,
1278 2258 1351 2292 quod
1378 2257 1473 2293 utique
1489 2257 1676 2285 clarissimum
1695 2259 1720 2283 et
1736 2249 1822 2289 splendi-

1077 2305 1219 2333 dissimum
1244 2307 1296 2331 est.
1323 2303 1464 2331 Plenitudo
1487 2303 1560 2331 enim
1583 2302 1653 2330 lucis
1669 2301 1695 2329 in
1712 2297 1823 2328 meridiano

1079 2354 1200 2384 tempore
1216 2348 1385 2382 designatur.
1398 2347 1427 2375 Si
1435 2355 1502 2383 ergo
1517 2347 1604 2375 fueris
1615 2347 1707 2382 justus
1720 2350 1743 2373 et
1754 2345 1821 2371 bonum

1078 2395 1210 2430 producet
1223 2394 1294 2421 Deus
1307 2393 1377 2421 sicut
1393 2394 1485 2421 lumen
1497 2392 1633 2427 justitiam
1650 2397 1729 2423 tuam.
1743 2386 1821 2423 etjodi-

1078 2442 1149 2470 cium
1165 2446 1239 2469 tuum
1252 2442 1324 2470 sicut
1336 2440 1486 2468 meridiem.
1502 2439 1551 2467 Vel
1561 2445 1638 2468 certe
1653 2439 1680 2466 in
1689 2436 1821 2472 judiciotum

1078 2494 1161 2514 causa
1177 2491 1222 2513 tua
1239 2486 1394 2519 discutitur,
1410 2484 1544 2519 iustitiam
1561 2491 1654 2511 causas
1671 2487 1719 2510 tua.
1732 2483 1821 2513 tanquam

1077 2533 1165 2560 lucem
1182 2532 1252 2559 Deus
1267 2531 1350 2559 faciet
1366 2530 1553 2563 manifestam,
1565 2534 1592 2557 et
1603 2528 1734 2564 judicium
1743 2523 1796 2561 quod
1805 2525 1822 2548 τί

1077 2577 1219 2612 diiudicat,
1238 2577 1311 2604 velut
1338 2576 1479 2604 meridiem
1495 2575 1579 2603 faciet
1598 2575 1770 2603 manifestum.
1780 2569 1822 2616 fit?

1078 2623 1196 2650 scientes
1211 2623 1247 2650 ita
1261 2622 1362 2655 futura,
1379 2622 1556 2655 deprecemur
1569 2619 1770 2649 misericordiam
1783 2615 1821 2641 Βαι

1077 2673 1106 2696 ιιι
1125 2669 1257 2697 concedat
1273 2668 1350 2696 nobis
1372 2667 1439 2695 tales
1456 2667 1528 2702 ﬁeri,
1549 2667 1597 2703 qui
1612 2667 1686 2703 digni
1702 2665 1822 2693 habeam":-

1278 2725 1391 2754 “Joan.
1411 2733 1437 2758 v,
1461 2725 1505 2753 Μ.
1572 2725 1597 2767 ’ἢ
1621 2724 1692 2755 Psal.
1718 2720 1820 2752 smmi-
