1885 3053
73 180 154 209 {39.9

430 184 584 214 SELECTA
603 186 637 214 IN
655 186 822 215 PSALMOS.
843 202 877 208 —-
896 187 1013 216 HOMIL.
1027 188 1048 216 ll
1067 188 1100 217 IN
1121 189 1215 217 PSAL.
1236 188 1355 217 XXXVI.

1640 188 1705 216 1330

72 245 202 271 quorum
217 238 290 267 Deus
304 239 363 275 ipse
378 239 466 268 lucem
479 241 594 277 justitive
620 243 752 278 producat
771 244 797 272 in
814 252 869 271 me-
885 245 908 274 Α
922 245 995 278 quod
1014 244 1138 272 dicimus.
1157 245 1185 272 Si
1207 244 1315 279 aliquod
1342 243 1493 270 membrum
1521 229 1643 278 corporis
1659 244 1705 271 tio-

74 282 173 316 dium,
189 289 218 311 et
227 283 359 319 judicium
376 291 499 314 nostrum
516 288 586 315 sicut
607 289 747 317 meridiem
766 291 866 318 clarunt

72 331 111 355 et.
126 328 258 361 lucidum,
275 330 379 359 habens
401 331 490 360 lucem
504 340 596 361 veram
621 334 647 362 in
660 342 699 368 se,
716 335 802 369 ipsum
821 337 869 363 Do-

75 374 190 401 minum
209 379 344 409 nostrum,
358 377 402 406 oui
417 381 460 405 est
481 378 566 414 gloria
579 384 606 407 et
620 379 761 415 Imperitun
779 382 805 411 in
819 389 869 410 Ia:-

73 419 147 447 cula
164 421 337 451 seculorum.
351 422 449 450 Amen.

384 477 525 507 llOMlLlA
544 479 576 509 ll.

72 519 122 548 De
133 521 225 549 eodem
239 522 352 557 psalmo,
362 525 402 564 _ab
419 525 465 552 illa
478 531 553 560 parte
568 536 574 554 :
592 536 600 553 ι
613 527 740 556 Subditut
748 534 803 557 esto
815 529 869 557 Do-

332 566 413 593 mmo,
426 564 451 586 et
463 568 509 587 ora
524 570 593 588 eum.
607 571 618 588 1

65 596 68 601 ’
119 599 147 628 ι.
168 600 347 637 Ρηεείυἰεηιε
365 605 502 637 mandato.
521 612 549 634 et
566 603 724 637 dicente“:
738 610 868 640 Subdilus

73 651 139 673 esto
153 646 279 682 Domino,
303 653 487 680 necessarium
501 653 608 682 videtur
622 657 786 690 perscrutari
803 658 867 692 quid

72 691 121 719 sit
149 693 287 722 subditum
311 703 373 724 esse
399 697 526 733 Domino,
542 705 569 727 et
597 701 661 735 quid
680 701 716 729 sit
738 710 791 730 non
807 691 869 731 esse

71 737 233 767 subditum.
248 739 325 768 Sicut
339 742 413 770 enim
427 752 478 771 non
494 745 580 772 omnis
594 747 639 778 qui
651 747 726 779 dicit,
743 747 866 781 Domine,

76 781 206 815 Domine,
231 783 341 812 intrabit
366 788 393 814 in
409 795 516 823 regnum
535 790 671 823 caelorum,
685 792 729 818 sed
745 793 789 827 qui
804 792 868 827 facit

73 827 243 857 voluntatem
264 829 355 860 Patris
373 834 421 861 mei
449 836 494 870 qui
521 836 549 863 in
565 837 637 864 culis
653 844 690 865 eu
702 839 744 868 ’τι
761 840 796 867 ita
814 849 867 869 non

73 874 173 902 omnis
188 875 234 910 qui
259 876 324 905 dicit
341 886 371 906 se
393 879 543 914 subjectum
568 890 628 911 esse
641 883 765 917 Domino,
778 886 871 921 subje-

74 923 146 947 ctus
159 925 200 948 cst
216 921 251 954 ei,
267 923 315 951 sed
338 924 384 959 qui
407 925 495 961 reipsa
526 928 662 962 subjectus
679 935 722 958 est
742 932 782 966 ei;
803 919 867 967 quia
884 919 905 946 Β

75 971 149 992 vere
161 966 312 1000 subjectum
330 976 391 997 esse
407 970 531 1004 Domino,
549 980 601 1001 non
617 982 708 1002 sermo
720 966 867 1010 professio-

73 1010 137 1043 nis,
156 1012 203 1039 sed
223 1020 290 1047 opus
304 1015 483 1050 subjeclionis
498 1019 629 1046 ostendit.
647 1019 759 1049 Plenius
776 1027 866 1050 autem

74 1056 242 1091 intelligitur
260 1060 332 1094 quod
347 1061 462 1090 dicimus
486 1062 537 1091 hoc
552 1065 632 1092 modo
647 1074 654 1092 :
668 1065 797 1095 Dominus
819 1076 865 1096 no-

72 1107 140 1130 ster
163 1102 243 1132 Jesus
257 1104 381 1134 Christus
402 1107 508 1141 justitia
524 1114 576 1138 est.
591 1110 675 1139 Nemo
690 1120 754 1146 ergo
768 1113 867 1147 injuste

74 1155 169 1182 agens
184 1149 321 1184 subjectus
335 1157 377 1180 est
392 1153 513 1187 Christo,
528 1157 574 1190 qui
590 1161 632 1184 est
647 1157 768 1192 justitia.
785 1159 866 1188 Chri-

74 1197 125 1220 ωε
136 1194 238 1222 veritas
248 1200 300 1223 est.
316 1197 400 1226 Nemo
415 1200 529 1226 mendax
549 1200 659 1228 Christo
675 1202 813 1237 subjectus
826 1210 867 1233 est

73 1238 128 1273 qui
145 1244 188 1266 est
203 1241 315 1275 veritas,
333 1243 391 1271 sive
403 1252 464 1271 cum
480 1245 506 1272 in
521 1246 612 1280 rebus,
629 1247 687 1274 sive
701 1256 763 1276 cum
777 1250 803 1278 in
819 1251 867 1279 do-

72 1284 171 1312 ctrina
203 1288 372 1317 mendacium
393 1291 524 1326 loquitur.
543 1293 674 1322 Dominus
691 1294 772 1324 Jcsus
785 1297 866 1325 Chri-

73 1335 140 1358 stus
155 1334 335 1362 sanctiilcatio
349 1341 399 1363 est.
419 1337 502 1366 Nemo
517 1344 559 1367 est
583 1341 723 1376 subjeclus
746 1345 867 1372 sanctifi-

73 1376 196 1410 cationi,
215 1386 275 1406 cum
299 1381 416 1416 pollutus
438 1384 475 1411 sit
489 1389 515 1412 et
536 1386 668 1420 impurus.
684 1388 813 1418 Dominus
825 1390 867 1419 lc—

74 1429 128 1449 sus
145 1422 269 1452 Christus
292 1433 342 1460 pax
363 1433 417 1457 est.
436 1428 521 1457 Nemo
534 1430 668 1466 litigiosus
682 1437 709 1460 et
726 1435 867 1463 turbulen-

78 1471 126 1516 tus
140 1467 249 1497 Christo
264 1471 402 1516 subjectus
417 1479 467 1507 est,
484 1477 529 1510 qui
545 1482 585 1504 est
597 1486 660 1512 par,
677 1481 725 1507 sed
741 1481 785 1508 ille
800 1483 865 1510 sub-

73 1515 173 1545 jectus
187 1518 229 1540 est
246 1515 270 1541 ei
290 1517 336 1550 qui
353 1517 419 1545 dicit
429 1518 452 1534 “
467 1527 474 1546 :
488 1519 554 1548 Cum
573 1521 612 1550 his
636 1524 682 1558 qui
694 1525 804 1553 oderunt
816 1535 866 1561 pa-

74 1566 150 1609 rent,
165 1567 238 1587 eram
260 1562 411 1615 paciﬁcus;
424 1565 500 1595 Unde
528 1572 555 1596 et
583 1569 611 1596 in
639 1570 694 1598 alio
707 1573 815 1606 psalmo
832 1575 865 1602 ad
879 1586 901 1615 ο

74 1604 201 1631 animam
218 1613 294 1634 suam
311 1608 377 1637 dicit
392 1610 530 1647 Propheta
541 1614 564 1631 "
583 1624 590 1641 :
612 1604 796 1646 Verumtamen
812 1619 864 1647 Deo

73 1648 188 1676 subdita
201 1656 265 1685 esto,
282 1654 371 1682 animo
384 1664 450 1687 mea,
468 1658 529 1692 quia
553 1661 586 1686 ab
610 1660 667 1695 ipso
688 1667 725 1689 est
737 1664 866 1697 patientia

74 1703 152 1744 mea.
165 1695 234 1744 βω
262 1703 289 1726 et
309 1700 457 1735 Apostolus
473 1712 571 1740 magna
587 1707 694 1741 quidem
707 1695 741 1737 et.
753 1711 865 1744 mystica

77 1741 115 1767 de
129 1742 299 1777 subjectione
312 1746 447 1781 signiﬁcat
462 1749 554 1778 dicens
564 1752 587 1768 "
601 1761 608 1780 :
624 1752 689 1781 Cum
707 1741 793 1782 autem
804 1757 865 1783 sub-

69 1786 152 1836 jecta
162 1788 298 1836 eifnerittt
320 1794 419 1827 omnia,
436 1800 498 1823 tunc
520 1803 544 1824 et
556 1798 614 1832 ipse
628 1798 717 1828 Filius
732 1802 865 1836 subjeclus

73 1832 132 1882 erit
144 1833 167 1859 ei
177 1834 221 1882 qui
231 1835 312 1871 eeo
327 1838 377 1865 tibi
387 1840 502 1868 subdidit
514 1844 616 1870 omnia.
633 1845 703 1873 Audi
720 1832 786 1882 ergo
799 1848 864 1882 quid

72 1877 147 1904 dicit
162 1880 224 1928 quia
240 1882 331 1910 omnia
348 1891 459 1913 necesse
475 1892 517 1915 est
529 1888 638 1917 Christo
652 1898 714 1919 esse
730 1877 862 1928 conjecta,

123 1927 188 1951 tunc
200 1925 285 1960 ipsum
297 1934 357 1956 esse
371 1930 535 1966 subjectum,
551 1934 719 1969 subjectione
741 1925 865 1967 videlicet

74 1967 124 1994 illa
140 1976 221 2003 quam
239 1971 273 1999 de
287 1974 383 2008 spiritu
410 1975 524 2012 intelligi
549 1967 658 2014 dignum
688 1986 738 2009 est.
756 1982 863 2012 Interim

73 2021 195 2043 necesse
218 2023 260 2045 est
284 2020 374 2047 omnia
397 2021 506 2050 Christo
522 2031 583 2052 esse
608 2025 739 2061 subjecta,
756 2033 785 2056 ut
801 2033 864 2057 tunc

74 2059 204 2108 demunt
217 2063 299 2091 etiam
322 2065 380 2100 ipse
403 2067 522 2103 impletis
542 2073 670 2100 omnibus
690 2078 717 2100 et
731 2059 864 2108 perfectis

73 2113 128 2139 per
145 2106 352 2143 subjectiouetn,
369 2116 498 2147 tanquam
515 2116 635 2146 victoria:
650 2127 706 2148 sua:
727 2106 799 2149 lianc
820 2130 863 2150 re-

72 2150 295 2187 terenspalmam
310 2155 383 2184 Patri
398 2158 504 2187 dicatur
516 2161 624 2191 futurus
637 2173 698 2194 esse
712 2167 861 2201 subjectus.

71 2197 156 2247 Quod
173 2200 223 2226 nisi
241 2202 355 2236 mystice
371 2203 547 2242 intelligatur,
562 2209 673 2244 impium
689 2197 789 2247 aliquid
804 2215 863 2243 sine

72 2242 163 2270 dubio
183 2251 234 2272 non
254 2247 456 2278 advertentibus
486 2242 608 2282 indicare
634 2242 763 2286 creditur.
802 2259 859 2288 Non

71 2288 152 2338 enim
170 2292 317 2324 putandum
340 2299 382 2322 est
402 2297 474 2330 quod
494 2297 580 2326 Filius
603 2299 650 2328 Dei
665 2310 738 2331 nunc
751 2305 860 2338 quidem

74 2334 153 2362 Patri
165 2344 334 2375 nequaquam
358 2342 496 2376 subjectus
512 2344 558 2377 sit,
576 2345 602 2372 io
624 2334 780 2376 novissimis
798 2358 862 2378 vero

74 2382 247 2416 temporibus
260 2391 320 2412 cum
336 2386 387 2414 sibi
406 2387 508 2416 fuerint
529 2396 626 2419 cuncta
643 2393 777 2428 subjecta,
798 2401 861 2425 tunc

69 2427 131 2454 erit
142 2431 169 2454 et
186 2428 244 2462 ipse
256 2431 394 2465 subjectus
409 2440 416 2459 :
432 2434 479 2461 sed
496 2435 559 2469 quia
576 2438 667 2465 omnia
681 2427 811 2469 nostrain
829 2450 860 2470 se

70 2474 184 2509 recipit,
201 2481 229 2502 et
249 2484 279 2504 se
290 2485 351 2506 esse
362 2479 426 2506 dicit
439 2481 485 2515 qui
500 2481 525 2508 in
545 2483 624 2511 nobis
638 2487 759 2520 esuriat;
776 2495 860 2523 seque

68 2521 121 2557 qui
142 2521 168 2549 in
184 2523 263 2552 nobis
279 2524 366 2557 sitiat,
381 2529 409 2553 et
425 2526 512 2554 nudus
526 2528 561 2555 sit
574 2535 656 2565 atque
668 2539 749 2567 aeger,
760 2521 860 2569 quique

26 2607 28 2610 Ι
69 2569 175 2603 hospes
196 2573 223 2597 et
243 2572 288 2605 qui
310 2578 433 2603 retrusus
454 2576 481 2604 in
505 2585 654 2613 carcerem,
677 2584 704 2607 et
726 2581 859 2616 quidquid

68 2615 117 2642 nui
138 2622 172 2641 ex
187 2616 307 2646 minimis
321 2620 379 2648 suis
395 2620 496 2651 factum
513 2623 607 2658 fuerit,
619 2626 670 2653 sibi
685 2626 784 2654 factum
798 2615 858 2656 esse

68 2665 208 2694 testatur;
226 2669 426 2699 consequenter
437 2672 465 2694 et
481 2669 578 2696 merito
592 2677 652 2696 cum
670 2672 858 2707 unusquisque

69 2710 197 2733 nostrum
214 2708 292 2743 plene
307 2716 333 2737 et
347 2711 467 2746 perfecte
485 2715 611 2743 subditur
629 2716 695 2750 Deo,
718 2717 756 2745 ita
777 2724 806 2746 ut
831 2719 857 2746 in

67 2751 147 2778 nullo
164 2760 277 2786 prorsus
300 2756 459 2788 inobediens
480 2766 586 2795 pareat,
602 2769 632 2790 se
646 2770 707 2791 esse
721 2764 857 2792 subditum

67 2801 250 2832 protestatur.
274 2800 329 2830 Sed
354 2809 381 2832 et
399 2805 453 2833 alio
478 2807 558 2834 modo
572 2807 680 2842 plenius
694 2810 856 2846 intelligitur

68 2900 84 2919 ν
105 2856 219 2919 ξορειι.
237 2868 330 2896 xxx",
347 2863 372 2891 7.
411 2863 432 2880 ⁸⁷
449 2865 543 2894 Matth.
563 2867 669 2901 vn,2l.

89 2913 96 2919 .
115 2902 131 2919 ι)
153 2912 160 2919 ι

89 2913 96 2925 ν
115 2912 160 2919 vva

719 2869 740 2885 "
751 2870 821 2897 Psal.
838 2879 910 2904 cxtt,
930 2870 954 2896 6.

921 290 1036 324 lcamus,
1059 290 1183 324 quamvis
1203 291 1293 318 anima
1322 293 1413 316 nostra
1436 289 1580 317 incolumis
1604 289 1651 322 sit,
1680 296 1706 317 cl.

922 335 1025 371 reliqua
1053 335 1143 362 omnia
1170 336 1290 363 membra
1316 339 1409 362 nostra
1432 342 1501 361 sana
1523 335 1587 366 sint,
1617 339 1705 362 tamen

921 381 984 416 quia
1007 381 1101 409 dolore
1127 381 1206 409 unius
1230 381 1343 408 membri
1367 384 1438 408 totus
1464 380 1544 407 homo
1567 378 1705 414 afﬂigitur,

920 434 974 454 non
988 427 1104 454 dicimus
1118 427 1180 462 quia
1198 426 1257 454 sani
1274 433 1379 460 sumus,
1394 427 1441 454 sed
1459 425 1521 460 quia
1540 425 1611 453 male
1626 426 1706 452 habe-

921 480 992 500 mus.
1015 471 1097 499 Verbi
1123 480 1215 505 causa,
1240 472 1354 500 dicimus
1371 481 1378 499 :
1393 471 1439 499 Ille
1461 479 1513 499 non
1536 475 1578 498 est
1611 478 1704 498 sanus.

920 518 1028 551 Quare?
1043 518 1104 553 quia
1119 518 1201 553 pedes
1211 517 1295 551 dolet,
1307 522 1353 545 aut
1367 524 1456 550 renes,
1466 521 1512 543 aut
1523 516 1705 543 stomachum.

921 563 952 591 Et
977 572 1057 592 nemo
1074 565 1141 592 dicit
1156 564 1219 599 quia
1238 570 1320 591 sanus
1335 568 1377 591 est
1393 563 1414 591 si
1430 563 1599 590 stomachum
1622 561 1705 594 dolet,

920 610 966 637 sed
985 617 1037 637 non
1053 614 1096 637 est
1108 617 1191 637 sanus
1210 609 1273 644 quia
1291 608 1462 637 stomachum
1480 607 1564 635 dolet.
1580 607 1609 634 Si
1628 606 1706 634 intel-

921 654 1026 682 lexistis
1037 658 1199 690 exemplum,
1217 654 1362 682 redeamus
1374 662 1446 682 nunc
1462 654 1496 681 ad
1513 653 1539 681 id
1553 653 1624 688 quod
1643 659 1706 687 pro.

920 700 1040 735 positum
1055 705 1107 729 est.
1121 701 1270 736 Apostolus
1286 701 1353 728 dicit
1368 701 1389 716 "
1404 700 1467 734 quia
1484 706 1585 734 corpus
1604 698 1704 726 Christi

920 753 1023 779 sumus,
1044 742 1071 774 ct
1091 746 1213 774 membra
1235 754 1269 774 ex
1290 750 1379 781 parte.
1404 745 1529 773 Christus
1551 751 1616 780 ergo
1630 744 1706 778 cujus

919 799 999 819 omne
1024 792 1164 820 hominum
1182 799 1279 828 genus,
1305 792 1359 819 imo
1380 791 1507 818 fortassis
1527 792 1610 818 totius
1626 797 1702 818 crea-

920 841 988 864 turae
1010 837 1175 865 universitas
1202 845 1302 872 corpus
1323 841 1375 870 est,
1403 841 1430 864 et
1454 836 1640 871 unusquisque
1657 844 1706 863 no-~

920 887 1005 910 strum
1022 884 1142 911 membra
1156 890 1188 910 ex
1203 887 1280 918 parte
1293 887 1346 915 est,
1361 883 1384 910 si
1403 883 1503 917 aliquis
1518 890 1552 911 ex
1568 883 1647 910 nobis
1659 883 1705 917 qui

920 930 1040 956 membra
1063 929 1121 962 ejus
1144 929 1262 956 dicimur
1285 933 1411 963 aegrotat,
1431 933 1458 956 et
1482 929 1573 964 aliquo
1601 929 1703 964 peccati

920 975 1015 1002 morbo
1031 975 1147 1008 laborat,
1174 975 1201 1002 id
1229 979 1281 1008 est,
1298 975 1323 1002 si
1345 974 1461 1009 alicujus
1476 975 1578 1009 peccati
1596 974 1704 1002 macula

919 1020 1046 1054 innritur,
1065 1027 1091 1049 et
1111 1030 1165 1049 non
1191 1021 1327 1057 subjectus
1350 1021 1417 1054 Deo,
1433 1026 1506 1048 recte
1529 1020 1572 1049 ille
1585 1021 1703 1048 nondum

918 1066 1015 1093 dicitur
1032 1074 1091 1094 esse
1108 1067 1254 1101 subjectus,
1276 1065 1354 1100 cujus
1381 1066 1436 1093 sint
1454 1066 1576 1093 membra
1594 1066 1632 1093 illi
1658 1067 1703 1100 qtti

918 1119 970 1139 non
997 1116 1058 1139 sunt
1083 1112 1195 1147 subjecti
1211 1112 1276 1140 Deo.
1291 1113 1358 1140 Cum
1373 1116 1463 1140 autem
1485 1118 1580 1139 omnes
1595 1119 1642 1139 eos
1659 1113 1703 1146 qui

918 1164 1016 1192 corpus
1038 1164 1116 1184 sutnn
1138 1158 1264 1185 dicuntur
1288 1164 1319 1184 ac
1349 1156 1482 1189 metnbra,
1497 1164 1577 1184 sanos
1599 1157 1703 1184 habue-

918 1203 963 1236 rit,
990 1207 1019 1230 ut
1041 1203 1066 1230 in
1100 1203 1172 1230 nullo
1201 1203 1394 1232 inobedientiat
1421 1203 1605 1232 laboraverint
1632 1211 1705 1230 tuor-

917 1248 963 1282 bo,
980 1249 1055 1276 sanis
1069 1249 1198 1278 omnibus
1211 1250 1353 1284 membris,
1367 1251 1478 1286 Deoque
1491 1251 1630 1284 subjectis,
1645 1257 1703 1276 nte-

918 1295 972 1322 rilo
988 1302 1017 1323 se
1031 1295 1098 1322 dicit
1113 1303 1173 1323 esse
1188 1296 1341 1330 subjectum
1358 1297 1408 1330 illi,
1428 1297 1505 1332 cujus
1515 1304 1563 1324 nos
1581 1296 1702 1324 membra

919 1340 973 1368 Deo
997 1341 1024 1367 in
1044 1341 1170 1369 omnibus
1189 1341 1340 1370 obedimus.
1362 1342 1438 1376 Quod
1461 1343 1483 1370 si
1505 1342 1620 1377 teipsum
1638 1349 1704 1377 pcr-

919 1387 1034 1413 scrutari
1054 1386 1106 1419 vis,
1121 1391 1148 1414 et
1168 1387 1262 1414 videre
1275 1387 1298 1415 si
1315 1387 1372 1422 jant
1390 1387 1528 1423 subjectus
1545 1395 1574 1416 es
1589 1387 1654 1421 Deo,
1669 1395 1704 1415 an

917 1431 1007 1459 adhuc
1032 1431 1191 1460 inobediens
1221 1441 1375 1468 permanes,
1401 1434 1454 1462 hoc
1479 1435 1558 1462 modo
1588 1434 1702 1469 teipsum

918 1477 1037 1505 discute:
1051 1478 1079 1505 Si
1096 1478 1164 1506 nihil
1183 1484 1224 1506 est
1246 1482 1417 1507 contrarium
1436 1480 1493 1508 Deo
1512 1481 1538 1507 in
1559 1484 1595 1514 te,
1613 1479 1703 1514 subje«

917 1528 980 1551 ctus
1001 1531 1030 1551 es
1048 1524 1083 1550 ei.
1100 1524 1274 1553 Contrariunt
1294 1530 1385 1553 autem
1412 1526 1528 1554 dicimus
1545 1526 1595 1553 hoc
1611 1526 1702 1553 modo:

919 1568 988 1597 Deus
1004 1569 1124 1597 charitas
1142 1574 1199 1603 est;
1218 1570 1240 1598 si
1259 1570 1351 1598 odium
1364 1571 1389 1599 in
1403 1576 1433 1599 te
1444 1579 1496 1599 non
1512 1575 1563 1604 est,
1583 1578 1636 1598 non
1653 1571 1703 1599 ha-

917 1613 965 1641 bes
984 1614 1056 1649 quod
1077 1615 1245 1642 contrarium
1273 1615 1329 1644 Deo
1352 1621 1404 1644 cst.
1429 1617 1501 1645 Deus
1520 1617 1623 1645 veritas
1641 1623 1701 1652 est;

916 1660 978 1687 vide
997 1667 1030 1686 ne
1044 1661 1080 1687 sit
1095 1661 1122 1688 in
1142 1666 1168 1688 te
1180 1661 1363 1695 mendacium,
1380 1664 1451 1698 quod
1467 1668 1510 1691 est
1532 1664 1702 1691 contrarium

917 1705 1035 1733 veritati.
1053 1705 1081 1734 Si
1108 1707 1180 1734 enim
1201 1712 1243 1735 est
1266 1708 1293 1735 in
1319 1713 1345 1736 te
1369 1709 1552 1744 mendacium,
1571 1717 1624 1737 non
1648 1710 1703 1738 Deo

917 1751 1052 1787 subjectus
1073 1760 1112 1785 es,
1130 1753 1181 1780 sed
1194 1753 1218 1780 ei
1233 1754 1278 1788 qui
1300 1759 1342 1781 est
1365 1754 1501 1782 mendacii
1525 1759 1613 1791 pater.
1628 1755 1661 1783 Et
1678 1757 1702 1784 si

917 1797 1048 1831 injustitia
1072 1798 1098 1824 itt
1127 1802 1153 1825 te
1176 1802 1228 1830 est,
1246 1799 1316 1833 patri
1346 1798 1485 1833 injustitize
1514 1801 1654 1835 subjectus
1671 1809 1702 1829 es

916 1843 1003 1877 magis
1017 1851 1099 1878 quant
1118 1843 1184 1876 Deo,
1205 1844 1252 1879 qui
1270 1845 1375 1879 justitia
1393 1849 1445 1872 est.
1463 1846 1533 1878 Siet
1552 1847 1654 1882 reliqua
1672 1848 1699 1875 in

917 1892 942 1915 le
955 1888 1166 1922 deprehenderis
1179 1889 1255 1921 vilia,
1273 1890 1342 1917 scito
1359 1894 1385 1917 te
1403 1890 1494 1918 tandiu
1509 1899 1562 1919 non
1574 1891 1639 1925 Deo,
1652 1894 1700 1920 scd

916 1933 1022 1960 diabolo
1042 1941 1103 1960 esse
1123 1933 1285 1968 subjectum.
1301 1934 1410 1962 Certum
1427 1939 1468 1962 est
1494 1943 1612 1970 namque
1636 1937 1700 1971 quia

915 1978 1104 2006 fornicationis
1129 1983 1249 2014 tempore
1272 1979 1379 2014 spiritui
1398 1979 1588 2008 fornicationis
1605 1989 1700 2009 sumus

914 2025 1043 2059 subjecti,
1061 2025 1240 2053 adversantes
1256 2025 1362 2060 spiritui
1378 2026 1524 2053 castitatis.
1540 2025 1574 2053 Et
1591 2032 1696 2061 tempo-

915 2077 944 2097 re
971 2070 1129 2103 Iracundia,
1153 2070 1196 2097 vel
1221 2069 1332 2104 furoris,
1351 2071 1458 2106 spiritui
1480 2073 1527 2098 ira:
1545 2071 1699 2106 obeditnus,

914 2116 1024 2150 spiritui
1041 2117 1258 2144 mansuetudinis
1283 2117 1450 2144 resistentes.
1464 2117 1611 2151 Propterea
1636 2125 1700 2152 ergo

916 2162 1036 2189 videntes
1058 2162 1121 2197 quia
1136 2163 1228 2190 omnis
1245 2164 1299 2190 vita
1319 2169 1409 2190 nostra
1425 2171 1537 2198 agonem
1553 2164 1697 2198 quemdam

913 2207 1075 2235 obcdientiaa
1097 2208 1177 2244 gerit,
1193 2209 1249 2236 sive
1259 2209 1378 2243 Christo,
1391 2210 1448 2237 sive
1462 2210 1503 2237 his
1526 2210 1572 2244 qui
1587 2215 1698 2238 contra-

877 2254 900 2282 D
915 2254 948 2280 rii
971 2258 1034 2281 sunt.
1051 2254 1169 2287 Christo,
1192 2262 1325 2282 conemur
1348 2262 1396 2289 per
1413 2256 1555 2288 orationis,
1572 2262 1620 2290 per
1635 2263 1700 2284 eru-

912 2299 1022 2326 ditionis
1037 2299 1191 2334 religiosam
1206 2299 1402 2327 institutionem
1420 2301 1472 2328 ltoc
1492 2309 1584 2336 agere,
1601 2309 1634 2329 ne
1649 2310 1700 2329 ttu-

912 2352 991 2379 qualn
1011 2344 1118 2372 diabolo
1133 2345 1175 2372 vel
1187 2344 1298 2372 malitia:
1311 2345 1369 2379 ejus
1387 2346 1498 2375 obedire
1514 2347 1696 2380 inveniamur,

913 2391 959 2417 scd
975 2391 1064 2418 muttis
1082 2397 1160 2419 actus
1173 2398 1276 2424 noster,
1292 2398 1319 2420 et
1332 2394 1422 2421 omnis
1435 2402 1525 2422 sermo
1541 2400 1622 2429 atque
1640 2402 1698 2422 om-

912 2437 954 2464 nis
983 2438 1114 2472 cogitatio
1142 2438 1297 2466 inveniatur
1329 2439 1355 2466 itt
1379 2441 1549 2474 subjectione
1581 2441 1694 2469 Christi.

911 2483 988 2516 Quod
1005 2485 1028 2511 si
1044 2483 1114 2512 torte
1130 2484 1288 2519 dieis,Quid
1301 2487 1412 2521 prodest
1428 2487 1451 2514 si
1466 2493 1538 2514 nunc
1558 2486 1695 2521 subjectus

911 2530 973 2564 sim,
989 2530 1114 2565 cumjam
1130 2537 1193 2560 ante
1213 2535 1379 2567 peccaverint
1390 2540 1418 2562 ct
1436 2538 1590 2567 praeventus
1599 2534 1650 2560 sint
1668 2535 1695 2561 in

910 2578 1101 2607 delictisisine
1110 2580 1191 2608 dubio
1199 2588 1261 2608 cum
1271 2581 1443 2616 deliquimus,
1452 2582 1566 2616 subjecti
1579 2590 1630 2608 non
1643 2582 1696 2609 fui-

911 2632 971 2652 mus
986 2626 1051 2658 Deo,
1063 2627 1110 2654 sed
1119 2635 1180 2654 cum
1193 2628 1340 2656 desivimus
1350 2636 1364 2655 a
1377 2628 1492 2661 delictis,
1512 2632 1576 2655 tunc
1587 2627 1694 2655 initium

910 2672 1086 2708 subjectionis
1103 2675 1268 2709 accepimus.
1282 2675 1348 2702 Cum
1362 2683 1426 2710 ergo
1440 2676 1529 2704 timori
1542 2676 1587 2703 Dei
1606 2675 1696 2709 subjo-

909 2718 947 2745 eti
973 2726 1087 2754 peccare
1106 2727 1254 2753 cessamus,
1274 2727 1337 2748 tunc
1351 2722 1432 2749 etiam
1452 2721 1576 2749 fiduciam
1593 2722 1694 2756 accipi-

911 2772 970 2792 mus
986 2765 1113 2800 poscendi
1132 2773 1180 2800 pro
1200 2766 1305 2794 delictis
1319 2767 1458 2801 prioribus
1476 2768 1593 2796 veniam.
1606 2768 1695 2796 Donec

910 2814 1000 2837 autent
1019 2817 1206 2845 permancnms
1226 2811 1252 2839 in
1270 2812 1384 2845 delictis,
1398 2811 1496 2841 frustra
1522 2813 1626 2840 veniant
1645 2821 1694 2848 po-

1006 2868 1027 2884 "
1039 2866 1111 2895 Psal.
1134 2876 1190 2902 ut,
1208 2869 1236 2897 6.
1273 2871 1295 2885 ⁷ο
1311 2869 1320 2896 l
1334 2869 1398 2898 Cur.
1415 2878 1459 2902 xv,
1475 2871 1517 2898 28.
1556 2871 1577 2886 ἰ
1593 2870 1693 2906 Ephes.
