1885 3053
193 156 260 186 1551

888 153 932 183 EX
952 152 1104 181 OlilGENE

1771 151 1835 178 15ῖὲ

193 214 296 240 scimus
310 211 481 240 delictorum.
498 211 575 239 Unde
593 216 619 239 ct
637 211 747 240 memini
772 219 814 239 me
829 212 984 247 frequenter
998 214 1022 242 Α
1036 215 1087 241 est,
1104 209 1174 243 Noli,
1193 212 1290 247 inquit,
1309 211 1414 244 mirari,
1433 212 1456 240 si
1470 212 1662 247 insipientem,
1680 211 1705 238 si
1724 210 1836 243 malum,

194 259 297 287 dixisse
314 258 347 286 ad
359 265 416 290 vos,
432 258 495 293 quia
510 257 617 285 veniam
637 258 797 286 delictorum
823 263 886 286 tunc
902 258 982 293 digne

194 306 344 342 poscimus,
357 312 418 332 cum
436 304 516 339 longe
528 304 607 339 positi
621 312 636 331 a
652 310 775 340 peccato,
797 304 869 332 illam
886 311 982 332 vocent

195 357 339 386 possumus
367 350 488 377 dicere"
502 358 508 376 :
524 349 564 376 Ne
594 350 745 377 memineris
765 350 915 385 iniquitates
936 357 983 376 no-

193 402 263 424 stra:
281 395 414 430 antiquas.
430 394 489 422 Non
509 394 576 422 dixit
589 401 636 422 eas
647 402 716 429 quas
732 394 855 426 facimus,
874 393 920 420 sed
936 399 983 419 eas

195 449 261 478 quas
274 441 419 477 aliquando
431 441 554 469 fecimus.
576 441 707 468 Subditus
727 448 794 475 ergo
813 445 872 468 esto
890 439 983 466 Domi-

194 497 240 523 no,
256 492 283 516 et
307 488 446 524 subjectus
467 487 522 515 noli
544 495 668 523 peccare.
684 487 760 514 Tunc
781 487 895 515 obsecra
921 493 982 514 cum

193 541 244 570 pro
258 534 363 562 delictis
375 533 519 569 praeteritis
531 538 559 562 et
571 534 699 569 antiquis.

228 580 258 608 2.
279 580 321 608 Νι
333 581 474 608 aemulatus
493 580 576 614 fuerit
588 588 647 607 eum
658 580 703 614 qui
719 582 891 613 prosperatur
902 578 930 604 in
943 577 984 604 via

195 633 256 658 sua,
276 626 420 653 inhamine
429 625 543 659 faciente
569 624 735 660 iniquitatem
745 624 778 650 ⁷³.
798 623 933 651 Describit
953 630 984 650 ea

193 678 256 707 qua:
267 669 398 699 accidunt
414 671 580 699 hominibus.
597 670 766 705 Frequenter
778 670 850 697 ettim
863 669 885 697 si
895 669 986 696 videa-

194 724 256 744 tnus
284 716 406 751 iniquum
430 716 458 743 itt
486 716 624 752 prosperis
639 716 825 748 successibus,
849 719 877 743 et
908 715 934 742 in
953 722 985 742 ea

195 770 276 797 quam
299 762 402 790 ducunt
426 762 560 790 felicitate
581 762 642 790 vita:
664 763 796 797 positum,
817 761 986 789 scandaliza.

196 817 269 841 mur,
290 814 315 837 et
331 809 484 844 periculum
499 807 564 836 ﬁdei
587 808 768 840 incurrimus,
784 812 866 843 atque
882 807 908 834 in
924 814 986 834 cor-

195 855 229 883 de
243 860 337 883 nostro
350 855 498 882 adversum
512 853 632 882 divinam
645 853 849 882 Proﬁdentiant
865 861 986 888 conque—

197 899 296 934 riutur,
314 901 438 928 dicentes
453 907 460 926 :
475 899 545 932 Quid
569 899 679 934 prodest
702 898 776 934 juste
801 899 900 935 agere?
917 899 986 927 Ecce

195 946 264 981 justi
289 945 465 978 tribulantur,
484 945 531 973 hic
558 946 676 981 iniustus
695 945 813 973 feliciter
836 945 902 980 agit.
916 944 988 979 luju’

195 997 255 1020 stus
269 996 322 1024 est,
342 996 371 1019 et
388 991 422 1019 ad
435 999 555 1020 summas
571 992 678 1021 divitias
700 992 835 1027 pervenit,
852 991 985 1019 honorum

196 1047 228 1067 ac
243 1043 405 1074 potestatum
422 1039 559 1067 excelsum
577 1040 685 1068 culmen
711 1040 844 1072 ascendit,
861 1039 987 1068 fortassis

197 1085 294 1113 melius
311 1090 353 1113 est
372 1085 502 1119 injustam
519 1093 580 1113 esse
602 1093 683 1121 quam
703 1085 817 1122 justum.
833 1084 896 1113 llaec
911 1084 988 1112 inlir-

196 1138 248 1163 mis
269 1136 297 1159 et
316 1130 427 1166 fragiles
440 1132 549 1164 animae,
567 1131 675 1168 etiamsi
699 1139 754 1160 non
772 1139 819 1160 ore
835 1130 987 1167 proferunt,

196 1177 223 1206 in
250 1177 333 1205 corde
355 1186 404 1205 suo
423 1182 512 1206 tamen
530 1178 688 1213 loquuntur,
711 1186 773 1206 cum
797 1178 915 1206 viderint
936 1177 989 1205 itii-

195 1230 265 1258 quos
289 1224 428 1259 prosperis
444 1224 619 1252 successibus
639 1231 721 1259 agere
748 1224 776 1251 in
804 1223 847 1250 via
871 1230 931 1250 sua.
956 1222 989 1249 Et

197 1269 258 1296 ideo
269 1270 349 1297 nobis
362 1270 483 1297 mandati
499 1269 581 1303 hujus
593 1270 699 1297 medela
711 1269 861 1302 succurrit,
871 1276 915 1302 ne,
925 1275 987 1296 cum

196 1315 256 1343 hanc
271 1314 433 1348 viderimus,
445 1315 614 1348 :cmulemur,
629 1315 656 1342 id
673 1319 762 1342 estne
783 1314 923 1342 irriteinus
935 1313 989 1342 Do-

198 1360 300 1390 ntinum
325 1360 469 1388 adversum
495 1367 545 1388 nos
572 1359 707 1394 loquendo
726 1359 788 1386 talia
809 1359 835 1386 in
859 1359 990 1387 cordibus

198 1406 384 1434 nostris:sed
413 1405 566 1441 recogitare
595 1405 727 1434 debemus
763 1406 828 1441 quia
867 1413 990 1441 praesens

199 1452 327 1480 stectiluut
353 1459 448 1479 eorum
472 1457 525 1486 est,
541 1451 586 1486 qui
603 1450 701 1479 futura:
728 1452 908 1480 beatitudinis
935 1460 987 1480 non

201 1498 303 1525 habent
317 1505 403 1532 spem.
430 1497 463 1525 lit
480 1497 541 1525 ideo
558 1497 694 1532 patienter
719 1497 840 1526 feramus
858 1498 921 1526 illos
946 1498 989 1526 liis

200 1544 375 1571 successibus
391 1543 529 1579 prosperis
542 1551 634 1579 agere.
647 1545 791 1579 percipere
809 1544 881 1572 bona
896 1552 944 1571 sua
961 1544 988 1571 in

200 1590 253 1617 vita
269 1597 331 1620 sua,
347 1590 431 1616 donec
446 1589 538 1620 veniat
548 1594 575 1616 et
586 1593 723 1622 nostrum,
739 1590 773 1617 ad
794 1590 866 1624 quod
883 1590 987 1617 invitati

199 1642 305 1667 sumus,
321 1634 402 1670 661
421 1639 448 1662 ct
460 1633 540 1669 cujus
558 1634 636 1662 uoltis
652 1634 815 1669 reprontissa
832 1640 895 1662 suttt
905 1635 988 1668 bona,

203 1681 238 1712 ad
255 1680 325 1715 quod
345 1680 518 1716 respicimus,
532 1681 557 1708 in
571 1680 644 1715 quod
661 1687 811 1716 speramus,
827 1681 904 1716 cujus
918 1682 989 1709 bona

202 1735 255 1754 nou
271 1728 340 1754 sicut
353 1728 379 1754 in
396 1728 448 1755 ltoc
458 1727 557 1757 swculo
569 1732 696 1762 tanquam
706 1727 804 1755 umbra
812 1732 989 1762 praetereunt,

201 1773 248 1800 sed
264 1778 424 1807 permanent
441 1772 468 1800 in
485 1779 630 1800 :eternutu.
647 1773 818 1808 lntpossibile
837 1779 927 1801 autem
949 1777 991 1800 est

200 1825 229 1848 et
243 1820 270 1847 in
287 1819 413 1855 praesenti
429 1819 529 1848 saculo
543 1820 613 1848 bona
626 1819 770 1854 consequi,
792 1824 819 1846 et
843 1819 869 1846 itt
887 1819 988 1846 futuro.

201 1864 320 1892 Necesse
344 1869 387 1892 est
408 1865 482 1891 enim
507 1864 560 1892 dici
584 1864 642 1897 uni,
657 1865 720 1899 quia
737 1871 901 1893 consecutus
914 1874 944 1893 es
963 1871 990 1893 tu

201 1912 271 1938 bona
286 1911 311 1938 in
328 1911 384 1937 vita
400 1915 463 1943 tua;
486 1915 514 1937 et
529 1909 586 1943 alii,
601 1911 664 1945 quia
679 1916 842 1939 consecutus
856 1919 884 1938 es
900 1911 988 1944 mala;

201 1962 228 1986 et
241 1957 311 1984 alter
323 1964 372 1991 pro
391 1956 471 1984 malis
486 1957 567 1988 bona,
581 1962 610 1984 et
627 1956 695 1984 alter
711 1965 760 1992 pro
774 1957 851 1985 bonis
863 1958 933 1985 mala
950 1965 992 1985 re-

201 2002 297 2037 cipiat,
313 2002 383 2029 sicut
399 2001 525 2037 exemplo
537 2007 601 2030 sunt
616 2002 661 2030 ille
677 2003 753 2030 divcs
771 2008 796 2030 et
825 2003 989 2032 Lazarus“.

201 2046 263 2075 Ideo
278 2055 366 2082 ergo:
388 2046 452 2075 Noli
465 2047 586 2074 a‘mulnri
598 2047 625 2074 in
651 2055 680 2074 eo
707 2048 751 2082 qui
775 2053 944 2083 prosper-amr
964 2049 991 2075 in

200 2095 244 2122 via
254 2102 313 2126 sua,
331 2094 357 2120 in
372 2094 476 2121 homine
491 2093 606 2128 faciente
617 2094 795 2129 iniquitatem.

236 2140 264 2168 5.
277 2139 341 2167 Post
358 2140 415 2166 [nec
430 2145 585 2169 commonet
601 2139 697 2167 vitium
723 2147 780 2174 quo,
802 2148 899 2168 omnes
923 2148 992 2175 pene

202 2187 359 2220 turbamur,
376 2191 404 2213 et
421 2185 513 2213 nescio
527 2185 617 2213 sicubi
637 2193 718 2213 rarus
730 2186 794 2220 quis
806 2186 841 2213 ita
855 2186 991 2222 perfectus

1036 257 1058 283 si
1074 256 1207 284 infidelem
1224 257 1364 285 iracundia
1386 257 1550 289 inﬂammat,
1574 256 1640 292 quia
1674 256 1837 291 frequenter

1036 303 1120 329 etiam
1136 303 1223 331 bonos
1241 307 1268 330 et
1287 304 1436 339 prudentes
1458 303 1533 331 viros
1549 303 1592 330 ira
1621 302 1764 337 exagitat.
1793 302 1838 329 Est

1035 356 1101 383 ergo
1116 349 1167 377 hoc
1186 355 1327 384 peccatum
1355 351 1437 378 etiant
1454 357 1537 377 unum
1564 357 1600 377 ex
1624 348 1680 376 illis
1702 349 1782 383 quod
1807 350 1839 375 ad

1035 395 1180 422 aedificium
1201 395 1305 423 deferet
1330 396 1414 431 ligna,
1431 395 1523 423 fenum
1539 400 1567 422 et
1585 394 1736 429 stipulam,
1751 399 1781 422 et
1793 402 1840 421 nec

1035 449 1113 470 cosse
1127 448 1169 470 est
1185 443 1338 478 huiusmodi
1354 443 1493 475 materias,
1510 442 1582 469 sicut
1597 442 1736 476 scriptum
1751 441 1841 473 est",

1035 497 1084 525 per
1098 491 1186 526 ignem
1203 489 1326 525 probari,
1345 490 1381 517 ita
1401 494 1430 516 ut
1456 497 1670 525 permaneamus
1688 488 1791 515 tandia
1813 488 1839 514 in

1036 535 1108 571 igne.
1121 535 1207 563 donec
1221 534 1255 564 de
1270 535 1348 563 nobis
1362 535 1435 571 ligna
1455 535 1605 562 iracundiae
1618 538 1841 565 consumantur,

1035 587 1063 610 et
1078 582 1168 609 fenum
1182 581 1386 618 indignationis,
1398 586 1426 609 et
1445 581 1544 615 stipula
1559 581 1725 613 verborum,
1741 586 1842 606 eorum

1037 628 1162 655 videlicet
1177 636 1238 663 qua:
1252 628 1406 663 ltujusmodi
1420 627 1492 654 vitiis
1508 627 1639 662 exagitati
1654 627 1841 662 protulimus.

1036 674 1141 702 Idcirco
1156 681 1220 710 ergo
1231 675 1320 702 desine
1335 675 1367 701 ab
1379 675 1431 706 ira,
1441 678 1465 700 et
1480 673 1597 707 relinque
1608 673 1843 708 indignationem;

1038 720 1064 747 id
1088 725 1130 747 cst
1146 727 1200 746 non
1211 719 1369 747 satisfacias
1383 720 1483 747 animis
1500 719 1571 750 tuis,
1587 726 1649 745 cum
1677 724 1846 746 commotus

1037 765 1122 793 fueris
1135 765 1167 792 ad
1186 765 1368 797 iracundiam,
1388 765 1434 792 sed
1448 765 1553 797 desine,
1569 764 1754 798 derelinque,
1771 772 1845 791 con-

1039 816 1138 838 temne.
1154 811 1209 839 Nos
1223 819 1287 839 vero
1302 820 1364 839 cum
1391 813 1448 839 haec
1477 811 1606 838 mandata
1635 810 1844 845 suscipiamus,

1039 862 1066 885 et
1083 859 1239 886 econtrario
1256 866 1319 886 cum
1335 858 1462 885 commoti
1480 857 1630 889 fuerimus.
1652 864 1710 884 non
1734 856 1771 883 ab
1788 857 1845 883 ira-

1038 903 1148 936 cundia,
1166 903 1212 931 sed
1226 910 1240 930 a
1258 903 1464 930 mansuetudine
1480 902 1630 929 desinimus
1642 923 1650 934 ,
1681 909 1741 928 non
1772 901 1846 928 indi.

1039 947 1195 983 gnationem
1213 947 1401 982 relinquimus.
1428 947 1477 975 sed
1503 947 1657 975 lenitatem.
1673 946 1782 974 Verum
1811 954 1845 973 ex

1039 994 1092 1022 hoc
1105 993 1382 1029 salteutiocipiatuus
1399 993 1547 1020 emendare
1583 993 1786 1026 nosmetipsos,
1818 998 1845 1018 et

1039 1040 1170 1075 paulatim
1184 1048 1232 1075 per
1247 1040 1446 1068 continentiam
1468 1043 1496 1066 et
1515 1039 1656 1066 assiduam
1677 1039 1845 1065 tnedilalir-

1039 1093 1100 1114 nem
1112 1086 1247 1114 lenientes
1264 1086 1445 1117 iracundiam,
1463 1085 1606 1112 veniamus
1619 1085 1706 1112 etiam
1735 1085 1763 1111 in
1791 1086 1845 1112 hoc

1040 1137 1070 1160 ut
1087 1132 1157 1161 ultra
1175 1140 1230 1161 non
1253 1133 1421 1165 irascamur;
1437 1135 1521 1165 atque
1549 1130 1754 1164 indignationis
1779 1139 1844 1164 qme

1039 1186 1088 1214 per
1102 1178 1222 1206 furorem
1240 1178 1403 1210 concitatur,
1422 1178 1552 1211 impetum
1567 1177 1752 1204 retundentes
1771 1178 1843 1203 assi-

1039 1225 1101 1258 due,
1119 1225 1312 1260 perveniamus
1322 1231 1408 1259 usque
1422 1224 1450 1250 in
1465 1223 1530 1250 illud
1548 1231 1581 1250 ne
1607 1222 1684 1250 ultra
1712 1223 1845 1258 indigna-

1041 1271 1123 1298 tionis
1137 1271 1322 1298 commotione
1337 1270 1488 1299 turbentur.
1502 1269 1568 1296 Noli
1586 1269 1715 1296 aemulari
1732 1274 1761 1295 at
1796 1276 1843 1295 ιιτ-

1040 1317 1127 1352 quiter
1146 1317 1232 1351 facias
1247 1316 1281 1342 ⁷⁸.
1294 1315 1366 1348 Noli,
1384 1316 1481 1351 inquit,
1499 1316 1526 1342 itt
1548 1315 1760 1342 aemulationem
1792 1322 1841 1341 nc-

1040 1363 1131 1398 quitia:
1157 1369 1270 1390 ca-teros
1293 1363 1471 1398 provocando»
1487 1383 1494 1394 ,
1518 1361 1600 1388 ctiant
1626 1361 1688 1395 ipse
1720 1367 1840 1394 nequam

1040 1409 1115 1443 ﬁeri;
1128 1409 1192 1444 quia
1206 1409 1344 1438 aemulatio
1360 1408 1423 1436 mali
1434 1408 1545 1436 vincere
1559 1415 1670 1442 semper
1690 1407 1721 1434 in
1735 1407 1839 1435 malitia

1040 1455 1123 1483 alium
1140 1455 1242 1483 studet.

1075 1500 1103 1528 4.
1133 1500 1203 1534 Quia
1230 1500 1276 1535 qui
1304 1500 1423 1535 nequiter
1447 1503 1538 1534 agunt,
1564 1499 1838 1529 exterminabitntur;

1002 1563 1024 1593 ο
1040 1547 1085 1582 qui
1102 1552 1189 1574 autem
1201 1550 1350 1581 exspectant
1366 1545 1521 1577 Dominum,
1540 1545 1592 1580 ipsi
1604 1545 1766 1572 haereditate
1780 1554 1840 1580 ρω-

1040 1593 1162 1625 sidcbunt
1177 1597 1276 1620 terrent
1290 1592 1325 1619 ⁷⁸.
1341 1592 1461 1626 Apparet
1475 1591 1539 1626 quia
1567 1592 1690 1626 nequitia
1706 1592 1764 1618 alia
1780 1592 1839 1625 qui-

1040 1639 1101 1670 dem
1121 1639 1227 1674 species
1243 1638 1306 1666 min
1321 1643 1373 1671 est,
1387 1641 1487 1673 printer
1501 1642 1599 1665 caetera
1616 1642 1747 1672 peccata.
1761 1636 1841 1665 Unde

1040 1691 1069 1714 et
1083 1687 1128 1717 hic
1143 1693 1235 1714 sermo
1247 1685 1357 1713 divinus
1373 1684 1456 1712 alium
1479 1684 1612 1712 describit
1644 1689 1840 1719 peccatorem.

1041 1737 1069 1760 et
1083 1732 1166 1760 alium
1182 1738 1309 1766 nequam,
1328 1731 1400 1758 sicut
1411 1736 1439 1758 et
1460 1731 1494 1758 ibi
1511 1731 1596 1758 simili
1617 1731 1707 1757 utitur
1740 1731 1838 1758 distin-

1041 1779 1133 1806 ctione
1148 1785 1210 1805 cum
1225 1777 1294 1804 dicit
1308 1779 1331 1794 "'
1349 1784 1356 1803 :
1369 1777 1480 1805 Contere
1493 1776 1631 1803 brachium
1645 1776 1796 1809 peccatoris
1815 1779 1838 1800 et

1042 1824 1161 1859 ntaligni,
1182 1823 1207 1850 id
1222 1827 1264 1851 est
1283 1830 1410 1858 nequam.
1438 1823 1492 1851 Sed
1510 1827 1538 1850 et
1554 1822 1687 1848 Dominus
1704 1821 1734 1848 iu
1750 1821 1839 1847 Evan-

1041 1870 1111 1905 gelio
1131 1869 1267 1897 diabolum
1281 1876 1333 1897 nou
1347 1869 1417 1897 dixit
1439 1873 1616 1905 peccatorent
1632 1867 1837 1898 tantummodo,

1042 1915 1090 1944 sed
1108 1915 1266 1950 malignum,
1284 1915 1326 1943 vel
1344 1915 1456 1948 malum,
1475 1919 1502 1942 et
1520 1921 1583 1942 cum
1593 1913 1674 1940 docet
1693 1912 1722 1938 in
1736 1912 1838 1938 oratio-

1044 1970 1088 1994 ne,
1102 1962 1144 1990 vel
1161 1962 1227 1990 dicit
1242 1961 1265 1977 "
1282 1961 1356 1989 :Sed
1369 1961 1452 1988 libera
1474 1968 1522 1988 nos
1539 1968 1555 1987 ιι
1570 1959 1651 1987 malo.
1663 1959 1696 1986 Et
1712 1959 1780 1986 alibi
1795 1958 1835 1985 "z

1043 2007 1133 2035 Malus
1149 2008 1227 2035 homo
1239 2008 1312 2043 fecit,
1325 2007 1383 2035 sive
1400 2007 1545 2042 malignus.
1560 2005 1698 2032 Deﬁniunt
1724 2004 1836 2039 quidam

1043 2054 1186 2089 πονηρίαν,
1201 2055 1226 2081 id
1244 2058 1285 2081 est
1299 2054 1464 2089 nequitiam,
1489 2057 1669 2087 spontaneum
1682 2050 1727 2077 vel
1742 2050 1837 2077 volun-

1045 2100 1142 2127 tariattt
1160 2107 1221 2127 esse
1238 2099 1380 2126 malitiam.
1399 2098 1478 2125 Aliud
1495 2097 1621 2125 estenlm
1640 2103 1691 2130 per
1709 2095 1835 2131 ignoran-

1045 2145 1110 2171 tiam
1129 2144 1199 2170 mala
1217 2151 1309 2179 agere,
1321 2148 1349 2170 et
1364 2143 1460 2170 vincia
1480 2142 1574 2170 malo:
1593 2141 1666 2168 aliud
1684 2146 1728 2168 est
1744 2140 1835 2167 volun-

1045 2195 1100 2218 tate
1111 2196 1137 2218 et
1152 2190 1242 2218 studio
1262 2190 1330 2217 mala
1344 2190 1443 2222 facere,
1456 2194 1484 2216 et
1497 2189 1549 2216 hoc
1563 2192 1605 2215 est
1617 2187 1752 2222 nequitia.
1763 2186 1836 2213 Unde

200 2233 365 2265 inveniatur,
380 2231 426 2268 qui
441 2236 533 2259 careat
548 2231 599 2258 hoc
614 2231 719 2258 inorbo.
736 2231 843 2264 Desine,
860 2232 988 2266 inquit",

1091 2237 1188 2265 merito
1203 2237 1325 2264 diabolus
1341 2237 1392 2264 ltoc
1407 2236 1516 2263 nomine
1532 2235 1660 2270 πονηρός,
1680 2233 1707 2260 id
1725 2237 1766 2260 est
1778 2241 1835 2259 ma-

200 2281 233 2313 ab
248 2280 301 2312 ira,
317 2284 341 2308 et
356 2280 508 2314 derelinque
520 2279 741 2313 indignationem.
770 2278 854 2306 Multa
871 2285 935 2307 sunt
949 2280 989 2306 vi-

201 2328 249 2360 tia,
266 2335 326 2362 quae
341 2335 356 2354 tt
372 2326 463 2353 multis
481 2325 562 2354 facile
576 2326 706 2354 vitantur.
732 2325 812 2354 Verbi
829 2334 913 2353 causa
939 2327 991 2353 im-

201 2373 339 2409 pudicitiae
356 2374 466 2401 malum.
483 2373 511 2401 Si
525 2374 587 2408 quis
603 2381 715 2408 operam
726 2374 835 2401 enixius
845 2373 990 2400 continen-

202 2421 246 2449 tim
259 2420 376 2453 dederit,
394 2420 590 2455 impudicitiam
604 2420 714 2454 abiecit.
737 2420 876 2454 Aliquanti
905 2420 990 2447 etiam

199 2467 344 2498 avaritlant
360 2467 550 2502 subiugarnut,
570 2467 605 2494 ita
634 2471 663 2494 ut
680 2474 742 2494 cunt
761 2466 786 2493 in
804 2465 912 2493 ueteris
935 2472 989 2492 non

201 2516 255 2542 sint
273 2515 396 2550 perfecti,
413 2514 559 2541 videantur
574 2519 663 2541 tamen
685 2513 773 2540 vitare
792 2513 845 2540 ltoc
878 2512 990 2545 malum,

200 2561 287 2588 sedet
305 2561 358 2589 alia
379 2560 519 2591 nonnulla.
548 2559 697 2587 lracundite
721 2563 812 2586 autent
840 2559 938 2586 durum
965 2563 993 2586 et

200 2612 310 2634 acutum
333 2607 439 2639 vitium.
463 2606 612 2634 inﬂammat
635 2610 664 2634 et
686 2607 808 2640 exagitat
833 2606 916 2632 etiam
945 2613 992 2634 eos

201 2654 246 2687 qui
261 2653 386 2680 videntur
408 2660 469 2680 esse
483 2652 630 2688 sapientes.
659 2651 734 2680 Unde
749 2656 777 2678 ct
800 2651 930 2679 Salomon
965 2652 991 2678 in

200 2698 356 2728 Proverbiis
371 2698 469 2732 dicit“
486 2705 492 2722 ί
510 2697 558 2725 Ira
571 2697 657 2732 perdit
672 2697 753 2725 etiam
777 2697 928 2732 prudentes.
959 2699 988 2726 ld

1043 2283 1143 2318 lignus,
1160 2282 1201 2309 vel
1219 2289 1345 2316 nequam,
1359 2281 1522 2315 appellatur.
1539 2279 1592 2307 Sed
1607 2283 1634 2306 et
1646 2278 1727 2305 nobis
1740 2285 1835 2313 expro-

1042 2331 1126 2357 brans
1135 2327 1408 2356 Salvatordiccbat“:
1421 2327 1452 2354 Si
1462 2335 1525 2360 ergo
1537 2331 1560 2352 et
1570 2333 1613 2352 vos
1623 2333 1683 2352 cum
1691 2325 1753 2351 sitis
1762 2325 1831 2354 ntali.

1042 2377 1114 2404 scitis
1131 2378 1198 2402 bona
1215 2376 1278 2401 data
1292 2375 1356 2401 dare
1365 2373 1426 2408 ﬁliis
1438 2374 1542 2400 vestris.
1566 2371 1598 2398 Et
1610 2378 1682 2398 nunc
1695 2379 1764 2405 ergo
1778 2371 1830 2397 ait:

1045 2423 1175 2455 Quoniam
1188 2421 1233 2456 qui
1254 2422 1372 2454 nequiter
1395 2418 1769 2453 ngunt,c.rterminabuntur;
1791 2417 1830 2450 qui

1044 2473 1131 2494 autent
1145 2472 1296 2502 exspectant
1312 2465 1462 2496 Dominum,
1475 2465 1524 2499 ipsi
1537 2463 1695 2490 ita-reditu“
1714 2463 1830 2496 ρυηὶέίε-

1045 2514 1107 2543 bunt
1126 2518 1233 2540 terram.
1247 2512 1296 2539 Est
1305 2516 1333 2538 ct
1352 2511 1405 2538 alia
1418 2511 1541 2545 quasdam
1557 2514 1644 2540 terra,
1670 2509 1717 2536 illa
1735 2509 1768 2535 de
1784 2515 1830 2540 qua

1045 2560 1185 2594 Scriptura
1203 2558 1267 2586 dicit
1278 2558 1312 2589 “,
1330 2557 1417 2584 ﬂuens
1430 2557 1471 2584 lac
1485 2560 1513 2583 et
1527 2555 1590 2588 mel,
1603 2561 1686 2589 quam
1711 2555 1832 2580 Salvator

1045 2607 1072 2634 iu
1101 2606 1253 2640 Evangeliis
1284 2604 1449 2640 repromittit
1473 2602 1642 2632 mansuetis,
1671 2600 1830 2627 dicens“:

1045 2653 1122 2680 Beati
1137 2652 1280 2684 mnttstteti,
1299 2651 1424 2684 quoniam
1458 2649 1507 2683 ipsi
1538 2647 1708 2682 possidebunt
1727 2652 1828 2673 terram.

1043 2699 1106 2727 llaec
1126 2703 1217 2726 nostra
1236 2705 1317 2733 quam
1334 2697 1491 2724 habitamus
1504 2694 1617 2730 proprio
1631 2693 1766 2721 vocabulo
1781 2693 1828 2718 ari-

235 2815 258 2830 "
278 2813 348 2840 l‘sal.
362 2820 476 2846 Lut'ttl,
491 2815 517 2842 8.
555 2815 578 2833 “
597 2815 669 2842 Psal.
688 2823 781 2846 xxxvi,
805 2815 831 2842 7.
881 2816 903 2831 ⁷⁸
922 2816 987 2843 Luc.

1106 2818 1128 2832 ⁷⁵
1146 2817 1216 2843 l‘sai.
1234 2824 1326 2846 nm,
1343 2816 1368 2842 8.
1408 2814 1430 2828 ττι
1451 2813 1529 2839 Prov.
1552 2821 1631 2842 tux,
1648 2813 1675 2837 8.
1717 2811 1756 2835 "l
1772 2811 1819 2846 {Zur

203 2857 244 2881 ιιι,
266 2849 308 2875 12.
347 2850 370 2864 ⁷¹¹
386 2850 458 2877 Psal.
471 2844 568 2881 xxxvi,
585 2851 612 2876 8.
652 2851 674 2865 ⁷³
688 2851 753 2877 ibid.
769 2844 795 2877 ti.
834 2852 857 2867 ⁸ο
876 2850 945 2878 Psal.
966 2860 988 2885 x,

1097 2853 1117 2867 '”
1133 2852 1228 2878 Matth.
1247 2844 1283 2883 vt.
1304 2852 1343 2878 l3.
1398 2850 1420 2865 “
1447 2849 1532 2875 Matth
1560 2856 1620 2878 xui,
1637 2847 1683 2874 ‘28.
1730 2846 1753 2861 "‘
1771 2844 1827 2872 Luc.

201 2892 239 2917 xi,
258 2885 300 2914 15.
346 2884 369 2900 ⁸⁸
387 2885 474 2913 Exod.
492 2893 553 2918 xui,
571 2885 598 2912 5.
649 2886 671 2901 ⁸³
689 2885 816 2919 Mattlm,
833 2887 858 2914 4.
