1885 3053
90 147 163 177 1555

461 145 616 174 SELECTA
635 147 669 175 ΙΝ
691 145 861 175 PSALMOS.
883 159 917 165 -—
936 144 1054 174 iiOMIL.
1074 145 1095 173 ii
1116 145 1148 173 IN
1170 145 1267 174 PSAL.
1289 145 1408 173 XXXVI.

1647 146 1717 173 1555

87 205 125 234 da
141 204 305 241 appellatur,
316 204 387 232 sicut
401 209 429 232 et
442 206 542 233 omium
558 206 629 234 istud
645 207 716 242 quod
727 208 875 238 intuemur.
890 208 914 232 Α
929 205 1043 240 mystica
1060 205 1165 232 ratione
1179 204 1380 232 firmamentum
1393 204 1566 232 factumesse
1583 201 1711 232 dicitur”

85 251 198 287 proprie
209 251 411 279 lirtnameutum
427 251 536 279 dicitur.
556 252 595 279 Ex
613 252 793 287 appellatione
813 259 877 279 vero

86 298 204 326 alterius
217 297 280 326 cali
296 297 378 325 etiam
394 298 464 325 istud
481 299 682 325 firmamentum
699 297 760 325 οωιὶ
780 305 875 324 nomen

84 343 207 377 accepit,
221 343 294 370 sicut
308 342 404 370 edocet
430 342 574 377 Scriptura
599 343 737 371 Geneseos
749 343 781 370 “.
806 342 876 375 Quid

84 395 153 422 ergo
167 387 225 415 est?
241 387 269 414 in
293 387 421 422 priesenti
436 387 546 422 quidem
562 388 617 415 vita
639 389 742 415 utimur
756 387 826 415 cmio
849 391 876 414 et

84 438 161 461 terra
177 433 330 461 visibilihus
345 433 417 466 istis,
438 433 466 460 in
483 434 580 468 quibus
599 434 654 461 veri
669 433 731 461 coeli
748 438 773 461 et
804 440 875 461 verae

84 483 170 506 terra:
181 484 283 514 praeter
297 480 407 508 nomina
426 480 495 507 nihil
518 479 591 507 aliud
620 480 774 507 invenimus
791 488 798 506 :
825 480 872 506 sed

84 524 191 552 idcirco
204 524 248 552 hic
265 524 302 552 ila
317 525 437 553 arbitror
453 526 598 560 appellata,
614 531 654 558 ut,
671 533 731 553 cum
759 526 815 552 inec
836 526 871 552 ita

83 568 274 602 nominantur,
287 569 332 597 illa
346 577 406 604 qua:
417 578 481 597 vera
496 575 524 598 et
538 578 634 606 magna
655 576 729 603 sunt,
746 572 778 598 ad
805 571 876 598 desi-

84 612 196 640 derium
208 617 237 640 et
248 615 406 643 memoriam
420 616 671 650 cognominantium
685 619 806 645 veniant.
823 619 873 652 Qui

83 663 153 685 sunt
176 662 268 686 autem
291 659 336 693 qui
369 661 528 689 haereditate
551 662 728 696 possidebunt
755 665 876 691 terram?

84 703 141 736 Qui
154 709 317 739 exspectant,
331 705 430 740 inqttit,
446 706 597 735 Dominum.
615 708 807 743 Exspectamus
822 709 875 737 Do-

83 749 277 784 minum,quia
293 750 350 785 ipse
365 754 407 778 cst
418 752 587 786 exspectatio
604 757 696 780 nostra
717 757 744 780 et
769 755 876 788 patien-

83 796 136 827 tia,
152 796 222 823 sicut
238 795 368 831 scriptum
381 801 424 824 est
437 796 459 812 ⁸⁷
472 805 479 823 :
498 797 531 823 Et
547 805 616 824 nunc
624 806 682 833 qui:
692 803 729 825 est
742 806 874 833 exspecta-

82 841 122 867 tio
137 849 196 868 mea
207 842 220 868 ?
235 850 322 870 nonac
333 842 485 871 Dominus?
499 843 574 871 Sicut
597 851 662 878 ergo
677 844 804 872 Salvator
827 853 872 873 sa-

84 887 192 921 pientia
204 893 246 916 est
261 892 288 916 et
296 895 349 922 pax
364 888 516 922 etjustitia,
540 891 575 916 ita
591 895 632 917 est
644 895 672 918 et
693 893 871 926 exspectatio.

83 932 128 959 vel
148 933 288 967 patientia.
303 933 337 961 Et
352 934 423 961 sicut
445 935 656 969 participatione
676 936 788 970 justitiae
815 937 874 971 ejus

79 977 152 1011 justi
167 977 310 1011 eﬂicimur,
328 983 356 1007 et
372 980 585 1015 participatione
598 981 739 1015 sapientiae
752 982 810 1016 ejus
827 990 872 1010 sa-

83 1023 205 1058 pientes,
217 1023 254 1051 ila
267 1028 294 1050 et
308 1024 517 1060 participatione
531 1025 669 1060 patientia:
684 1026 743 1060 ejus
770 1028 874 1062 patien-

83 1072 129 1094 tes
141 1066 286 1095 eﬂicimur.
307 1067 354 1096 Est
366 1077 431 1104 ergo
442 1070 516 1097 velut
531 1070 591 1098 i'ons
605 1071 714 1105 quidam
733 1074 872 1107 perennis,

82 1113 118 1140 de
132 1112 307 1147 quohanrire
321 1121 467 1148 possumus
487 1119 516 1143 et
544 1117 716 1150 patientiam,
740 1123 768 1144 et
789 1117 872 1152 justi-

83 1158 164 1191 tiam,
178 1162 207 1186 et
234 1159 406 1194 sapientiam,
437 1164 464 1188 et
487 1162 578 1189 omnia
607 1169 776 1198 quaecunque
810 1169 874 1192 sunt

80 1205 216 1232 virtutum
230 1205 298 1234 bona
311 1214 318 1238 ;
331 1205 352 1233 si
377 1210 466 1233 tamen
478 1207 560 1239 bona,
580 1208 661 1242 digna
682 1213 710 1235 et
740 1216 805 1243 pura
827 1217 874 1236 va-

81 1249 162 1277 scula
178 1255 271 1278 nostra
289 1251 442 1280 deferamus
453 1253 486 1280 ad
499 1253 612 1280 fontem.
634 1254 680 1280 Ait
708 1262 794 1290 ergo:
821 1255 873 1288 Qui

82 1302 174 1324 autem
186 1303 335 1332 exspectant
346 1298 503 1332 Dominum,
520 1300 571 1334 ipsi
582 1300 788 1328 haereditalzuut.

120 1343 147 1370 5.
161 1345 225 1371 i’ost
240 1344 296 1372 haec
310 1349 401 1372 autem
427 1353 580 1374 sermonem
605 1348 749 1381 quemdam
770 1347 874 1375 addidit

82 1388 242 1423 mysticum,
263 1390 309 1424 qui
327 1398 410 1425 super
424 1392 547 1420 auditum
561 1399 650 1419 meum
677 1393 724 1425 sit,
739 1397 767 1420 et
789 1400 872 1427 supra

83 1434 205 1469 linguam
221 1442 320 1469 meam,
344 1436 391 1471 qui
421 1438 535 1465 excedat
558 1445 669 1466 sensum
696 1446 798 1466 meum.
827 1440 874 1469 Ait

82 1481 171 1512 enim,
185 1480 242 1509 sive
255 1482 288 1509 de
303 1483 429 1511 omnibus
453 1484 657 1517 peccatoribus,
679 1484 737 1512 sive
762 1484 796 1511 de
819 1492 873 1512 uno

928 251 1001 285 quod
1017 255 1159 285 separaret
1175 251 1248 279 inter
1263 259 1345 286 aquas
1359 256 1387 279 et
1415 258 1510 286 aquas,
1533 256 1560 278 et
1581 251 1712 278 divideret

928 294 1112 322 habitaculum
1125 297 1281 324 mortalium
1297 304 1312 323 a
1324 296 1436 323 sedibus
1451 301 1479 323 et
1492 296 1654 323 habitaculis
1667 303 1710 322 an-

927 342 1058 376 gelorum.
1072 343 1109 370 Ex
1126 350 1159 370 co
1175 351 1238 378 ergo
1249 344 1323 371 locus
1338 344 1416 371 nobis
1434 344 1626 377 peccatoribus
1638 344 1712 370 arida

927 387 995 419 inec,
1009 395 1090 422 quam
1113 388 1195 416 etiam
1213 393 1312 416 terram
1338 388 1539 423 cognominavit
1571 389 1711 420 Dominus,

927 432 1054 465 deputata
1070 437 1122 460 est.
1141 432 1194 460 Sed
1209 437 1236 461 et
1252 433 1303 461 alia
1321 434 1444 468 quaedam
1459 433 1517 461 loca
1536 434 1710 462 nominantur

926 470 1128 513 aquaﬁquibus
1143 478 1294 513 superferri
1323 479 1441 513 Spiritus
1469 479 1575 506 Domini
1600 479 1710 506 dicitur.

926 522 958 550 Et
975 523 1027 550 alia
1043 523 1164 558 quaedam
1189 524 1248 551 loca
1266 524 1380 559 ahyssus
1405 524 1594 557 nominantur,
1614 525 1711 559 quibus

926 568 1044 596 tenebraa
1058 569 1236 604 superpositae
1262 570 1426 597 referuntur.
1453 570 1485 596 Et
1501 570 1533 597 de
1550 571 1627 604 aquis
1650 570 1711 603 qni-

926 614 986 641 dem
1002 614 1103 641 dicitur
1123 614 1149 641 in
1171 614 1223 641 alia
1244 614 1383 648 Scriptura
1401 615 1436 647 ",
1457 615 1518 650 quia
1540 613 1662 642 Viderunt
1688 621 1711 641 te

926 668 1013 695 aqutz,
1027 660 1117 694 Deus,
1144 661 1266 688 viderunt
1292 666 1316 688 te
1343 669 1430 696 aqum,
1452 665 1476 688 et
1496 661 1650 688 timuerunt.
1673 660 1711 688 De

925 705 1024 740 abysso
1037 710 1127 733 autem
1148 705 1224 738 dicit,
1251 706 1314 741 quia
1338 706 1494 733 conturbata
1517 711 1555 733 est
1583 705 1710 740 abyssus,‘

925 750 985 777 sine
999 750 1080 778 dubio
1096 751 1158 786 quia
1175 758 1227 778 non
1246 751 1329 778 habet
1343 758 1448 786 pacem,
1466 752 1514 779 sed
1537 752 1619 779 habet
1636 755 1712 779 tene-

925 796 989 824 bras
1000 797 1196 831 supcrpositas.
1216 797 1270 825 Sed
1292 802 1320 825 et
1342 798 1479 826 daemones
1508 798 1549 833 in“,
1565 797 1712 833 Evangeiio

926 849 1023 877 rogare
1037 842 1168 869 dicuntur
1192 850 1227 870 ne
1254 842 1400 877 jubeantur
1424 843 1501 870 abire
1525 843 1552 870 in
1572 844 1711 879 abyssum,

888 874 910 903 Β
926 874 997 914 velut
1014 887 1040 914 in
1055 887 1143 914 locum
1157 874 1303 921 quemdam
1318 894 1407 922 poena:
1422 893 1450 916 et
1464 895 1494 915 se
1518 893 1546 916 et
1562 874 1619 917 suis
1643 874 1711 917 acti;

923 932 973 960 bus
989 933 1109 968 dignum.
1130 932 1188 961 Non
1201 933 1288 961 solum
1314 941 1380 969 ergo
1406 939 1534 969 peccator
1560 942 1614 963 non
1646 936 1709 968 erit,

923 979 971 1006 sed
985 979 1068 1006 etiam
1086 978 1162 1007 locus
1175 978 1244 1013 ejus,
1262 980 1388 1015 quisquis
1404 979 1449 1007 ille
1462 984 1515 1013 est,
1525 985 1671 1015 quaeretur,
1686 986 1713 1010 ct

923 1032 977 1052 non
992 1025 1057 1053 erit.

958 1071 983 1098 6.
1001 1070 1136 1098 Mansueti
1146 1076 1232 1100 autem
1244 1073 1436 1100 haereditabuut
1453 1077 1550 1101 terram
1561 1073 1594 1100 ".
1609 1073 1712 1101 Adver-

923 1123 982 1143 sum
997 1115 1202 1145 Vaientinianos
1217 1122 1244 1146 et
1259 1122 1374 1146 caeteros
1390 1118 1543 1151 haereticos,
1557 1120 1602 1153 qui
1615 1123 1712 1153 putant

924 1163 1093 1191 Salvatorem
1108 1171 1197 1192 meum
1212 1163 1303 1192 dicere
1320 1164 1346 1191 in
1365 1163 1524 1200 Evangelio,
1536 1171 1596 1199 qua:
1618 1164 1645 1191 in
1661 1172 1712 1191 an-

924 1209 1121 1244 tiquisLitteris
1133 1217 1187 1238 non
1204 1214 1278 1242 sunt,
1293 1210 1472 1245 proferendus
1484 1214 1525 1238 est
1550 1210 1602 1237 iste
1622 1210 1710 1237 versi-

924 1255 1012 1288 cuius,
1029 1255 1098 1283 sicut
1113 1260 1142 1283 et
1155 1262 1205 1283 nos
1220 1255 1363 1283 didicimus
1379 1263 1394 1282 a
1420 1255 1536 1291 quodam
1551 1255 1711 1291 presbytero

923 1300 1121 1335 proferrehaee
1149 1301 1183 1328 ad
1213 1300 1415 1328 convincendos
1438 1307 1496 1328 eos.
1526 1300 1602 1334 Quod
1637 1301 1710 1328 cnim

924 1347 1028 1375 dictum
1042 1351 1087 1375 est
1106 1347 1133 1374 in
1149 1346 1298 1382 Evangelio
1308 1346 1332 1363 ⁸⁵
1352 1355 1358 1373 :
1387 1346 1463 1373 Bruti
1485 1347 1626 1378 mansueti,
1646 1355 1712 1381 quo-

924 1394 998 1421 niam
1016 1393 1068 1428 ipsi
1079 1393 1273 1420 Itwreditabunt
1288 1398 1397 1426 terram,
1411 1391 1473 1420 vide
1488 1392 1624 1427 quomodo
1648 1398 1711 1420 ante

921 1439 978 1474 jam
992 1439 1098 1467 dictum
1114 1443 1156 1467 est
1173 1446 1188 1466 a
1206 1438 1309 1473 Spiritu
1331 1441 1427 1466 sancto
1439 1445 1488 1473 per
1508 1437 1592 1465 David
1619 1445 1627 1464 :
1656 1438 1711 1465 imo

925 1485 983 1516 ipse
1000 1485 1127 1512 Christus
1145 1492 1219 1512 nunc
1234 1484 1261 1511 in
1276 1483 1430 1519 Evangeliis
1441 1483 1526 1512 dicit:
1547 1483 1624 1510 Beati
1637 1492 1713 1510 man-

82 1526 178 1560 aliquo
195 1533 350 1561 peccatore,
364 1529 542 1563 singulariter
555 1531 628 1557 enitn
643 1531 708 1558 dicit
720 1531 744 1547 ⁸⁸
759 1540 767 1558 :
782 1530 872 1558 Ptuil-
885 1543 907 1573 ο
924 1532 1004 1564 sueti,
1015 1532 1140 1566 quoniam
1160 1531 1210 1566 ipsi
1229 1531 1384 1558 hteredilate
1406 1531 1575 1564 possidebunt
1600 1535 1708 1558 terram.

82 1571 141 1600 inm
158 1573 256 1606 adhuc,
277 1578 366 1603 etnon
396 1576 477 1611 662
504 1577 554 1607 erit
581 1582 711 1610 peccator.
741 1577 871 1604 Pusillum

82 1618 174 1646 adhuc
193 1619 313 1653 profecto
327 1628 341 1647 a
357 1622 484 1655 praesenti
505 1626 628 1657 tempere
649 1630 734 1658 usque
752 1624 786 1651 ad
803 1632 871 1652 con-

82 1664 296 1693 summationem
314 1665 405 1694 saeculi
422 1675 482 1695 esse
501 1667 579 1701 dicit,
592 1673 639 1696 aut
655 1669 773 1697 fortasse
790 1671 873 1697 etiam

83 1711 157 1738 ultra
171 1713 433 1743 consummationem
456 1715 559 1747 saeculi,
576 1719 603 1742 et
618 1715 705 1743 donec
734 1716 779 1743 ille
803 1717 874 1751 ignis

82 1756 184 1784 vindex
200 1763 342 1787 consumat
361 1759 543 1788 adversarios.
573 1759 602 1788 Si
626 1765 716 1788 autem
743 1761 791 1788 fiat
818 1762 870 1789 hoc

83 1802 178 1837 aliquo
191 1803 335 1845 modo,qpn
349 1805 401 1835 erit
418 1810 554 1840 peccator,
568 1810 594 1834 et
620 1814 672 1841 qua
690 1807 796 1835 ratione
814 1807 872 1834 ﬁeri

82 1849 171 1883 possit
184 1853 355 1883 utpeccator
372 1858 425 1880 non
440 1851 488 1885 sit,
503 1851 632 1880 discutiat
646 1856 673 1880 et
687 1853 810 1888 requirat
826 1854 873 1888 qui

83 1898 185 1927 potest.
216 1893 399 1925 Verumtamen
423 1896 549 1931 pusillum
579 1898 676 1930 adhuc,
699 1903 722 1925 et
746 1907 797 1926 non
823 1900 874 1926 erit

83 1941 528 1977 peccator,etquwreslocumcjur
541 1946 566 1971 et
592 1952 643 1971 non
665 1944 790 1973 inveniet.
814 1944 872 1975 Non

83 1986 173 2014 solum
194 1991 284 2014 autem
296 1992 424 2022 peccator
436 1996 490 2016 non
507 1988 570 2021 erit,
585 1989 632 2017 sed
651 1996 701 2017 nec
716 1989 791 2017 locus
810 1997 874 2025 pee—

83 2032 189 2060 ratoris
203 2033 266 2062 erit.
277 2033 343 2066 Quis
353 2038 395 2063 est
413 2037 504 2061 autem
529 2033 604 2062 locus
629 2035 792 2069 peccatoris,
820 2036 871 2064 nisi

81 2079 136 2106 ista
162 2085 223 2112 qnte
250 2079 432 2112 praetereunt?
454 2078 568 2112 Citium,
589 2079 678 2114 inquit
692 2080 726 2113 ⁸³,
753 2086 778 2108 οι
801 2086 872 2108 terra

83 2124 264 2154 prateribunt.
280 2123 345 2151 Sine
358 2124 439 2152 dubio
452 2131 516 2158 ergo
528 2131 589 2152 cum
608 2125 667 2160 ipso
681 2131 792 2160 peccato
801 2127 871 2161 quod

84 2170 227 2203 praeteriit,
240 2170 323 2199 etiam
338 2169 413 2199 locus
426 2170 564 2205 praeteriet
576 2172 738 2205 peccatoris.
759 2171 870 2206 Caelum,

923 1577 1084 1605 Additsana
1104 1576 1239 1611 PrOpheta
1254 1575 1337 1603 etiam
1358 1575 1476 1610 amplius
1502 1575 1603 1611 aliquid
1629 1583 1710 1611 quam

924 1624 950 1652 in
969 1623 1113 1658 Evangelio
1137 1623 1260 1658 legimus,
1278 1623 1371 1650 dicens
1385 1622 1409 1639 "
1429 1630 1436 1651 :
1457 1621 1491 1649 Et
1513 1622 1713 1649 delectabantur

923 1670 951 1696 iu
964 1669 1132 1696 multitudine
1144 1670 1229 1704 pacis.
1246 1668 1337 1696 Etiam
1350 1667 1394 1696 hic
1410 1674 1537 1696 sermone
1552 1668 1611 1703 ipso
1626 1667 1712 1695 utimr

923 1715 1045 1747 Graecus,
1057 1716 1090 1743 de
1108 1723 1163 1751 quo
1175 1720 1202 1743 et
1225 1714 1351 1750 superius
1380 1714 1508 1748 diximus,
1536 1715 1713 1751 κατατρυφή-

925 1770 1026 1795 σουσιν,
1042 1762 1067 1789 id
1091 1766 1142 1794 est,
1161 1761 1361 1789 deliciabuntur
1373 1759 1459 1794 magis
1481 1767 1562 1794 quam
1593 1760 1713 1787 delecta-

923 1807 1035 1834 buntnr.
1066 1807 1152 1840 Igitur
1177 1807 1377 1834 deliciabuntur
1393 1825 1401 1838 ,
1424 1807 1481 1833 sive
1505 1805 1711 1833 delectabuntur

925 1853 1058 1881 mansueti
1072 1853 1098 1880 in
1116 1852 1290 1880 multitudine
1302 1851 1388 1887 pacis.
1402 1851 1430 1879 Si
1446 1850 1492 1886 qui
1510 1854 1574 1878 sunt
1587 1851 1711 1879 carnales

924 1899 1059 1931 homines,
1080 1898 1250 1926 delectantur
1266 1899 1293 1925 in
1308 1897 1377 1925 cibis
1389 1897 1434 1932 qui
1451 1897 1626 1924 destruentur
1648 1904 1710 1924 cum

924 1949 1018 1972 ventre
1030 1952 1089 1975 suo,
1104 1945 1210 1972 sicutet
1226 1943 1371 1980 Apostolus
1383 1943 1450 1971 dicit
1465 1943 1488 1959 "
1503 1952 1510 1970 -.
1531 1942 1604 1970 Eme
1617 1944 1711 1975 ventri,

924 1996 1044 2019 etvenler
1056 1991 1133 2023 eicis,
1156 1990 1226 2017 Deus
1240 1994 1326 2017 utilem
1351 1990 1421 2017 hanc
1450 1995 1474 2017 et
1498 1988 1558 2016 illa:
1583 1989 1710 2015 destruet.

925 2036 1018 2064 Sancti
1036 2040 1124 2063 autem
1140 2035 1207 2063 istas
1224 2043 1331 2070 qttoque
1353 2035 1466 2063 delicias
1483 2039 1660 2062 contemnunt
1685 2041 1713 2061 et

925 2081 1098 2116 despiciunt:
1115 2081 1217 2108 habent
1231 2085 1322 2109 autem
1347 2081 1459 2109 delicias
1483 2082 1510 2108 in
1540 2080 1712 2108 multitudine

924 2129 1010 2164 pacis.
1024 2127 1169 2155 Multitudo
1184 2131 1273 2154 autem
1289 2127 1363 2161 pacis
1378 2135 1440 2154 esse
1454 2127 1555 2154 dicitur
1576 2128 1601 2154 in
1616 2126 1712 2154 diebus

923 2174 1037 2202 Christi.
1054 2174 1091 2201 ita
1106 2173 1178 2201 enim
1194 2173 1326 2207 scriptum
1338 2178 1380 2200 est
1390 2173 1412 2189 "
1431 2181 1437 2199 :
1455 2172 1488 2200 Et
1504 2172 1646 2200 multitudo
1665 2181 1712 2207 pa-

84 2217 183 2252 inquit.
201 2221 226 2243 et
243 2221 314 2244 terra
327 2216 509 2251 prateribum,
529 2218 606 2244 verba
631 2223 719 2245 autem
745 2226 803 2248 mea
820 2227 870 2245 non

959 2222 1025 2248 ierit
1049 2221 1077 2247 in
1102 2219 1193 2246 diebus
1217 2219 1286 2254 ejus,
1314 2227 1448 2254 usquequo
1474 2219 1613 2253 auferatur
1638 2219 1711 2246 luna.

84 2262 267 2296 prctcribuut.
285 2262 450 2291 Studeamus
462 2270 528 2298 ergo
546 2270 595 2291 nos
611 2263 701 2291 facere
715 2265 796 2292 verba
814 2265 871 2297 Dei,

84 2315 146 2344 quae
160 2315 213 2336 non
231 2312 406 2343 praetereunt,
422 2316 456 2337 ne
471 2308 541 2337 forte
551 2314 578 2337 et
593 2317 642 2337 nos
656 2317 717 2337 cum
733 2311 793 2338 istis
813 2319 873 2346 quae

84 2358 252 2389 pratereunl.
266 2354 442 2383 intereamus.
458 2354 486 2382 Si
497 2355 569 2383 enim
585 2360 726 2390 peccatum
746 2356 872 2390 facimus,

84 2400 156 2434 quod
171 2399 301 2434 praeterit,
314 2400 374 2428 sine
386 2400 465 2429 dubio
478 2405 506 2429 et
517 2408 566 2429 nos
585 2408 646 2428 cum
665 2401 707 2429 his
729 2410 789 2437 quae
803 2410 874 2437 pra:-

85 2450 194 2472 tcreunt
207 2445 408 2481 deputabimur.
424 2447 453 2477 Si
481 2452 571 2475 autem
604 2448 716 2476 facimus
736 2448 872 2483 justitiam

83 2499 144 2526 qua:
162 2499 216 2519 non
243 2492 375 2526 prmterit,
403 2501 491 2528 neque
519 2493 569 2528 ipsi
597 2494 809 2528 praeteribimns,
825 2495 873 2521 scd

83 2537 308 2572 permanebimus
323 2545 388 2566 cum
401 2544 577 2574 permanente
587 2540 705 2575 justitia,
723 2539 873 2567 secundum

83 2583 150 2610 illud
163 2584 236 2618 quod
248 2584 380 2618 scriptum
395 2589 439 2612 est
452 2586 476 2602 ”
493 2595 500 2612 :
522 2585 648 2620 Nunquid
669 2594 721 2612 non
734 2585 800 2612 valet
817 2593 875 2612 ma-

84 2637 135 2656 nus
151 2637 211 2657 mea
226 2629 314 2658 salvos
325 2630 487 2664 facerefaut
502 2633 608 2666 gravuvi
627 2639 718 2658 aurem
736 2639 821 2658 meam
842 2639 874 2658 ne

83 2675 230 2702 exaudiam
245 2676 258 2702 1
271 2675 323 2703 Sed
333 2682 437 2710 peccata
452 2682 537 2704 contra
558 2682 680 2713 separant
700 2678 769 2704 inter
787 2686 830 2705 vos
848 2682 872 2704 et

84 2720 184 2749 Deum.
197 2721 251 2750 Sed
266 2726 293 2749 et
314 2722 349 2749 ah
363 2723 440 2751 initio
464 2728 597 2751 creatura:
621 2731 675 2751 non
698 2723 758 2750 sine
781 2724 871 2758 aliqua

127 2791 150 2808 ⁵⁸
164 2791 234 2819 Gen.
263 2800 282 2819 t.
332 2792 353 2809 ⁸⁷
368 2792 438 2820 Psal.
467 2794 620 2823 “unus.

82 2827 105 2842 "
124 2827 197 2889 Ριξξι.
228 2834 323 2860 Lxxn,
342 2828 386 2855 Π.
431 2829 453 2844 ³³
469 2828 527 2855 i‘sai
556 2837 647 2861 xxxu,
667 2829 707 2856 ll.

85 2869 134 2889 ιιι.
173 2881 183 2889 .

126 2881 183 2896 ,..

668 2794 690 2809 ⁸⁸
705 2793 762 2821 i‘sai
796 2802 876 2821 xxxvi

753 2829 777 2844 "
790 2829 884 2857 Matth.

927 2267 1090 2301 Quicunque
1106 2272 1172 2300 ergo
1187 2264 1289 2292 desinit
1299 2265 1333 2291 ab
1348 2264 1399 2297 ira,
1415 2269 1443 2291 et
1462 2264 1570 2298 reliquit
1586 2264 1713 2299 indigna-

927 2314 1039 2345 tionem,
1054 2316 1081 2339 ct
1095 2318 1183 2346 neque
1205 2311 1313 2338 animus
1332 2310 1358 2337 in
1386 2311 1453 2337 iratn
1479 2310 1612 2344 irritatur,
1625 2317 1714 2344 neque

927 2366 1054 2387 sermone
1072 2358 1157 2384 utitur
1182 2356 1322 2387 iracundo,
1352 2363 1405 2383 non
1436 2355 1522 2382 solum
1549 2354 1712 2387 forinsecus,

926 2412 1018 2431 verum
1035 2408 1062 2431 et
1075 2403 1241 2430 intrinsecus
1264 2405 1339 2429 totus
1357 2401 1382 2428 in
1404 2408 1471 2435 pace
1503 2405 1553 2433 est,
1576 2405 1603 2428 et
1626 2409 1714 2435 neque

927 2449 1086 2486 provocanti
1101 2457 1130 2477 se
1145 2449 1178 2476 ad
1190 2448 1358 2476 iracundiam
1371 2448 1453 2479 cedit,
1473 2454 1559 2481 neque
1576 2447 1632 2480 ipse
1644 2447 1714 2474 alte-

926 2504 984 2524 rum
998 2498 1030 2524 ad
1042 2495 1212 2523 iracundiam
1231 2499 1371 2531 provocat,
1385 2494 1432 2522 sed
1451 2494 1477 2520 in
1499 2493 1648 2528 semetipso
1665 2501 1713 2528 pa-

925 2550 984 2570 cem
1005 2542 1098 2576 habet,
1109 2546 1136 2570 ct
1152 2542 1179 2569 in
1195 2541 1265 2574 aliis,
1284 2541 1307 2569 si
1322 2542 1367 2576 qui
1382 2540 1450 2568 forte
1462 2540 1607 2572 dissident,
1623 2544 1714 2567 servat

925 2589 1036 2624 diligere
1051 2588 1304 2619 mansuetudinem,
1316 2593 1377 2621 qua:
1390 2586 1464 2620 pacis
1480 2590 1572 2612 custos
1587 2589 1629 2612 est
1648 2584 1715 2612 iide-

927 2634 1040 2666 lissima,
1056 2642 1115 2669 qua:
1130 2637 1225 2661 cuncta
1236 2633 1401 2660 moderatur.
1418 2633 1470 2659 iste
1489 2631 1633 2658 deiiciatur
1646 2650 1653 2663 ,
1669 2630 1714 2658 vel

926 2680 1077 2708 delectatur
1090 2681 1115 2707 iu
1132 2680 1303 2707 multitudine
1316 2679 1401 2714 pacis.

961 2725 987 2752 7.
1005 2725 1156 2753 Observabit
1172 2730 1293 2759 peccator
1299 2724 1411 2758 justum,
1425 2729 1448 2750 et
1461 2723 1551 2758 fremet
1565 2729 1644 2757 super
1655 2729 1714 2750 eum

907 2795 948 2822 10.

905 2837 928 2863 v,
950 2830 975 2858 i.

1295 2793 1317 2809 ὀ
1335 2793 1394 2821 Ιςιιῑ,
1408 2793 1491 2826 Lix,i
1509 2792 1596 2820 eti."
1609 2792 1675 2820 Gen.
1695 2799 1712 2818 ἴ.

1327 2829 1369 2855 ’Ἶ
1388 2829 1448 2856 Cor.
1467 2837 1504 2861 γι,
1523 2828 1564 2854 i5.
1602 2828 1626 2845 ’⁷
1643 2827 1713 2854 l‘sui.

1003 2795 1024 2810 ⁸³
1040 2794 1104 2821 Luc.
1121 2803 1177 2823 xxi.
1193 2794 1236 2821 55.

1017 2830 1039 2845 9⁵
1052 2830 1122 2856 Psal.
1138 2836 1231 2861 xxxw,
1249 2829 1289 2855 li.
