1869 3052
174 101 244 130 I335

860 102 904 131 EX
921 102 1072 132 ORIGENE

1742 104 1804 132 1555

173 158 295 186 dentibus
310 159 364 187 sui:
380 158 414 185 ".
432 158 509 187 Sicut
532 159 603 186 enim
636 159 797 187 naturaliter
820 162 958 189 contraria
973 163 997 193 Α
1012 161 1113 189 habent
1131 165 1156 188 et
1171 165 1336 196 peccatores.
1359 159 1455 188 Sermo
1474 159 1575 195 sagitta
1590 163 1635 187 est
1652 167 1660 186 :
1687 163 1716 186 et
1739 159 1798 194 justi

175 209 238 231 sunt
257 203 302 232 lux
317 210 344 231 et
361 205 488 238 tenebrat,
507 205 542 233 ita
555 205 688 233 contrarii
704 211 769 233 sunt
788 207 838 234 sibi
861 215 959 242 pecca-

175 256 218 280 tor
234 251 370 285 etjustus.
391 250 458 280 Etsi
483 251 584 279 videris
609 252 755 286 aliquando
771 252 834 280 odio
865 252 957 280 haberi

171 295 286 331 justum,
302 303 353 323 non
366 296 471 323 dubites
483 296 574 325 dicere
589 296 621 324 de
639 304 672 324 eo
691 298 736 332 qui
764 297 822 324 odit
842 297 957 331 justum,

174 341 237 377 quia
250 345 378 376 peccator
396 345 448 370 est.
475 340 503 371 Si
532 342 634 369 videris
661 342 877 376 persecutionem
902 343 958 378 pati

173 393 235 413 cum
253 386 298 420 qui
317 386 386 415 bene
401 386 478 420 vivit,
493 394 545 414 non
565 387 672 415 dubites
687 387 778 415 dicere
802 388 835 416 de
852 395 885 416 eo
912 388 958 422 qui

175 429 359 463 persequitur,
374 429 437 464 quia
453 438 506 458 non
524 431 611 458 solum
629 436 758 466 peccator
774 436 834 465 est,
846 433 896 460 sed
911 440 958 460 ne-

173 483 266 508 quam.
279 475 441 502 Observabit
456 484 521 512 ergo
536 482 664 512 peccator
677 479 794 512 justum,
821 483 848 505 et
863 478 957 507 obser-

173 528 242 547 vans
253 527 315 547 eum
330 520 428 549 fremet
447 529 529 557 super
544 530 606 550 eum
633 524 762 552 dentibus
786 524 854 551 suis.
882 524 958 558 Quod

173 567 250 599 dicit,
268 567 362 602 fremet
376 568 506 601 dentibus,
520 570 612 597 nesoio
628 570 650 597 si
671 570 704 598 de
715 570 869 598 carnalibus
889 571 957 598 den-

174 612 248 640 tibus
263 613 451 647 accipiendum
466 615 511 648 sit,
525 615 587 646 licet
600 616 728 651 possibile
753 617 791 644 sit
807 616 890 645 etiam
908 617 959 644 hoc

173 659 231 691 ﬁeri
249 667 263 689 a
279 665 423 695 peccatore
437 661 567 689 adversus
582 661 696 696 justum.
721 661 788 691 Cum
809 662 959 691 commina-

171 709 216 733 tur
226 705 263 738 ei,
276 713 337 732 cum
351 705 414 733 l'urit
425 706 557 734 adversus
568 714 642 740 eum,
670 715 729 735 cum
746 707 808 736 silet
827 715 903 741 voce,
932 712 959 734 et

171 752 274 778 clamat
293 751 397 785 lurore,
413 752 557 788 cumjusto
570 753 680 781 molitur
693 754 822 784 insidias.
837 758 864 781 et
879 761 959 781 omne

170 798 273 825 tnalum
289 799 430 833 excogitat
445 799 589 826 adversum
603 807 665 827 eum
676 819 684 833 ,
707 804 772 827 tunc
786 800 868 826 etiam
896 806 958 826 cor-

170 843 303 880 poraliter
320 844 484 880 adimplelur
506 846 577 879 quod
598 845 697 873 dicitur
718 855 724 873 :

171 899 228 921 eum
256 891 376 918 dentibus
396 891 462 919 suis.
489 890 543 919 Sed
568 899 630 922 cum
654 892 713 920 haec
738 892 804 920 facit
833 899 959 928 peccator

172 937 316 968 adversum
329 936 444 970 justum,
456 936 598 970 Dominus,
609 938 741 972 inquit",
759 939 956 972 irridebitcnm,

169 985 296 1018 quoniam
309 984 434 1019 prospicit
444 985 515 1020 quod
531 986 617 1012 ueniat
636 985 692 1012 dies
703 985 770 1019 ejus.
784 985 870 1019 Quem
886 987 957 1014 diem

171 1031 303 1065 prospicit
326 1029 456 1058 Dominus
479 1031 653 1066 peccatoris?
680 1030 755 1059 Illqu
782 1032 842 1060 sine
865 1032 957 1066 dubio,

168 1085 232 1108 cum
248 1078 380 1111 qua~ritur
394 1082 530 1112 peccator,
547 1082 574 1105 et
591 1085 643 1106 non
661 1079 724 1107 erit.

206 1124 233 1153 8.
250 1123 376 1152 Gladium
388 1125 590 1159 eraginaurunt
609 1130 771 1160 peccatores,
793 1126 956 1153 tetenderunt

170 1179 262 1200 arcum
275 1179 365 1202 suum,
379 1175 406 1198 ut
421 1171 548 1205 dejitiant
568 1171 670 1206 inopem
682 1177 706 1200 et
719 1173 886 1206 pauperem'.
898 1170 955 1199 Non

170 1217 241 1252 quod
256 1217 329 1246 omni
344 1224 442 1250 genere
455 1221 613 1251 peccatores
629 1217 748 1252 gladium
763 1217 880 1244 habeant
892 1225 954 1244 ror—

172 1261 306 1297 poralem,
322 1261 369 1289 sed
382 1261 522 1291 videamus
534 1268 568 1288 ne
583 1261 653 1289 forte
663 1262 733 1290 sicut
750 1266 813 1289 sunt
832 1262 955 1296 quaedam

170 1315 246 1338 arma
265 1306 324 1338 Dei,
338 1307 364 1333 in
382 1306 481 1341 quibus
495 1313 556 1333 esse
572 1305 672 1333 dicitur
686 1305 768 1333 lorica
786 1306 914 1340 justitiae,
929 1310 956 1333 et

170 1355 275 1389 gladius
301 1354 424 1388 Spiritus,
445 1358 474 1380 et
489 1357 595 1380 scutum
625 1353 697 1385 lidei,
723 1352 759 1380 ita
786 1353 868 1380 etiam
899 1353 955 1381 sint

171 1408 249 1433 arma
265 1398 377 1432 diaboli,
396 1399 496 1434 quibus
519 1398 631 1428 indutus
648 1402 690 1426 est
712 1398 793 1426 homo
816 1403 953 1434 peccator.

169 1447 191 1477 Α
220 1443 366 1475 contrariis
398 1443 482 1479 igitur
513 1442 696 1478 intelligamus
729 1444 891 1476 contraria,
928 1449 955 1472 et

169 1495 322 1517 statuamus
350 1489 419 1517 duos
446 1489 545 1519 milites
569 1493 706 1521 armatos.
734 1497 816 1518 unum
841 1490 954 1518 militem

167 1536 249 1574 663
269 1536 326 1568 Dei,
353 1536 468 1563 alterum
485 1535 597 1564 militem
621 1536 733 1566 diaboli.
752 1536 784 1563 Et
798 1537 821 1564 si
846 1537 954 1572 quidem

170 1583 249 1610 miles
262 1582 308 1610 Dei
329 1581 410 1610 habet
430 1582 540 1610 loricam
553 1581 676 1617 iustitiae,
696 1582 756 1610 sine
770 1582 853 1610 dubio
880 1583 957 1611 miles

170 1628 270 1656 diaboli
287 1629 453 1656 contrariam
466 1628 530 1656 buie
543 1629 612 1664 gerit
626 1628 766 1664 iniustitia
780 1629 903 1657 loricam.
924 1629 957 1656 Et

169 1677 191 1707 si
213 1675 291 1703 miles
318 1674 363 1702 Dei
380 1674 407 1702 in
431 1674 506 1710 galea
532 1674 630 1702 salutis
649 1679 784 1707 coruscat,
803 1675 957 1702 econtrario

169 1725 300 1757 peccator
312 1721 411 1756 quiest
426 1721 503 1748 utiles
521 1720 633 1755 diaboli,
648 1720 724 1755 galea
740 1721 900 1756 perditionis
914 1721 957 1748 in-

168 1767 250 1796 dutus
261 1770 312 1795 est.
328 1766 360 1794 Et
375 1767 397 1794 si
411 1765 498 1802 parati
513 1771 576 1796 sunt
590 1765 672 1801 pedes
688 1766 781 1794 militis
797 1766 898 1794 Christi
921 1766 955 1793 ad

169 1812 307 1847 Evangelii
337 1819 447 1840 cursum
478 1817 507 1840 ct
532 1812 769 1847 medicationem,
800 1813 955 1840 ocontrario

169 1859 320 1894 peccatoris
336 1859 419 1894 pedes
437 1858 565 1886 velociter
584 1863 696 1890 currunt
713 1859 747 1886 ad
765 1858 954 1886 eﬂundendnm

169 1905 342 1940 sanguinem,
363 1909 391 1932 et
413 1904 596 1933 calceamenta
610 1905 678 1939 ejus,
698 1905 749 1939 hoc
762 1910 803 1932 est
817 1912 954 1940 praepara-

169 1947 219 1984 tio,
234 1951 435 1982 concinnantur
452 1950 486 1978 ad
505 1950 616 1981 malum.
630 1950 717 1981 liabet
732 1958 797 1985 ergo
813 1951 891 1978 miles
908 1951 954 1978 Dei

169 2001 275 2026 scutum
283 1995 417 2031 quoddam
432 1995 505 2028 ﬁdei,
522 1995 603 2026 habet
614 1998 641 2024 et
654 1995 731 2023 miles
746 1995 846 2023 diaboli
861 1995 955 2022 inﬁde-

170 2042 257 2072 litatis
267 2045 385 2070 scutum.
401 2040 437 2068 Ita
453 2048 519 2076 ergo
535 2046 577 2068 est
591 2040 696 2076 gladius
712 2041 822 2076 quidam
836 2041 955 2075 Spiritus

170 2087 258 2119 sancti
276 2087 302 2114 itt
319 2087 363 2114 his
378 2086 423 2122 qui
440 2086 558 2114 militant
573 2086 642 2119 Deo;
655 2090 696 2114 est
710 2090 800 2115 aulem
815 2090 841 2113 et
850 2085 955 2120 gladius

168 2132 279 2168 maligni
302 2132 328 2160 in
345 2132 387 2164 his
400 2133 445 2167 qui
460 2132 576 2165 militant
591 2137 710 2167 peccato.
729 2139 809 2167 quem
836 2131 954 2166 gladium

753 845 858 873 Fremet
882 853 959 880 super
974 840 996 868 Β

1008 208 1118 242 quidem
1142 214 1232 235 sermo
1247 215 1308 234 cttm
1332 207 1423 242 arguit
1441 210 1469 233 et
1483 206 1599 240 corrigit
1618 209 1799 240 peccaturus,

1009 254 1084 281 velut
1107 254 1206 288 sagitta
1232 254 1389 288 eompungit
1404 258 1431 281 et
1445 253 1596 280 transforat
1612 259 1663 279 cor
1678 251 1751 285 eius,
1775 256 1803 278 ut

1009 304 1185 327 convertatur
1199 300 1233 326 ad
1248 299 1434 335 paenitentiam
1451 303 1479 326 et
1492 298 1626 326 salvetur.
1645 297 1748 324 Sermo
1759 304 1803 323 sn-

1011 350 1064 373 tem
1079 345 1230 380 peccatoris
1241 350 1285 372 est
1302 345 1406 372 habens
1423 351 1560 372 venenum
1574 348 1602 370 et
1615 343 1757 378 sagittans
1772 349 1802 369 at

1009 391 1156 419 vulnerans
1167 399 1238 422 eum.
1249 392 1295 426 qtti
1308 398 1361 419 non
1373 394 1415 419 est
1428 391 1513 418 armis
1524 391 1571 418 Dei
1584 390 1720 416 munitus.
1730 387 1803 415 Tunc

1009 438 1082 465 enim
1103 438 1185 465 verba
1215 437 1371 472 iniquorum
1398 437 1549 472 praevalent
1569 436 1722 463 adversum
1744 442 1801 465 nos.

1009 492 1070 512 CIIII]
1090 483 1180 511 minus
1200 488 1280 511 caute
1297 488 1374 511 scuto
1389 483 1450 511 ﬁdei
1470 482 1689 511 communimur.
1708 481 1801 508 Tete:-

1009 531 1104 558 derunt
1132 538 1197 564 ergo
1217 538 1307 557 arcum
1332 538 1422 562 suum,
1449 534 1477 556 ut
1499 529 1628 564 dejiciant
1647 529 1756 564 inopen
1779 534 1802 555 et
1850 530 1851 534 ‘

1009 585 1148 612 pauperem
1169 576 1189 602 ³.
1213 576 1310 604 Sciunt
1335 580 1504 610 peccatores,
1526 575 1591 609 quia
1615 582 1670 602 non
1689 579 1803 609 possunt

1009 623 1128 657 dejicere
1142 623 1266 655 divitem,
1282 627 1423 657 propterea
1448 628 1537 656 neque
1554 620 1673 647 insidias
1688 620 1714 646 ei
1745 624 1803 646 tvo—

1010 669 1088 699 dnnt,
1105 669 1151 696 sed
1163 675 1258 695 omnes
1272 675 1366 695 eorum
1380 666 1484 694 insidia:
1494 667 1639 694 adversum
1653 673 1803 699 pauperem

1009 714 1173 748 diriguntur,
1192 714 1263 741 sicut
1285 718 1314 741 et
1337 712 1400 739 alibi
1417 711 1524 739 dicitur
1538 711 1558 744 ⁸,
1575 711 1638 745 quia
1654 711 1806 737 insidiatur

1008 761 1075 787 sicut
1089 760 1129 786 leo
1143 760 1171 786 in
1184 759 1264 786 cubili
1278 766 1336 790 suo,
1349 758 1494 785 insidiatur
1507 762 1533 784 ut
1546 758 1632 791 rapiat
1646 764 1804 790 pauperem.

1009 805 1042 832 Et
1057 805 1119 840 quia
1138 805 1280 839 redemptio
1297 804 1346 831 viri
1359 803 1460 831 divitia.-
1485 803 1544 838 ¢jus
1567 809 1628 829 sunt
1648 803 1673 834 ',
1698 809 1807 836 partper

1010 855 1099 878 autem
1114 850 1228 878 snﬁerre
1239 858 1292 877 non
1306 849 1377 876 valet
1394 849 1492 882 minas,
1505 848 1567 875 ideo
1582 848 1683 875 divites
1701 847 1807 874 eﬂicia-

1011 904 1072 924 mur
1082 897 1108 923 in
1118 895 1283 930 spiritalibus
1298 895 1387 927 bonis,
1400 895 1425 922 id
1441 899 1482 922 est
1499 895 1524 921 in
1538 894 1611 921 omni
1623 894 1726 925 verbo,
1740 898 1768 921 et
1781 894 1805 919 in

1010 941 1087 969 omni
1110 941 1236 973 scientia,
1254 941 1280 968 in
1296 940 1423 975 operibus
1438 939 1529 972 bunis,
1549 939 1720 974 abjicientes
1735 940 1804 966 divi-

1011 988 1063 1014 tias
1078 987 1192 1022 peccati,
1222 986 1420 1022 prospicientes
1443 993 1498 1013 non
1523 993 1555 1012 ea
1578 992 1641 1019 qua:
1663 986 1805 1015 videntur,

1009 1034 1056 1061 sed
1067 1041 1098 1060 ea
1110 1040 1170 1067 quas
1179 1040 1231 1060 non
1242 1032 1378 1059 videnlur.
1391 1031 1455 1064 Quae
1463 1031 1535 1058 enim
1545 1030 1677 1057 videnlur
1690 1031 1805 1060 divitias.

1009 1078 1171 1114 temporales
1188 1083 1264 1111 sunt;
1287 1085 1347 1113 quae
1363 1083 1453 1104 autem
1466 1085 1519 1104 non
1535 1076 1676 1109 videntur,
1692 1082 1805 1104 aeterna:

1008 1130 1081 1152 sunt.
1101 1124 1134 1151 Et
1150 1124 1173 1151 si
1190 1124 1216 1151 in
1234 1124 1333 1151 talibus
1348 1123 1451 1150 divitiis
1469 1123 1645 1156 ditesciu'tus,
1662 1122 1804 1149 vulnerari

1008 1171 1114 1206 sagittis
1129 1178 1181 1198 non
1203 1177 1345 1205 possumus
1368 1174 1554 1204 peccatorum.
1579 1169 1803 1204 Restinguentur

1007 1217 1079 1244 enim
1105 1221 1181 1244 scuto
1204 1215 1278 1249 ﬁdei,
1300 1223 1349 1251 per
1364 1215 1500 1243 Christum
1519 1216 1667 1242 Dominum
1699 1221 1730 1242 et
1745 1214 1805 1242 Sal-

1007 1267 1127 1288 vatorem
1150 1266 1284 1295 nostrum,
1311 1260 1355 1288 cui
1378 1264 1420 1286 cst
1450 1260 1533 1294 gloria
1550 1264 1579 1286 et
1597 1259 1752 1293 imperium
1778 1259 1803 1285 in

1006 1306 1103 1334 saecula
1119 1306 1290 1334 saaculorum.
1306 1305 1403 1333 Amen.

1294 1362 1434 1391 IIOSIILIA
1454 1362 1497 1390 Ill.

1009 1409 1046 1436 De
1062 1408 1152 1436 eodem
1167 1408 1279 1441 psalmo,
1295 1409 1327 1435 ab
1340 1408 1387 1435 illa
1403 1413 1476 1443 parte
1488 1408 1499 1424 ⁶
1513 1416 1520 1434 :
1537 1417 1546 1433 ι
1562 1406 1696 1434 Gladium
1713 1408 1800 1442 erogi-

1236 1449 1362 1471 nouerunt
1385 1450 1544 1478 peccatores.
1559 1453 1568 1468 ι

1043 1490 1070 1517 l.
1083 1489 1230 1524 Superiore
1245 1493 1360 1516 tractatu
1374 1488 1530 1517 dicebamus
1545 1488 1672 1523 quaedam
1695 1489 1731 1515 de
1745 1488 1802 1523 gl:-

1008 1535 1053 1564 dio
1068 1540 1096 1562 et
1107 1542 1172 1563 areu
1191 1539 1375 1569 peccatorum,
1398 1539 1425 1562 et
1444 1533 1529 1562 armis
1547 1533 1604 1566 Dei,
1621 1538 1649 1561 et
1659 1534 1728 1570 quia
1744 1541 1802 1562 om-

1007 1592 1055 1612 nes
1070 1584 1193 1612 homines
1206 1584 1304 1612 armati
1319 1588 1396 1618 sunt;
1420 1588 1449 1611 et
1470 1584 1543 1619 quod
1559 1583 1684 1611 diximus
1707 1591 1803 1610 omnes

1006 1630 1140 1661 homines,
1164 1638 1235 1658 nunc
1253 1629 1378 1665 adjiciam
1401 1630 1471 1665 quod
1487 1630 1573 1658 deluit
1593 1630 1802 1664 superioribus,

1007 1676 1032 1704 id
1046 1681 1087 1704 est
1098 1677 1122 1703 hi
1137 1684 1231 1704 omnes
1247 1676 1294 1711 qui
1313 1683 1427 1711 peccare
1437 1675 1494 1709 jam
1510 1679 1637 1710 possunt,
1652 1674 1699 1701 vel
1715 1675 1803 1701 absti-

1007 1730 1072 1750 nere
1085 1730 1099 1749 a
1118 1723 1245 1757 peccatis.
1261 1721 1380 1749 Infantes
1392 1721 1466 1749 enim
1478 1728 1567 1755 neque
1581 1720 1629 1747 Dei
1646 1727 1728 1747 arma
1747 1725 1803 1746 tra-

1006 1774 1080 1796 ctare
1100 1772 1223 1803 possunl,
1236 1775 1323 1803 neque
1337 1775 1413 1795 arma
1427 1767 1539 1794 diaboli.
1553 1766 1585 1795 Si
1603 1767 1650 1802 qni
1667 1771 1765 1793 autem
1778 1767 1803 1792 iu

1007 1815 1090 1842 verbo
1104 1819 1129 1842 et
1143 1819 1207 1842 actu
1222 1819 1251 1842 et
1262 1814 1428 1850 cogitatione
1441 1818 1557 1846 possunt
1568 1813 1625 1847 jam
1638 1813 1716 1839 scire
1728 1813 1803 1847 quod

1006 1865 1108 1887 rectum
1120 1864 1171 1892 est,
1182 1864 1211 1887 et
1221 1860 1307 1887 vitare
1324 1860 1396 1895 quod
1416 1859 1582 1887 contrarium
1600 1864 1654 1891 est,
1670 1859 1726 1893 ipsi
1740 1865 1805 1886 sunt

1007 1906 1051 1940 qui
1063 1906 1194 1933 dicuntur
1206 1914 1302 1934 omnes
1314 1906 1414 1933 habere
1429 1913 1517 1938 arma,
1529 1905 1590 1933 etsi
1608 1905 1722 1940 quidem
1739 1913 1803 1940 pec-

1006 1955 1080 1983 cant,
1109 1951 1208 1978 diaboli
1225 1958 1301 1978 arma
1320 1951 1422 1978 habent
1444 1955 1472 1978 et
1496 1950 1668 1984 iniquitatis;
1697 1951 1720 1978 si
1738 1958 1802 1977 vero

1007 1999 1080 2021 recte
1095 2000 1189 2029 agunt,
1214 1995 1297 2022 armis
1315 1994 1363 2022 Dei
1378 1995 1506 2022 dicentur
1523 1994 1619 2021 induti.
1634 1994 1717 2028 Quod
1735 2003 1802 2029 ergo

1006 2041 1095 2068 dixit:
1122 2040 1246 2068 Gladium
1269 2041 1471 2076 euaginaueruut
1494 2045 1656 2073 peccatores,
1684 2042 1802 2068 tcteudev

1006 2091 1066 2114 runt
1079 2094 1169 2113 urcum
1183 2095 1271 2118 suum,
1283 2087 1460 2121 explanantes
1472 2086 1628 2112 dicebamus
1646 2087 1800 2113 secundum

1006 2133 1161 2168 Apostolum
1175 2133 1220 2167 qui
1235 2133 1303 2160 dixit
1319 2140 1333 2158 a
1344 2131 1492 2160 contrariis
1503 2131 1512 2146 ⁷
1530 2140 1537 2158 :
1552 2130 1585 2158 Et
1606 2131 1731 2166 gladium
1746 2132 1800 2165 spi-

168 2179 314 2215 evaginare
327 2186 401 2211 nunc
421 2179 550 2211 dicuntur
563 2183 732 2215 peccatores.
749 2178 889 2211 Quomodo
903 2186 953 2205 au-
970 2188 992 2216 ι)
1006 2179 1072 2205 ritus
1084 2179 1153 2213 quod
1168 2182 1205 2205 est
1218 2178 1322 2205 verbum
1341 2178 1399 2210 Dei,
1416 2177 1478 2214 quia
1495 2181 1674 2212 peccatorum
1691 2177 1801 2212 gladius

168 2231 224 2255 tem
251 2225 363 2261 putandi
381 2231 444 2253 sunt
468 2230 625 2260 peccatores
647 2225 792 2260 evnginare
816 2223 956 2259 gladium?-

168 2272 237 2303 Dum
257 2271 313 2306 jam
333 2271 506 2306 impudenter
529 2276 556 2301 et
579 2270 681 2303 absque
705 2269 759 2301 ullo
785 2269 955 2297 verecundia:

167 2317 321 2346 velamento
346 2317 503 2352 iniquitates
530 2324 594 2344 suns
618 2320 786 2351 perpetrant,
812 2323 862 2342 nec
889 2322 953 2343 eru-

167 2363 293 2396 bescunt,
308 2370 341 2390 ac
355 2367 526 2394 reverentur,
545 2369 594 2391 nec
607 2366 734 2395 tanquam
751 2361 777 2388 in
795 2361 892 2395 vagina
905 2368 954 2387 ne:

167 2408 281 2443 quitiam
296 2415 372 2436 suam
396 2408 545 2440 recondunt
561 2412 587 2433 et
606 2411 763 2441 contegunt,
779 2407 826 2433 sed
837 2405 954 2440 superbo

166 2460 193 2481 et
208 2454 280 2482 elato
295 2454 393 2490 spiritu
415 2452 489 2480 velut
512 2452 630 2486 gladium
647 2453 789 2485 quemdam
803 2451 953 2483 denudent.

167 2501 301 2531 Similiter
311 2500 394 2528 etiam
410 2499 475 2527 illud
490 2500 561 2534 quod
577 2498 698 2532 sequitur
715 2501 859 2533 peragunt,
874 2496 900 2523 id
911 2500 953 2528 est

166 2546 333 2577 intenderunt
348 2553 440 2577 arcum
455 2553 543 2572 suum.
557 2544 609 2575 Sed
621 2549 646 2570 et
660 2544 725 2578 justi
738 2542 952 2573 habentarcutn,

167 2594 268 2623 habent
282 2597 311 2622 et
326 2592 449 2628 sagittas.
463 2590 583 2625 Denique
598 2594 626 2620 et
642 2597 694 2619 una
712 2588 811 2622 sagitta
835 2588 952 2621 ipsorum

168 2643 208 2665 est
224 2637 354 2666 Dominus
371 2637 463 2670 Jesus,
488 2638 545 2672 ipse
560 2637 631 2662 enim
648 2636 685 2662 ait
709 2636 719 2651 ²
733 2643 740 2660 :
757 2634 789 2660 Et
812 2634 897 2668 posuit
913 2641 954 2660 me

168 2692 235 2717 sicut
251 2686 374 2720 sagittam
398 2685 518 2718 electam.
543 2686 649 2718 Habent
667 2692 732 2719 ergo
746 2683 810 2717 justi
831 2684 954 2717 sagittas,

204 2786 227 2800 "
244 2786 424 2847 gsai.‘xxxvt.
444 2787 486 2813 l2.
526 2788 548 2802 9“
564 2787 676 2825 minus.
717 2789 724 2804 ί
743 2785 806 2811 ibid.
828 2785 868 2811 ll.

204 2829 233 2847 ll.
269 2839 274 2846 .
338 2821 398 2847 Psal
426 2829 519 2847 um.
543 2821 584 2847 Η.
622 2822 630 2836 ⁷
650 2821 745 2847 haben
762 2828 797 2847 \‘l.
815 2821 855 2846 l7.

173 2827 233 2852 liii,
248 2821 274 2847 8.
315 2821 324 2835 ‘
338 2821 398 2850 Psal
426 2829 519 2861 suv‘l.
543 2821 584 2852 ll.
622 2822 630 2836 ⁷
650 2821 745 2857 lipbc:.
762 2828 797 2852 \‘l,
815 2821 855 2846 l7.

909 2786 917 2799 ³
935 2784 984 2817 lsa.
1002 2793 1076 2818 sus,
1095 2786 1122 2817 2.

1008 2229 1081 2252 esset
1092 2224 1203 2260 spiritus
1211 2225 1256 2259 qui
1272 2225 1298 2251 in
1312 2225 1377 2259 ipsis
1394 2229 1435 2252 est
1447 2231 1575 2258 nequam,
1590 2223 1637 2258 qui
1653 2231 1704 2251 eos
1717 2224 1803 2258 inspi-

1009 2276 1051 2298 rat
1065 2272 1098 2298 ad
1112 2271 1192 2298 verba
1207 2271 1391 2306 blasphemiae,
1407 2275 1434 2297 et
1456 2270 1620 2304 iniquitatis,
1635 2275 1666 2297 et
1681 2271 1800 2305 turpitu-

1007 2317 1088 2347 dinis.
1102 2316 1182 2344 Verbi
1196 2325 1290 2348 causa,
1306 2318 1328 2344 si
1354 2318 1447 2343 videas
1468 2309 1583 2352 gentiles
1606 2317 1761 2344 adversum
1775 2325 1802 2343 se

1008 2362 1034 2389 in
1061 2362 1291 2397 disputationibus
1318 2363 1490 2394 dimicantes,
1511 2367 1538 2389 et
1555 2363 1681 2390 diversas
1703 2369 1799 2391 contra

1006 2415 1036 2435 se
1064 2407 1180 2435 invicem
1206 2408 1360 2442 impietates
1384 2407 1535 2435 dialecticas
1565 2407 1635 2434 artis
1668 2409 1800 2436 versutiis

1006 2458 1170 2485 astrucntes,
1183 2459 1261 2489 potes
1278 2459 1343 2481 tunc
1358 2454 1450 2481 dicere
1458 2459 1660 2488 competenter.
1671 2456 1738 2490 qui:
1749 2455 1800 2490 gl:-

1006 2501 1082 2528 dintn
1097 2501 1308 2535 evaginaveruut
1320 2505 1487 2535 peccatores.
1502 2499 1555 2527 Sed
1564 2504 1591 2527 et
1603 2508 1656 2535 ego
1666 2501 1715 2536 qui
1730 2502 1802 2528 dicor

1008 2546 1104 2578 ﬁdelis,
1120 2546 1142 2573 si
1163 2545 1233 2573 forte
1245 2551 1383 2573 certamen
1397 2545 1464 2572 mihi
1480 2546 1516 2572 sit
1532 2553 1595 2573 eum
1611 2545 1720 2580 aliquo.
1735 2552 1763 2574 et
1773 2547 1801 2572 ad

1007 2592 1176 2619 iracundiam
1194 2596 1366 2625 provocatus,
1384 2591 1489 2625 abjecla
1507 2592 1725 2619 mansuetudine
1743 2600 1800 2627 pm-

1009 2637 1093 2664 feraut
1109 2637 1193 2664 verba
1208 2636 1320 2667 furiosa.
1343 2641 1369 2663 et
1393 2636 1518 2672 spiritum
1537 2638 1705 2668 mendaciis.
1720 2643 1749 2665 et
1763 2644 1800 2664 tu-

1010 2683 1091 2712 midis
1116 2685 1309 2718 venenatisque
1337 2683 1506 2710 sermonibus
1532 2688 1676 2718 relegam,
1708 2685 1800 2710 merita

1163 2787 1172 2801 ³
1185 2786 1255 2815 l‘snl.
1274 2793 1367 2818 nm,
1383 2785 1425 2813 li.
1465 2784 1472 2799 ‘
1490 2784 1560 2812 Psal.
1576 2793 1604 2814 ι.
1623 2785 1652 2812 9.
1693 2787 1704 2801 ⁸
1726 2785 1796 2812 ινιοι.
