1885 3053
39 138 131 166 1357

404 136 560 165 SELECTA
577 137 610 164 IN
623 136 793 165 PSALMO'S.
814 153 849 158 —
868 136 986 166 HOMIL.
1005 138 1039 166 lll
1058 138 1092 166 IN
1112 138 1210 167 PSAL.
1230 137 1350 166 XXXVI.

1623 139 1692 167 1558

37 195 142 221 etiam
158 202 209 230 ego
222 199 351 229 tanquam
363 200 491 230 peccator
504 196 662 231 evaginasse
673 196 791 232 gladium
808 197 850 224 di-
864 199 887 228 Α
902 205 950 226 nes
961 198 1086 234 pessima:
1099 207 1106 226 :
1126 206 1158 226 os
1172 206 1238 227 vero
1251 206 1283 226 ac
1298 198 1368 226 labia
1380 204 1476 226 eorum
1489 205 1569 226 arcus
1581 199 1690 232 quidam

38 247 114 267 μοι’,
140 239 245 268 Bonum
270 241 351 276 igitur
378 241 494 276 primum
517 246 560 269 est
575 248 608 268 ne
623 241 725 269 habere
741 243 850 277 quidem

38 285 181 318 gladium
205 286 327 321 peccati;
352 287 500 314 secundum
524 294 590 314 vero
608 291 650 314 eat
675 287 770 315 saltem
794 296 848 316 non

37 338 118 357 eum
134 331 290 366 evaginare,
302 331 349 359 sed
359 333 505 360 recondere
515 333 541 360 in
553 335 649 368 vagina
663 342 722 361 sua.
735 334 764 361 Si
777 334 849 361 enim

39 381 109 401 nou
133 375 289 409 proferatur
302 375 407 411 gladius
415 377 448 404 de
456 378 562 412 vagina,
575 386 663 413 neque
679 383 849 410 exerceatur.

38 419 135 447 acies
148 419 208 455 ejus
229 420 387 449 obtunditur
407 427 434 449 et
445 422 565 457 aerugine
581 424 760 457 consumitur,
775 428 804 451 et
827 424 849 451 si

39 471 171 500 semper
186 471 274 494 cesset
296 468 330 494 ab
350 474 430 502 opere
443 468 679 496 exterminabitur.
693 468 750 496 Hoc
776 469 849 496 enim

40 510 194 540 Dominus
202 513 285 540 etiam
299 513 452 548 pollicetur,
462 519 491 541 ut
501 516 662 543 exterminat
672 514 848 549 romphzeam,

40 557 75 584 id
91 562 141 585 est
155 563 311 593 peccatum,
331 559 368 586 ita
385 563 414 587 ut
426 560 498 588 ultra
512 561 569 596 jam
585 569 639 589 non
659 561 694 588 sit
710 564 848 595 peccator.

42 603 113 631 Sed
128 604 153 631 si
176 604 285 639 quidem
301 605 377 632 verbi
401 606 448 633 Dei
471 607 648 640 pracvenimus
664 607 714 634 hoc
727 613 806 641 opus,
823 611 849 634 et

42 649 78 676 in
102 649 160 677 hac
177 649 231 677 vita
249 650 328 685 positi
344 651 478 679 faciamus
493 652 518 679 in
535 652 613 680 nobis
628 652 740 680 interire
751 660 848 686 pecca-

44 699 128 727 tum,
145 699 178 722 ut
192 703 328 730 nunquam
343 697 457 724 omnino
470 706 485 724 a
503 698 591 731 nobis,
614 706 700 733 neque
712 707 760 734 per
777 700 849 734 cogi-

44 742 205 775 tationem,
218 750 306 776 neque
315 750 362 776 per
371 751 450 777 opus,
464 751 551 778 neque
562 751 609 778 per
622 745 734 772 verbum
746 745 846 779 peccati

41 786 164 822 gladius
188 788 353 822 proferatur,
384 797 436 816 non
462 789 644 824 indigebimus
670 798 756 824 pinnae
779 791 849 825 ignis

41 833 164 866 :eterni,
182 841 234 861 non
250 834 368 862 tenebris
391 835 574 862 exterioribus
591 835 846 869 condemuabimur,

904 249 957 276 est,
983 251 1038 279 quo
1060 244 1171 272 dilatato
1197 249 1279 280 atque
1306 244 1424 272 distento
1449 246 1573 273 venenati
1600 246 1691 273 cordis

905 289 1006 323 spicula
1021 288 1169 323 jactantur.
1183 289 1260 322 Quod
1276 293 1365 316 autem
1379 289 1419 316 ait
1438 290 1465 316 in
1477 290 1598 322 obscuro,
1615 298 1690 317 cetu-

904 339 1029 369 petenter
1047 335 1149 362 dictum
1162 339 1213 362 est.
1234 334 1293 362 Non
1314 335 1386 363 enim
1401 335 1446 362 isti
1465 335 1533 363 tales
1550 337 1576 362 in
1593 336 1648 368 die,
1663 336 1689 363 id

904 386 946 408 est
961 381 987 408 iii
1001 381 1060 408 luce
1075 380 1122 408 Dei
1137 381 1274 413 incedunt,
1291 381 1338 408 sed
1355 382 1382 409 in
1399 381 1520 410 tenebris
1535 382 1688 414 ambulant,

904 430 930 453 et
946 425 972 452 in
986 425 1151 453 obscuritate
1173 426 1282 453 malitiae
1309 431 1390 461 atque
1413 427 1571 462 ignorantia:
1596 427 1690 454 delite-

904 477 992 499 scunt.
1005 471 1082 505 Quod
1102 476 1194 498 autem
1219 472 1350 506 sagittant
1374 478 1463 500 rectos
1483 473 1582 506 corde,
1600 473 1625 500 id
1647 477 1689 500 est

903 517 1040 551 simplices
1051 521 1078 544 et
1089 517 1244 551 ignorantes
1252 516 1371 545 malitias
1385 525 1458 545 suas.
1472 517 1525 545 Sed
1538 523 1602 552 puto
1616 518 1688 552 quod

904 564 947 591 hic
978 570 1068 590 sermo
1088 570 1140 590 non
1169 567 1222 589 tam
1251 562 1284 589 de
1309 563 1463 590 hominibus
1487 563 1686 598 peccatoribus,

902 617 982 644 quam
997 609 1030 636 de
1047 608 1191 636 contrariis
1211 609 1388 643 potestatibus
1411 609 1532 636 dicatur.
1557 609 1610 636 ΙΙΙει³
1624 614 1688 636 sunt

901 653 984 684 enim,
1006 660 1066 688 quae
1080 653 1107 679 in
1120 653 1235 680 obscuro
1254 652 1384 688 sagittant
1398 658 1487 681 rectos
1507 654 1600 681 corde.
1622 653 1687 681 Pro-

901 704 993 733 pterea
1012 707 1078 734 ergo
1092 699 1135 725 die
1150 704 1285 733 noctuque
1302 699 1414 733 vigilent
1427 699 1452 727 hi
1469 699 1515 734 qui
1535 705 1610 727 recto
1624 705 1688 728 sunt

901 745 994 776 corde,
1014 745 1077 779 quia
1100 744 1138 771 illi
1157 745 1267 780 quidem
1290 750 1456 779 paraverunt
1479 746 1602 780 sagittas.
1628 745 1687 774 Non

902 791 1096 825 dixit,jaculati
1108 791 1535 826 sunt,sedparaveruntaagiltas;
1545 799 1596 818 non
1608 792 1687 826 sagit-

902 840 994 864 tarunt
1006 844 1094 872 neque
1110 836 1331 868 vulneraverunt,
1348 837 1395 864 sed
1411 842 1505 871 parant
1521 845 1551 864 se
1564 842 1593 864 nt
1607 838 1687 871 sagit-

43 886 147 913 neque
172 878 225 906 illis
242 879 382 914 suppliciis
411 888 472 915 quae.
497 881 686 915 peccatoribus
704 882 846 909 imminent
862 877 883 907 Β
898 886 964 909 tent.
981 881 1061 909 Vides
1077 889 1126 909 nos
1147 886 1292 916 antequam
1316 881 1489 909 vulnerentur
1508 883 1685 914 commoneri,

43 925 274 960 subjacebimus.
303 926 331 953 Si
352 933 417 953 vero
440 927 466 954 in
493 927 544 955 hac
568 928 623 955 vita
647 929 847 956 contemnimtts

42 971 259 999 commonentis
273 979 322 999 nos
337 972 436 1000 divina:
448 973 596 1007 Scriptum
610 975 701 1006 verba,
718 975 845 1002 etcurari

44 1017 93 1043 vel
110 1017 255 1045 emendari
273 1018 332 1053 ejus
346 1019 565 1052 correptiouibus
588 1019 725 1053 nolumus,
741 1026 845 1048 eertum

43 1067 94 1089 est
111 1062 181 1097 quia
203 1068 295 1091 manet
310 1072 359 1092 nos
386 1064 457 1099 ignis
480 1065 525 1092 ille
549 1065 595 1100 qui
621 1071 789 1101 praeparatus
803 1071 847 1094 est

45 1109 258 1142 peccatoribus,
271 1114 298 1136 et
312 1110 453 1138 veniemus
470 1111 503 1137 ad
518 1110 594 1138 illum
609 1111 693 1147 664
707 1112 794 1147 ignem
818 1113 844 1140 in

45 1161 107 1188 quo
126 1154 336 1190 uniuscujusque
363 1163 428 1190 opus
451 1155 529 1190 quale
546 1157 580 1182 sit
602 1157 671 1190 ignis
690 1158 843 1191 probabit‘.

46 1200 98 1233 Et,
110 1204 143 1226 ut
160 1206 210 1233 ego
225 1199 353 1231 arbitror,
377 1207 473 1228 onmes
491 1208 540 1228 nos
564 1201 658 1228 venire
677 1209 790 1230 necesse
803 1206 846 1230 est

45 1245 84 1271 ad
99 1244 180 1271 illuni
205 1244 306 1280 ignem.
327 1245 441 1272 Etiamsi
462 1244 562 1273 Paulus
575 1245 611 1272 sit
627 1246 725 1280 aliquis
742 1246 783 1274 vel
799 1246 847 1275 Ρεο

47 1294 123 1321 trus,
140 1292 217 1317 venit
233 1294 322 1317 tamen
337 1290 369 1317 ad
386 1290 462 1317 illum
480 1289 579 1325 ignem.
595 1290 647 1318 Sed
663 1291 701 1318 illi
716 1292 782 1319 tales
794 1300 844 1319 au-

46 1334 132 1361 diunt
147 1343 156 1361 :
171 1333 285 1361 Etiamsi
293 1343 339 1369 per
350 1336 433 1370 ignem
449 1339 580 1366 transeas,
596 1336 703 1369 ﬂamma
726 1345 777 1364 non
800 1337 846 1364 πώ

48 1385 111 1407 uret
125 1384 154 1406 te
165 1380 187 1406 '.
204 1379 232 1407 Si
248 1388 312 1408 vero
320 1380 418 1416 aliquis
428 1380 525 1408 similis
537 1381 588 1408 mei
597 1387 725 1416 peccator
739 1383 784 1415 sit,
798 1390 845 1410 ve-

49 1426 112 1452 niet
124 1426 236 1460 quidem
253 1427 287 1453 ad
300 1426 388 1462 ignem
406 1426 481 1454 illum
495 1426 566 1454 sicut
581 1426 678 1454 Petrus
693 1432 720 1455 et
735 1427 843 1460 Paulus.

47 1471 100 1498 sed
128 1479 184 1499 non
208 1471 248 1499 sic
273 1472 385 1499 transiet
414 1471 486 1499 sicut
512 1471 608 1500 Petrus
631 1476 658 1500 et
679 1472 788 1501 Paulus.
812 1473 845 1500 Et

47 1516 285 1550 quemadmodum
297 1517 331 1544 ad
338 1516 460 1544 Rubrum
469 1525 544 1544 mare
550 1523 684 1545 venerunt
696 1518 799 1546 llehrzei
809 1519 843 1551 ",

49 1567 192 1590 venerunt
210 1566 238 1590 et
262 1561 396 1598 :Egyptii,
408 1562 455 1590 sed
479 1562 583 1591 Hebraei
599 1563 707 1599 quidem
729 1566 845 1592 transie-

49 1612 118 1634 runt
134 1614 212 1634 mare
223 1606 357 1638 Rubrum,
372 1606 492 1643 [Egyptii
507 1613 597 1635 autem
610 1608 728 1636 demersi
742 1613 805 1635 sunt
817 1609 843 1636 in

49 1653 115 1688 ipso
130 1663 137 1680 :
160 1653 213 1680 hoc
228 1653 307 1681 modo
327 1653 409 1681 etiam
425 1661 475 1681 nos
493 1654 516 1681 si
532 1654 642 1689 quidem
658 1653 779 1689 Egyptii
796 1662 844 1682 su-

50 1706 125 1730 mus,
145 1703 173 1726 et
191 1699 330 1734 sequimur
341 1698 513 1726 Pharaonem
537 1699 684 1731 diabolutn,
703 1701 844 1734 praeceptis

49 1745 111 1778 ejus
126 1743 296 1777 obedientcs,
311 1744 499 1779 demergemur
520 1745 546 1772 iu
570 1744 643 1771 illum
661 1744 771 1772 ﬂuvium
787 1745 844 1773 sive

50 1791 145 1816 lacum
158 1789 277 1824 igneum,
287 1797 349 1817 cum
358 1790 467 1818 inventa
478 1789 578 1818 fuerint
588 1790 614 1817 in
630 1791 710 1818 nobis
720 1797 842 1825 peccata,

49 1842 113 1869 quae
123 1834 186 1862 sine
197 1834 278 1862 dubio
287 1843 320 1862 ex
334 1836 476 1871 prateeptis
491 1836 622 1871 elegimus
635 1835 795 1864 Pharaonis.
814 1836 843 1863 Si

48 1885 145 1908 autem
159 1888 254 1908 sumus
273 1881 390 1914 chrai,
405 1886 432 1909 et
445 1882 577 1916 sanguine
595 1882 657 1917 agni
674 1881 842 1910 immaculati

48 1932 149 1952 sumus
169 1925 310 1960 redempti,
340 1925 361 1952 si
387 1934 439 1953 non
461 1930 601 1960 portamus
618 1927 759 1954 nobiscmn
785 1927 842 1954 fer<

50 1974 177 1999 mentutn
204 1971 340 2005 nequitiac,
369 1971 537 2006 ingredimur
559 1972 668 2007 quidem
684 1978 711 2001 et
726 1981 776 2001 nos
794 1973 843 2000 llu-

49 2017 127 2044 vium
145 2016 224 2051 ignis.
251 2017 305 2045 Sed
331 2017 402 2044 sicut
425 2017 546 2044 Hebra-is
566 2023 626 2046 erat
649 2026 719 2053 aqua
747 2027 842 2046 murus

49 2063 147 2090 dextra
167 2063 297 2097 Ιιενςιψιθ,
315 2063 351 2090 ita
373 2063 455 2090 etiam
473 2063 544 2098 ignis
564 2064 615 2091 erit
631 2073 734 2095 murus,
751 2066 773 2092 si
792 2073 841 2093 nos

50 2109 185 2135 faciamus
201 2108 271 2142 quod
287 2108 319 2135 de
334 2109 388 2136 illis
405 2110 507 2136 dictum
521 2115 574 2141 est,
591 2111 653 2144 quia
667 2111 841 2138 crediderunt

52 2155 109 2181 lico
120 2158 150 2181 et
168 2154 251 2190 Moysi
267 2154 368 2181 famqu
385 2155 452 2189 ejus,
476 2155 502 2182 id
520 2161 561 2182 est
578 2156 629 2190 legi
650 2156 708 2190 ejus
721 2161 749 2184 et
764 2165 839 2184 inan-

899 932 927 954 ut
942 935 991 956 nos
1006 928 1040 955 ab
1060 927 1167 955 illorutn
1188 927 1346 955 vulneribus
1369 927 1555 961 defendamus,
1571 933 1598 955 et
1612 929 1685 955 omni

897 971 1019 998 custodia
1035 979 1175 998 servemus
1186 979 1233 998 cor
1253 976 1387 999 nostrum.

932 1017 959 1043 5.
977 1017 1044 1044 Volo
1054 1017 1136 1044 etiam
1156 1017 1273 1051 amplius
1283 1017 1384 1052 aliquid
1401 1017 1426 1044 in
1444 1017 1486 1044 his
1505 1018 1569 1045 locis
1582 1018 1685 1053 positus

896 1063 1013 1098 aperire,
1034 1070 1069 1090 ne
1091 1070 1199 1098 semper
1220 1063 1252 1089 de
1267 1063 1444 1090 inferioribus
1462 1063 1558 1098 loquar
1578 1064 1610 1091 ad
1627 1071 1683 1096 vos,

896 1108 942 1134 sed
960 1107 1105 1142 aliquando
1129 1107 1254 1142 qttatdam
1270 1107 1352 1133 etiatn
1375 1108 1513 1142 superiora
1535 1107 1683 1142 pnlscmus.

896 1153 1045 1181 Considero
1059 1160 1135 1188 ergo,
1152 1153 1215 1187 quia
1231 1153 1299 1180 sicut
1320 1152 1444 1181 Salvator
1456 1153 1556 1188 sagitta
1571 1158 1611 1180 est
1624 1153 1681 1186 Dei,

896 1199 968 1226 sicut
992 1199 1124 1233 scriptutn
1152 1204 1194 1226 est
1214 1198 1235 1214 “
1256 1207 1264 1226 :
1292 1197 1385 1225 Posuit
1407 1207 1446 1225 me
1472 1200 1538 1225 sicut
1559 1200 1683 1234 sagittam

896 1245 1024 1277 eleclam,‘
1041 1245 1099 1272 sine
1125 1245 1206 1272 dubio
1230 1250 1321 1272 autem
1345 1245 1428 1272 simili
1453 1244 1577 1279 exemplo
1599 1245 1681 1271 etiam

896 1290 1002 1326 Moyses
1016 1291 1042 1317 in
1056 1298 1109 1325 quo
1122 1290 1228 1318 locutus
1243 1296 1286 1318 est
1304 1291 1385 1322 Deus,
1402 1291 1501 1326 sagitta
1517 1291 1562 1318 Dei
1576 1297 1618 1318 est
1631 1298 1639 1318 :
1654 1296 1682 1317 ct

896 1337 985 1364 cteteri
999 1337 1137 1372 prophcttc
1149 1341 1176 1364 et
1192 1336 1305 1371 apostoli
1321 1336 1434 1370 Christi,
1450 1336 1476 1362 in
1493 1336 1591 1369 quibus
1606 1336 1684 1363 Chri-

896 1387 954 1410 stus
969 1382 1025 1416 ipsc
1047 1381 1219 1417 loquebatur,
1237 1386 1341 1408 certum
1357 1386 1399 1408 est
1417 1381 1480 1415 quia
1496 1388 1544 1415 per
1554 1382 1681 1415 sagittam

896 1426 943 1454 Dei
959 1427 1139 1454 vulnerabant
1161 1434 1209 1453 eos
1232 1431 1260 1454 et
1280 1426 1498 1460 compungebant
1515 1433 1562 1452 cor
1576 1433 1682 1457 eorum,

894 1473 994 1510 quibus
1004 1480 1156 1500 sermonem
1173 1472 1219 1499 Dei
1239 1471 1432 1506 loquebantur,
1448 1471 1483 1498 ita
1497 1475 1527 1497 ut
1538 1471 1564 1497 bi
1583 1470 1630 1505 qui
1650 1471 1683 1497 ab

897 1517 963 1552 ipsis
987 1517 1135 1544 audiebant
1157 1522 1310 1544 sermonem
1337 1515 1396 1548 Dei,
1418 1515 1539 1542 dicerent
1562 1515 1593 1548 ¹³,
1618 1515 1682 1549 quia

893 1562 1031 1590 Vulnerata
1049 1563 1177 1589 cliuritate
1198 1570 1244 1597 ego
1259 1570 1334 1594 sum;
1356 1562 1396 1588 sic
1413 1569 1508 1588 rursus
1526 1563 1682 1589 euontrario

896 1609 1033 1643 quomodo
1047 1608 1172 1636 Christus
1188 1614 1228 1635 est
1244 1604 1329 1636 electa
1345 1608 1445 1643 sagitta
1463 1607 1522 1641 Dei,
1534 1607 1573 1635 sic
1587 1607 1680 1634 etAn-

895 1655 1037 1682 tichristus
1047 1655 1145 1690 sagitta
1166 1655 1277 1682 diaboli.
1299 1654 1330 1681 Et
1344 1655 1415 1681 sicut
1426 1661 1522 1682 omnes
1540 1655 1565 1681 in
1582 1655 1681 1688 quibus

895 1701 1020 1728 Christus
1042 1701 1147 1729 locutus
1164 1706 1217 1732 est,
1233 1701 1273 1728 vel
1294 1701 1423 1735 loquitur,
1446 1701 1593 1728 secundum
1612 1702 1682 1728 hanc

894 1748 1101 1777 similitudinem
1115 1748 1254 1782 propheta:
1267 1752 1296 1775 ct
1307 1748 1421 1781 apostoli
1436 1747 1516 1774 etiam
1534 1747 1584 1781 ipsi
1598 1748 1683 1782 sagit.-

896 1800 929 1822 ιω
948 1798 1026 1822 crant
1049 1794 1108 1825 Dei,
1138 1798 1166 1820 et
1189 1793 1342 1827 quicunque
1357 1791 1448 1825 justus
1470 1796 1498 1818 et
1521 1792 1682 1825 praedicator

894 1840 1013 1874 loquitur
1026 1839 1137 1865 verbum
1163 1838 1208 1864 Dei
1222 1838 1255 1864 ad
1269 1837 1384 1864 salutem
1404 1836 1542 1864 hominum
1554 1844 1679 1863 consum-

894 1884 1032 1916 mandam,
1047 1883 1144 1918 sagitta
1167 1882 1212 1909 Dei
1225 1882 1278 1909 dici
1294 1886 1398 1916 potest:
1416 1881 1452 1908 ita
1467 1886 1494 1907 et
1509 1887 1603 1908 omnes
1615 1888 1679 1915 pecv

892 1934 999 1957 catores
1013 1929 1039 1956 in
1058 1928 1155 1963 quibus
1170 1926 1293 1954 diabolus
1308 1926 1438 1960 loquitur,
1457 1925 1561 1960 sagittae
1576 1924 1678 1952 diaboli

892 1975 943 2002 dici
969 1978 1090 2008 possunt.
1103 1973 1131 2000 Si
1145 1972 1252 2007 quando
1266 1979 1331 2007 ergo
1348 1977 1374 1999 te
1389 1970 1488 1998 videris
1506 1978 1553 2005 per
1570 1979 1601 1998 cs
1614 1969 1680 2006 pec-

891 2019 993 2047 catoris
1009 2019 1116 2052 sagittis
1129 2018 1229 2046 diaboli
1252 2017 1399 2050 vulnerari,
1421 2017 1491 2044 illius
1505 2017 1613 2051 quidem
1628 2016 1680 2043 mi-

891 2072 982 2093 serere
997 2065 1041 2099 qtti
1069 2072 1098 2092 se
1113 2065 1146 2091 ad
1165 2065 1218 2092 ltoc
1243 2071 1312 2099 opus
1326 2064 1438 2090 exhibet
1460 2063 1569 2090 diabolo
1596 2063 1678 2089 mini-

890 2118 977 2139 Sll‘llm
998 2120 1005 2137 ε
1023 2116 1050 2138 ιιι
1068 2115 1157 2138 θιιιθιιι
1175 2118 1278 2137 1110111οΓ
1290 2115 1348 2137 (3510
1365 2110 1412 2141 ιυὶ,
1428 2114 1453 2136 et
1469 2110 1558 2144 arripe
1573 2114 1678 2136 SCllllllll

892 2158 964 2190 ﬁdei,
984 2162 1013 2184 ut
1041 2157 1130 2192 ptiSsis
1152 2157 1178 2183 in
1201 2157 1259 2191 ipso
1279 2156 1371 2182 omnia
1395 2154 1446 2181 tela
1466 2154 1551 2189 ignita
1569 2154 1679 2189 maligni

48 2200 135 2232 datis,
157 2203 184 2226 et
209 2200 248 2227 sic
265 2207 410 2234 sequamur
425 2200 577 2228 columnam
603 2201 673 2235 ignis
690 2207 716 2228 et
737 2201 840 2228 colum-
856 2214 878 2242 ι)
893 2204 1074 2238 exstinguere.
1090 2202 1147 2229 Non
1166 2201 1252 2229 solum
1267 2206 1356 2227 autent
1372 2200 1397 2226 in
1416 2200 1518 2234 verbis,
1533 2199 1579 2227 sed
1597 2200 1623 2226 in
1637 2199 1679 2226 fa-

49 2252 115 2271 nant
141 2244 228 2273 nubis.
261 2244 322 2272 lltec
351 2245 504 2273 monuimus
533 2251 684 2281 repetentes
711 2248 840 2281 explana-

50 2293 168 2323 tionem,
191 2291 328 2327 quomodo
350 2291 468 2327 gladiqu
496 2292 710 2326 evaginavcrunt
740 2301 836 2328 pecca-

51 2342 140 2365 tores.

84 2383 114 2410 2.
135 2383 189 2410 Sed
204 2391 237 2410 ne
260 2383 324 2410 illud
342 2383 450 2418 quidem
468 2384 554 2411 otiose
569 2384 762 2411 transeundum
785 2389 839 2418 est,

48 2429 124 2463 quod
141 2429 223 2456 etiam
242 2429 388 2457 tetendisse
403 2429 529 2456 dicuntur
545 2437 636 2456 arcum
653 2437 750 2457 suum:
765 2432 837 2464 quod

49 2484 104 2502 non
124 2475 181 2509 jam
201 2475 370 2510 appositione
388 2476 518 2503 contrarii
542 2476 612 2503 sicut
628 2476 654 2503 iit
669 2476 776 2503 caeteris
797 2477 837 2502 fe-

49 2523 152 2551 cimus.
182 2521 228 2548 sed
256 2529 288 2548 ex
319 2521 453 2549 similibus
476 2521 652 2549 absolvimus.
683 2522 711 2549 ιιι
735 2523 839 2550 decimo

49 2568 156 2601 psalmo
176 2567 304 2601 scriptum
323 2573 366 2595 est
388 2569 408 2584 “
420 2569 484 2603 quia
498 2568 654 2596 Peccatores
672 2569 839 2596 intenderunt

50 2621 153 2645 arcum,
175 2619 333 2647 paraverunt
349 2615 459 2649 sagittas
475 2615 502 2641 in
513 2614 649 2648 pharetra,
667 2620 693 2641 ut
714 2615 839 2649 sagittent

49 2659 78 2685 in
88 2659 201 2686 obscuro
215 2665 297 2686 rectos
307 2660 394 2686 corde.
413 2659 490 2687 Unde
503 2664 625 2694 apparet,
642 2660 713 2694 quod
729 2667 776 2687 cor
785 2660 837 2686 imo

50 2705 87 2738 pii
113 2705 247 2739 repletum
262 2710 303 2732 est
317 2706 389 2733 vélut
411 2707 538 2740 pharetra
563 2707 670 2741 sagittis
684 2707 835 2734 venenatis.

52 2753 122 2778 Sunt
137 2758 203 2785 ergo
224 2751 328 2785 sagitta:
345 2752 500 2786 impiorum,
520 2753 634 2780 consilia
651 2756 678 2779 et
695 2752 836 2786 cogitatio-

86 2842 97 2859 ι
110 2839 119 2872 l
132 2840 195 2868 Cur.
215 2848 254 2870 Ill,
275 2839 316 2867 lli.

356 2841 364 2855 '
379 2839 429 2866 lsu.
441 2848 515 2872 xun,
594 2841 614 2855 '°
631 2840 713 2867 Exod.
729 2848 782 2866 xu“.

824 2841 842 2856 ”
855 2840 923 2868 l‘s.tl.
945 2848 970 2871 χ,
986 2840 1012 2866 ὖ.

892 2250 944 2277 ctis
961 2250 1115 2284 diriguntur
1129 2249 1154 2276 in
1171 2256 1221 2276 nos
1235 2247 1288 2275 tela
1309 2247 1421 2275 diaboli.
1439 2246 1468 2274 Si
1481 2246 1554 2273 cnim
1574 2245 1680 2272 vidercs

892 2295 1032 2323 mulierem
1054 2295 1223 2322 insidiantem
1243 2293 1300 2326 tibi,
1320 2297 1347 2320 ut
1362 2297 1387 2320 te
1403 2292 1531 2327 decipiat,
1548 2298 1638 2319 nonne
1652 2295 1680 2317 et

891 2339 1071 2372 lizecignitum
1085 2339 1166 2366 telum
1179 2337 1278 2366 diaboli
1294 2342 1347 2370 cst,
1362 2346 1424 2365 cum
1437 2338 1484 2364 tibi
1498 2337 1534 2364 ita
1546 2336 1678 2371 loquitur,

891 2389 921 2413 ut
943 2385 970 2413 in
990 2389 1017 2412 te
1042 2384 1129 2419 ignem
1153 2383 1274 2411 libidinis
1296 2383 1433 2411 concitet?
1461 2382 1594 2410 Similiter
1612 2387 1640 2409 et
1656 2381 1677 2408 si

890 2431 951 2466 quis
965 2435 990 2458 te
1007 2430 1098 2458 verbis
1114 2430 1214 2457 amaris
1224 2434 1252 2458 et
1265 2430 1369 2464 asperis
1386 2429 1418 2456 ad
1435 2428 1602 2457 iracundiam
1611 2435 1677 2455 con~

889 2476 963 2507 citet,
991 2483 1081 2503 nonne
1098 2480 1125 2503 et
1147 2475 1191 2502 hic
1216 2475 1334 2511 ignitum
1352 2475 1473 2510 jacultttn
1497 2478 1540 2500 est
1555 2473 1677 2507 maligni,

888 2529 943 2556 quo
960 2520 1139 2548 inﬂammaris
1156 2525 1183 2548 et
1199 2521 1352 2548 incenderis
1370 2520 1405 2547 ad
1425 2519 1565 2546 furorem?
1579 2519 1631 2546 Sed
1651 2524 1680 2548 et

888 2567 910 2594 si
921 2567 982 2602 quis
995 2568 1021 2594 iii
1034 2567 1106 2594 aliud
1117 2574 1225 2602 quoquc
1245 2572 1271 2594 te
1283 2571 1413 2601 provocat
1426 2570 1454 2592 et
1467 2565 1589 2599 instigat,
1607 2565 1678 2599 quod

889 2617 917 2640 tu
934 2614 1106 2648 impatienter
1118 2614 1210 2640 ferens
1225 2613 1251 2639 in
1263 2615 1406 2646 peccatum
1419 2610 1542 2642 decidas,
1558 2609 1679 2644 intelligo

891 2657 1059 2693 diligentius,
1073 2663 1100 2685 et
1118 2658 1229 2685 adverte
1246 2657 1295 2684 bos
1309 2663 1404 2684 omnes
1416 2655 1506 2690 jacula
1523 2662 1583 2683 csse
1600 2655 1677 2682 inali-

890 2704 934 2738 gni
948 2705 1040 2737 ignita,
1059 2704 1155 2738 quibus
1174 2708 1262 2731 rectos
1281 2702 1363 2731 corde
1386 2701 1544 2735 inﬂammet,
1556 2701 1680 2728 vulncrct

891 2749 925 2777 ad
938 2755 1088 2784 peccatum.
1105 2750 1157 2777 Sed
1171 2750 1243 2785 quod
1259 2754 1301 2777 est
1317 2748 1464 2781 infelicius,
1479 2755 1579 2782 paucas
1601 2747 1678 2775 vidco

1055 2839 1074 2853 "
1095 2838 1143 2864 lsa.
1158 2846 1230 2871 tm,
1245 2838 1271 2866 2.
1310 2837 1330 2853 "
1347 2838 1426 2864 Cant.
1446 2845 1472 2869 v,
1486 2836 1511 2866 5.
