1885 3053
229 135 298 165 1539

936 140 979 168 EX
997 139 1149 168 ORIGENE

1799 144 1853 170 13ἱο

226 194 342 229 sagittas
359 194 417 226 Dei,
432 194 509 229 pauci
524 199 587 222 sunt
600 195 646 229 qui
664 195 700 223 ita
713 195 862 231 loquuntur
875 202 905 226 ut
917 198 1020 226 intlam-
1035 201 1058 228 A
1072 199 1163 226 vitalis
1173 199 1308 227 abscedit.
1326 198 1358 226 Et
1374 198 1397 226 si
1413 199 1492 227 audis
1511 199 1565 227 diei
1584 199 1613 227 in
1626 199 1732 227 Genesi
1752 200 1785 230 ".
1804 202 1854 231 quia

227 246 304 268 ment
325 248 373 268 cor
392 240 540 273 auditoris,
559 245 587 268 et
600 242 762 270 abstraham
779 250 841 270 curn
862 251 877 272 a
893 249 1014 277 peccato,

227 290 255 313 et
266 290 441 313 convertatur
455 286 489 313 ad
504 287 702 320 pmnitentiam.
721 288 802 317 Pauci
817 289 853 316 ita
869 290 1015 324 loqttuntur

227 332 275 366 qni
289 331 419 359 auditoris
438 331 521 358 corde
542 340 674 366 percusso
693 334 804 362 eliciant
824 343 856 363 cx
871 335 950 364 oculo
976 337 1016 364 ia-

226 384 347 412 crymam
360 377 538 411 ptenitentite.
553 379 599 412 qui
619 380 772 414 aperientes
786 381 884 409 futura:
899 383 955 417 spei
974 382 1015 409 lu-

227 429 288 449 men
308 426 335 448 et
358 422 572 456 magnitudinem
588 423 669 452 futuri
688 426 789 459 steculi,
813 434 845 454 ac
869 428 945 463 regni
968 428 1013 456 Dci

225 470 338 503 gloriam
364 476 548 504 protestantes
574 473 689 500 suadere
717 475 823 508 possint
847 475 1012 508 hominibus,

225 522 286 549 quae
313 516 440 543 videnlur
461 522 648 552 contemnere,
678 524 705 546 et
734 525 861 555 expetere
884 529 944 556 quat
959 530 1013 550 non

225 560 361 592 videntur,
390 569 518 597 pernere
543 571 603 598 quae
626 565 783 599 temporalia
812 571 886 600 sunt,
904 572 931 594 et
955 576 1015 603 qute

225 609 327 633 acterna
347 611 410 633 sunt
435 615 568 642 quzerere.
589 609 720 644 Perpauci
735 616 797 638 sunt
814 613 889 644 tales,
904 619 932 642 ct
951 615 1012 649 ipsi.

225 651 248 678 si
275 651 322 686 qui
343 658 418 686 sunt,
445 655 522 687 pauci
539 662 546 680 :
563 663 610 690 per
633 656 760 683 invidiam
784 662 812 685 et
836 659 949 687 livorem
977 662 1012 688 ita

224 698 314 730 agitur
328 706 361 725 ne
379 699 491 726 omnino
520 701 562 728 vel
593 703 669 736 pauci
698 703 762 736 sint,
779 712 812 731 ne
829 705 870 732 vel
885 707 1014 740 prodesse

224 743 362 777 aliquibus
391 745 507 778 possint.
535 746 647 781 Sagitlze
672 755 762 777 autem
796 751 894 778 diaboli
925 753 1015 780 omni-

225 789 278 817 bus
312 790 341 817 in
374 791 440 818 locis
475 793 625 826 alutndanl,
658 796 747 823 onmis
775 801 846 824 terra
874 798 938 833 ipsis
969 807 1013 828 re-

223 835 294 869 pleta
325 842 377 866 est.
399 837 493 873 Populi
519 840 594 868 orbis
622 842 750 870 militaris
773 853 870 873 manus
894 847 1012 874 maxima

1064 244 1224 280 Sanguinem
1239 246 1390 272 animarum
1409 250 1554 272 uestrarum
1575 246 1718 280 exquiram
1742 245 1775 272 ab
1797 247 1854 271 σκικὶ

1069 289 1152 324 fratre
1163 295 1186 316 et
1200 290 1231 317 ab
1246 290 1317 316 omni
1331 290 1424 322 bestia,
1437 297 1488 317 non
1504 294 1585 324 putes
1604 289 1667 323 quia
1688 289 1725 317 de
1740 289 1792 317 hoc
1802 297 1854 316 sau-

1069 335 1150 370 guine
1168 343 1332 370 magnopere
1352 335 1491 370 praecipiat
1516 335 1666 370 corporali,
1681 340 1815 369 quantum
1831 336 1856 362 de

1070 380 1208 408 interioris
1226 381 1345 408 hominis
1364 382 1511 416 sanguine,
1536 382 1562 408 id
1577 386 1619 408 est
1640 381 1678 409 de
1694 381 1753 408 vita
1770 381 1857 408 animat

1067 431 1095 454 et
1105 426 1236 460 sanguine
1247 427 1391 461 spirituali.
1408 426 1589 454 Scandalizati
1602 426 1676 455 enim
1694 426 1797 453 anima
1805 433 1856 453 sau-

1068 473 1127 507 guis
1135 472 1360 506 eii'unditur,cum
1369 473 1499 500 ceciderit
1507 473 1533 499 itt
1545 476 1703 506 peceatum.
1710 477 1738 499 et
1749 476 1858 506 propter-

1067 525 1100 546 ea
1126 518 1205 551 dixit,
1219 519 1283 553 quia
1304 519 1453 553 requiritur
1470 519 1581 554 sanguis
1596 518 1656 552 eius
1675 525 1690 545 a
1709 516 1805 545 fratre.
1831 517 1858 544 Ει

1068 571 1153 598 quare
1165 565 1246 592 etiam
1263 572 1276 592 tt
1288 564 1386 593 bestia.
1404 564 1432 591 Si
1450 564 1536 591 lidelis
1547 568 1588 591 est
1603 564 1649 598 qui
1661 568 1688 590 te
1700 563 1858 591 scandaiin-

1068 610 1117 643 vit,
1132 611 1217 637 frater
1231 615 1283 643 est,
1305 617 1320 636 a
1336 617 1390 644 quo
1406 609 1586 644 requirendus
1599 613 1641 637 est
1654 609 1773 643 sanguis
1793 613 1858 635 tuus.

1067 656 1164 684 Frater
1176 656 1248 683 enim
1269 661 1332 683 tuus
1342 661 1394 687 εει,
1409 655 1454 689 qui
1473 655 1539 682 fudit
1553 654 1720 689 sanguinein
1739 658 1825 687 tuum,
1835 659 1858 680 et

1069 701 1128 728 ideo
1136 701 1236 728 dictqu
1246 705 1297 732 est.
1308 699 1343 727 De
1349 709 1429 727 manu
1440 700 1530 734 fratri:
1546 700 1680 735 requiram
1694 699 1858 734 sanguinem.

1067 746 1137 774 Cum
1147 755 1210 774 vero
1222 746 1357 775 contraria
1369 751 1489 781 potestas
1497 746 1554 773 fera
1563 751 1589 773 et
1606 753 1726 780 nequam
1737 750 1859 780 perurget

1068 795 1216 828 hominem,
1237 798 1265 821 et
1287 793 1402 820 inﬁdelis
1427 798 1469 821 est
1490 801 1538 827 per
1559 801 1640 828 quem
1664 792 1824 823 insidiatur,
1839 793 1858 818 si

1068 840 1188 875 potuerit
1218 839 1332 867 fundere
1362 840 1521 873 sanguinem
1552 840 1650 867 anima:
1674 843 1740 870 tum,
1772 837 1800 865 id
1824 842 1859 864 est

221 888 256 909 ex
274 889 350 916 parte
375 885 481 919 sagitta
495 891 558 913 sunt
583 888 704 923 maligni,
720 890 823 918 utinam
844 892 880 920 ibi
899 897 1012 920 tantum-

1071 885 1184 920 dejicere
1195 890 1222 914 te
1235 886 1260 913 in
1278 889 1430 920 peccatum,
1446 885 1532 913 bestia
1550 891 1591 913 est
1602 893 1650 919 per
1663 892 1750 919 quam
1763 885 1857 918 exqui-

225 931 317 962 modo,
340 935 422 965 atque
444 931 471 958 in
493 932 546 960 illis
566 934 726 968 pr:evaleret
753 937 888 970 inimicus,
912 943 941 966 ut
955 939 1014 968 illos

221 975 303 1010 665
323 976 394 1004 solos
413 977 526 1004 haberet
545 979 669 1014 sagittas.
698 980 779 1010 Nune
802 987 893 1011 autem
919 991 1016 1012 vereor

221 1022 305 1049 etiam
333 1030 379 1049 eos
401 1024 446 1058 qui
473 1024 547 1052 intus
573 1031 647 1059 sunt,
671 1032 698 1055 et
720 1029 852 1064 meipsum
870 1038 965 1058 vereor
982 1038 1015 1059 ne

222 1067 294 1095 forte
307 1068 432 1096 diabolus
449 1069 566 1098 adducat
592 1079 635 1099 me
658 1073 685 1100 in
710 1074 818 1109 aliquod
844 1076 1013 1110 scandalum,

223 1117 251 1139 et
273 1117 366 1141 utatur
381 1115 431 1141 'me
453 1115 551 1150 sagitta
583 1117 715 1146 adversus
738 1120 857 1147 animam
873 1121 1013 1149 hominis:

220 1157 285 1191 quia
297 1157 344 1192 qui
358 1159 588 1188 scandalizaverit
600 1162 717 1197 aliquem
735 1165 793 1192 sive
809 1165 836 1192 in
851 1167 944 1200 verbo,
958 1167 1016 1195 sive

220 1203 247 1229 in
262 1203 346 1234 facto.
359 1204 413 1231 iste
426 1205 464 1232 illi
481 1206 580 1234 animm
597 1215 677 1242 quam
699 1211 899 1239 scandalizavit
916 1213 1014 1247 sagitta

218 1249 327 1277 exstitit
354 1254 383 1277 et
406 1250 529 1284 jaculum
554 1253 667 1281 diaboli.
692 1255 723 1282 Et
749 1256 809 1284 vide
831 1258 895 1292 quid
917 1260 1015 1288 accidit

221 1296 298 1322 nobis
315 1295 462 1326 infelicius.
484 1298 621 1326 interdum
639 1308 689 1328 nos
706 1307 833 1336 putamus
858 1304 950 1333 dicere
965 1307 1014 1334 ad—

220 1347 315 1368 versus
330 1341 458 1376 aliquem,
480 1348 509 1370 et
532 1344 641 1372 incaute
670 1346 838 1381 proferimus
861 1357 1013 1386 sermones,

219 1385 283 1412 dum
302 1387 503 1416 contentiosios
527 1390 643 1424 agimus,
673 1396 699 1418 et
724 1393 897 1427 quibuslibet
926 1397 1015 1425 verbis

218 1432 329 1460 vincere
344 1434 500 1467 studemus,
522 1441 587 1463 tunc
602 1436 728 1465 diabolus
749 1446 798 1466 ore
818 1445 912 1468 nostro
929 1444 1016 1470 utiltlr

221 1478 294 1505 velut
308 1486 384 1512 arcu,
410 1486 459 1514 per
484 1488 565 1515 quem
597 1483 712 1518 sagittas
732 1484 832 1519 dirigat
854 1491 883 1513 ct
906 1487 1016 1522 sagittet

220 1529 310 1552 rectos
336 1527 429 1559 corde,
460 1534 508 1554 eos
538 1528 664 1556 videlicet
691 1530 738 1564 qui
765 1538 814 1557 nos
841 1532 955 1559 audiunt
981 1541 1012 1560 ea

220 1571 374 1606 loquentes,
393 1573 419 1600 in
435 1574 533 1608 quibus
550 1575 708 1603 scandalum
725 1577 880 1612 patiuntur.
898 1579 930 1606 Et
943 1579 1014 1607 sicut

220 1617 290 1643 Deus
305 1618 394 1652 posuit
408 1626 500 1646 arcum
517 1620 543 1646 iu
560 1621 677 1649 nubibus
697 1629 731 1649 ne
754 1622 803 1650 fiat
818 1623 948 1651 diluvium
961 1645 969 1657 ,
985 1629 1014 1652 et

221 1665 253 1688 ut
278 1665 424 1696 tempestas
450 1665 557 1692 desinat
584 1665 628 1693 ":
648 1667 683 1694 ita
713 1669 868 1696 econtrario
890 1669 1013 1697 diabolus

218 1709 296 1742 ponit
310 1717 402 1737 arcum
424 1718 477 1738 non
495 1716 524 1738 nt
547 1719 657 1741 cessare
674 1713 767 1746 faciat,
790 1715 837 1742 sed
860 1719 888 1742 ut
901 1716 1014 1744 suscitet

218 1760 408 1790 tempestates,
423 1761 453 1783 ut
471 1758 645 1786 serenitatem
662 1761 805 1788 conturbet
820 1762 845 1788 in
865 1762 967 1794 anima.
984 1767 1014 1789 ut

219 1807 313 1833 pacem
326 1801 455 1836 depellat,
471 1807 499 1829 ut
515 1803 584 1830 bella
600 1811 784 1838 commoveat,
800 1811 827 1833 et
844 1811 873 1834 ut
890 1808 1012 1837 turbines

218 1846 321 1874 excitet
348 1855 380 1874 ac
406 1849 551 1882 procellas.
576 1849 644 1877 Cum
672 1850 745 1878 enim
761 1851 863 1880 videris
892 1853 1010 1888 aliquem

219 1891 291 1921 vitiis
308 1897 335 1920 et
348 1894 520 1928 passionibus
539 1896 671 1932 agitatum
687 1897 834 1926 circumire
861 1904 887 1927 et
905 1905 1012 1935 pertur-

219 1943 284 1966 bare
296 1939 398 1973 omnia,
418 1941 480 1967 nolo
501 1941 607 1969 dubites
627 1943 699 1977 quod
720 1942 765 1970 ille
789 1944 886 1979 sagitta
910 1946 1011 1973 diaboli

220 1989 273 2016 cst,
301 1989 329 2012 et
355 1992 387 2012 os
412 1984 471 2020 ejus
496 1988 588 2021 posuit
609 1994 703 2015 arcum
726 1996 815 2023 suum,
846 1995 873 2018 et
900 1992 1014 2020 tetendit

221 2030 335 2064 sagittas
348 2030 430 2058 verba
451 2031 510 2066 ejus
527 2037 558 2059 ut
574 2033 706 2068 sagittam
727 2039 816 2062 rectos
841 2037 934 2064 corde.
960 2038 1012 2065 Sed

219 2076 266 2110 qui
292 2077 390 2104 muniti
416 2083 480 2105 sunt
503 2079 590 2106 armis
617 2078 674 2109 Dei.
703 2080 737 2108 ab
766 2082 808 2109 his
832 2082 930 2110 talibus
959 2091 1012 2112 non

221 2127 369 2157 potuerunt
383 2123 531 2152 vulnerari.

254 2168 281 2194 4.
294 2167 370 2201 Quod
384 2173 473 2196 autem
491 2170 595 2198 addidit
606 2177 633 2198 ut
647 2173 780 2200 trucidant
791 2179 874 2201 rectos
887 2176 966 2203 corde
980 2177 1012 2210 ",

219 2221 282 2242 cum
303 2214 430 2249 superius
443 2216 569 2249 dixisset,
588 2223 615 2244 at
632 2219 759 2253 dejiciattt
778 2220 881 2255 inopem
901 2227 925 2248 et
943 2231 1011 2256 pau-
1028 2235 1051 2262 ι)

218 2269 316 2296 parem,
337 2261 429 2294 iunxit
449 2263 615 2297 pauperibus
633 2270 724 2293 rectos
738 2267 843 2294 corde:
858 2275 926 2302 quos
945 2274 1010 2304 puto

219 2307 283 2342 quia
297 2308 426 2337 similiter
443 2309 525 2336 etiam
541 2309 674 2338 Dominus
692 2312 842 2347 conjungat
868 2313 894 2340 in
919 2314 1010 2342 Evan-

223 2353 306 2388 geliis
322 2354 362 2387 ";
375 2354 420 2382 ubi
435 2355 509 2382 enim
525 2355 591 2382 dicit
609 2355 703 2384 beatos
722 2365 863 2392 pauperes,
879 2358 913 2386 ibi
929 2360 1009 2387 etiam

218 2398 359 2426 beatificat
372 2399 488 2427 mundos
502 2400 595 2433 corde,
612 2405 639 2427 et
656 2401 723 2428 nihil
739 2402 872 2430 interesse
888 2404 1009 2432 arbitror

219 2445 292 2473 inter
309 2445 424 2473 mundos
447 2446 528 2473 corde
544 2450 572 2472 et
594 2451 683 2473 rectos
703 2447 796 2474 corde.
822 2447 1009 2478 Trucidantur

217 2495 307 2518 autem
330 2491 382 2519 hoc
400 2491 490 2519 modo.
510 2491 538 2518 Si
558 2491 617 2525 quis
638 2492 755 2527 simplici
778 2498 868 2521 mente
886 2503 918 2522 ac
939 2497 1011 2525 desi-

218 2537 293 2564 derio
304 2537 395 2564 veniat
412 2538 445 2564 ad
460 2538 607 2565 Ecclesiam
622 2543 652 2566 ut
674 2539 807 2572 proficiat,
824 2544 853 2567 ut
869 2541 963 2570 melior
982 2551 1012 2572 se

219 2583 279 2615 fiat,
298 2583 350 2611 iste
375 2583 398 2611 si
422 2584 515 2612 videat
531 2592 581 2612 nos
599 2585 645 2619 qui
668 2584 751 2612 multo
763 2585 818 2619 jam
838 2591 958 2623 tempore
983 2590 1010 2617 in

220 2629 275 2657 ﬁde
291 2629 427 2661 stetimus,
443 2630 485 2657 vel
501 2638 554 2658 non
571 2636 644 2658 recte
658 2635 781 2665 agentes,
796 2632 836 2659 vel
852 2640 913 2660 cum
927 2634 1010 2662 alien—

219 2673 312 2701 diculo
326 2673 481 2709 loquentes,
498 2674 631 2702 efficimur
653 2675 690 2702 illi
711 2683 759 2703 nos
782 2675 872 2711 lapsus
892 2678 925 2705 ad
947 2686 1011 2714 pec-

221 2722 325 2746 catum.
343 2719 410 2746 Cum
427 2725 517 2747 autem
534 2721 689 2755 peccaverit
701 2741 709 2753 ,
730 2722 881 2750 trucidatus
898 2729 956 2758 cst,
985 2729 1013 2752 et

222 2764 332 2798 sanguis
356 2765 453 2792 anima:
472 2765 530 2799 ejus
550 2766 670 2801 proiluit,
696 2767 785 2795 omnis
810 2769 844 2795 ab
868 2776 900 2796 co
929 2771 1014 2798 virtus

260 2820 282 2836 “
300 2821 370 2848 Gen.
390 2830 427 2849 Ix.

225 2855 246 2872 ιο
265 2855 322 2883 Luc
342 2864 370 2889 x,
386 2857 412 2884 5.

469 2821 587 2857 "rPsal.
613 2831 707 2857 χχχιιι,
739 2825 781 2851 ιιι.
824 2826 844 2840 ¹⁶
871 2827 967 2854 Matth.
988 2835 1013 2854 ν.

452 2857 472 2871 ¹¹
495 2856 565 2884 Psal.
586 2866 677 2890 xum,
705 2859 745 2885 10.

1067 931 1103 959 rit
1139 931 1271 959 Dominus
1292 931 1454 966 sanguinem
1484 935 1572 958 tuum.
1600 929 1657 958 Sed
1681 935 1710 958 et
1735 929 1857 957 Ezechiel

1066 977 1197 1012 propheta
1210 984 1272 1005 cum
1287 976 1353 1004 dicit
1366 976 1565 1012 speculatorem
1580 983 1611 1004 se
1628 976 1752 1011 positum
1769 975 1857 1003 domui

1065 1023 1149 1052 israei
1166 1023 1199 1056 ¹⁸,
1212 1023 1257 1057 qui
1278 1024 1300 1050 si
1322 1022 1527 1050 annuutiaverit
1550 1023 1721 1056 romphaaam
1746 1021 1853 1048 venien-

1067 1074 1131 1103 tem,
1157 1076 1218 1098 rcus
1234 1075 1286 1097 non
1304 1068 1350 1096 ﬁat
1366 1069 1523 1104 sanguinis,
1549 1068 1571 1096 si
1596 1075 1649 1095 non
1676 1067 1856 1098 nuntiaverit,

1066 1123 1129 1143 rcus
1143 1116 1179 1144 sit
1195 1115 1354 1150 sanguinis;
1376 1119 1405 1142 et
1428 1114 1454 1141 iu
1473 1114 1530 1149 lege
1545 1122 1608 1142 cum
1625 1114 1742 1146 dicitur.
1763 1113 1788 1140 si
1805 1114 1856 1140 haec

1065 1167 1092 1189 et
1105 1162 1163 1189 inec
1177 1161 1285 1193 fecerit,
1299 1160 1429 1188 innocens
1440 1161 1494 1187 crit
1510 1168 1524 1186 a
1538 1160 1674 1195 sanguine
1686 1167 1695 1191 ;
1708 1159 1771 1186 sine
1781 1159 1856 1185 dubio

1066 1208 1149 1235 etiam
1165 1207 1211 1235 hic
1225 1207 1322 1234 animae
1344 1206 1505 1242 sanguinem
1521 1206 1657 1239 designat,
1681 1205 1730 1239 qui
1747 1203 1855 1231 eii‘tmdi-

1066 1257 1109 1281 tnr
1125 1261 1174 1287 per
1189 1257 1341 1287 peccatum.
1357 1251 1502 1286 Propterea
1519 1258 1585 1286 ergo
1597 1251 1745 1278 timeamus
1755 1257 1855 1279 omnes.

1067 1307 1100 1327 ne
1115 1299 1186 1326 forte
1200 1298 1311 1333 sanguis
1329 1297 1447 1332 alicujus
1468 1298 1514 1332 qui
1532 1297 1748 1328 scandalizatur,
1770 1296 1857 1330 requi-

1067 1349 1142 1370 ratur
1155 1351 1170 1370 a
1188 1343 1279 1375 nobis,
1298 1342 1370 1370 sicut
1396 1343 1529 1378 propheta
1548 1341 1683 1376 designat.
1702 1340 1767 1367 Haec
1780 1347 1853 1374 opor-

1067 1390 1118 1418 tuit
1133 1397 1182 1417 nos
1196 1394 1330 1424 repetere,
1341 1394 1371 1417 ut
1382 1389 1489 1424 plenius
1500 1387 1711 1416 Ostenderemus
1723 1386 1853 1421 quomodo

1065 1437 1184 1473 gladium
1214 1437 1427 1471 evaginaverunt
1454 1439 1613 1470 peccatores
1635 1438 1664 1461 et
1684 1432 1853 1460 tetenderunt

1066 1490 1160 1510 areum
1177 1490 1266 1515 situm,
1283 1487 1310 1510 et
1325 1482 1386 1517 quis
1402 1487 1473 1509 esset
1489 1487 1592 1515 patiper
1602 1487 1685 1514 quem
1697 1479 1853 1513 dejicerent,

1066 1533 1094 1557 et
1109 1529 1244 1564 tptotnodo
1262 1527 1434 1555 trucidantur
1459 1527 1525 1554 recti
1552 1526 1654 1558 corde,
1673 1524 1717 1552 vel
1738 1524 1802 1559 quis
1818 1528 1854 1552 est

1066 1573 1176 1606 sanguis
1192 1579 1286 1600 eorum
1303 1571 1349 1606 qui
1363 1571 1521 1599 effunditur.

1100 1617 1127 1644 5.
1148 1616 1225 1644 Nunc
1239 1622 1330 1644 autent
1349 1616 1491 1643 videamus
1513 1615 1579 1650 quid
1599 1616 1635 1643 sit
1651 1615 1715 1643 istis
1731 1621 1854 1651 peccato-

1065 1662 1140 1690 ribus
1163 1662 1208 1697 qui
1235 1662 1293 1689 htec
1310 1661 1423 1693 faciunt,
1442 1661 1468 1688 id
1494 1665 1537 1688 est
1563 1661 1610 1695 qui
1640 1661 1735 1696 gladio
1760 1661 1854 1689 diaboli

1065 1713 1180 1736 utuntur
1212 1712 1238 1734 ct
1254 1707 1354 1742 jaculis
1378 1707 1502 1742 maligni,
1531 1707 1597 1742 quid
1623 1707 1658 1735 de
1686 1707 1734 1735 his
1752 1715 1853 1735 rursum

1065 1754 1132 1782 dicit
1143 1761 1234 1781 sermo
1250 1753 1358 1780 divinus
1377 1761 1384 1778 :
1405 1751 1531 1785 Framea,
1547 1753 1655 1788 inquit,
1671 1760 1767 1780 eorum
1783 1754 1853 1780 intret

1065 1801 1092 1827 in
1108 1808 1154 1826 εον
1173 1808 1276 1832 eorum,
1297 1804 1321 1826 et
1342 1807 1420 1826 arcus
1438 1807 1528 1826 eorum
1553 1804 1719 1828 conteratur.
1745 1799 1853 1826 Framea

1064 1853 1149 1880 genus
1161 1845 1205 1872 teli
1221 1850 1274 1877 est,
1289 1845 1341 1871 hoc
1363 1844 1473 1871 nomine
1488 1849 1687 1879 nuncupatum.
1710 1844 1852 1872 Sermones

1065 1891 1147 1927 igitur
1161 1891 1216 1922 isti,
1236 1898 1306 1926 quos
1321 1890 1473 1924 inspirante
1488 1889 1595 1916 diabolo
1615 1889 1702 1924 iniqui
1718 1895 1748 1918 et
1764 1897 1853 1924 pecca-

1065 1943 1136 1965 tores
1152 1937 1304 1972 proferunt,
1323 1936 1420 1971 inquit,
1444 1936 1574 1963 adversus
1593 1935 1713 1970 justum,
1732 1941 1762 1964 ut
1778 1937 1851 1963 truci-

1063 1984 1129 2011 dent
1149 1988 1240 2010 rectos
1261 1982 1355 2014 corde,
1385 1985 1581 2009 convertentur
1609 1981 1759 2009 adversum
1787 1982 1852 2016 ipsos

1062 2030 1171 2064 quieos
1185 2028 1334 2063 proferunt,
1359 2032 1388 2055 ut
1401 2027 1465 2054 illnc
1483 2029 1596 2054 redeant
1621 2027 1695 2054 unde
1716 2035 1851 2061 processe—

1063 2081 1133 2103 rant.
1151 2075 1227 2102 Sicut
1241 2074 1313 2100 enim
1329 2073 1430 2100 dicitur
1452 2073 1486 2099 ad
1502 2072 1592 2107 justus
1607 2077 1635 2099 et
1659 2079 1776 2100 sanctos
1796 2080 1851 2107 apo—

1061 2123 1148 2150 stolos
1161 2129 1176 2148 a
1193 2121 1306 2148 Domino
1319 2121 1341 2136 “'
1360 2128 1367 2146 :
1386 2119 1420 2146 In
1434 2127 1617 2153 quamcunque
1641 2120 1754 2146 domum
1776 2120 1851 2146 intra-

1062 2168 1163 2199 uet-itit,
1183 2166 1286 2193 dicite:
1303 2165 1360 2191 Pas:
1390 2165 1452 2191 huic
1480 2165 1592 2197 domui;
1618 2171 1642 2192 et
1666 2166 1690 2192 si
1719 2165 1801 2199 fuerit
1824 2164 1851 2189 ibi

1063 2214 1136 2248 ﬁlius
1147 2214 1232 2248 pacis,
1245 2220 1299 2247 pax
1317 2216 1402 2238 uestra
1419 2211 1501 2238 veniet
1517 2219 1597 2245 super
1612 2219 1694 2250 eum;
1708 2211 1750 2238 ain
1764 2211 1850 2238 minus.

1065 2267 1117 2294 pax
1132 2264 1216 2286 uestra
1233 2259 1267 2285 ad
1287 2266 1332 2285 vos
1348 2260 1507 2288 ret-artetur;
1526 2256 1566 2283 sic
1585 2261 1616 2283 et
1634 2256 1681 2283 hic
1704 2254 1851 2284 ecunlraria

1064 2306 1171 2341 gladius
1186 2305 1331 2340 impiorum
1346 2305 1392 2339 qui
1409 2304 1569 2340 evaginatur
1587 2308 1619 2331 ut
1634 2303 1757 2332 trucidet
1773 2307 1850 2329 rectas

1064 2352 1155 2384 corde,
1182 2351 1282 2378 reverti
1308 2351 1334 2378 in
1349 2350 1423 2384 ipsos
1447 2350 1558 2382 dicitur,
1576 2354 1605 2376 et
1625 2349 1753 2383 demet-gi
1772 2348 1798 2374 in
1811 2353 1849 2373 cur

1063 2405 1170 2430 eorum,
1186 2403 1267 2433 atque
1279 2404 1360 2424 arcus
1371 2403 1467 2424 eorum
1485 2395 1634 2430 confringi,
1648 2395 1716 2423 dum
1731 2394 1848 2422 Dominus

1058 2446 1100 2473 ‘de
1114 2445 1220 2473 insidiis
1232 2451 1329 2472 eorum
1344 2444 1442 2471 liberat
1453 2443 1567 2478 justum.

1100 2493 1127 2521 6.
1148 2491 1244 2519 Metius
1259 2494 1296 2518 ett
1315 2489 1446 2517 modicum
1461 2489 1535 2523 justo
1549 2495 1629 2522 super
1642 2487 1755 2514 diuitias
1766 2493 1845 2520 pem.

1065 2545 1152 2567 torum
1165 2537 1262 2565 multa:
1275 2537 1308 2564 ἰ.
1321 2536 1476 2564 Secundum
1490 2535 1609 2562 litteram
1625 2534 1762 2561 continuo
1778 2532 1845 2559 etiam

1065 2582 1278 2618 simplicioribus
1297 2581 1452 2616 quibusque
1474 2579 1548 2607 utilis
1569 2579 1727 2606 admonitio
1751 2583 1803 2608 est.
1820 2577 1846 2602 de

1064 2636 1118 2664 qua
1133 2634 1160 2656 et
1176 2628 1251 2664 prius
1265 2627 1409 2655 dicendum
1433 2631 1487 2659 est,
1508 2625 1635 2660 quamvis
1656 2625 1758 2653 habeat
1776 2624 1844 2671 etiam

1065 2674 1226 2710 profundius
1244 2673 1357 2708 aliquid,
1374 2673 1446 2707 quod
1469 2671 1492 2699 si
1515 2671 1578 2706 quis
1595 2671 1708 2706 :capere
1727 2672 1845 2703 potuerit,

1066 2721 1167 2756 capiat.
1184 2720 1253 2754 Quid
1273 2727 1338 2755 ergo
1354 2726 1404 2746 nos
1423 2719 1518 2746 doceat
1532 2717 1635 2749 littera,
1659 2715 1808 2743 videamus.
1824 2712 1845 2739 in

1068 2768 1120 2795 hoc
1139 2766 1239 2794 mundo
1251 2772 1431 2802 communem
1446 2764 1509 2792 vita:
1524 2761 1739 2791 sollicitudinem
1764 2760 1844 2794 gemui

1054 2826 1074 2841 ”
1094 2826 1162 2854 Gen.
1177 2832 1214 2857 tx,
1228 2823 1255 2851 5.
1297 2824 1318 2839 ’⁸
1335 2823 1433 2850 Ezech.
1449 2830 1490 2850 ιιι.
1530 2821 1550 2838 ¹’
1563 2820 1636 2848 i’sai.
1654 2826 1747 2849 “ut,
1764 2815 1803 2844 i5.

1297 2824 1318 2839 "'
1335 2823 1433 2850 Ezech.
1449 2830 1490 2850 ιιι.
