1885 3053
62 132 141 162 1381

62 238 150 265 saria
171 241 242 265 sunt.
270 238 324 264 Sed
342 237 410 272 justi
440 239 548 273 quidem
582 247 635 266 tton
665 246 717 268 tam
743 244 868 276 propensi

62 288 141 310 sunt
162 290 225 318 erga
237 283 449 311 sollicitudinem
469 283 566 315 victus.
581 292 661 319 quam
680 287 758 314 enixe
773 293 871 321 gerunt

61 326 192 360 iustitiae
211 335 323 362 curam,
343 329 380 355 ita
402 333 430 355 ιιι
447 329 528 356 etiam
545 329 567 356 si
587 329 627 357 eis
644 332 790 365 qua‘renda
805 338 869 360 sunt

63 379 139 406 qua:
163 373 196 400 ad
218 374 319 401 victum
343 375 498 401 necessaria
518 379 593 407 sunt,
619 375 721 412 absque
735 377 868 412 iujustilia

63 425 251 453 qumrantur,
274 423 305 447 ut
321 420 379 455 ipse
395 425 515 456 quaestus
528 430 621 450 eorum
640 423 686 458 qui
711 425 869 458 quotidiana

65 465 137 491 usui
159 465 329 494 necessarius
346 473 397 499 est,
415 475 475 494 cuttt
494 469 568 496 omni
581 468 686 502 justitia
702 469 758 498 llat.
774 470 868 505 Injusli

64 517 143 538 vero
159 511 228 538 nihil
245 518 343 540 curant
360 513 393 540 de
407 513 527 547 justitia,
544 515 591 542 sed
607 522 716 543 omnem
733 523 826 544 curam
841 518 868 545 in

65 555 128 584 ltoc
145 557 306 592 impendunt
326 560 462 593 quomodo
484 560 644 595 acquirant;
664 561 690 588 in
708 562 758 589 hoc
774 570 868 591 eorutn

64 608 160 629 omne
172 602 290 630 studium
307 608 359 636 est,
373 604 616 640 quomodocumque
633 611 657 633 el
672 607 869 642 qualiacunque

66 646 154 675 lucra
169 654 279 683 captare
298 656 306 676 :
329 657 380 677 non
398 655 522 683 quaerunt
538 652 560 679 si
582 651 651 680 bene
670 653 825 688 acquirunt,
846 654 869 681 si

66 700 141 720 cutn
159 694 262 728 iustitia
284 703 292 722 :
309 702 362 722 non
384 701 447 723 sunt
464 696 574 724 solliciti
594 702 623 724 ιιι
640 698 741 732 judicio
765 699 867 728 Christi

69 739 452 774 invenianturpossessiones
471 750 566 770 eorutn
587 751 649 771 cum
669 744 775 778 iustitia
793 753 868 780 qua:-

66 784 146 812 sitm.
172 784 312 819 Quomodo
328 793 441 822 possunt
454 789 511 816 hmc
527 789 629 824 facere,
653 791 699 825 qui
721 799 814 826 agrum
835 792 868 819 ad

64 838 173 865 agrum
190 831 358 866 coniungunt
379 833 412 867 “,
440 838 467 862 et
487 835 576 862 villam
602 836 670 864 t'iilte
695 838 867 873 appropiant,

65 881 101 903 ut
129 877 233 911 aliquid
264 878 347 915 666
374 882 498 914 proximo
527 883 677 910 auferant?
707 885 773 911 Cum
802 892 867 919 ergo

67 930 163 949 unum
180 931 195 950 e
212 923 317 953 duobus
333 925 390 953 tleri
409 934 522 955 necesse
535 929 582 962 sit,
606 929 631 955 id
653 934 696 956 est
714 933 760 957 aut
784 931 867 958 multa

67 970 221 1003 acquirere
237 978 297 998 cum
313 972 454 1007 injustitia,
468 979 515 1001 aut
526 975 661 1003 tnodicum
676 983 735 1003 eum
749 975 866 1011 justitia,

70 1014 172 1042 Melius
185 1022 234 1048 est,
254 1017 386 1052 inquit“,
404 1021 534 1047 modicum
551 1021 639 1055 justo,
664 1029 742 1056 super
762 1023 867 1050 divitias

67 1067 242 1094 peccatorum
260 1063 368 1091 utullus.
395 1064 428 1092 Et
448 1073 512 1093 vere
528 1067 606 1101 quasi
626 1067 735 1101 speciali
749 1070 866 1103 quodam

71 1106 158 1134 titulo
175 1108 264 1135 multa:
277 1109 379 1137 divitizc
403 1111 428 1138 in
451 1111 595 1147 iniquitate
617 1119 773 1141 censentur.
791 1114 867 1142 Unde

67 1158 98 1179 et
114 1160 168 1187 ego
184 1155 302 1182 arbitror
320 1155 462 1184 Dominum
483 1163 510 1185 et
535 1158 704 1187 Salvatorem
728 1165 865 1193 nostrum,

66 1199 156 1233 quasi
177 1207 240 1227 vere
259 1200 341 1228 Deum
357 1207 386 1229 et
404 1203 546 1230 Dominum
570 1204 749 1233 Mammonam
765 1205 867 1241 iniqui-

66 1243 142 1271 tatis
162 1246 352 1278 pronuntiasse
367 1254 429 1274 cum
449 1248 516 1276 dicit
531 1250 554 1266 "
569 1259 576 1277 :
590 1249 683 1278 Facile
706 1252 776 1279 vobis
797 1253 866 1280 auti-

66 1298 115 1316 cos
132 1289 166 1317 de
186 1291 275 1327 iniquo
299 1291 466 1322 Hammona.
490 1293 551 1322 llme
570 1297 717 1324 secundum
737 1297 866 1326 litteram.

67 1336 221 1365 \‘ideamus
247 1345 320 1365 nunc
353 1339 376 1367 si
403 1341 467 1375 quid
496 1341 578 1368 etiaut
604 1344 702 1370 secreti
728 1344 868 1372 contineat

66 1390 179 1409 sermo.
194 1382 264 1410 Sunt
281 1384 364 1412 multa
380 1390 407 1412 et
428 1385 535 1414 diversa
561 1388 651 1415 studia
674 1388 824 1417 litterarum
839 1390 865 1418 in

67 1428 126 1455 hoc
141 1429 253 1461 mundo,
271 1433 300 1456 ιιι
318 1430 410 1459 videas
435 1432 655 1468 quamplurimas
673 1433 835 1470 incipientes
851 1444 864 1463 a

66 1474 264 1506 grammaticis
280 1475 402 1503 ediscere
425 1477 548 1504 carmina
578 1483 736 1513 poetarum,
763 1488 866 1508 comm—

66 1519 235 1555 diaruntque
251 1521 367 1555 fabulas,
385 1523 580 1558 tragoediarum
604 1525 649 1552 vel
661 1528 865 1556 eommentitias

67 1565 114 1592 vel
137 1565 304 1595 ltonoriticas
320 1569 494 1598 narrationes
507 1591 514 1603 ,
533 1570 711 1600 historiarum
736 1573 816 1608 longa
833 1582 865 1603 ac

67 1610 183 1638 diversa
199 1611 345 1647 volumina,
362 1619 419 1642 tum
433 1614 532 1643 deinde
547 1617 664 1645 transire
687 1618 720 1645 ad
747 1620 868 1647 rhetori-

67 1663 148 1690 cam,
164 1662 246 1693 atque
260 1659 295 1686 ibi
313 1667 422 1688 omnem
448 1660 538 1689 l‘ueutn
557 1663 719 1698 eloquentiae
734 1673 864 1700 quaerere,

67 1707 135 1737 post
152 1704 208 1732 htec
225 1706 318 1733 venire
333 1708 366 1733 ad
393 1707 604 1743 philosophiam,
627 1712 793 1745 perscrutari
807 1713 866 1739 dia-

68 1748 211 1782 lecticam,
230 1751 452 1785 syllogismorum
467 1762 552 1781 nexus
566 1755 713 1789 inquirere,
727 1765 868 1785 mensuras

68 1796 232 1828 geometriae
249 1802 417 1832 pet-tentare,
436 1804 572 1827 astrorum
589 1801 661 1836 leges
679 1810 711 1829 ac
723 1803 866 1831 stellarum

67 1847 173 1867 cursus
186 1845 361 1876 perscrutari,
378 1845 505 1873 omittere
517 1854 625 1882 qunque
642 1855 692 1874 nec
714 1849 866 1882 musicam;

69 1891 99 1913 et
115 1886 155 1913 sic
167 1895 215 1921 per
227 1894 323 1916 Otones
339 1889 405 1917 istas
419 1891 518 1918 eruditi
532 1897 586 1919 tam
602 1893 723 1921 diversas
738 1899 764 1920 et
777 1894 868 1922 varias

69 1931 244 1965 disciplinas,
263 1934 289 1960 in
306 1935 404 1968 quibus
418 1936 485 1963 nihil
499 1938 531 1964 de
551 1937 598 1965 Dei
615 1938 755 1967 voluntate
767 1947 868 1974 cogno-

69 1981 182 2008 verunt,
205 1977 304 2006 multas
326 1981 458 2015 quidem,
479 1983 526 2009 sed
555 1990 730 2018 peccatorntn
758 1984 868 2013 divitias

69 2031 321 2058 congregaverunt.
350 2026 448 2054 Videas
475 2034 566 2056 autem
581 2037 664 2059 unum
689 2031 722 2057 de
745 2030 866 2059 Ecclesia

69 2068 231 2103 imperitum
255 2070 363 2105 quidem
390 2072 415 2100 in
436 2074 517 2101 verbo
540 2080 620 2109 atque
638 2075 801 2109 eruditione,
819 2077 867 2104 sed

70 2115 127 2141 title
142 2123 174 2142 ac
187 2116 285 2144 timore
304 2118 349 2145 Dei
369 2119 512 2152 repletum,
541 2120 586 2155 qui
608 2127 720 2156 propter
742 2122 865 2149 timorem

70 2161 121 2188 Dei
137 2162 164 2188 in
181 2163 254 2190 nullo
277 2165 358 2191 audet
374 2165 542 2200 delinquere.
564 2167 610 2194 sed
632 2174 741 2195 veretur
757 2169 866 2196 omnino

414 133 568 162 SELECTA
586 134 618 162 ΙΝ
635 135 805 165 PSALMOS.
822 153 856 158 ——
876 137 995 166 llOMlL.
1017 138 1049 166 lli
1071 138 1103 166 IN
1122 138 1221 166 PSAL.
1240 137 1359 166 XXXVI.

61 196 98 219 et
115 191 185 226 justi
200 197 227 219 et
240 191 346 225 iniusti,
363 195 391 218 ut
404 191 523 220 habt-ant
536 201 596 228 qua:
609 193 641 221 ad
661 194 760 223 victum
779 203 872 225 neces-

1639 137 1708 165 13“)

886 199 908 228 Α
924 196 1019 226 Melius
1031 203 1073 226 est
1088 205 1154 233 ergo
1169 198 1220 225 hoc
1237 195 1372 224 modicum
1386 194 1447 223 ﬁdei
1461 194 1535 230 justo
1548 202 1629 231 super
1642 196 1709 223 divi-

921 244 973 271 tias
986 248 1159 279 peccatorum
1179 243 1295 275 mnltas,
1314 249 1381 277 quas
1396 242 1497 269 habent
1512 241 1539 269 in
1553 241 1708 276 eloquentia

921 297 953 317 ac
964 289 1098 324 sapientia
1114 288 1193 322 hujus
1208 288 1300 315 steculi
1311 308 1318 320 ,
1335 295 1397 322 qua:
1416 287 1578 314 destruitur.
1606 287 1707 314 Tamen

921 335 943 363 si
955 335 1074 370 potuerit
1088 335 1152 370 quis
1169 338 1196 361 et
1210 334 1318 361 divitias
1338 333 1449 365 habere,
1466 337 1493 360 et
1507 340 1560 360 non
1579 336 1707 367 peccato-

920 388 981 407 rum
1006 381 1108 408 habere
1135 380 1266 412 divitias;
1285 379 1332 406 scd
1361 385 1527 413 congregant
1557 378 1645 413 aliqua
1675 379 1708 406 de

921 426 1056 453 thesauris
1080 425 1164 460 Moysi
1192 425 1366 460 legislatoris.
1392 426 1444 453 alia
1465 426 1545 453 etiam
1570 425 1604 452 de
1622 431 1706 452 censu

921 471 1062 506 acquirere
1076 471 1284 505 prophetarum,
1303 471 1335 498 de
1354 471 1436 504 Isaia,
1461 473 1494 499 de
1514 470 1644 503 Ieremia,
1672 470 1707 498 de

921 517 1076 550 Ezechiele,
1102 516 1272 551 perscrutari
1302 524 1410 552 quoque
1440 521 1546 544 secreta
1576 515 1706 548 Danieiis,

919 565 1136 595 czeterorumque
1153 561 1347 595 prophetarum
1367 561 1522 588 reconditos
1536 566 1563 588 et
1574 562 1707 588 obscuros

920 611 1065 642 penetrare
1079 607 1241 640 thesauros;
1256 606 1369 640 istejam
1385 614 1437 634 non
1448 607 1591 634 confertur
1603 607 1708 640 sapien-

921 653 993 680 tibus
1011 653 1092 687 hujus
1108 653 1211 685 mundi,
1229 656 1259 679 ut
1281 652 1379 679 melior
1391 652 1443 679 illis
1459 652 1573 685 dicatur,
1590 652 1637 679 sed
1654 652 1709 679 illis

920 699 1008 734 magis
1023 703 1183 734 exsequatur
1197 699 1243 733 qui
1258 699 1385 726 dicebant
1398 698 1432 730 ",
1448 699 1511 733 quia
1535 699 1626 725 diuites
1644 698 1707 732 farti

919 745 981 771 estis
1012 745 1039 771 in
1059 745 1129 771 omni
1152 745 1229 771 verba
1261 748 1285 770 et
1312 744 1340 770 in
1367 743 1438 770 omni
1459 744 1588 775 scientia;
1609 747 1637 770 et
1661 745 1707 777 qui

920 791 1092 818 destruentes
1107 790 1187 824 huius
1202 789 1294 816 muttdi
1312 789 1483 824 sapientiam,
1497 794 1526 816 et
1539 790 1612 816 velut
1623 789 1709 816 victo-

920 844 965 864 res
977 836 1036 871 ejus
1049 836 1138 864 effecti
1155 836 1249 864 dicunt
1263 842 1294 862 se
1307 840 1418 870 paratos
1432 843 1492 863 esse
1510 835 1544 862 ad
1564 835 1706 870 captivan-

884 870 906 897 Β
921 884 984 911 dum
1010 891 1118 911 ontnem
1139 883 1307 910 intellectum
1326 883 1499 911 extollentem
1515 891 1545 911 se
1558 887 1586 910 ct
1599 883 1708 918 erigen-

922 935 975 957 tem
1005 929 1137 957 advcrsus
1163 930 1306 957 scientiatn
1324 929 1436 958 Christi.
1463 930 1518 957 Etsi
1535 930 1644 965 quidem
1663 929 1707 957 ille

921 976 957 1004 sit
974 983 1054 1010 quem
1070 975 1193 1010 superius
1214 976 1333 1002 diximus
1349 976 1491 1010 imperitus
1509 979 1537 1002 et
1553 975 1647 1005 idiota.
1659 976 1707 1002 sed

921 1021 1008 1048 ﬁdelis
1021 1025 1049 1048 et
1070 1021 1168 1048 timens
1188 1020 1286 1054 Deum,
1311 1021 1404 1047 melius
1422 1024 1457 1047 est
1482 1020 1613 1046 modicum
1643 1019 1708 1046 illud

921 1067 982 1093 ﬁdei
1006 1066 1069 1094 huic
1086 1066 1162 1100 justo
1184 1074 1263 1100 super
1276 1067 1383 1093 diuitias
1404 1070 1569 1101 peccatorum
1599 1065 1705 1096 inultas,

920 1119 988 1147 quas
1013 1120 1074 1140 cum
1105 1112 1184 1147 hujus
1212 1111 1303 1139 sreculi
1337 1111 1471 1145 sapientia
1501 1115 1705 1145 compararunt.

920 1159 1009 1193 Super
1025 1158 1118 1185 ambos
1132 1162 1221 1184 autem
1236 1157 1303 1184 istos
1315 1162 1357 1184 cst
1373 1157 1419 1192 qui
1436 1157 1512 1184 dives
1523 1162 1566 1183 est
1581 1157 1606 1183 in
1623 1156 1707 1183 verbo

921 1204 967 1232 Dei
979 1210 1007 1232 et
1027 1203 1140 1232 scientia
1155 1203 1279 1230 veritatis
1291 1223 1299 1236 ,
1313 1203 1339 1230 id
1356 1207 1398 1230 est
1414 1203 1460 1238 qui
1475 1202 1622 1230 secundum
1637 1201 1707 1229 Pau-

921 1249 976 1277 lum
992 1249 1069 1276 dives
1083 1252 1125 1276 est
1152 1249 1178 1274 in
1200 1248 1274 1275 onmi
1291 1248 1372 1275 verbo
1385 1252 1412 1275 et
1435 1248 1460 1275 in
1483 1247 1557 1274 omttl
1580 1248 1705 1279 scientia,

921 1300 948 1323 et
967 1295 1142 1323 nihilominus
1168 1295 1242 1321 dives
1271 1298 1314 1320 est
1342 1294 1369 1320 in
1397 1293 1527 1328 operibus
1557 1294 1645 1320 bonis.
1672 1292 1703 1320 Si

920 1344 1011 1367 autem
1036 1340 1077 1366 vis
1100 1340 1171 1366 scire
1187 1339 1251 1374 quid
1280 1342 1323 1365 est
1353 1338 1464 1364 divitem
1491 1345 1553 1365 esse
1582 1338 1608 1364 in
1632 1338 1704 1364 omni

920 1386 1015 1417 verbo,
1031 1386 1151 1413 breviter
1168 1389 1194 1411 lc
1211 1385 1322 1411 docebo.
1338 1383 1426 1417 Incipe
1441 1382 1578 1412 discutere
1592 1390 1606 1408 ιι
1619 1383 1706 1417 primo

920 1432 1003 1460 verbo
1014 1431 1161 1465 Geueseos,
1185 1431 1247 1458 inde
1266 1430 1292 1457 in
1314 1429 1397 1457 verbo
1413 1429 1510 1460 Exodi,
1530 1433 1590 1463 post
1606 1429 1662 1456 haec
1679 1428 1705 1455 iu

920 1480 1004 1506 verbo
1028 1478 1160 1510 Levitici,
1193 1478 1219 1504 in
1251 1477 1398 1509 Numeris,
1434 1476 1460 1503 in
1487 1475 1705 1506 Deuteronomio,

920 1526 1023 1553 ditesee
1049 1525 1082 1552 de
1099 1523 1164 1552 Iesu
1191 1523 1273 1555 Nave,
1290 1523 1393 1550 ditesee
1420 1523 1454 1550 de
1478 1523 1604 1550 omnibus
1626 1521 1705 1548 simul

915 1571 1062 1607 judicibus,
1085 1570 1182 1606 etiam
1199 1570 1261 1596 inde
1278 1576 1326 1602 per
1349 1569 1570 1603 consequentiam
1594 1569 1628 1595 de
1649 1567 1706 1594 sitt-

917 1618 986 1654 gulis
1000 1618 1150 1652 quibusque
1171 1617 1318 1651 Scriptum:
1345 1615 1442 1642 divinae
1466 1615 1541 1642 libris
1565 1621 1706 1650 usquequo

916 1664 1059 1700 pervenias
1077 1664 1108 1690 ad
1133 1662 1306 1697 evangelicas
1334 1661 1554 1696 apostolieasque
1584 1660 1705 1688 divitias.

919 1709 984 1736 Nam
1004 1709 1078 1736 verbi
1101 1716 1194 1740 causa,
1220 1708 1242 1734 si
1265 1706 1326 1740 quis
1355 1706 1400 1734 ιιιιί
1429 1706 1511 1733 verbo
1538 1705 1706 1733 Psalmoruut

919 1762 1028 1790 operam
1041 1754 1156 1786 dederit,
1175 1758 1202 1780 et
1215 1754 1347 1787 integrum
1366 1752 1522 1787 psalterium
1536 1758 1597 1778 eum
1614 1752 1707 1778 volue-

918 1801 954 1828 rit
970 1800 1054 1833 canit,
1074 1800 1149 1826 dives
1166 1803 1207 1825 est
1222 1798 1348 1832 quidem,
1364 1797 1410 1824 sed
1424 1804 1477 1823 tton
1491 1796 1517 1822 in
1529 1796 1603 1822 otnni
1623 1797 1706 1822 verbo

918 1851 1000 1881 atque
1011 1844 1084 1873 omni
1111 1844 1240 1876 scientia,
1259 1844 1305 1871 sed
1321 1847 1361 1870 est
1376 1841 1453 1869 dives
1481 1841 1507 1868 in
1537 1841 1595 1868 solo
1623 1842 1706 1868 verbo

918 1892 1053 1920 Psalterii.
1077 1890 1124 1917 Vcl
1143 1890 1165 1917 si
1190 1890 1250 1924 quis
1263 1888 1425 1923 evangelicm
1450 1892 1530 1921 atque
1550 1887 1706 1920 apostolica:

918 1937 1027 1966 lectioni
1042 1936 1159 1964 studium
1176 1935 1288 1966 tribuat,
1304 1934 1367 1961 etin
1383 1931 1519 1960 mandatis
1532 1931 1597 1958 Novi
1610 1929 1706 1958 Testa-

919 1983 1002 2010 meuti
1018 1980 1196 2016 semetipsum
1213 1985 1356 2012 exerceat,
1373 1979 1448 2006 dives
1467 1983 1510 2005 est
1524 1981 1551 2004 ct.
1571 1976 1615 2003 hic
1628 1996 1635 2008 ,
1658 1976 1705 2003 sed

919 2036 971 2057 non
1002 2029 1028 2055 in
1058 2027 1131 2055 Omni
1163 2026 1258 2059 verbo,
1288 2026 1338 2054 nisi
1366 2025 1521 2059 evangeliea
1551 2027 1654 2049 tantum
1678 2026 1706 2049 et

918 2074 1077 2111 apostolico.
1096 2074 1125 2101 Si
1138 2080 1202 2100 vero
1215 2073 1333 2108 potuerit
1345 2071 1447 2098 Novum
1463 2078 1495 2097 ac
1510 2069 1592 2096 Vetus
1610 2069 1706 2095 Testa-

919 2126 1037 2148 mentum
1053 2120 1112 2155 pari
1133 2117 1225 2146 studio
1242 2119 1376 2149 ediscere.
1393 2123 1474 2151 atque
1497 2123 1529 2142 ex
1550 2115 1623 2142 omni
1647 2114 1705 2147 ejus

917 2167 1071 2195 eruditione
1092 2165 1202 2198 instrui,
1219 2165 1256 2191 ita
1273 2168 1303 2192 ut
1316 2168 1429 2199 paratus
1444 2163 1479 2189 sit
1493 2161 1606 2189 reddere
1619 2161 1703 2188 ratio-

69 2208 183 2242 apcrirc
206 2216 237 2236 os
264 2217 356 2241 suum,
380 2219 413 2238 ne
438 2212 507 2239 forte
523 2220 613 2240 sermo
636 2214 722 2241 malus
737 2216 865 2249 procedat
881 2227 902 2254 Ι)
919 2221 978 2240 neut
1001 2212 1035 2239 de
1051 2210 1165 2245 singulis
1191 2209 1344 2244 quibusque
1365 2215 1425 2243 qut-ve
1451 2209 1551 2242 scripta
1577 2211 1649 2238 sunt,
1678 2211 1705 2233 et

70 2254 107 2280 de
126 2261 175 2281 ore
192 2255 264 2289 ejus,
288 2260 315 2283 et
338 2257 462 2284 observat
487 2260 613 2286 etiamin
636 2260 750 2287 minimo
780 2261 865 2287 deliu-

69 2306 168 2333 qucrc.
197 2308 210 2327 ιι
236 2301 335 2335 quibus
359 2303 507 2330 observare
527 2311 555 2340 se
577 2312 628 2331 nou
651 2310 738 2339 potest
763 2305 806 2333 ille
820 2308 865 2340 qui

69 2347 148 2373 dives
166 2352 208 2373 est
233 2347 258 2374 iu
276 2347 353 2382 hujus
369 2349 461 2376 mundi
481 2351 626 2384 sapientia.
647 2351 700 2379 llus
721 2353 802 2387 igitur
814 2354 865 2381 sibi

70 2391 217 2418 ronfereus
232 2399 320 2420 seruio
336 2394 444 2422 divinus
458 2395 495 2422 ait
507 2396 530 2412 "
549 2405 555 2423 :
577 2396 671 2424 Melius
683 2403 720 2424 est
733 2399 865 2426 modicum

69 2438 154 2468 iusto,
187 2439 386 2472 cuperdiuilias
410 2447 578 2475 peccatorum
604 2443 710 2472 multm.
737 2444 771 2472 Ut
799 2451 863 2473 sunt

69 2483 175 2510 divitia:
190 2489 375 2519 peccatorum,
391 2487 525 2521 sapientia
543 2488 622 2523 hujus
640 2490 749 2522 mundi,
767 2490 794 2517 in
809 2499 860 2525 qua

70 2529 172 2555 divites
186 2534 248 2556 sunt
260 2534 287 2556 et
305 2531 475 2560 abundantes
486 2533 512 2559 in
527 2533 694 2568 eloquentia,
710 2541 758 2563 nec
771 2540 859 2563 tamen

70 2581 102 2601 se
125 2580 177 2608 per
195 2576 252 2602 inec
275 2577 416 2604 continere
441 2579 589 2613 praevalent
604 2588 618 2607 τι
633 2586 754 2615 peccato.
776 2581 862 2609 Modi-

70 2628 136 2648 cum
165 2626 256 2648 autem
282 2621 349 2656 justi
372 2628 424 2656 est,
453 2625 500 2659 qui
530 2625 612 2653 habet
637 2627 717 2654 iidem
735 2632 860 2662 tanquam

70 2674 189 2701 granum
206 2667 308 2701 sinapis
321 2669 464 2701 modicam,
480 2671 527 2697 sed
541 2671 658 2699 vividam
670 2677 697 2700 et
715 2673 861 2700 vehemen-

73 2717 140 2744 tem,
160 2719 208 2746 per
223 2720 304 2747 quam
318 2721 347 2741 se
364 2717 514 2743 (‘Ollllllllllil
531 2722 564 2744 et»
574 2719 696 2746 continet
711 2726 725 2745 ιι
737 2724 858 2754 peccato.

108 2816 131 2831 ²²
151 2815 200 2842 lsa.
221 2823 248 2847 v,
269 2813 295 2840 8.
333 2814 356 2829 ’³
377 2813 447 2841 I‘sal.
477 2823 567 2846 um.
599 2818 638 2845 l6.

74 2859 133 2882 nu,
150 2852 176 2878 8.
199 2851 220 2867 "
241 2850 312 2879 Psal.
335 2857 427 2883 xxxvi,
452 2851 491 2878 l7.

679 2819 701 2835 ’⁸
732 2817 796 2847 an.
824 2825 878 2852 λιί,
908 2819 935 2846 9.

918 2257 1000 2283 vitatu
1018 2262 1096 2282 suam
1121 2256 1270 2281 secundum
1293 2254 1403 2279 verbum
1424 2252 1547 2279 veritatis
1566 2251 1624 2286 ejus
1645 2259 1705 2285 quae

916 2303 943 2329 in
960 2301 1109 2336 Scripturis
1122 2299 1278 2326 continetur
1292 2302 1405 2333 aptare;
1431 2298 1481 2324 iste
1497 2304 1559 2324 vero
1575 2297 1652 2323 dives
1663 2301 1704 2323 est

916 2347 943 2374 in
959 2347 1031 2374 omni
1051 2345 1134 2373 verbo
1143 2348 1170 2372 et
1182 2345 1210 2371 in
1222 2343 1296 2370 omni
1309 2350 1391 2378 opere
1405 2343 1484 2369 bono.
1498 2341 1530 2368 Et
1547 2342 1616 2368 istas
1638 2346 1702 2375 puto

915 2400 976 2421 esse
989 2393 1096 2420 divitias
1112 2392 1144 2418 de
1159 2391 1257 2426 quibus
1267 2389 1365 2417 dicitur
1382 2389 1404 2404 "
1418 2395 1425 2413 :
1445 2387 1596 2421 Redemptio
1607 2387 1702 2413 anima:

917 2441 968 2468 viri
982 2439 1095 2474 propl'la'
1105 2438 1204 2465 divitia:
1215 2437 1283 2472 ejus.
1300 2435 1395 2463 Melius
1404 2440 1470 2469 ergo
1484 2433 1615 2460 modicum
1628 2432 1701 2467 justo

913 2495 992 2522 super
1011 2486 1115 2513 divitias
1127 2489 1291 2519 peccatorum
1308 2481 1413 2508 multas.

949 2533 976 2559 7.
1010 2532 1141 2565 Quoniam
1160 2529 1268 2557 brachia
1283 2532 1450 2563 peccatorum
1471 2528 1637 2553 conterentur
1665 2523 1699 2552 ³⁸.

915 2578 1056 2612 Quomodo
1091 2581 1179 2611 potest
1209 2575 1261 2602 ltoc
1287 2573 1436 2600 secundum
1462 2572 1580 2598 litteram
1611 2574 1698 2602 stare,

915 2624 1021 2652 etiamsi
1035 2623 1132 2658 aliquis
1150 2623 1203 2648 vim
1224 2621 1312 2647 facere
1325 2623 1439 2646 conetur
1455 2625 1502 2652 per
1515 2615 1701 2651 imperitiam?

914 2671 987 2699 Sunt
1004 2669 1087 2696 multa
1105 2676 1131 2694 tu
1146 2666 1343 2701 Seripturisita
1359 2665 1456 2700 posita,
1468 2671 1527 2698 qua:
1542 2662 1622 2690 etiam
1636 2669 1699 2688 euttt

915 2715 959 2751 qui
975 2714 1052 2741 valde
1066 2713 1161 2740 brutus
1175 2718 1216 2738 est
1232 2716 1259 2738 et
1270 2711 1369 2744 stertit,
1385 2717 1493 2737 movere
1507 2713 1630 2744 possunt,
1647 2708 1700 2734 into

974 2819 996 2834 "‘
1012 2817 1081 2846 l’sal.
1100 2824 1191 2849 xxxvi,
1225 2815 1266 2843 l6.
1304 2815 1326 2831 “
1347 2813 1356 2841 l
1375 2814 1439 2841 Cor.
1465 2821 1483 2845 t,
1571 2814 1592 2829 ³⁷
1621 2812 1697 2840 Prov.
