1885 3053
222 145 291 173 1343

929 145 974 173 EX
990 143 1141 173 ORIGENE

1787 148 1854 176 i3“

221 206 320 233 cogere
333 204 362 227 ut
378 207 492 228 necesse
508 201 607 229 habeat
630 200 721 229 littera
736 201 864 229 derelicta
879 201 912 229 ad
929 201 1009 228 iutel-
1025 202 1048 231 Α
1063 201 1121 236 quis
1147 206 1234 228 autem
1261 202 1378 237 ignorat,
1401 203 1577 238 ignorabitur.
1594 204 1629 232 Et
1647 204 1676 233 in
1703 205 1853 242 Evangelia

220 245 319 273 lectum
330 247 509 274 conscendere
520 246 683 281 spiritalem;
699 247 768 275 sicut
778 253 803 274 et
823 256 894 275 nunc
907 248 1007 275 faciunt

220 290 330 318 brachia
346 292 397 319 ista
416 292 580 326 peccaturis,
600 293 697 327 quibus
709 293 852 321 imminere
866 293 1008 321 contritio-

220 343 282 364 nem
302 337 493 364 comminatur.
514 338 568 366 Sed
594 343 621 366 et
653 339 679 366 in
702 339 756 366 alio
781 339 842 367 loco
869 340 933 367 dicit
961 341 1004 367 ηε

217 380 331 409 Conure
346 383 482 410 brachium
499 386 644 418 peccatoris
661 391 684 413 et
699 387 819 422 maligni.
836 387 905 421 Quid
920 388 1007 423 ergo?

217 427 359 455 brachium
382 429 455 456 istud
482 437 644 465 corporeum
661 433 812 468 peccatoris
839 437 866 460 et
895 433 1005 469 maligni

216 473 374 507 putabimus
388 479 605 506 contercndum?
624 478 681 506 Non
704 479 783 506 facile
806 479 857 506 hoc
881 480 1005 508 accidere

215 519 348 547 videmus.
366 520 419 549 Sed
431 523 454 549 si
471 523 626 551 intueamur
642 526 780 560 quomodo
794 534 855 554 cum
868 526 931 553 elati
945 526 1004 554 fuc-

214 563 269 592 rint
301 565 328 592 in
363 568 519 602 superbiam
556 575 734 604 peccatores,
767 576 795 599 et
828 580 909 600 arcus
940 580 1003 600 suos

213 611 380 644 paraverint,
399 617 427 640 et
446 614 560 648 sagittas
586 615 647 643 illas
670 623 744 649 suas,
763 616 796 643 de
814 616 912 651 quibus
922 624 1003 652 supe-

214 656 270 685 rius
295 657 422 691 diximus,
453 661 622 689 tetenderint
651 663 782 691 adversus
804 663 912 698 juslos;
941 672 1001 692 cum

213 702 270 730 haec
295 705 384 732 omnis
409 713 501 733 eorum
521 707 635 735 intentio
661 709 768 737 Domini
796 710 878 738 fuerit
901 711 1001 738 virtute

211 748 367 782 destructa,
396 751 436 779 sic
473 752 572 780 merito
602 754 702 782 dicitur
732 755 872 783 brachium
905 764 1001 791 pecca—

211 793 278 820 toris
306 802 367 823 esse
393 798 553 827 contritum.
592 799 639 827 Vel
669 801 724 828 alio
755 802 834 829 modo
871 803 999 838 quoniam

208 839 290 875 667
306 849 401 870 manus
421 847 447 870 et
469 844 610 873 brachium
630 847 723 881 operis
741 852 783 875 est
808 848 949 877 iudicium.
967 849 997 877 Si

208 893 274 920 ergo
291 887 383 914 videas
397 894 570 922 peccatorem
591 891 624 917 ad
644 899 712 926 opus
737 893 850 926 bonum,
867 894 901 921 ad
928 902 997 929 opus

210 930 407 959 misericordiae
433 941 486 960 non
517 936 709 964 extendentem
747 945 856 966 manum
897 947 994 972 suam,

209 977 357 1005 absurdum
376 986 429 1006 non
447 981 500 1008 erit
514 980 606 1009 dicere
622 983 766 1011 brachium
785 984 844 1019 ejus
859 992 919 1014 esse
931 994 997 1014 con-

210 1022 315 1050 tritum.
337 1023 390 1051 Sed
417 1024 570 1059 lmjusmodi
596 1029 790 1057 contritionem
812 1038 865 1058 non
891 1039 905 1059 a
927 1031 995 1065 Deo,

207 1069 255 1096 sed
273 1076 288 1095 a
312 1070 420 1098 diabolo
436 1071 495 1099 ﬁeri
517 1073 684 1101 credendum
702 1080 753 1103 est.
778 1075 836 1110 lpse
853 1081 896 1104 est
922 1078 995 1106 enim

206 1114 252 1148 qui
268 1116 386 1143 conterit
404 1121 430 1143 et
449 1118 615 1154 constringit
627 1120 740 1148 brachia
755 1127 946 1157 peccatorum,
962 1131 996 1151 ne

206 1159 240 1186 ad
261 1161 477 1190 misericordiam
499 1165 690 1193 extendantur.
715 1167 759 1194 Fit
782 1175 847 1203 ergo
869 1170 994 1204 quaedam

206 1206 333 1234 contritio
363 1213 537 1242 peccatorum
555 1218 570 1240 a
591 1211 656 1244 Deo,
682 1220 744 1239 cum
769 1213 931 1242 insidiantes
946 1222 994 1243 eos

203 1251 277 1285 justo
289 1252 405 1281 destruit
420 1258 448 1281 et
462 1255 599 1290 deterret;
622 1257 747 1291 quaedam
762 1266 826 1286 vero
841 1267 855 1286 a
873 1259 992 1295 diabolo,

204 1304 266 1324 cum
289 1297 353 1326 boni
368 1300 462 1335 operis
480 1301 569 1329 studia
595 1303 667 1330 velut
688 1304 788 1332 vinctis
815 1310 842 1333 et
867 1307 994 1335 contritis

205 1342 354 1372 inﬁdelium
376 1346 498 1380 brachiis
519 1347 642 1383 impedit.
668 1349 700 1377 Et
719 1355 762 1378 est
784 1351 835 1378 alia
850 1353 992 1388 contritio,

205 1395 265 1422 qme
280 1397 295 1416 a
313 1389 369 1418 Deo
383 1391 494 1426 quidem
520 1395 689 1428 conceditur,
715 1396 843 1432 impletur
867 1404 957 1426 autem
976 1409 990 1428 τι

204 1435 332 1469 diabolo,
354 1437 399 1464 illa
424 1438 458 1466 de
486 1447 540 1475 qua
564 1440 672 1469 dicebat
695 1444 821 1473 diabolus
842 1447 876 1473 ad
897 1447 990 1476 Domi-

205 1487 268 1507 num
279 1480 302 1497 ⁸⁸
317 1489 326 1509 :
347 1481 530 1512 Verumtamen
542 1487 654 1514 immitte
667 1496 774 1516 manum
788 1495 861 1518 tuam
875 1498 898 1519 et
914 1498 991 1529 tange

1012 870 1034 898 Β

1061 247 1104 273 ubi
1133 247 1198 274 dicit
1217 247 1344 276 Dominus
1361 248 1395 276 ad
1411 253 1572 283 peccatores
1591 250 1615 266 "
1641 260 1649 277 :
1673 250 1776 278 Nescio
1794 262 1849 284 τοι,

1058 293 1186 319 discedite
1200 302 1280 328 ante,
1304 296 1418 328 operarii
1443 297 1602 331 iniquitatis.
1630 297 1710 325 Sicut
1741 305 1810 334 ergo
1826 306 1851 326 et

1058 339 1122 365 alibi
1148 339 1247 367 dicitur
1259 340 1280 356 ⁵⁷
1296 349 1304 368 :
1322 341 1459 376 Cognoscit
1475 342 1605 370 Dominus
1624 344 1671 379 qui
1695 350 1761 371 sunt
1781 347 1851 380 ejus.

1057 385 1098 413 sic
1123 386 1167 413 hic
1185 394 1237 414 non
1265 387 1419 422 impiorum,
1446 390 1493 417 sed
1517 390 1762 418 immaculatorum
1793 393 1852 420 dies

1056 438 1224 466 cognoscere
1240 433 1340 461 dicitur
1363 433 1502 463 Dominus.
1528 436 1605 472 Digni
1629 437 1702 463 enim
1731 438 1850 466 scientia

1058 476 1161 504 Domini
1182 477 1418 506 immaculatorum
1431 480 1499 508 dies.
1517 481 1571 509 Sed
1585 486 1612 509 et
1628 483 1682 510 hoc
1694 485 1851 511 secundum

1055 522 1177 550 litteram
1193 524 1286 551 nescio
1304 524 1326 551 si
1343 525 1431 560 possit
1445 532 1643 562 consequenter
1665 531 1782 565 exponi.
1798 530 1852 564 Qui

1054 568 1126 595 enim
1146 574 1259 602 possunt
1281 578 1341 598 esse
1365 571 1424 599 dies
1451 572 1701 608 inunaculatorum,
1730 577 1779 612 qui
1794 585 1853 605 non

1054 614 1108 641 sint
1119 615 1202 642 etiam
1214 618 1406 651 peccatorum?
1420 626 1480 646 cum
1498 618 1578 653 huius
1592 621 1685 648 saeculi
1704 623 1770 650 dies
1795 631 1853 650 una

1053 660 1202 696 eademque
1216 662 1253 689 sit
1274 664 1414 696 omnibus,
1433 669 1515 699 atque
1532 666 1557 693 in
1581 668 1677 695 eadem
1695 668 1759 696 sive
1769 669 1853 703 justi,

1053 707 1111 735 sive
1123 713 1282 742 peccatores
1298 709 1379 737 simul
1394 710 1454 738 luce
1467 718 1610 740 versentur
1626 723 1633 740 :
1648 714 1725 742 sicut
1735 720 1767 742 et
1791 716 1855 750 ipse

1051 751 1183 781 Dominus
1197 754 1230 782 de
1240 752 1322 782 Patre
1338 755 1404 783 dicit
1420 756 1453 788 ³³,
1468 758 1531 791 quia
1557 758 1638 786 solent
1661 767 1747 786 suum
1770 760 1854 794 jubet

1051 797 1116 824 oriri
1129 806 1208 833 super
1219 799 1299 826 bonos
1310 803 1334 827 et
1345 800 1439 830 maloa.
1451 801 1592 835 Quomodo
1616 810 1683 839 ergo
1704 804 1755 831 hic
1773 804 1853 832 velut

1050 848 1194 878 exceptum
1217 843 1321 879 aliquid
1348 851 1377 873 et
1403 852 1575 882 segregatum
1601 848 1852 877 immaculatorum

1048 888 1108 916 dies
1122 896 1288 924 cognoscere
1303 891 1405 919 dicitur
1421 892 1570 921 Dominus?
1583 894 1636 922 Sed
1648 895 1802 922 videamus
1816 904 1851 923 ne

1048 934 1118 962 forte
1135 937 1321 971 unusquisque
1338 938 1475 972 propriam
1501 939 1553 967 sibi
1577 940 1635 975 ipse
1650 941 1738 968 faciat
1760 942 1848 969 diem.

1048 979 1080 1007 Et
1094 980 1118 1008 si
1134 983 1242 1015 quando
1265 982 1426 1016 abjicientes
1450 984 1622 1012 mendacium
1640 985 1788 1021 loquimur
1803 995 1850 1014 vc-

1048 1026 1155 1054 ritatem
1180 1035 1242 1055 cum
1267 1029 1391 1063 proximo
1417 1035 1521 1063 nostro,
1545 1032 1572 1059 in
1602 1033 1731 1060 veritatis
1755 1034 1804 1060 die
1822 1040 1850 1060 ct

1047 1073 1170 1100 veritatis
1186 1073 1248 1102 luce
1261 1081 1413 1102 versamur.
1441 1075 1574 1104 Similiter
1586 1082 1614 1104 et
1634 1085 1698 1105 cum
1719 1080 1849 1106 retrahi-

1046 1127 1107 1146 mus
1129 1128 1177 1148 nos
1197 1120 1231 1148 ab
1249 1120 1283 1149 iis
1299 1121 1345 1156 qui
1367 1122 1482 1150 oderunt
1493 1121 1602 1156 fratres,
1629 1128 1657 1150 et
1675 1124 1701 1151 in
1719 1125 1848 1152 tenebris

1045 1164 1196 1199 ambulant,
1219 1170 1248 1193 et
1271 1167 1297 1193 in
1320 1166 1470 1194 dilectione
1489 1168 1604 1194 fratrum
1624 1175 1847 1202 permanemus,

1045 1211 1102 1240 dies
1119 1212 1198 1239 nobis
1210 1212 1326 1240 facimus
1340 1213 1496 1241 charitatis.
1513 1214 1607 1242 Sedet
1624 1222 1686 1242 cum
1699 1214 1846 1249 justitiam

1044 1258 1226 1292 custodimus,
1243 1264 1270 1287 et
1282 1267 1343 1286 cum
1365 1261 1507 1288 visitantes
1530 1261 1624 1288 viduas
1637 1267 1723 1296 atque
1736 1262 1846 1296 orpba-

1045 1312 1095 1333 nos
1114 1306 1140 1333 in
1154 1305 1330 1334 tribulatione
1345 1313 1404 1338 sua,
1431 1306 1620 1334 immaculatos
1642 1314 1692 1334 nos
1714 1308 1844 1334 custodi-

1044 1358 1104 1378 mus
1120 1350 1154 1378 ab
1168 1351 1220 1378 hoc
1234 1351 1344 1383 saeculo.
1363 1351 1599 1379 immaculatorum
1615 1351 1696 1379 nobis
1714 1352 1786 1387 ipsis
1801 1352 1844 1378 fa-

1044 1398 1131 1425 cimus
1147 1398 1214 1425 dies.
1238 1397 1272 1424 Et
1297 1397 1340 1425 isti
1357 1402 1420 1425 sunt
1445 1398 1502 1425 dies
1520 1405 1591 1432 quos
1616 1405 1696 1426 nosse
1721 1398 1840 1429 dicitur,

1043 1443 1151 1478 quando
1173 1443 1313 1478 cognoscit
1334 1443 1392 1471 dies
1415 1443 1664 1471 immaculatorum.
1689 1443 1798 1471 Verum
1816 1445 1840 1471 si

1043 1490 1218 1517 sacratiorem
1240 1489 1330 1517 adhuc
1356 1497 1466 1517 sensum
1493 1489 1520 1517 in
1543 1489 1594 1517 hoc
1619 1489 1681 1517 loco
1706 1489 1841 1517 volumus

204 1527 292 1554 omnia
314 1536 374 1563 qua:
395 1529 486 1564 habet,
503 1532 555 1559 nisi
576 1533 603 1560 in
620 1534 714 1563 faciem
734 1540 759 1563 te
777 1527 975 1573 benedia'erit,e

1071 1536 1222 1569 :rscrutari,
1247 1543 1393 1571 possumus
1410 1536 1500 1563 dicere
1523 1535 1586 1570 quia
1604 1537 1664 1563 dies
1687 1536 1757 1563 mali
1774 1541 1840 1564 sunt

205 1577 265 1620 tum
282 1575 388 1620 accepit
411 1583 474 1604 eum
497 1578 523 1605 in
547 1584 692 1614 potestate.
719 1581 796 1611 Unde
818 1589 846 1613 et
868 1586 926 1620 ipse
939 1586 989 1615 Job

203 1617 242 1644 ait
257 1618 277 1634 "
295 1628 302 1647 :
321 1619 417 1648 Manut
431 1622 499 1649 enim
518 1623 624 1651 Domini
641 1631 680 1653 est
698 1635 757 1661 quit
773 1617 885 1664 contigii
900 1638 951 1658 me.

238 1663 266 1692 8.
282 1663 406 1699 Su/Iulcit
421 1673 507 1695 autem
519 1669 608 1703 justas
625 1671 752 1701 Dominus
765 1674 799 1702 ³⁸.
817 1663 870 1708 Qui
888 1676 988 1704 intirmi

202 1714 304 1738 suntet
323 1711 443 1747 fragiles,
465 1721 533 1750 opus
547 1716 647 1745 habent
662 1718 814 1748 sull‘ultore.
839 1720 890 1749 Ubi
908 1723 988 1751 ruina

202 1754 327 1783 imminet
341 1761 368 1784 et
384 1757 488 1793 lapsus,
511 1760 547 1788 ibi
561 1762 691 1795 quaeritur
706 1764 861 1794 sull'ultura.
891 1768 988 1797 Omnis

201 1805 291 1828 autem
318 1801 398 1831 homo
427 1811 558 1839 quantum
574 1808 608 1835 ad
634 1808 783 1838 humanam
811 1812 987 1848 fragilitatem

199 1851 315 1881 spectat,
332 1853 360 1876 et
377 1849 502 1878 inﬁrmus
516 1857 561 1879 est
575 1858 602 1880 et
613 1860 754 1890 promptus
771 1858 805 1885 ad
821 1859 937 1894 lapsum.
954 1861 987 1889 Et

200 1891 226 1918 in
253 1892 304 1920 hoc
327 1895 437 1929 quidem
455 1897 560 1930 psalmo
585 1900 716 1935 scriptum
739 1907 791 1935 est,
815 1891 877 1938 quia
897 1905 987 1940 justos

199 1938 335 1967 suffulciat
361 1940 509 1975 Dominus,
538 1948 566 1971 et
592 1944 619 1972 in
636 1945 690 1974 alio
711 1947 777 1975 dicit
797 1948 821 1964 ³³
835 1957 843 1976 :
859 1938 987 1985 ευῄιιιοίι

201 1982 328 2012 Dominus
341 1993 430 2013 omnes
439 1989 485 2022 qui
500 1989 611 2023 cadunt,
625 1997 649 2018 et
661 1993 738 2027 erigit
750 1993 880 2023 Dominus
895 1982 986 2025 omnes

197 2027 287 2055 elisos.
301 2028 416 2058 Tantum
432 2037 475 2060 est
487 2038 516 2059 ut
528 2041 579 2061 uos
598 2039 825 2073 expergiscamur
838 2041 986 2077 aliquando

197 2078 225 2100 et
236 2074 405 2108 evigilemns,
420 2081 450 2104 ut
467 2078 489 2105 si
505 2082 615 2114 quando
631 2089 680 2116 per
696 2074 892 2115 iulirmitatemi
903 2097 984 2117 casus

198 2119 297 2154 aliquis
319 2121 455 2155 imminet,
477 2125 657 2160 deprecemur
681 2130 825 2160 Dominum
848 2139 877 2161 ut
895 2137 986 2164 mittat

198 2165 276 2192 nobis
291 2167 403 2194 verbum
419 2176 497 2196 suum
512 2175 539 2198 et
554 2173 718 2207 sapientiam
739 2183 829 2212 suam,
852 2187 912 2215 qua:
927 2183 986 2210 suf-

198 2209 291 2237 fulciat
306 2218 419 2240 casuros
431 2217 459 2240 et
473 2215 569 2250 erigat.

232 2252 258 2280 9.
276 2253 414 2290 Cognoscit
446 2257 576 2288 Dominus
597 2263 654 2290 diu
674 2264 904 2298 immaculalorunt
916 2291 924 2304 ,
956 2278 982 2300 et

195 2297 336 2327 hereditas
361 2310 452 2330 eorum
478 2305 506 2333 in
527 2311 654 2337 (sternunt
681 2312 730 2339 erit
757 2313 790 2343 ³⁸.
823 2297 980 2346 Secundum

196 2344 365 2380 Scripturas,
378 2348 447 2377 sicut
462 2350 489 2378 in
510 2352 601 2380 multis
614 2354 682 2383 locis
696 2357 910 2393 observavimus,

197 2390 286 2418 minus
301 2399 355 2420 non
370 2395 459 2422 omnia
475 2400 626 2432 cognoscit,
638 2401 685 2428 sed
702 2403 759 2430 sola
771 2404 816 2432 illa
835 2390 980 2441 quae-bona

194 2439 274 2469 sunt;
291 2437 360 2464 mala
376 2443 465 2467 autem
480 2441 580 2470 dicitur
601 2445 738 2480 ignorare,
755 2457 807 2477 non
825 2437 898 2485 quod
915 2461 982 2482 vere

194 2481 294 2531 aliquid
307 2483 344 2510 sit
358 2485 431 2518 quod
453 2486 512 2520 ejus
528 2489 671 2518 scientiam
689 2492 782 2527 lateat,
806 2481 853 2523 sed
868 2505 899 2525 ea
921 2481 981 2533 qua:

194 2525 302 2562 indigna
327 2534 391 2557 sunt
406 2531 515 2560 notione
535 2534 603 2568 ejus,
618 2535 717 2564 dicitur
739 2525 876 2574 ignorare.
902 2525 979 2577 Quod

192 2573 361 2622 pstendimus
376 2576 458 2604 etiam
473 2579 506 2605 de
525 2579 688 2615 Scripturis,
705 2573 766 2610 cum
781 2585 847 2613 dicit
861 2573 979 2622 Aptisto-

193 2616 238 2645 lus
251 2619 274 2634 ³⁵
288 2626 296 2645 :
310 2619 340 2647 Si
354 2622 412 2655 quis
426 2623 452 2649 in
467 2624 537 2652 vobis
555 2627 691 2661 prop/tela,
716 2629 754 2656 vel
766 2616 907 2667 spiritalii,
926 2616 980 2664 co—

192 2670 300 2699 gnoscat
313 2674 372 2701 qua:
385 2669 470 2696 scribo
484 2671 565 2704 vobis,
580 2673 706 2706 quoniam
723 2675 829 2704 Domini
849 2685 920 2708 siml.
946 2682 978 2710 Si

228 2781 340 2827 :”‘|:s_al_.
359 2785 475 2827 rx,_l_5_:n
501 2787 602 2827 "uiuit.
626 2797 644 2827 ξ,
671 2790 711 2817 Η.
751 2792 769 2807 ³¹
785 2791 845 2820 Job.
862 2803 917 2827 xu,
933 2797 979 2825 ’2l.

198 2811 238 2864 ςςε
253 2816 315 2857 αρτ.
328 2811 485 2864 χινξξγρἒ.
500 2823 546 2864 ηδε
557 2811 650 2852 Μιιιιιῖ.
665 2833 711 2864 γυ,
722 2826 768 2864 ss.
805 2829 826 2844 δ’
844 2811 1008 2864 ιθὲἶῖηῗῖᾖί

198 2848 216 2861 ¹¹
231 2852 293 2878 lsai.
315 2859 347 2878 ις
377 2848 418 2881 l9.
432 2848 438 2852 ’
459 2856 479 2870 ⁸³
500 2857 539 2885 l‘s.
557 2848 650 2892 δύεὶίῖῇ
724 2848 770 2877 W‘"
784 2848 848 2892 ibid:

1041 1581 1120 1616 hujus
1134 1581 1226 1609 saeculi
1241 1581 1390 1609 secundum
1406 1582 1478 1616 quod
1492 1583 1622 1617 scripturn
1635 1587 1679 1610 est
1693 1582 1720 1598 ⁸¹
1735 1591 1744 1608 :
1763 1582 1839 1616 Quo-

1040 1627 1112 1654 niam
1126 1627 1181 1654 dies
1195 1627 1260 1654 mali
1273 1632 1344 1655 sunt.
1362 1627 1424 1656 Dies
1437 1632 1528 1656 autem
1540 1628 1604 1655 boni
1623 1627 1669 1654 alii
1686 1633 1770 1662 sunt,
1786 1629 1837 1663 qui

1038 1679 1067 1702 et
1091 1673 1141 1709 ipsi
1163 1674 1398 1702 immaculatorum
1424 1678 1510 1708 sunt,
1539 1681 1608 1709 quos
1628 1674 1766 1703 Dominus
1789 1683 1835 1702 co-

1039 1719 1157 1754 gnoscit,
1173 1720 1201 1746 in
1214 1720 1312 1755 quibus
1323 1725 1351 1748 et
1366 1719 1512 1747 baereditas
1535 1727 1630 1747 eorum
1645 1720 1673 1747 in
1692 1726 1835 1748 aeternum

1039 1770 1146 1800 manet;
1165 1771 1229 1794 tunc
1240 1767 1300 1795 sine
1311 1768 1393 1795 dubio
1404 1775 1466 1794 cum
1483 1767 1548 1802 justi
1574 1767 1770 1795 hatreditatem
1785 1776 1836 1795 ca-

1038 1813 1114 1847 pient
1135 1813 1196 1840 vita
1209 1817 1330 1847 ἐνίει-ηπ,
1357 1820 1555 1849 consequentes
1579 1823 1639 1849 quae
1664 1814 1764 1842 oculus
1781 1823 1836 1842 non

1037 1859 1112 1890 vidit,
1125 1867 1171 1887 nec
1188 1860 1262 1887 auris
1279 1861 1394 1893 audivit,
1407 1869 1453 1888 nec
1468 1862 1495 1888 in
1509 1870 1555 1889 car
1567 1862 1682 1889 hominis
1697 1862 1834 1893 ascendit,

1036 1911 1095 1938 qua:
1108 1905 1269 1938 prwparanit
1284 1904 1353 1933 Deus
1364 1906 1532 1941 diligentibus
1548 1915 1575 1934 ει
1589 1907 1621 1935 ⁸⁸.
1637 1906 1681 1933 ΙΙΙί
1695 1913 1765 1934 sunt
1782 1909 1834 1934 im-

1037 1948 1234 1977 maculatorum
1249 1950 1318 1983 dies,
1333 1951 1359 1978 in
1373 1952 1471 1986 quibus
1485 1959 1538 1979 non
1555 1952 1605 1979 iste
1618 1952 1660 1979 sol
1680 1960 1766 1987 quem
1786 1961 1835 1980 oc-

1036 2001 1117 2022 casus
1132 1995 1246 2030 excipit,
1261 2000 1289 2023 et
1302 1996 1379 2031 cujus
1392 2004 1444 2024 nox
1459 1999 1608 2026 succedens
1621 1998 1717 2025 lumen
1733 1999 1832 2027 interi-

1036 2040 1096 2073 mit,
1113 2040 1161 2068 sed
1185 2041 1225 2069 sol
1246 2041 1360 2076 iustitiae
1386 2043 1497 2076 lucebit,
1521 2044 1566 2077 qui
1585 2049 1695 2071 noctem
1710 2045 1831 2076 nesciat.

1035 2086 1081 2121 qui
1096 2086 1185 2114 Iumcn
1200 2092 1335 2116 aeternum
1351 2089 1397 2120 sit,
1413 2089 1484 2116 sicut
1499 2089 1630 2123 scriptum
1647 2093 1690 2116 est
1707 2090 1743 2122 δ’,
1767 2090 1831 2125 quia

1035 2134 1090 2169 ipse
1108 2133 1235 2162 Dominus
1249 2135 1298 2162 erit
1320 2136 1357 2162 eis
1375 2134 1423 2162 Ius:
1440 2136 1608 2170 sempiterna.

1071 2180 1114 2208 10.
1131 2179 1166 2207 Et
1178 2188 1230 2208 non
1243 2180 1438 2215 confundantur
1452 2181 1479 2207 in
1496 2186 1611 2215 tentpore
1624 2181 1695 2207 mqu
1713 2182 1750 2208 δ’.
1770 2181 1830 2209 Soli

999 2217 1098 2260 I)justi
1115 2233 1168 2252 non
1194 2225 1396 2253 confundeutur
1410 2227 1437 2254 in
1458 2231 1578 2261 tempore
1599 2226 1681 2254 malo.
1705 2227 1829 2262 Tempus

1035 2277 1126 2298 autem
1141 2271 1244 2298 malum
1270 2272 1313 2300 hic
1338 2278 1444 2308 tempus
1456 2272 1550 2306 iudicii
1565 2273 1700 2305 nominat,
1715 2279 1830 2308 propter

1034 2317 1235 2345 multitudinem
1268 2323 1454 2352 peccatorum.
1486 2322 1631 2346 eteorum
1663 2327 1737 2354 quos
1756 2327 1828 2347 smn

1034 2366 1168 2390 tormenta
1182 2364 1342 2399 suscipient.
1358 2364 1434 2392 Tunc
1448 2372 1513 2399 ergo
1535 2365 1562 2391 in
1590 2369 1715 2400 tempore
1731 2373 1826 2393 resur-

1033 2409 1164 2437 rectionis
1179 2416 1241 2437 cum
1270 2417 1365 2437 omnes
1383 2411 1602 2443 resurrexerint,
1616 2417 1644 2439 et
1660 2411 1707 2438 alii
1734 2420 1827 2440 resur-

1035 2461 1100 2491 gent
1121 2455 1147 2483 in
1163 2456 1247 2483 vitam
1260 2461 1400 2489 aeternam,
1417 2457 1462 2484 alii
1479 2457 1505 2485 in
1526 2457 1715 2486 confusionem
1748 2464 1827 2486 arter-

1034 2509 1108 2536 nam,
1130 2506 1207 2536 tunc,
1228 2503 1326 2538 inquit,
1350 2503 1416 2537 iusti
1440 2511 1494 2531 non
1517 2499 1735 2538 confundentur,
1763 2506 1826 2541 quia

1035 2547 1102 2575 nihil
1119 2548 1230 2583 dignum
1247 2548 1409 2577 confusione
1424 2550 1451 2576 in
1466 2557 1563 2577 eorum
1578 2551 1688 2579 actibus
1700 2552 1824 2579 invenie-

1034 2598 1089 2620 tur.
1105 2594 1187 2622 Addit
1204 2599 1296 2622 autem
1314 2595 1338 2612 “
1355 2604 1361 2624 :
1375 2595 1409 2622 Et
1422 2596 1449 2623 in
1462 2596 1553 2624 diebus
1565 2595 1645 2631 [antis
1661 2600 1823 2625 saturas-n-

1032 2644 1087 2667 tur.
1115 2639 1308 2676 Inquirendqu
1333 2642 1421 2677 primo
1441 2643 1543 2677 estqui
1566 2644 1623 2671 sint
1646 2643 1707 2672 dies
1735 2645 1824 2672 famis.

1031 2685 1221 2714 Comminatur
1236 2688 1261 2714 in
1277 2688 1394 2722 quodam
1409 2687 1467 2715 loco
1494 2688 1566 2715 Deus
1581 2696 1631 2723 per
1648 2690 1822 2725 prophetam,

1017 2799 1039 2836 ξ’
1054 2800 1097 2827 l’s.
1115 2809 1206 2835 nam,
1224 2802 1266 2830 17.
1305 2803 1327 2818 ³³
1344 2801 1386 2829 Ps.
1404 2811 1481 2836 cnv,
1497 2804 1524 2831 8.
1564 2804 1586 2820 ”
1602 2804 1650 2832 Ps.
1673 2813 1768 2835 um.
1781 2806 1819 2832 18.

1014 2834 1040 2861 9.
1081 2836 1299 2870 ³³Μειιιιι.ν,45.
1337 2834 1573 2874 ιἘιιιιοε.’ν,16.
1614 2834 1819 2874 "lCor.tl,9.
