1885 3053
27 85 82 114 15ιὸ

23 149 45 171 et
65 139 176 168 dicit“:
195 136 260 164 Erre
285 136 341 163 dies
363 135 483 167 uenitmt,
508 135 571 162 dicit
598 134 741 166 Dentium,
762 139 787 161 et
803 136 824 164 Α

23 187 141 215 immittam
163 184 256 218 [amem
287 189 366 215 super
383 186 491 212 terram,
517 187 569 206 mm
585 179 682 214 [autent
701 180 789 214 partis,

24 240 91 268 natiue
104 230 170 257 sitim
183 236 270 263 aqua,
287 227 332 254 sed
349 226 445 261 famem
460 226 494 252 ad
506 225 667 253 audiendum
683 225 789 252 uerbum

23 279 72 307 Dei.
90 277 120 304 Et
140 275 283 303 rircuibunt
297 273 329 299 ab
345 273 445 299 oriente
459 279 541 307 usque
560 272 595 298 ad
617 272 789 304 occidentem,

22 330 44 353 ut
64 323 162 350 audiant
186 322 289 349 verbum
313 320 438 352 Domini,
464 325 554 347 etnon
575 319 714 346 invenient.
745 319 790 347 Isti

24 376 75 396 sunt
88 377 145 404 ergo
161 369 227 401 dies,
240 372 266 394 et
285 367 358 394 istud
370 371 412 393 est
432 370 538 401 tempus
553 366 643 398 famis,
660 374 720 393 cum
736 374 790 394 non

22 421 73 444 sunt
85 417 125 451 qui
144 415 252 442 verbum
270 414 315 441 Dei
330 413 487 448 loquantur,
499 414 571 440 sicut
582 417 608 440 et
621 414 706 440 fames
718 420 790 440 nunc

21 468 53 489 est
63 462 125 496 apud
134 460 248 488 .litdieos.
259 459 398 495 Nusquam
412 459 483 486 enim
496 459 645 494 prophetat,
658 467 789 494 nusquam

21 509 127 543 sapiens,
158 515 287 542 nusquam
312 506 433 541 prudens
458 506 620 538 aestimator,
655 513 789 541 nusquam

21 554 263 589 quinquagenarius,
295 561 428 588 nusquam
458 553 568 588 sapiens
596 553 791 586 consiliarius,

22 608 138 635 nusquam
156 599 308 635 intelligens
333 599 453 632 auditor,
472 599 563 626 omnia
589 600 699 626 abstulit
721 599 791 627 Deus

21 655 32 673 a
45 646 125 674 Jiidiua
144 651 170 673 et
192 645 356 673 Jerusalem.
384 645 438 673 Sed
454 650 482 672 et
500 646 526 672 iit
544 645 623 673 nobis
641 651 731 672 metus
749 651 792 673 est

21 694 110 728 ingens,
130 701 161 720 ne
175 691 246 720 forte
260 692 343 719 etiam
362 692 441 719 nobis
454 692 595 719 immineat
615 691 710 720 fames.
729 693 791 719 Sie-

21 745 43 766 lli.
55 741 119 766 enim
134 739 167 766 illi
184 739 216 766 de
227 738 326 772 quibus
341 746 421 772 supra
439 738 567 770 diximus,
582 739 695 773 legendo
708 739 793 775 668

21 786 93 819 legem
114 790 139 812 et
153 793 203 812 non
227 784 352 811 faciendo
378 785 552 811 incurrerttnt
565 785 591 811 in
609 785 659 812 hoe
674 790 702 811 ιιι
715 785 789 812 verbi

21 831 57 858 Ιὶυί
71 831 161 857 fantem
173 836 343 866 paterentur,
357 835 383 856 ct
397 831 572 858 auferrentiir
584 831 618 858 ab
636 831 688 858 illis
699 833 790 859 omnia

21 876 56 903 Dei
72 877 135 904 dona
153 885 210 910 quae
223 884 302 910 supra
319 877 447 910 diximus,
466 881 492 904 ct
509 878 666 904 mandatum
680 883 722 905 est
739 886 789 905 nu-

21 923 84 950 bibus
102 923 251 959 (prephetis
274 923 390 957 scilicet)
420 931 453 950 ne
477 923 605 958 plnerent
633 932 716 959 super
745 933 791 953 cos

21 969 120 997 Μηνὶειιη
138 970 210 996 verbi
229 970 288 1002 Dei,
307 970 453 998 verendum
471 976 513 997 est
528 978 563 998 tte
579 971 631 998 tale
647 973 728 999 etiam
743 972 792 999 ali-

21 1017 77 1050 ]uod
91 1017 163 1044 nobis
179 1017 360 1051 correptionis
383 1017 530 1045 inducatur
546 1026 652 1054 genus:
673 1019 720 1047 sed
737 1027 791 1046 tua-

21 1062 50 1094 gis
74 1062 219 1090 efficiamur
248 1072 300 1091 non
316 1065 455 1092 auditores
475 1065 542 1101 legis
557 1070 673 1099 tantum,
693 1068 740 1094 sed
764 1071 792 1093 et

21 1108 132 1141 "actores,
144 1115 173 1136 ut
190 1110 299 1138 mandet
313 1110 443 1139 Dominus
457 1111 574 1139 nubibus
582 1112 650 1144 suis,
665 1120 718 1140 non
733 1113 791 1144 tiiii,

23 1161 91 1188 teque
105 1156 218 1188 duabus,
236 1157 282 1184 sed
298 1157 432 1192 pluribus,
450 1157 544 1191 pluere
560 1165 644 1193 super
661 1166 710 1185 nos
729 1159 791 1194 plu-

21 1198 86 1231 i'lttlll,
102 1205 126 1227 ul
143 1201 168 1228 iit
181 1202 303 1229 Ecclesia
325 1203 466 1237 prophem
481 1204 534 1230 duo
550 1203 592 1230 vel
615 1209 671 1232 tres
687 1205 792 1238 dicant,

21 1249 35 1271 et
51 1246 134 1273 caeteri
159 1247 373 1276 examinem":
395 1253 422 1275 et
450 1249 472 1276 si
503 1250 610 1277 sedenti
641 1250 793 1277 revelatum

21 1289 95 1324 'iterii,
109 1293 183 1326 prior
200 1298 298 1327 taceat,
315 1299 345 1321 ut
359 1295 451 1330 plures
468 1296 533 1322 fiant
559 1297 682 1332 operarii
697 1297 792 1324 iueon~

21 1336 125 1365 'ttsibiles
139 1344 213 1367 recte
231 1345 380 1368 tractantes
395 1342 508 1368 verbum
520 1343 656 1374 veritatis,
673 1347 703 1370 ιιι
719 1343 792 1370 dicat

21 1384 188 1419 unusquisque
210 1385 351 1412 doctorum
383 1391 410 1414 et
439 1386 646 1421 przedicautium
681 1389 793 1415 vetbiim

21 1427 52 1454 ici
68 1431 214 1458 secundum
226 1430 341 1458 Paulum
359 1431 381 1447 “
397 1441 403 1458 :
422 1432 476 1467 Ego
491 1433 616 1466 plantacf,
646 1439 672 1461 et
698 1434 742 1461 ille
758 1435 794 1461 ri-

21 1475 81 1508 muit,
94 1477 137 1503 sed
152 1477 223 1504 Deus
237 1478 424 1505 incrementum
438 1479 520 1506 dedit.
538 1480 600 1507 Ilatc
614 1485 704 1507 autem
716 1480 793 1513 fient,
808 1479 830 1508 C

21 1519 30 1544 ti
45 1528 90 1547 tios
105 1522 150 1556 qtti
163 1523 286 1557 rigantur
303 1532 318 1549 a
337 1524 454 1551 nubibus
471 1529 498 1552 et
513 1525 667 1553 audivimus
681 1527 793 1554 verbum

21 1566 63 1599 )ei,
78 1567 225 1596 aﬂ‘eramus
243 1569 347 1598 fruetus
364 1570 424 1597 illos
439 1579 509 1606 quos
524 1576 668 1599 enumerat
679 1573 796 1607 Aposto-

21 1619 46 1638 υς
59 1612 91 1645 "’,
112 1615 137 1641 id
150 1620 206 1648 est,
232 1615 336 1650 fruetus
360 1617 482 1650 spiritus,
506 1618 551 1653 qui
570 1623 634 1645 sunt
655 1619 793 1653 gaudium,

21 1658 127 1693 turritas,
143 1669 210 1694 pax,
226 1662 364 1696 patientia,
381 1662 582 1697 longanimitas,
597 1668 624 1691 et
637 1669 736 1690 caetera
753 1664 796 1691 his

22 1704 109 1733 imilia.
127 1707 202 1740 Quos
229 1707 338 1735 fructus
353 1709 375 1736 si
407 1716 546 1736 moramur
572 1709 680 1744 afferre,
696 1717 796 1737 veren-

25 1759 63 1778 uin
83 1758 124 1780 est
143 1762 178 1781 ne
209 1754 355 1782 mandetur
379 1755 495 1782 nubibus
509 1756 652 1783 obstruere
671 1763 685 1782 a
716 1756 796 1785 nobis

21 1798 100 1826 utbres
114 1806 191 1834 suos,
218 1805 248 1827 et
275 1800 389 1835 incipiat
420 1802 607 1837 unusquisque
639 1807 796 1831 sanctorum

23 1851 89 1872 icere
105 1844 172 1873 illud
189 1846 263 1880 quod
278 1847 409 1880 scriptum
425 1851 467 1875 est
481 1846 505 1863 ⁴⁸
519 1856 526 1874 :
541 1847 595 1881 Qui
620 1854 707 1876 antem
723 1849 798 1876 intel-

21 1887 96 1920 ‘git,in
115 1896 233 1925 tempere
247 1892 293 1919 illo
309 1892 406 1919 sedebit
432 1897 457 1919 et
483 1893 590 1926 tacebit,
606 1895 669 1929 quia
696 1899 796 1928 tempus

21 1935 95 1962 totum
111 1942 162 1964 est.
181 1937 237 1964 Sed
253 1938 410 1965 meminisse
433 1939 563 1966 debemus
584 1939 707 1966 historia:
726 1940 798 1967 anti-

23 1988 114 2009 itorntn
144 1983 180 2010 de
211 1981 294 2010 fatuis
323 1988 456 2019 tempore,
491 1985 628 2019 quomodo
652 1985 744 2021 justus
769 1986 795 2013 in

21 2036 121 2066 tmpore
135 2031 222 2060 famis
246 2037 399 2060 saturatur.
426 2033 600 2062 Conveniens
618 2039 684 2070 puto
711 2035 797 2063 fames

21 2080 58 2103 rat
71 2079 245 2112 temporibus
262 2078 327 2106 Elite
343 2080 483 2114 propheta:
494 2079 527 2113 δ’,
543 2081 652 2115 quando
675 2081 796 2109 clausum

21 2128 40 2149 st
53 2124 154 2151 malum
183 2125 267 2153 annis
281 2126 366 2153 tribus
378 2131 405 2153 et
427 2127 568 2154 mensibus
588 2135 647 2154 sex.
679 2129 712 2156 Et
733 2133 797 2156 tunc

21 2168 112 2200 opulus
130 2170 245 2204 quidem
269 2170 475 2204 periclitabatur
489 2171 572 2205 fame,
588 2173 636 2200 sed
652 2173 726 2201 Elias
744 2182 797 2202 non

21 2214 155 2242 atiebatur
180 2215 296 2242 famem.
320 2215 354 2243 Et
376 2220 439 2243 tttnc
453 2217 563 2252 quidem
579 2218 746 2252 pascebatur
762 2220 798 2247 ab

21 2260 92 2295 ngelo
113 2261 149 2293 '°,
163 2261 276 2297 quando
289 2265 316 2288 et
327 2261 392 2289 abiit
417 2263 443 2289 in
469 2263 572 2291 virtute
587 2271 658 2292 esea:
674 2265 756 2298 illius,
770 2271 799 2294 et

21 2307 150 2335 eriuansit
167 2307 353 2343 quadraginta
367 2308 463 2336 diebus
475 2314 503 2336 et
515 2310 697 2345 quadraginta
711 2313 799 2340 nocti-

21 2360 63 2385 us;
90 2361 166 2382 nunc
186 2359 280 2381 autem
300 2355 390 2382 corvis
417 2356 636 2384 ministrantibus
661 2359 797 2393 pasceba-

21 2407 41 2426 tr
54 2400 90 2433 ⁸¹,
107 2409 175 2430 cum
203 2401 230 2429 ei
248 2401 274 2429 in
296 2403 432 2430 matutino
454 2411 540 2438 panes
560 2405 698 2432 deferrent
720 2411 748 2434 et
764 2407 796 2434 ad

21 2454 142 2482 asperum
161 2455 277 2482 carnes,
290 2453 319 2476 et
334 2449 432 2477 iterum
451 2450 571 2477 refertur
583 2450 686 2479 bibisse
699 2459 797 2487 aquam

21 2503 28 2521 ξ
43 2500 170 2523 torrente
187 2495 301 2528 Coralh,
322 2501 348 2523 et
369 2496 476 2524 venisse
498 2496 525 2524 in
543 2496 656 2532 Sarepla
673 2497 798 2527 Sidonio-

21 2549 55 2569 tm
72 2543 107 2570 ad
136 2542 285 2570 mulierem
309 2542 417 2570 viduam
442 2542 521 2571 famis
542 2549 674 2580 tempore,
696 2551 723 2573 et
734 2546 797 2581 quia

23 2594 82 2616 stus
106 2593 185 2621 erat,
208 2596 263 2615 non
286 2593 329 2616 est
354 2596 450 2624 passus
482 2589 600 2617 inediam
625 2590 725 2625 famis,
749 2592 796 2619 sed

21 2634 96 2668 iique
118 2634 145 2661 ei
167 2634 337 2660 abundantia
358 2639 456 2669 praesto
480 2641 556 2667 erat;
576 2640 657 2671 atque
679 2644 732 2664 uno
748 2644 798 2664 eo-

21 2685 113 2715 :mque
139 2685 269 2714 tempore
289 2685 350 2707 erat
374 2681 564 2715 peccatoribus
590 2681 690 2715 fames;
725 2683 798 2711 Elias

808 810 828 836 B

28 2785 51 2800 “
64 2785 156 2812 Amos
174 2792 215 2811 vti
236 2784 376 2814 t.ll.1‘2.
414 2785 437 2801 ⁵⁵
453 2785 461 2812 1
475 2785 537 2812 Cor.
558 2793 611 2819 xiv,
633 2786 680 2813 29.

21 2829 61 2855 eg.
82 2828 156 2848 xvu.
201 2819 226 2835 ⁸⁵⁸
242 2819 272 2846 Ill
289 2819 355 2854 [ιρι.
372 2827 427 2847 xix.
468 2820 488 2836 "
505 2821 535 2848 ΙΙΙ
561 2822 626 2856 lteg.
649 2829 715 2850 xvn.

336 76 492 104 SELECTA
506 76 540 105 IN
557 75 728 104 PSALMOS.
751 91 783 96 —
803 74 922 104 llOMlL.
934 74 967 103 Ill
986 75 1021 103 IN
1041 74 1141 104 PSAL.
1163 75 1282 104 XXXVI.

719 2786 765 2814 “l
785 2787 849 2814 Cor.
872 2795 911 2819 ιιι,
925 2787 952 2814 6.

753 2823 776 2838 "
791 2821 869 2850 Joan.
887 2831 926 2856 ix,
946 2823 972 2850 4.

1563 71 1633 105 ιδιῡ

840 137 930 160 autem
948 132 1011 168 quia
1022 132 1113 166 justus
1127 138 1197 166 erat,
1221 132 1359 160 nesciebat
1377 133 1485 161 famem.
1506 134 1552 162 Sic
1567 142 1633 169 ergo

839 179 924 205 etiam
942 179 964 206 si
988 179 1074 205 fames
1103 179 1195 205 veniat
1221 179 1386 214 aliquando,
1407 180 1479 214 quod
1502 180 1633 208 Dominus

842 232 895 251 non
913 229 1024 259 prmstet
1038 224 1166 252 Ecclesia:
1185 225 1260 252 suae!
1280 225 1302 251 si
1319 225 1428 259 quando
1449 231 1539 254 tamen
1559 227 1633 254 acci-

841 270 897 302 dat,
914 271 959 304 qiii
979 270 1059 297 habet
1077 269 1244 297 intellectum
1264 275 1291 297 et
1311 271 1473 298 exercitium
1496 271 1522 298 in
1543 272 1632 299 medi—

842 317 942 348 talione
960 316 1034 343 verbi
1061 316 1119 348 Dei,
1142 321 1169 342 et
1193 317 1337 344 constituit
1367 316 1493 344 meditari
1526 317 1552 344 iit
1575 317 1634 353 lege

841 361 899 396 ejus
916 362 959 390 die
971 369 1002 388 ac
1016 367 1106 393 nocte,
1127 365 1209 396 atque
1223 370 1354 390 exercere
1366 370 1395 390 se
1410 363 1442 389 ad
1464 363 1632 391 intellectum

841 408 990 442 spiritalem
1016 408 1231 442 percipiendum,
1257 409 1378 437 inveniet
1407 410 1433 436 in
1457 409 1510 437 illis
1533 417 1633 444 panem

842 454 916 481 illitiii
935 454 981 488 qui
998 453 1031 480 de
1051 454 1121 480 cmlo
1141 455 1293 487 descendit,
1311 459 1337 482 et
1358 455 1404 482 flet
1422 455 1446 483 ei
1467 463 1558 483 sermo
1587 455 1633 483 Dei

842 505 984 532 abundans
1000 505 1087 537 cibus,
1102 508 1130 530 et
1145 503 1283 538 proﬂuens
1301 510 1399 540 potus;
1428 511 1456 534 et
1474 515 1526 534 non
1545 507 1634 535 solum

842 551 919 579 cibus
937 555 963 578 et
981 555 1071 587 potus,
1095 557 1188 577 verum
1206 551 1227 578 si
1256 551 1433 586 profundiore
1459 559 1632 582 sacramenta

845 598 967 633 mystica:
996 596 1183 632 intelligentia;
1211 598 1334 632 potuerit
1355 599 1533 633 perscrutari,
1553 604 1635 627 erunt

843 641 867 669 ei
885 649 1025 669 sermones
1045 641 1090 668 ltei
1104 641 1218 669 deliciae.
1236 641 1331 670 Potest
1345 643 1428 671 etiam
1440 643 1494 671 alio
1514 644 1594 671 modo
1607 644 1633 672 iii

844 688 897 715 hoc
920 687 980 715 loco
1010 687 1170 722 profuttdior
1189 695 1287 716 sensus
1316 689 1428 724 aperiri.
1449 689 1582 718 Domitius
1609 695 1638 719 et

844 734 970 761 Salvator
993 734 1030 761 ait
1044 734 1067 750 "
1087 746 1092 762 :
1112 733 1203 761 Veniet
1231 743 1285 762 nos:
1314 737 1420 771 quando
1443 744 1518 763 nemo
1551 742 1635 770 potest

845 780 962 812 operari.
979 778 1013 805 Et
1029 780 1080 806 hoc
1096 779 1159 805 ilieit
1175 779 1208 806 de
1221 778 1268 806 illo
1282 784 1404 815 tempore
1419 780 1491 815 quod
1508 781 1562 808 erit
1576 785 1637 815 post

845 820 895 853 hoc
912 825 1054 859 smeulum,
1076 831 1199 860 tempore
1214 833 1268 860 quo
1285 826 1471 862 unusquisque
1491 834 1541 861 pro
1557 827 1637 854 malis

843 878 901 905 suis
923 878 1036 912 recipiet
1052 885 1157 913 poenas.
1179 877 1256 905 Tune
1270 884 1336 912 ergo
1353 877 1419 904 dicit
1441 882 1547 904 noctein
1562 877 1634 905 illam

845 924 974 956 futuram,
988 932 1050 951 cum
1063 924 1120 957 jam
1138 931 1218 951 nemo
1231 928 1322 959 potest
1337 923 1445 958 operari
1463 924 1575 958 aliquid,
1590 924 1638 951 sed

843 970 1032 1005 unusquisque
1057 975 1122 998 tune
1139 971 1260 1005 pascitur
1283 978 1316 997 ex
1337 969 1467 1005 operibus
1492 970 1549 997 suis
1575 977 1637 1004 quat

844 1015 889 1042 hic
909 1016 1014 1050 positus
1027 1020 1156 1050 operatus
1175 1020 1227 1043 est.
1242 1015 1310 1043 Cum
1326 1024 1392 1051 ergo
1407 1023 1458 1043 nox
1475 1015 1574 1049 fuerit,
1589 1022 1638 1043 ne-

845 1068 891 1087 mo
905 1066 1035 1095 operatur
1049 1060 1076 1087 iit
1094 1061 1139 1088 illo
1159 1065 1281 1095 tempore
1297 1069 1303 1087 :
1320 1068 1381 1087 cuin
1395 1065 1553 1095 peccatores
1567 1068 1638 1095 sup-

845 1106 933 1141 pliciis
961 1105 1128 1142 amigeutur,
1154 1106 1207 1133 erit
1232 1105 1292 1133 sine
1318 1105 1399 1133 dubio
1427 1105 1512 1133 fames
1532 1106 1575 1133 bis
1590 1107 1637 1140 qui

845 1158 934 1185 nullos
955 1156 1061 1185 fructus
1088 1157 1151 1185 boni
1167 1157 1258 1192 operis
1276 1156 1456 1189 collegerunt.
1479 1155 1507 1183 In
1528 1156 1575 1184 illo
1590 1164 1639 1184 att-

845 1209 899 1231 tem
913 1203 991 1230 famis
1007 1208 1139 1238 tempore,
1164 1203 1363 1231 saturahuntur
1383 1202 1462 1237 justi,
1485 1210 1519 1230 ex
1536 1203 1637 1231 fructi-

846 1249 895 1276 bus
911 1248 1014 1276 scilicet
1029 1248 1145 1283 justiiia:
1164 1256 1229 1277 suae.
1244 1248 1322 1276 Sicut
1334 1248 1407 1276 enim
1424 1248 1451 1275 iu
1464 1249 1575 1276 deserto
1588 1256 1637 1276 sex

845 1295 940 1322 diebus
953 1295 1117 1330 colligebant
1142 1302 1241 1322 manna
1259 1295 1293 1327 ",
1316 1295 1344 1322 in
1364 1299 1440 1322 sexta
1467 1300 1559 1322 autem
1590 1295 1636 1323 die

845 1347 899 1367 non
919 1339 1002 1367 unius
1018 1339 1071 1366 diei
1093 1341 1214 1373 modum,
1228 1340 1277 1367 sed
1291 1345 1423 1375 quantum
1449 1339 1586 1368 snillceret
1609 1340 1638 1368 in

846 1385 993 1412 crastinum
1015 1385 1190 1419 colligebant,
1211 1389 1240 1412 et
1266 1387 1454 1420 unusquisque
1481 1386 1580 1413 edebat
1609 1385 1638 1413 in

847 1430 891 1457 die
906 1429 1030 1462 Sabbati,
1046 1438 1107 1466 quae
1120 1431 1268 1465 collegerat
1284 1431 1310 1458 iit
1328 1430 1372 1458 die
1387 1436 1486 1463 sexta;
1508 1431 1543 1458 ita
1558 1431 1639 1459 etiam

848 1485 920 1504 nunc
935 1477 1010 1504 velut
1024 1482 1101 1504 sexta
1119 1477 1245 1513 qnatdam
1265 1477 1325 1505 dies
1341 1478 1460 1513 putanda
1474 1482 1516 1505 est
1530 1477 1638 1505 Domini

847 1523 932 1550 nostri
944 1522 1008 1550 Jesu
1023 1523 1124 1550 Christi
1137 1524 1282 1555 adventus,
1300 1527 1328 1551 et
1343 1528 1449 1558 tempus
1462 1523 1513 1550 hoc
1529 1523 1639 1557 dispen-

847 1576 963 1603 sationis
976 1576 1045 1611 cjus,
1076 1583 1157 1610 quam
1184 1575 1313 1610 passione
1341 1582 1389 1602 sua
1414 1574 1465 1601 hoc
1485 1574 1512 1601 in
1541 1574 1640 1601 saeculo

847 1627 1017 1664 procuravit.
1041 1627 1075 1654 Et
1097 1627 1201 1654 ideirco
1221 1626 1284 1653 dum
1309 1626 1335 1652 in
1362 1625 1406 1653 die
1430 1630 1506 1652 sexta
1534 1631 1639 1656 sumus,

848 1674 1006 1709 colligamus
1039 1680 1138 1700 manna
1166 1672 1327 1707 dttplieiter,
1355 1676 1386 1698 ιιι
1411 1670 1536 1698 sullicerc
1561 1670 1642 1698 nobis

848 1719 934 1752 possit
949 1719 1011 1746 dum
1032 1717 1174 1745 advenerit
1191 1724 1255 1744 vera
1281 1716 1394 1744 Sabbati
1423 1716 1579 1743 observatio
1592 1723 1641 1751 po—

847 1765 902 1800 puli
928 1765 985 1792 Dei.
1000 1764 1028 1791 Si
1043 1764 1116 1791 enittt
1134 1770 1187 1790 non
1201 1762 1393 1796 collegeriutus
1412 1761 1532 1796 duplices
1551 1761 1639 1795 cibos,

848 1811 893 1844 qui
914 1810 991 1836 nobis
1006 1809 1072 1836 etin
1088 1808 1217 1844 prazsenli
1234 1807 1335 1834 siet:qu
1351 1806 1485 1833 sttlliciaiit
1500 1812 1527 1833 et
1548 1807 1576 1833 in
1598 1807 1640 1833 fu-

849 1861 921 1889 lnro,
939 1855 965 1881 iit
980 1855 1075 1882 diebus
1095 1854 1175 1881 fatuis
1196 1859 1248 1880 nott
1268 1853 1464 1880 satttrabiinnr.
1493 1852 1540 1880 Sic
1567 1854 1640 1880 cnitn

848 1910 910 1929 cum
928 1901 993 1936 justi
1020 1899 1216 1928 saturabitntur
1237 1899 1263 1925 iii
1282 1898 1378 1925 diebus
1395 1897 1473 1925 funis
1487 1918 1494 1930 ,
1517 1904 1639 1932 peccato-

849 1957 902 1981 res,
918 1947 1006 1982 inquit
1021 1946 1055 1978 ",
1074 1945 1195 1980 peribunt
1208 1953 1217 1977 ;
1232 1944 1333 1970 inimici
1346 1949 1435 1970 autem
1458 1943 1562 1970 Domini
1585 1949 1637 1971 sta-

848 1994 893 2021 tint
909 1998 936 2020 nt
951 1992 1119 2026 honori/icati
1135 1991 1234 2026 fuerint
1253 1996 1277 2017 et
1303 1989 1425 2021 exaltuti,
1442 1990 1592 2024 deﬁcientes
1614 1994 1641 2017 ut

849 2039 938 2074 [unius
965 2037 1099 2072 deﬁcient.
1135 2036 1219 2063 Docet
1242 2042 1291 2062 nos
1307 2042 1396 2062 sermo
1424 2035 1530 2062 divinus
1547 2035 1642 2070 quales

849 2089 904 2116 sint
918 2089 1036 2115 honores
1052 2087 1131 2121 hujus
1151 2086 1256 2114 smculi.
1270 2085 1338 2113 Cum
1355 2086 1426 2113 cnim
1443 2087 1544 2114 videris
1564 2087 1639 2114 illum

850 2134 968 2169 acceptis
985 2133 1056 2161 illius
1077 2132 1224 2168 provinciae
1242 2131 1362 2158 fascibus
1383 2132 1529 2166 tumidum,
1554 2133 1636 2160 alimn

850 2180 1037 2208 consulatibus
1056 2179 1167 2210 elatum,
1189 2178 1273 2206 alium
1291 2178 1408 2206 diversis
1435 2179 1642 2214 magistratibus

851 2227 997 2259 elevatum,
1013 2234 1074 2253 cuin
1095 2233 1161 2260 ergo
1179 2232 1290 2252 omnent
1319 2225 1399 2252 istam
1419 2226 1520 2253 videris
1545 2226 1642 2254 elatio-

851 2281 925 2307 nem,
946 2271 1089 2300 considera
1105 2271 1169 2306 quia
1189 2271 1349 2298 detieieutes
1374 2271 1445 2300 sicut
1471 2273 1560 2300 futnus
1575 2272 1642 2300 defi-

852 2321 948 2348 cient:
970 2320 1116 2347 recordare
1144 2319 1225 2345 etiam
1241 2322 1359 2353 quantos
1379 2319 1405 2346 iu
1424 2319 1467 2346 his
1493 2318 1642 2348 honoribus

853 2367 965 2399 videris,
988 2370 1016 2393 et
1042 2373 1129 2400 usque
1152 2366 1185 2393 ad
1213 2371 1240 2394 te
1268 2370 1370 2401 quanta
1387 2373 1434 2393 eos
1454 2365 1561 2400 fastigia
1577 2374 1643 2393 con-

854 2412 996 2440 sceitdisse
1011 2412 1180 2444 itientineris,
1206 2417 1234 2440 et
1248 2413 1308 2439 vide
1326 2412 1349 2440 si
1370 2420 1422 2439 non
1448 2419 1543 2438 omnes
1563 2412 1642 2444 bene,

853 2463 1032 2494 posteaquam
1062 2458 1174 2485 exaltati
1197 2464 1272 2490 sunt,
1294 2458 1393 2494 deiecti
1413 2458 1502 2484 denuo
1524 2462 1552 2484 et
1579 2465 1641 2491 pro-

853 2504 931 2532 strati
945 2504 1016 2531 sicut
1030 2503 1120 2531 funtus
1137 2503 1304 2531 defecerunt.
1325 2503 1432 2530 Inimici
1448 2507 1536 2530 autem
1549 2502 1641 2530 Denti-

853 2550 880 2576 ni
895 2550 984 2576 statim
998 2554 1026 2576 ut
1040 2549 1242 2576 honurabnntur
1258 2554 1281 2576 et
1301 2549 1500 2581 excitabuntur,
1518 2548 1642 2582 deﬁcien-

853 2601 890 2622 tes
906 2600 932 2622 ut
963 2595 1052 2631 fumus
1074 2595 1206 2628 deﬁcient.
1225 2595 1385 2622 Econtrario
1403 2603 1466 2622 vero
1487 2595 1568 2622 amici
1590 2595 1642 2622 Ito~

854 2640 919 2667 mini
937 2640 1028 2667 statim
1047 2644 1075 2666 ut
1086 2640 1235 2676 contempti
1256 2640 1355 2667 fuerint
1374 2646 1401 2667 et
1426 2640 1546 2675 despecti
1562 2641 1640 2668 etab

854 2684 1009 2712 hominibus
1029 2684 1176 2719 ltutniliati,
1201 2693 1215 2712 a
1236 2685 1291 2713 Deo
1320 2686 1514 2714 exaltabmtlur
1534 2691 1561 2715 et
1585 2687 1643 2714 eri-

992 2788 1013 2804 "
1034 2788 1124 2816 Galat.
1155 2797 1180 2822 v,
1198 2790 1243 2817 2:2.

1283 2791 1304 2807 ⁸⁸
1325 2791 1407 2818 Amos
1429 2800 1455 2824 v,
1479 2792 1522 2820 l3.
1559 2791 1583 2809 "
1609 2790 1644 2822 ΙΙΙ

1014 2823 1124 2852 “Exod.
1139 2833 1165 2851 ι.

1205 2826 1290 2853 “1‘s.
1321 2834 1414 2855 navi.
1440 2828 1486 2854 ‘20.
