1885 3053
226 62 291 90 ΙΞΠ

928 58 974 86 EX
987 58 1139 88 ORIGENE

1782 62 1835 92 liii!

224 125 319 155 geritur
332 128 340 146 :
355 120 483 154 quoniam
503 120 589 148 omnis
603 120 648 153 qui
664 127 691 146 se
703 117 1006 150 exaltathumiliabitur,
1023 115 1046 144 A
1062 124 1109 144 Vos
1122 117 1160 145 "z
1179 117 1232 149 Ite,
1248 118 1420 153 negotiamini
1436 127 1574 154 atqueque
1592 120 1714 147 redeam.
1731 120 1763 147 Et
1771 121 1799 148 ad
1812 122 1831 147 il~

224 172 246 193 rt
259 167 304 202 qui
316 175 343 193 se
359 166 480 193 humiiiat
496 165 657 192 excitabitur
675 164 710 191 ⁵⁸.

251 213 301 241 -Η,
316 212 379 240 Post
396 212 452 239 hzcc
470 212 605 238 adduntur
624 210 747 245 qnm'dam
768 217 827 245 qua:
848 218 902 237 non
923 217 1007 245 parva

224 258 344 293 indigent
355 257 532 292 expositione,
549 256 587 282 ait
601 257 673 283 enim
687 256 710 272 “
725 264 732 283 :
752 255 922 282 .llutualn‘tur
947 264 1008 290 pec-

224 309 297 331 cator
311 308 335 330 et
351 311 401 330 non
415 303 515 334 reddet,
526 303 616 336 justus
632 307 719 329 autem
745 303 882 329 miseretur
896 307 919 329 et
934 310 1007 336 com-

223 350 321 377 modat.
339 349 424 376 Etiam
443 349 494 376 hoc
524 349 547 376 si
581 349 731 376 secumlum
748 349 866 376 litteram
890 349 1008 383 accipia-

222 403 290 426 mus,
307 402 359 422 non
376 395 512 422 videbitur
531 402 636 422 verum.
662 394 736 421 Mulli
763 395 863 422 etenim
883 399 1008 430 peccato-

221 447 264 468 res
282 445 376 467 mutuo
390 439 530 474 accipiunt
545 439 690 474 pecuniam
702 444 730 466 et
746 440 860 467 reddunt
881 447 942 467 cum
967 439 1008 467 fe-

220 493 296 518 nore,
316 485 352 512 ita
373 490 401 512 ut
423 490 450 513 et
473 485 523 521 ipsi
545 486 683 513 interdum
706 485 810 513 lucrum
831 494 863 513 ex
893 486 1007 520 pecunia

219 540 300 566 quam
315 537 490 567 sumpserant
507 531 640 566 ceperint.
656 531 755 559 Deﬁnit
774 536 863 559 autem
883 532 926 559 hic
941 532 1008 560 Pro-

219 579 299 612 pheta
313 578 406 605 dicens
424 587 429 605 :
452 577 620 605 Mutuabitur
637 583 769 611 peccator,
790 583 816 604 et
842 585 893 604 non
906 572 1006 605 soluet.

219 623 272 651 Sed
295 624 316 650 si
334 624 471 657 intelligas
484 625 545 658 quis
565 628 606 651 est
619 623 664 657 qui
690 623 804 655 fenerat,
834 629 862 650 ct
891 623 953 657 quis
965 627 1008 650 est

220 670 267 704 qui
279 670 377 704 accipit
395 669 484 702 femus,
493 674 520 696 et
530 670 654 704 requiras
664 669 727 704 quis
737 673 778 696 est
791 669 1008 704 peccator669

218 717 264 751 qui
285 724 337 743 non
360 716 445 744 reddit
462 717 603 751 pecuniam
619 724 701 751 quam
720 717 835 750 sumpsit
849 737 854 747 ,
870 716 1007 750 intelliges

218 765 441 798 consequentiam
468 764 571 792 habere
592 764 663 798 quod
689 764 819 799 scriptum
845 768 897 791 cst.
927 763 1004 790 i’erbi

1061 162 1115 189 lum
1130 171 1240 191 servum
1254 164 1300 198 qui
1317 165 1459 199 pecuniam
1475 165 1658 201 umltiplicare
1677 169 1835 201 cantempse-

1060 214 1122 242 rat,
1142 210 1206 238 dicit
1224 210 1256 243 ⁸⁸,
1273 210 1469 245 quiaOporluil
1483 216 1508 239 te
1526 213 1667 245 pecuniam
1682 221 1768 239 meam
1785 214 1836 240 dm

1060 256 1243 283 nummulariia
1257 275 1265 288 ,
1284 260 1309 283 et
1329 264 1375 291 ego
1390 258 1493 284 veniens
1514 259 1658 293 exegissem
1679 267 1740 286 eam
1763 259 1837 294 utin

1060 307 1118 327 cum
1140 302 1239 328 usuris.
1258 300 1310 328 Iste
1326 306 1368 329 est
1384 307 1513 336 peccator
1528 303 1574 338 qui
1600 308 1744 330 mutuatur
1757 309 1781 330 et
1795 313 1838 331 non

1060 344 1161 372 solvet:
1180 344 1269 378 justus
1285 350 1373 373 autem
1390 352 1528 382 acceptam
1554 349 1704 382 pecuniam
1729 350 1838 377 restituet

1059 398 1120 417 cum
1137 392 1227 419 usuris
1240 411 1248 424 ,
1274 392 1326 420 hoc
1352 397 1394 420 est
1413 399 1554 428 acceptum
1581 394 1628 422 Dei
1652 396 1768 422 verbum
1786 405 1840 424 cum

1058 437 1185 471 operibus
1199 443 1384 472 reprmsentat.
1398 439 1483 466 Audis
1497 434 1652 468 sermonem
1665 442 1700 469 de
1711 442 1839 474 castitate,

1059 482 1195 510 collaudas
1213 484 1367 517 doctorem,
1384 486 1557 519 amplecteris
1573 486 1729 514 doctrinam
1741 508 1748 518 ,
1764 488 1841 514 admi-

1059 527 1130 554 raris
1147 528 1352 563 magisterium,
1378 537 1427 564 per
1448 529 1506 557 ιιωο
1533 531 1680 566 suseepisti
1706 533 1842 566 pecuniam

1059 574 1202 601 castitatis.
1223 575 1254 602 Et
1276 576 1297 603 si
1311 576 1419 610 quidem
1436 580 1565 610 peccator
1586 585 1632 609 es,
1647 584 1778 612 egressus
1802 586 1841 606 ee-

1059 619 1168 648 clcsiam
1183 620 1279 648 inseris
1298 627 1323 648 te
1348 622 1464 655 negotiis
1484 622 1680 655 saecularibus,
1703 624 1806 658 excipit
1821 631 1843 651 le

1059 665 1169 692 lascivia
1183 685 1190 697 ,
1207 667 1382 702 subsequitur
1397 668 1553 695 temulentia
1568 690 1576 702 ,
1594 675 1790 705 corruptorum
1803 671 1844 698 bo-

1059 710 1161 738 minum
1176 711 1297 739 malefido
1310 713 1458 747 colloquia,
1471 713 1572 741 oblitus
1581 714 1716 741 continuo
1729 717 1846 743 omnium

1059 764 1118 791 qua:
1141 765 1155 783 a
1176 758 1285 785 doctore
1308 766 1469 793 susceperas
1485 780 1492 792 ,
1513 768 1573 794 quze
1591 761 1759 788 laudaveras
1773 782 1781 794 ,
1796 771 1846 797 qna:

218 811 318 844 gnua,
335 818 396 836 cum
413 811 493 837 duca
508 810 608 837 paulus
622 815 650 836 ρι
668 810 796 837 assistam
810 810 834 837 ei
855 810 1004 842 auditores,
1022 805 1044 833 Β
1057 803 1207 829 admiratus
1222 802 1324 835 fueras,
1335 808 1361 830 et
1375 805 1407 831 ad
1422 804 1555 839 impudica
1573 813 1684 832 rursum
1701 807 1847 835 devolver‘ts

218 855 317 884 Paulus
339 860 381 882 est
398 857 443 891 qui
459 857 602 890 pecuniam
625 855 729 883 fenerat
757 856 939 887 dominicam,
956 863 1004 883 au-

219 902 321 928 ditores
336 906 426 929 autent
443 908 506 929 Slllll
520 903 566 936 qui
582 911 613 929 rx
631 911 678 930 ore
698 903 756 937 ejus
770 902 912 937 pecuniam
930 902 1004 929 verbi

218 947 372 981 suscipiunt
393 947 553 975 feueratam.
575 948 606 975 Et
634 949 655 975 si
678 949 786 982 quidem
806 948 894 981 justus
910 948 1005 982 sitqui

217 993 350 1027 suscipiat
375 993 409 1019 ab
426 1001 457 1019 co
475 994 628 1027 pecuniam.
653 993 745 1021 reddet
770 994 903 1028 integrum
928 994 1004 1021 fenus

217 1043 245 1065 et
258 1038 344 1066 dicet:
355 1039 478 1073 Quinque
491 1047 569 1066 lunas
588 1039 652 1066 mihi
668 1039 777 1071 dedisti,
796 1047 858 1066 ecce
871 1039 1004 1074 acquisivi

218 1084 287 1110 alias
303 1084 425 1119 quinque
439 1084 472 1111 ".
495 1085 523 1111 Si
536 1083 626 1118 justus
649 1089 712 1117 est,
728 1085 813 1112 dicit:
826 1083 950 1121 Quinque
966 1090 1005 1112 ta-

217 1130 290 1158 lenta
305 1130 369 1157 mihi
385 1130 496 1162 dedisti,
513 1138 578 1157 ecce
595 1131 680 1158 habes
706 1129 875 1162 decem;vel,
888 1130 947 1158 Duo
964 1136 1005 1159 ta-

217 1176 289 1203 lenta
307 1175 372 1202 mibi
396 1176 492 1203 dedisti
507 1195 515 1208 ,
530 1183 595 1203 ecce
611 1176 696 1204 habes
713 1182 831 1211 quatuor
845 1177 879 1205 ⁸⁸.
895 1177 923 1205 Si
939 1185 1004 1205 vero

217 1227 344 1257 peccator
358 1227 419 1254 est,
436 1226 563 1256 suscepto
586 1222 632 1249 Dei
650 1222 732 1249 verbo
749 1230 802 1249 non
826 1227 954 1257 operatur
970 1229 1002 1251 ex

215 1276 248 1296 eo
265 1275 346 1302 opera
369 1267 487 1294 mandati
501 1288 510 1301 ,
524 1272 551 1294 et
567 1275 619 1294 nou
637 1267 726 1294 reddit
749 1275 844 1294 usuras
855 1287 863 1300 ,
882 1269 929 1294 sed
943 1275 1005 1295 ron-

216 1313 301 1340 sumit
323 1313 412 1340 omnia
429 1319 488 1346 qua:
512 1313 616 1346 accepit
639 1312 666 1339 in
696 1312 786 1340 fenus.
808 1313 877 1341 Ecce
892 1319 918 1341 et
933 1322 1004 1343 nunc

216 1363 265 1383 vos
279 1363 373 1384 omnes
391 1357 490 1390 quibus
506 1357 564 1384 lucc
586 1356 683 1390 loquor
695 1377 704 1390 ,
723 1360 864 1392 pecuniam
880 1359 1003 1395 accipitis

217 1402 366 1430 feneratam
386 1403 466 1430 verba
502 1410 581 1434 mea.
607 1403 663 1430 haec
681 1403 793 1438 pecunia
821 1403 925 1431 Domini
951 1411 1000 1432 est.

216 1449 272 1475 Aut
289 1449 310 1475 si
326 1448 435 1476 dubitas
447 1468 456 1482 ,
475 1448 536 1475 audi
560 1448 722 1483 Prophetam
740 1450 874 1477 dicentem
889 1451 922 1483 ³⁸,
938 1451 1001 1485 quia

212 1492 322 1528 Eloquia
336 1494 442 1521 Domini
454 1494 556 1530 eloquia
572 1500 656 1526 caua,
674 1501 810 1530 argentum
831 1496 890 1530 igua
905 1497 1001 1530 proba-

215 1541 271 1564 tum
286 1543 364 1565 terra:
379 1544 521 1574 purgatum
535 1540 693 1574 septuplmn.
705 1540 733 1567 Si
745 1548 809 1575 ergo
822 1541 891 1568 male
907 1542 1001 1576 doceo,

214 1584 328 1617 pecunia
353 1592 412 1611 nica
439 1585 551 1619 reproba
569 1591 633 1618 est,
660 1587 808 1614 secundum
829 1587 888 1615 illos
904 1588 1002 1622 quibus

214 1631 316 1658 dictum
341 1635 382 1658 est
397 1631 432 1663 ⁵ο,
448 1637 585 1667 argentum
609 1637 723 1659 uestrum
741 1633 887 1666 reprobum.
903 1634 930 1662 Si
954 1642 1002 1662 au-

214 1681 267 1702 tem
293 1676 360 1703 bene
384 1676 469 1703 doceo
486 1697 493 1709 ,
520 1677 633 1711 pecunia
654 1678 694 1705 vel
720 1683 863 1713 argentum
887 1687 939 1706 non
960 1683 1002 1707 est

213 1729 313 1754 meum,
328 1722 375 1748 sed
391 1722 497 1749 Domini
511 1727 562 1754 est,
579 1727 606 1750 et
626 1723 769 1757 probatmn
783 1729 834 1751 est.
851 1725 924 1762 Licet
937 1732 1001 1761 ergo

213 1766 278 1792 m‘ilti
296 1765 420 1794 fenerare
443 1768 585 1802 pecuniam
600 1767 716 1801 Domini,
733 1777 820 1796 meam
836 1775 925 1798 autem
938 1779 1001 1806 pro-

212 1813 298 1846 priam
325 1813 467 1847 pecuniam
494 1821 546 1840 non
571 1813 653 1846 licet,
678 1814 739 1848 quia
761 1815 871 1842 verbum
893 1815 998 1844 Domini

211 1859 337 1894 prohibet
361 1859 507 1886 humanam
541 1859 684 1895 pecuniam
715 1859 842 1888 fenerari.
868 1861 933 1895 Quae
957 1867 999 1890 est

210 1912 276 1938 ergo
299 1904 416 1931 humana
430 1924 438 1937 ,
457 1908 484 1932 et
504 1912 564 1939 quin
588 1905 693 1933 Domini
710 1906 846 1940 pecunia?
863 1906 919 1943 Ego
934 1913 998 1944 puto

211 1950 283 1984 quod
297 1950 430 1977 Valentini
445 1957 536 1977 sermo
552 1950 668 1977 humana
680 1951 796 1985 pecunia
812 1957 853 1980 est
868 1958 896 1979 et
908 1961 999 1988 repro-

210 1997 262 2030 ba,
279 2001 306 2023 et
322 1996 467 2024 Marcionis
491 2001 516 2023 el
535 1996 662 2025 Basilidis
680 1999 793 2032 pecunia
816 1999 932 2026 humana
955 2004 997 2027 est

208 2047 236 2069 et
251 2043 378 2076 rcproba,
393 2047 419 2069 et
434 2042 555 2070 omnium
575 2042 765 2070 hmreticorum
782 2051 872 2071 sermo
889 2052 940 2071 non
955 2049 997 2072 est

208 2089 322 2124 probata
338 2089 464 2122 pecunia,
479 2096 530 2116 nec
553 2089 718 2116 dominicam
735 2089 841 2125 integre
858 2091 883 2117 in
903 2099 933 2118 se
947 2091 996 2118 ha-

1057 853 1148 876 scorla
1163 869 1170 881 ,
1191 853 1217 877 et
1240 848 1353 877 allectus
1377 857 1408 878 es
1430 856 1571 885 peccator,
1596 853 1643 886 qui
1669 859 1815 880 mutuatus
1824 862 1847 882 es

1057 896 1169 923 verbum
1191 896 1323 923 castitatis
1342 901 1368 923 et
1393 904 1446 924 non
1470 898 1562 925 reddis
1585 905 1667 931 opera
1699 901 1844 927 castitatis.

1058 940 1190 968 Similiter
1205 946 1232 968 et
1244 941 1267 968 si
1281 941 1400 969 audieris
1415 942 1527 970 verbum
1539 942 1660 976 justitia:
1677 944 1707 971 in
1729 945 1847 976 ecclesia,

1055 993 1180 1021 egressus
1197 994 1226 1015 es
1243 986 1333 1020 foras,
1353 988 1475 1015 occurrit
1490 988 1539 1015 tibi
1558 990 1667 1017 vicinus
1684 991 1768 1025 cujus
1783 993 1847 1026 aget-

1056 1032 1110 1059 lutn
1132 1033 1310 1067 concupieras
1322 1053 1330 1066 ,
1353 1038 1382 1061 et
1400 1034 1530 1062 continuo
1548 1035 1653 1063 oblitus
1671 1044 1774 1064 eorum
1797 1045 1847 1072 qua

1055 1078 1126 1106 dicta
1138 1084 1211 1112 sunt,
1227 1085 1255 1106 ut
1271 1079 1414 1114 cupiditati
1433 1084 1483 1107 tute
1497 1081 1655 1109 satisfacias
1672 1082 1786 1110 invadis
1795 1091 1848 1118 quae

1055 1124 1142 1152 aliena
1153 1130 1226 1158 sunt,
1244 1130 1270 1152 ct
1281 1126 1322 1153 sic
1338 1129 1476 1152 mutuatus
1489 1125 1522 1153 de
1534 1126 1644 1160 justitia
1659 1129 1790 1162 pecunia:
1801 1136 1848 1156 non

1055 1171 1147 1199 reddis
1163 1180 1271 1204 usuras,
1290 1180 1405 1208 operaus
1422 1179 1498 1209 gesta
1518 1174 1646 1209 iustitiae.
1667 1175 1717 1202 Sic
1744 1183 1809 1210 ergo
1827 1180 1848 1203 et

1054 1218 1087 1245 de
1102 1218 1215 1252 singulis
1229 1219 1380 1254 quibusque
1395 1226 1532 1248 mutuatur
1547 1226 1678 1255 peccator
1689 1226 1715 1248 et
1734 1230 1788 1248 non
1803 1222 1848 1248 ξομ

1053 1269 1105 1296 ret,
1118 1264 1208 1300 justus
1224 1270 1310 1292 autem
1324 1267 1461 1293 miseretur
1472 1273 1496 1294 et
1511 1268 1667 1294 commodat
1683 1268 1719 1294 “.
1736 1268 1794 1295 Non
1810 1276 1848 1295 so-

1054 1309 1128 1341 lum,
1159 1310 1243 1344 inquit
1257 1331 1264 1343 ,
1291 1311 1396 1339 fenerat
1417 1311 1506 1346 justus
1521 1332 1528 1344 ,
1551 1313 1604 1340 hoc
1621 1319 1666 1340 est
1694 1321 1750 1341 non
1769 1313 1849 1341 solum

1054 1355 1182 1389 prmdicat
1202 1356 1326 1388 verbum,
1342 1356 1393 1383 hoc
1409 1362 1450 1384 est
1468 1364 1520 1384 non
1536 1357 1625 1384 solum
1645 1357 1734 1385 docet
1750 1358 1848 1393 imperi-

1054 1404 1107 1433 tos,
1120 1408 1213 1427 verum
1227 1401 1309 1428 etiam
1325 1402 1470 1429 miseratur
1481 1402 1615 1430 infirmos.
1632 1403 1770 1438 Sequitur
1779 1406 1846 1431 enim

1053 1446 1207 1480 exemplum
1234 1446 1339 1474 Domini
1355 1447 1471 1475 dicentis
1482 1447 1522 1473 “:
1541 1447 1766 1476 Misericordiaut
1783 1451 1844 1476 muto

1053 1499 1131 1526 quam
1142 1491 1310 1527 sacri/icium.

1089 1537 1131 1564 12.
1150 1538 1218 1570 Quia
1236 1538 1280 1574 qui
1303 1538 1456 1565 benedicunt
1476 1547 1553 1570 eum.
1575 1538 1780 1566 Iucreditabunt
1800 1545 1844 1565 ter-

1052 1591 1126 1616 ram;
1137 1584 1180 1618 qui
1197 1590 1283 1616 autem
1297 1583 1457 1611 maledicunt
1471 1592 1541 1616 eum,
1553 1584 1844 1612 exterminabuntlr”.

1052 1630 1102 1663 Qui
1118 1630 1282 1657 benedicunl.
1297 1637 1370 1662 eum,
1387 1629 1413 1656 id
1430 1634 1472 1657 est
1489 1630 1534 1664 qui
1550 1630 1844 1664 benedictmtjustuxn,

1053 1676 1252 1704 limreditabunt
1268 1682 1380 1704 terram.
1413 1674 1497 1708 Quam
1532 1682 1633 1703 terram
1647 1677 1728 1704 illam
1742 1679 1844 1709 bonam,

1053 1727 1153 1749 terram
1173 1721 1288 1747 multam
1307 1721 1508 1748 limredilabunt
1525 1720 1599 1748 illam
1615 1720 1756 1749 ﬂuentem
1773 1722 1812 1748 lac
1824 1728 1847 1748 ct

1052 1767 1116 1800 mel,
1134 1767 1177 1794 ubi
1193 1771 1257 1794 sunt
1270 1768 1338 1794 bona
1357 1767 1402 1794 illa
1419 1775 1480 1802 quae
1501 1774 1564 1794 vere
1580 1767 1653 1794 bona
1673 1773 1763 1802 sunt,
1780 1769 1846 1795 illam

1050 1814 1226 1849 possidebunt
1250 1813 1295 1847 qui
1323 1813 1488 1841 bencdicunt
1502 1812 1606 1847 justum
1621 1834 1628 1846 ,
1651 1814 1846 1842 maledicentes

1051 1867 1115 1887 vero
1135 1866 1195 1886 cum
1213 1859 1481 1886 exterminabuntur.
1504 1857 1537 1884 Et
1555 1859 1640 1885 vohis'
1653 1866 1758 1893 parum
1777 1860 1845 1886 vide-

1051 1910 1095 1932 tur
1110 1905 1246 1932 interdum
1263 1904 1332 1932 male
1351 1905 1424 1940 loqui
1439 1905 1473 1931 de
1488 1905 1592 1931 sanctis
1603 1925 1610 1937 ,
1629 1910 1658 1932 et
1682 1906 1798 1940 perlere
1811 1909 1845 1932 est

1049 1952 1127 1979 vobis
1141 1952 1232 1979 dicere
1250 1952 1283 1979 de
1297 1951 1387 1979 servis
1403 1951 1462 1983 Dei,
1475 1949 1521 1978 llle
1537 1951 1600 1978 talis
1612 1956 1639 1978 et
1656 1953 1724 1979 talis
1739 1957 1793 1983 est,
1809 1952 1846 1978 iile

1050 1998 1126 2033 fingit
1140 2018 1147 2031 ,
1165 2002 1191 2025 et
1207 1997 1252 2025 ille
1269 1997 1397 2025 saeculum
1415 1997 1503 2032 diligit
1516 2018 1523 2029 .
1543 1997 1587 2024 ille
1601 2002 1697 2024 autem
1717 1999 1846 2033 irnpostor

1047 2049 1100 2076 est,
1120 2052 1172 2071 non
1189 2045 1269 2072 audis
1284 2044 1347 2078 quia
1366 2043 1413 2079 qui
1431 2044 1597 2071 maledicunt
1611 2045 1738 2078 justum,
1757 2051 1844 2073 exter-

1049 2090 1248 2117 minabuntur?
1263 2091 1317 2117 Aut
1339 2091 1361 2118 si
1377 2091 1429 2118 hoc
1444 2098 1539 2125 parum
1555 2091 1632 2117 vobis
1650 2092 1782 2122 videtur,
1799 2099 1844 2117 au-

208 2135 253 2162 bet
267 2134 391 2169 figurant,
407 2135 453 2162 sed
468 2135 629 2168 adulteram,
644 2142 714 2169 quae,
725 2139 753 2162 ut
767 2135 801 2161 ita
810 2136 993 2168 dicam,extra
1010 2143 1031 2170 ι)
1048 2137 1103 2163 dite
1126 2136 1188 2163 alibi
1217 2136 1300 2163 Deum
1325 2135 1702 2170 dicente:nadjustum“~":
1719 2137 1845 2164 Inimicus

209 2183 345 2208 monetam
372 2181 407 2207 ita
435 2180 549 2215 figurata
569 2184 629 2212 est,
655 2180 718 2215 quia
745 2184 820 2207 extra
845 2180 992 2209 Ecclesium

206 2226 356 2261 composita
377 2230 428 2253 est.
453 2226 480 2253 Si
500 2230 590 2253 autem
605 2225 706 2253 videris
731 2226 846 2261 aliquem
875 2234 926 2253 non
944 2235 992 2254 sua

207 2272 328 2308 propria,
343 2271 390 2298 sed
406 2271 452 2298 Dei
469 2271 551 2298 verba
567 2271 783 2306 proloquentem,
800 2271 845 2306 qui
862 2280 925 2299 vere
945 2280 994 2299 au-

205 2317 268 2344 deat
287 2316 376 2344 dicere
388 2316 411 2332 "
427 2324 434 2343 :
454 2316 495 2343 An
511 2316 711 2351 probamentum
731 2318 851 2352 quarriti:
865 2318 922 2353 ejus
942 2319 989 2354 qui

205 2363 232 2390 in
256 2371 296 2390 me
309 2363 426 2396 loquitur
441 2361 550 2396 Clu-iui,
566 2363 636 2389 scito
660 2363 724 2397 quia
741 2363 793 2390 iste
810 2363 914 2391 fenerat
928 2364 989 2399 qui-

205 2409 276 2441 dem,
293 2412 320 2435 et
340 2416 394 2435 non
411 2413 500 2440 suam,
517 2409 564 2436 sed
582 2409 688 2436 Domini
712 2409 856 2443 pecuniam
873 2409 989 2444 fenerat,

202 2460 230 2482 et
245 2454 311 2482 facit
331 2454 396 2481 illud
415 2455 487 2488 quod
504 2455 635 2489 scriptum
650 2459 692 2482 est
708 2455 745 2482 "2
766 2455 831 2483 Tota
852 2457 894 2484 die
914 2457 992 2484 miu-

203 2506 275 2527 retur
292 2504 316 2527 et
331 2500 442 2535 fenerat,
460 2500 565 2527 habens
581 2500 771 2528 auctoritatem
795 2501 935 2529 fenerandi
957 2503 991 2529 ab

203 2547 261 2581 ipso
271 2546 321 2573 sibi
336 2553 397 2574 meo
409 2546 463 2573 Deo
473 2545 535 2573 Jesu
552 2545 662 2573 Christo
673 2546 775 2574 datam.
792 2546 851 2582 lpse
863 2553 902 2576 est
917 2549 989 2576 enim

203 2592 333 2619 Dominus
347 2593 392 2627 qui
407 2592 433 2619 in
451 2592 577 2626 parabola
591 2593 653 2619 data
670 2594 786 2628 pecunia
805 2594 869 2621 dicit
885 2595 917 2621 ad
933 2602 991 2622 ser-

501 2704 524 2719 "
537 2704 607 2730 Psal.
624 2712 715 2733 xxxw.
732 2704 776 2731 21.

619 2740 641 2755 ⁸³
651 2739 713 2766 Psal
741 2747 830 2769 xxxvi,
847 2739 890 2766 26.

232 2704 254 2719 ⁵⁵
268 2704 333 2731 Luc.
348 2711 401 2735 xiv,
420 2704 462 2730 ll.

197 2747 223 2765 v.
243 2739 270 2764 ὅ.
319 2739 339 2754 ¹¹¹
356 2738 378 2765 ll
392 2739 454 2766 Cor.
471 2747 529 2770 xm,
544 2739 570 2766 5.

816 2704 837 2719 ⁸⁷
852 2703 916 2731 Luc.
934 2711 988 2733 xtx.
1007 2703 1048 2730 l8.

940 2739 961 2753 ⁵³
978 2739 1042 2765 Luc.
1067 2746 1120 2768 xxx.
1136 2739 1178 2764 15.

235 2760 330 2801 ﬁatut.
346 2760 529 2805 1;.i3'56's'e'.‘
542 2760 578 2804 (vi.
595 2775 621 2801 6.
654 2760 933 2804 ’σθ”ὶὶε;ίίζ“’ἶέὲῦἷἐῃ.
973 2760 1229 2804 εἰῖέἓῖιίέῖσῖιὶῖὲιιι,
1244 2760 1288 2800 es:

1046 2188 1090 2207 cro
1117 2180 1231 2207 inimicis
1258 2182 1329 2213 tuis,
1354 2186 1378 2207 et
1404 2181 1564 2207 adversabor
1587 2183 1759 2209 attcenan‘ix
1786 2183 1844 2209 tuis.

1048 2226 1151 2254 Videtis
1162 2226 1256 2261 quanti
1272 2226 1385 2261 periculi
1401 2227 1436 2254 sit
1451 2227 1586 2254 inimicari
1601 2227 1700 2262 justis,
1717 2229 1762 2256 vel
1781 2228 1845 2255 male

1047 2272 1121 2306 loqui
1138 2272 1171 2299 de
1184 2273 1296 2299 sanctis.
1316 2272 1345 2299 Si
1363 2273 1435 2299 enim
1450 2279 1511 2299 vere
1526 2273 1669 2301 credimus
1687 2274 1757 2301 illud
1776 2275 1843 2308 quod

1047 2319 1114 2346 dixit
1130 2319 1258 2346 Dominus
1275 2319 1308 2346 de
1322 2326 1485 2353 unoquoque
1506 2327 1652 2346 servorum
1675 2329 1796 2348 suorum
1810 2321 1840 2351 ".

1046 2364 1108 2398 quia
1121 2363 1233 2396 Esurivi,
1246 2368 1270 2390 et
1287 2371 1338 2390 non
1356 2364 1465 2390 dedisti:
1480 2363 1543 2390 mihi
1561 2366 1734 2392 manducare
1745 2387 1752 2397 ,
1771 2372 1798 2393 et
1813 2373 1840 2392 ea

1046 2417 1104 2445 qua:
1121 2410 1195 2437 addit
1214 2416 1241 2436 et
1256 2409 1333 2442 dicit,
1358 2409 1421 2444 quia
1439 2411 1484 2444 qui
1509 2411 1554 2436 uni
1570 2418 1604 2436 ex
1631 2411 1763 2439 minimis
1780 2412 1842 2438 meis

1045 2455 1112 2483 fecit
1123 2475 1131 2488 ,
1146 2456 1211 2482 mihi
1227 2455 1289 2482 fecit
1302 2476 1310 2486 .
1330 2462 1501 2490 coascqueus
1518 2461 1561 2483 est
1585 2459 1616 2482 ut
1632 2462 1663 2483 et
1682 2458 1737 2485 hoc
1752 2459 1820 2485 dicat
1834 2465 1839 2482 :

1041 2504 1090 2537 Qui
1103 2503 1306 2531 maledicebatis
1318 2504 1395 2536 mihi,
1411 2504 1601 2532 detraltebatis
1613 2505 1650 2533 de
1665 2514 1722 2538 me,
1739 2512 1767 2534 et
1779 2506 1839 2533 falsa

1044 2555 1136 2576 contra
1151 2557 1193 2577 me
1207 2549 1400 2584 loquebamini.
1412 2555 1438 2577 et
1454 2550 1629 2579 accusabatis
1644 2560 1704 2580 me.
1720 2553 1788 2580 Etsi
1805 2553 1841 2579 di-

1045 2596 1184 2623 xerimus:
1203 2596 1315 2623 Domine
1330 2617 1337 2629 ,
1357 2598 1466 2631 quando
1489 2597 1537 2624 tibi
1555 2598 1759 2627 malediximus
1772 2619 1781 2632 ,
1799 2602 1840 2626 aut

1086 2703 1109 2718 "
1128 2702 1300 2744 diuturna“,
1312 2703 1346 2744 29
1358 2707 1386 2730 et
1397 2703 1442 2730 2‘2.
1459 2703 1502 2744 λς’
1514 2703 1714 2744 Ρεεξξᾏχιχπ.
1755 2708 1777 2723 θ
1789 2704 1839 2744 Jac-

1229 2738 1251 2753 “
1264 2738 1357 2765 Matth.
1379 2747 1440 2769 xxv,
1458 2738 1503 2766 ‘27.
1555 2739 1579 2754 “
1595 2740 1673 2769 Psal.
1690 2750 1782 2773 nm,
1802 2740 1840 2767 il.

1244 2773 1288 2800 Ἠ.
1327 2774 1349 2788 τ⁰
1366 2773 1458 2801 Matth.
1477 2782 1538 2802 xxv.
1559 2775 1609 2802 4‘2.

1391 2782 1458 2801 illlﬂ.
1477 2782 1538 2802 XXV.
1559 2782 1609 2802 42.
