1885 3053
29 103 84 130 lSi')

28 161 120 198 quando
134 155 316 187 detraximus;
334 157 380 180 aut
394 152 502 188 quando
514 151 580 178 falsa
598 155 694 177 contra
712 152 737 174 te
752 147 791 173 lo-
808 147 830 175 Λ

27 193 71 237 euri
84 203 188 234 sumus?
204 207 268 229 tunc
285 201 356 228 dicet
371 198 405 226 ad
422 198 519 225 nos“:
535 197 617 222 Amen
634 195 692 221 dico
706 193 790 224 vobis,

27 255 79 291 quia
99 252 162 288 quod
178 249 275 285 fecistis
297 247 343 274 ιιπί
365 254 397 273 ea:
423 245 486 272 meis
507 242 640 274 minimis,
664 240 729 267 milii
755 239 792 271 fe-

26 287 192 331 riatinSicut
212 296 285 324 enim
309 295 406 322 dantes
424 291 591 319 manducare
611 289 657 315 uni
682 295 713 315 ex
734 287 793 314 istis

27 349 81 377 mihi
95 345 202 377 fecistis,
217 348 244 371 et
259 342 356 369 dantes
368 341 462 368 bibere
477 337 523 366 uni
535 345 568 365 ex
584 337 644 364 istis
659 335 724 362 mihi
747 334 793 360 de-

27 395 101 426 distis.
110 397 135 420 et
146 389 363 419 sicutinduenles
374 394 457 414 unum
469 393 500 412 ex
513 384 586 415 istis,
594 390 636 410 me
648 381 791 412 induistis;

27 442 56 467 ita
69 437 247 466 maledicentes
266 435 310 460 uni
327 432 449 463 existis,
467 430 533 457 mihi
551 427 744 457 maledixistis.
765 429 793 452 ct

25 485 44 513 si
61 481 227 512 benedixistis
242 479 284 507 vel
303 477 458 506 honorastis
484 482 567 502 unum
593 481 626 502 ex
643 473 686 500 his
701 493 708 505 ,
725 470 792 498 mihi

26 528 195 560 benedixistis,
211 533 237 554 et
250 534 293 553 lue
307 523 476 555 h0norastis,
490 521 561 549 sicut
575 525 602 547 et
616 518 680 547 alibi
695 517 794 545 nihilo-

26 579 100 605 minus
114 576 174 604 dicit
185 575 223 601 τίς
243 573 295 607 Qui
313 581 355 600 vos
375 570 476 605 recipit.
495 578 535 597 me
553 568 661 602 recipit;
675 570 702 594 et
717 575 723 592 :
740 564 793 598 Qui

26 633 60 652 ro:
72 622 178 655 spernit,
199 628 239 647 me
258 618 367 654 lperm'l.
393 615 540 651 Propterea
568 620 632 647 ergo
650 610 792 640 continea-

26 678 75 697 mus
85 669 193 702 Iinguam
207 671 339 698 nostram,
352 668 378 692 et
387 670 482 692 servos
494 660 600 689 Domini
613 658 791 690 admiremur,

25 719 47 742 ct
61 714 244 742 benedicamus
254 711 354 746 iustos.
368 713 395 737 et
409 714 549 742 nunquam
568 703 744 732 detrahamus
760 702 793 729 de

24 762 57 789 eis
68 782 74 794 ,
91 768 136 788 nec
157 760 308 794 aperiamus
325 755 407 792 67o
421 762 451 781 os
467 756 590 780 nostrum
610 750 643 778 ad
665 750 737 776 male
751 748 791 775 lo-

24 809 154 844 quendum,
165 815 198 834 ne
212 806 281 833 forte
294 801 517 832 exterminemur,
531 798 578 826 sed
589 796 789 826 benedicamus,

24 842 48 882 ut
60 859 84 882 et
97 862 142 882 nos
153 851 366 881 benedictionem
378 852 576 881 consequamur
589 851 638 878 per
653 842 791 870 Christum

26 901 152 929 Dominum
171 902 294 926 nostrum
307 916 315 929 ,
339 895 383 923 cui
398 898 441 922 est.
459 892 546 928 gloria
570 894 597 919 et
617 893 741 925 potestas
764 886 792 914 in

25 948 110 976 secula
122 945 289 974 satculorum.
307 942 405 970 Amen.

298 1010 440 1041 HOMILIA
454 1009 499 1037 IV.

27 1064 58 1093 De
66 1065 147 1093 eodem
165 1063 266 1100 psalmo
277 1081 284 1093 ,
309 1060 343 1100 ob
367 1058 414 1099 illo
427 1062 501 1100 parte
513 1063 523 1082 :
536 1064 553 1100 ι.
561 1053 638 1089 Apud
650 1051 793 1080 Dominum

181 1092 287 1134 gressus
305 1093 419 1122 hominis
435 1092 614 1127 diriguntur.)

54 1144 72 1170 Α
87 1133 206 1175 Domino,
223 1141 311 1175 inquit
327 1139 361 1172 ⁷⁸,
374 1145 478 1173 gressus
496 1134 610 1162 hominis
633 1133 793 1168 diriguntur.

26 1192 52 1218 Et
64 1190 121 1217 alibi
143 1190 168 1216 in
185 1189 237 1216 hoc
250 1186 353 1222 psalmo
375 1183 444 1211 dicit
456 1183 489 1210 de
506 1180 645 1217 gressibus
661 1179 726 1213 justi
743 1179 795 1205 hoc

25 1237 93 1264 modo
105 1236 142 1262 "':
162 1235 216 1262 Lex
228 1233 277 1261 Dei
292 1234 350 1267 ejus
364 1231 391 1258 in
410 1229 488 1257 corde
508 1228 602 1262 ipsius,
621 1232 645 1261 et
669 1233 719 1252 non
735 1229 795 1258 rup-

24 1282 197 1315 plnntabuntur
215 1286 319 1314 gremu
349 1276 418 1311 ejus.
445 1273 497 1301 Sed
512 1279 539 1300 et
554 1273 580 1300 in
595 1270 795 1306 septuagesimo

24 1328 128 1355 secundo
145 1326 247 1361 psalmo
264 1323 364 1351 dicitur
381 1321 421 1348 "z
449 1319 621 1347 Paulominus
640 1316 717 1351 e/fusi
734 1319 794 1343 sunt

23 1381 113 1407 gressus
128 1372 186 1399 mei.
201 1370 318 1398 Crassus
331 1374 396 1402 ergo
417 1373 432 1393 a
449 1364 597 1400 gradiendo
612 1362 794 1394 nominamus,

24 1406 157 1446 secundum
169 1417 236 1444 illud
250 1415 323 1450 quod
339 1415 365 1440 in
382 1412 476 1439 Exodo
496 1410 629 1445 scriptum
643 1413 684 1435 est
695 1428 703 1441 ,
723 1406 795 1441 quod

23 1465 115 1501 lloyses
128 1465 193 1493 vidit
208 1464 344 1491 ﬂammam
360 1459 432 1496 ignis
451 1463 479 1485 et
496 1457 697 1492 angelum,cum
712 1455 795 1482 rubus

23 1497 120 1542 arderet
131 1513 251 1548 quidem,
267 1511 314 1538 sed
327 1516 381 1536 non
396 1506 618 1536 combureretur,
631 1507 660 1530 et
671 1501 741 1530 dixit
753 1501 793 1528 ⁷⁷;
809 1497 831 1525 C

24 1560 167 1595 Digrediem
182 1559 241 1586 sive
262 1555 394 1583 transiens
410 1552 501 1580 ridebo
525 1550 649 1578 visionem
672 1555 795 1582 magnam

23 1592 89 1632 hanc.
111 1605 148 1631 Ex
161 1605 214 1631 hoc
230 1609 297 1636 ergo
311 1600 370 1627 loco
385 1597 493 1626 occasio
507 1596 586 1624 nobis
601 1595 680 1622 datur
696 1592 796 1620 intelli-

23 1654 108 1688 gentiae
121 1659 214 1680 eorum
235 1657 295 1685 quae
310 1648 442 1676 habemus
460 1647 486 1673 in
505 1644 644 1673 manibus.
663 1642 748 1676 Igitur
762 1640 796 1667 de

22 1686 58 1725 liis
71 1706 127 1732 qua:
139 1698 166 1725 in
180 1697 275 1725 Exodo
289 1695 389 1728 scripta
405 1691 629 1722 memoravimus,
645 1688 670 1716 id
686 1692 739 1720 est,
755 1686 796 1713 di-

21 1744 127 1777 grediens
152 1742 245 1771 videbo
268 1741 394 1768 uisionem
424 1740 505 1765 istam
532 1743 655 1770 magnum
671 1753 679 1766 ,
703 1731 796 1760 audivi

22 1790 151 1822 quemdam
169 1789 203 1816 de
219 1787 388 1822 sapientibus
405 1790 468 1812 ante
489 1792 540 1811 nos
559 1784 695 1810 dicentem
711 1800 719 1812 ,
735 1787 796 1807 cum

20 1835 165 1869 explanare:
179 1835 254 1862 hunc
267 1833 369 1865 locum,
382 1832 445 1867 quia
461 1838 513 1858 non
529 1834 570 1857 est
581 1827 708 1863 passibile
722 1826 797 1861 prius

22 1882 103 1909 videre
117 1883 203 1909 visum
220 1887 359 1915 magnum,
374 1879 400 1906 id
419 1881 461 1905 est
482 1876 583 1904 intueri
599 1878 679 1908 atque
694 1872 798 1908 perspi-

21 1934 76 1955 cere
98 1935 192 1963 magna
221 1926 349 1963 mysteria
377 1922 461 1950 stanti
489 1922 515 1948 in
537 1918 746 1948 conversatione
770 1921 798 1943 ct

22 1974 116 2000 actibus
133 1973 230 2000 mundi
252 1972 352 2007 hujus:
376 1969 422 1997 sed
449 1967 566 1995 transire
590 1969 698 2000 oportet
722 1963 797 1997 prius

21 2019 50 2045 ab
63 2019 111 2052 his.
125 2024 152 2047 et
167 2018 362 2047 transcendere
375 2015 464 2043 omnia
477 2013 629 2045 satcularia,
645 2016 673 2038 et
687 2016 796 2038 sensum

20 2070 130 2093 nostrum
148 2073 181 2093 ac
197 2069 315 2092 mentem
332 2063 443 2089 liberam
463 2059 522 2087 ﬁeri
533 2078 542 2091 ,
561 2062 588 2086 et
608 2064 672 2084 tunc
688 2057 722 2083 ad
737 2063 796 2082 ma-

18 2117 121 2144 gnarum
139 2116 168 2138 et.
182 2108 348 2144 spiritalium
376 2113 466 2133 rerum
491 2104 617 2131 intuitum
635 2100 795 2136 pervenire,

18 2161 42 2183 ei
55 2157 88 2184 ita
101 2157 208 2184 demum
225 2155 312 2182 visum
329 2159 456 2187 magnum
477 2151 578 2177 videre.
595 2148 671 2175 Hunc
687 2147 795 2182 quidem

19 2202 58 2230 ille
85 2206 235 2238 explanant;
264 2201 352 2227 locum
379 2206 440 2234 quae
472 2204 552 2231 supra
587 2193 797 2222 memoravimus

17 2251 164 2277 enarrabat.
182 2249 240 2276 Nos
260 2254 324 2274 vero
340 2246 439 2281 quibus
454 2243 573 2271 studium
587 2246 632 2268 est
646 2239 797 2267 secundum

18 2294 156 2331 Scriptum
172 2294 277 2322 monita
293 2313 300 2325 ,
324 2292 406 2318 verba
429 2289 594 2324 sapientium
618 2286 728 2313 laudare
742 2304 752 2318 ,
770 2288 798 2310 et

17 2344 109 2371 addere
129 2344 163 2371 ad
177 2350 222 2375 ea,
237 2347 382 2376 possumus
400 2338 433 2364 ad
448 2337 507 2364 inec
526 2342 587 2370 quae
602 2333 646 2361 ille
661 2333 730 2360 dixit
745 2331 799 2359 tale

18 2388 110 2424 aliquid
127 2389 240 2417 addere.
257 2385 448 2420 Unusquisque
463 2383 509 2418 qui
527 2383 579 2408 iter
592 2380 648 2416 agit
661 2380 696 2406 ad
711 2379 799 2405 virtu-

18 2439 74 2466 tem,
89 2434 197 2470 proﬁcit
214 2434 241 2460 in
257 2430 430 2460 ambulando,
447 2434 475 2456 ut
491 2427 620 2463 paulatim
636 2433 682 2460 per
698 2424 798 2451 multos

18 2482 148 2515 proiectus
165 2481 274 2509 itineris
285 2478 425 2514 perveniat
439 2476 472 2502 ad
487 2482 559 2502 eam.
575 2474 628 2501 lter
638 2481 703 2507 ergo
714 2478 798 2505 agens

17 2534 40 2554 et
64 2529 136 2556 velut
162 2528 325 2563 quihusdam
349 2526 472 2560 passibus
495 2522 622 2558 gradiens
648 2519 799 2553 digreditur

17 2580 133 2609 seraper,
152 2579 179 2602 et
197 2574 294 2601 transit
309 2581 339 2600 ea
357 2579 418 2607 (una!
438 2570 579 2605 explicuit,
598 2575 631 2594 ac
647 2565 797 2601 posteriora

17 2622 136 2648 oinittens
154 2621 188 2648 ad
203 2629 234 2648 ca
250 2628 310 2654 quae
327 2619 416 2653 priora
432 2622 497 2644 sunt
510 2624 539 2643 se
556 2613 688 2642 extendit.
703 2612 798 2645 Digre-

17 2666 85 2693 dicns
99 2674 166 2702 ergo
184 2667 284 2693 transit
308 2666 422 2698 primum
443 2664 532 2690 locum
549 2661 657 2690 Inalitim
669 2679 676 2692 ,
692 2664 718 2685 ct
735 2658 797 2684 inde

17 2715 153 2746 proﬁciens
169 2714 296 2749 passibus
313 2717 340 2740 et
355 2709 525 2746 ingressibus
540 2708 638 2735 transit
653 2707 720 2733 alias
736 2712 798 2740 pec-

807 822 829 850 Β

46 2786 66 2800 τ’
81 2785 177 2812 Matth.
195 2792 255 2816 xxv,
273 2785 316 2812 40.

17 2820 35 2834 ⁷⁷
52 2821 135 2847 Exod.
153 2829 194 2851 tu,
211 2820 237 2845 3.
293 2820 316 2835 ⁷³
328 2819 412 2849 Ιςίυιιι,
440 2818 467 2847 2,

17 2855 36 2870 ⁸³
49 2857 113 2883 ibid.
133 2856 180 2883 25.
221 2855 243 2870 "'
256 2854 325 2882 Psal.
340 2862 430 2887 xxxvi,
447 2853 488 2889 5..

499 2816 524 2842 6.

341 92 496 122 SELEC'I‘A
510 91 542 118 IN
560 88 730 118 PSALMOS.
744 103 778 108 -—-
799 87 919 116 liOMlL.
936 88 969 117 ιν
990 89 1023 116 IN
1042 89 1139 117 PSAL.
1160 88 1279 116 XXXVI.

355 2785 378 2799 τ’
392 2782 486 2810 Matth.
504 2789 531 2812 Χ,
547 2779 591 2806 40.
629 2778 653 2793 ⁷³
670 2777 735 2804 an.
753 2785 780 2809 κ,
795 2777 837 2804 10.

581 2815 603 2830 τ’
615 2813 691 2849 ,Ρδέιι
713 2820 777 2840 cxnt
788 2833 795 2847 ,
811 2813 838 2839 4.

1567 89 1635 115 ιόειι

845 151 967 174 catorum
985 148 1077 181 sudes,
1095 152 1151 175 tum
1166 147 1265 175 deinde
1278 153 1409 181 scrupeas
1428 146 1556 180 nequitia:
1571 154 1636 174 can-

844 195 895 223 tes.
910 198 936 219 et
954 192 1057 220 lubrica
1069 197 1096 220 et
1110 198 1245 227 praerupta
1262 192 1402 220 vitiorum.
1415 191 1482 219 Cum
1497 199 1564 220 vero
1578 192 1636 219 haec

844 238 928 264 etiam
942 239 1071 271 evaserit,
1086 245 1196 273 semper
1210 238 1244 265 ad
1260 245 1291 265 ea
1307 245 1367 272 quae
1383 237 1410 264 in
1429 241 1509 265 antea
1524 243 1588 264 sunt
1607 245 1636 263 se

843 283 992 309 extendens
1007 302 1015 315 ,
1040 282 1129 309 minus
1143 286 1228 310 restat
1252 281 1363 309 malitia
1376 301 1384 315 ,
1412 287 1440 309 et
1455 289 1536 309 omne
1561 282 1636 316 quod

842 327 951 362 prolicit
974 327 1045 360 viae;
1072 327 1094 354 si
1111 333 1198 355 tamen
1224 327 1374 355 incedendo
1397 328 1504 355 cautius
1524 336 1634 363 gressus

843 380 906 400 suos
926 373 1115 400 observaverit
1140 380 1175 400 ne
1195 373 1321 407 labatur,
1345 378 1375 400 ut
1394 373 1498 408 singula
1519 382 1633 409 quaequo

843 418 999 453 digrediens
1016 418 1126 445 malitia
1143 418 1213 451 loca,
1230 418 1266 445 ila
1283 422 1312 445 ut
1333 425 1387 445 non
1404 417 1522 445 oll'endat
1537 419 1632 453 pedem

843 471 920 491 suum
936 464 962 491 in
977 472 1020 497 ea,
1035 465 1184 492 secundum
1201 464 1253 491 hoc
1264 465 1336 498 quod
1350 464 1377 490 in
1394 464 1488 492 Exodo
1501 465 1632 500 scriptum

842 513 884 536 est
898 529 905 541 ,
928 509 1020 536 videre
1035 509 1122 544 possit
1146 509 1278 536 visionem
1296 516 1434 544 magnam.
1454 509 1538 537 Nemo
1560 509 1632 537 enim

842 555 930 582 adhuc
956 555 1001 590 qui
1027 555 1055 582 in
1081 555 1185 582 malitia
1202 559 1242 583 est
1257 575 1264 587 ,
1288 562 1339 582 nec
1352 556 1503 590 digreditur
1521 563 1583 583 eam
1606 560 1634 583 et

845 601 953 633 transit,
966 601 1067 635 poterit.
1081 601 1214 629 visionem
1227 601 1309 628 istam
1323 607 1447 636 magnam
1464 606 1633 628 secretorum

843 645 901 678 Dei,
920 646 1042 673 scientiae
1057 645 1162 673 scilicet
1178 650 1205 673 et
1219 647 1370 681 sapientia},
1389 646 1524 674 contueri.
1538 645 1633 681 Magna

843 698 908 726 ergo
924 695 967 718 est
985 691 1055 718 visio
1066 710 1074 723 ,
1098 699 1158 718 cum
1175 699 1243 726 puro
1260 692 1341 718 corde
1356 691 1427 718 Deus
1444 691 1559 719 videtur.
1577 691 1634 719 Ma-

843 746 893 773 gna
907 742 948 765 est
966 737 1035 765 visio
1058 745 1119 764 cum
1143 745 1213 772 puro
1227 737 1310 765 corde
1327 737 1441 765 verbum
1459 737 1506 765 Dei
1520 757 1528 770 ,
1545 742 1573 765 et
1590 745 1635 765 sa—

843 783 946 818 pientia
961 783 1007 810 Dei
1023 784 1069 817 qui
1084 788 1127 810 est
1139 784 1266 811 Christus
1281 783 1340 817 ejus
1354 784 1520 818 agnoscitur.
1538 783 1633 818 Magna

845 829 913 857 visio
926 833 968 857 est
983 836 1131 864 agnoscere
1144 833 1173 856 et
1187 829 1299 857 credere
1310 830 1337 856 in
1350 828 1480 863 Spiritum
1494 833 1632 857 sanctum.

845 875 940 911 Magna
959 882 1025 909 ergo
1042 875 1101 902 haec
1127 875 1195 902 visio
1212 875 1326 902 scientia
1352 874 1493 902 Trinitatis
1508 880 1561 902 est.
1578 874 1633 903 Ve-

844 925 996 948 rumtamen
1026 922 1107 948 ctiam
1136 920 1241 956 Moyses
1263 925 1328 948 tunc
1353 920 1462 947 videbat
1486 920 1513 947 in
1540 920 1634 948 Exodo

844 968 932 995 visunt
948 975 1088 1001 magnum,
1105 971 1130 994 el
1147 966 1258 1001 angelus
1273 966 1373 994 dicitur
1386 965 1432 1001 qui
1447 965 1590 993 videbatur
1605 966 1632 993 in

844 1013 912 1040 rubo
935 1013 960 1039 in
982 1013 1043 1048 igne
1056 1032 1064 1045 ,
1081 1017 1109 1040 et
1132 1019 1257 1047 magnam
1274 1019 1334 1039 eam
1354 1011 1486 1039 visionem
1504 1012 1632 1046 appellat.

845 1058 1014 1093 lntclligebat
1025 1057 1096 1085 enim
1115 1058 1175 1092 quis
1190 1061 1262 1085 esset
1280 1057 1307 1084 in
1323 1047 1429 1091 angelo.
1441 1056 1575 1084 Continuo
1587 1057 1635 1084 de-

846 1105 928 1139 nique
950 1105 1015 1131 dicit
1030 1105 1063 1131 ad
1081 1104 1165 1131 Deum
1178 1103 1219 1130 7':
1239 1102 1294 1138 Ego
1315 1110 1374 1129 sum
1392 1102 1462 1129 Dem
1480 1103 1634 1135 Abraham,

844 1155 868 1177 et
886 1150 956 1176 Deus
973 1149 1060 1182 Istrae,
1082 1155 1105 1176 et
1123 1149 1193 1176 Deus
1207 1148 1302 1176 Jacob.
1319 1148 1385 1176 Vide
1400 1154 1466 1182 ergo
1484 1155 1565 1181 quam
1580 1155 1635 1175 ma-

845 1203 896 1230 gna
915 1196 949 1222 sit
965 1196 1034 1223 visio
1058 1196 1115 1222 hate
1127 1215 1135 1227 ,
1156 1194 1280 1230 quamvis
1303 1199 1330 1221 et
1347 1194 1397 1220 hoc
1417 1193 1503 1228 ipsum
1521 1194 1557 1220 sit
1577 1201 1634 1221 ma-

845 1249 925 1276 guum
941 1242 1012 1268 scire
1028 1241 1099 1275 quod
1117 1241 1184 1267 Dens
1210 1240 1275 1266 facit
1295 1239 1404 1274 angelos
1427 1247 1488 1266 suos
1504 1240 1634 1273 spiritus,

846 1293 869 1314 et
893 1288 1029 1314 ministros
1046 1295 1108 1314 suos
1133 1288 1219 1321 ignem
1244 1290 1362 1313 urentem
1384 1286 1418 1312 ".
1436 1285 1469 1312 Et
1485 1292 1557 1312 nunc
1574 1285 1632 1319 qui~

846 1335 906 1362 dem
922 1332 1006 1369 Moysi
1016 1333 1104 1360 adhuc
1125 1332 1246 1367 pasceuti
1257 1339 1353 1366 pecora
1363 1331 1458 1359 Jcthro
1473 1331 1562 1359 soceri
1580 1331 1634 1363 sui,

846 1386 871 1408 et
886 1379 1019 1414 gradienti
1043 1377 1084 1405 vel
1101 1377 1253 1404 transeunti
1269 1377 1302 1403 ab
1321 1377 1372 1410 bis,
1391 1383 1486 1411 magna
1500 1381 1542 1404 est
1567 1377 1636 1404 visio

847 1427 905 1468 h_.cc
917 1445 924 1457 ,
940 1425 966 1452 in
982 1432 1035 1459 qua
1051 1424 1076 1452 ei
1091 1422 1203 1458 angelus
1220 1417 1322 1450 dicitur
1339 1429 1478 1457 apparere.
1495 1421 1524 1450 Si
1544 1427 1635 1450 autem

847 1472 928 1499 etiam
944 1478 1019 1497 mare
1030 1469 1151 1497 Rubrum
1167 1469 1317 1500 transierit.
1331 1472 1357 1495 et
1374 1468 1498 1495 columna
1511 1475 1574 1495 eum
1588 1476 1636 1495 nu-

848 1518 890 1545 bis
904 1517 1061 1548 obtexerit,
1076 1520 1103 1542 ct
1121 1515 1205 1542 futuri
1222 1514 1349 1548 baptismi
1369 1514 1523 1541 adoraverit
1545 1521 1637 1541 sacra-

847 1567 949 1595 menta,
962 1568 1026 1590 tunc
1038 1563 1121 1589 etiam
1134 1560 1267 1595 majorem
1280 1560 1412 1588 visionem
1423 1561 1521 1595 poterit
1532 1560 1635 1588 videre.

847 1607 1016 1644 logredietur
1032 1606 1106 1634 enim
1132 1605 1275 1640 czdiginem
1297 1609 1327 1631 et
1343 1604 1499 1636 turbinem,
1514 1604 1559 1630 ubi
1576 1611 1638 1631 esse

847 1655 906 1690 ipse
918 1654 1019 1681 dicitur
1033 1652 1121 1684 Deus,
1136 1651 1182 1678 ubi
1197 1651 1328 1686 scriptum
1345 1655 1388 1678 est
1400 1650 1434 1682 ⁸⁸,
1449 1650 1513 1685 quia
1531 1649 1637 1685 Moyses

847 1701 921 1728 solus
940 1699 1087 1727 accedebat
1104 1698 1137 1725 ad
1156 1698 1239 1725 Deum
1256 1716 1264 1730 ,
1290 1697 1382 1724 caeteri
1410 1700 1499 1723 autem
1524 1703 1540 1722 a
1558 1695 1637 1730 longe

847 1745 966 1773 stabant.
993 1744 1026 1777 Et
1051 1744 1077 1770 iu
1106 1747 1212 1770 tantum
1230 1749 1277 1776 per
1301 1741 1369 1768 istas
1394 1748 1507 1775 magnas
1531 1740 1637 1775 Moyses

847 1791 954 1826 proiicit
968 1791 1089 1816 visiones
1105 1809 1112 1820 ,
1136 1792 1166 1815 ιιι
1182 1788 1285 1814 diceret
1302 1787 1335 1813 ad
1354 1786 1455 1813 Deum:
1480 1786 1510 1812 Si
1532 1787 1636 1818 iuveni,

848 1837 936 1872 inquit
949 1836 981 1867 “,
995 1835 1108 1870 gratiam
1124 1843 1213 1861 coram
1229 1838 1263 1866 te,
1279 1833 1420 1867 manifesta
1435 1831 1499 1858 milii
1513 1832 1636 1864 teiprum,

847 1887 875 1908 ut
889 1881 1021 1908 euidenter
1034 1881 1136 1907 vitietur:
1151 1884 1186 1906 te.
1208 1878 1240 1905 Et
1257 1882 1322 1904 tunc
1336 1877 1412 1904 audit
1426 1884 1440 1902 τι
1457 1877 1511 1903 Deo
1524 1876 1556 1908 ⁸³,
1573 1876 1636 1910 quia

842 1927 941 1954 Ponant
955 1930 979 1953 te
991 1927 1017 1952 in
1033 1925 1165 1960 foramine
1177 1930 1268 1958 μείνω,
1286 1927 1360 1958 petra
1377 1927 1467 1950 autem
1483 1925 1543 1949 erat
1558 1921 1638 1949 Chri-

848 1978 906 2000 stus
927 1982 934 1999 :
952 1978 981 1999 ut
1004 1979 1053 2006 per
1077 1970 1199 1998 foramen
1223 1969 1413 1998 brevissimum
1435 1968 1528 1995 videas
1549 1973 1638 2002 postc-

848 2020 920 2047 riora
935 2026 1006 2050 mea,
1024 2018 1076 2045 hoc
1089 2024 1140 2049 est,
1156 2021 1186 2043 ut
1201 2025 1232 2043 ea
1246 2023 1306 2050 quat
1320 2015 1346 2042 in
1363 2014 1519 2041 novissimis
1535 2021 1638 2048 tempo-

849 2066 924 2092 ribus
939 2063 1122 2098 imptcbuntur
1143 2070 1190 2097 per
1205 2061 1420 2096 assumptionem
1435 2059 1538 2092 carnis,
1554 2066 1637 2094 agno-

848 2118 927 2138 scas:
955 2109 1062 2136 Faciem
1086 2114 1173 2135 autem
1196 2116 1282 2134 meam
1306 2106 1392 2133 videre
1414 2113 1465 2131 non
1487 2104 1585 2139 poteris
1601 2103 1637 2132 ⁸³,

813 2166 837 2194 ι)
851 2157 904 2184 Sed
921 2155 1037 2189 digressi
1053 2162 1100 2189 per
1114 2153 1331 2188 quamplurimas
1349 2150 1478 2181 visiones,
1495 2150 1639 2177 redeamus

851 2210 922 2230 nunc
935 2202 968 2228 ad
987 2202 1036 2228 hoc
1052 2200 1122 2235 quod
1141 2199 1330 2234 proposuimus
1345 2197 1379 2224 de
1394 2197 1499 2231 psalmo
1513 2216 1520 2227 ,
1540 2195 1602 2230 quia
1621 2204 1638 2221 α

850 2250 974 2280 Domino,
995 2248 1081 2282 inquit
1096 2246 1128 2280 3‘,
1142 2253 1246 2281 gressu:
1261 2243 1377 2270 hominis
1398 2243 1563 2276 diriguntur.
1587 2241 1639 2268 Su-

851 2304 899 2330 pra
922 2293 1096 2328 exposuimus
1119 2290 1255 2326 quomodo
1273 2289 1325 2315 iter
1343 2287 1405 2322 quis
1430 2287 1581 2321 ingreditur
1604 2287 1638 2312 ad

851 2342 997 2368 virtutem:
1013 2338 1140 2373 quoniam
1157 2336 1203 2371 qui
1217 2335 1268 2362 iter
1285 2334 1340 2368 agit
1355 2333 1388 2360 ad
1403 2332 1542 2364 virtutem,
1557 2332 1638 2358 multa

851 2393 914 2414 sunt
929 2393 990 2421 quae.
1008 2384 1111 2419 digredi
1129 2383 1209 2410 habet
1228 2385 1255 2407 et
1271 2379 1400 2407 transire.
1415 2378 1485 2412 Ergo
1501 2381 1526 2403 ct
1544 2381 1570 2404 tu
1590 2377 1638 2411 qui

851 2433 883 2460 ad
901 2432 1037 2459 Christum
1055 2428 1145 2456 tendis
1157 2447 1165 2460 ,
1190 2426 1236 2461 qui
1253 2430 1294 2453 est
1310 2424 1356 2452 Dei
1370 2423 1456 2450 virtus
1468 2441 1476 2454 ι
1498 2421 1639 2456 digredere

849 2478 983 2506 luxuriam
994 2496 1002 2509 ,
1026 2479 1133 2507 scorta,
1149 2473 1294 2503 adulteria,
1310 2470 1454 2505 digredere
1469 2468 1553 2501 [ιιι-ιιι,
1568 2466 1637 2493 falsa

852 2522 1003 2551 testimonia
1016 2541 1023 2554 ,
1040 2526 1096 2548 tum
1115 2520 1213 2547 deinde
1228 2517 1368 2552 digredere
1384 2520 1410 2543 et
1429 2513 1573 2541 avaritiam
1587 2532 1595 2545 ,
1611 2517 1640 2540 et

850 2576 957 2596 omnem
972 2567 1093 2603 pecunia:
1104 2571 1319 2598 ceterarumque
1329 2562 1461 2589 malarum
1475 2567 1566 2588 rerum
1576 2566 1645 2586 con-

851 2614 1060 2649 cupiscentiam.
1076 2612 1220 2647 digredere
1235 2609 1416 2638 mendacium,
1433 2606 1577 2641 digredere
1592 2605 1643 2632 tri-

852 2661 956 2688 stitiam
983 2659 1085 2686 szecnli.
1103 2657 1160 2684 Nisi
1180 2657 1237 2683 haec
1260 2654 1350 2682 omnia
1375 2654 1515 2688 digressus
1529 2650 1616 2678 fueris
1630 2668 1638 2682 ,

852 2708 984 2735 visionem
998 2705 1070 2732 illam
1085 2710 1210 2738 magnam
1226 2701 1331 2729 Domini
1347 2700 1438 2727 videre
1451 2706 1503 2726 non
1525 2696 1639 2732 poteris.

876 2775 897 2791 "
918 2774 988 2802 Psal.
1010 2770 1106 2805 xxxvi,
1123 2772 1168 2799 25.
1207 2772 1230 2787 ⁷⁵
1245 2772 1308 2798 ibid.
1325 2771 1368 2797 51.
1408 2770 1430 2785 τί
1444 2770 1513 2796 Psal.
1530 2767 1649 2805 exstitit.

894 2811 917 2827 ⁸ο
933 2809 1017 2837 Exod.
1034 2802 1105 2835 xtxf
1145 2808 1165 2824 "
1180 2806 1264 2834 Exod.
1283 2814 1378 2838 xxxm,
1393 2806 1435 2832 15.
1490 2805 1513 2820 δ’
1527 2803 1592 2831 ibid.
1606 2802 1647 2830 22.
