1885 3053
225 77 290 106 1551

931 79 976 106 EX
996 78 1148 106 ORIGENE

1798 81 1851 110 {33‘}.

223 134 294 162 Sunt
306 142 372 170 ergo
382 135 493 170 quidam
510 136 537 163 in
550 136 628 163 nobis
643 143 756 169 gressus
770 141 797 163 et
811 136 906 170 pedes,
917 135 1018 170 quibus
1031 138 1055 165 Α
1068 137 1125 171 ejus
1142 137 1176 164 ".
1193 138 1230 164 lbi
1244 138 1315 165 dixit
1329 138 1391 172 quia
1403 138 1560 173 diriguntur
1573 145 1691 174 gressus
1711 139 1829 167 hominis
1842 150 1851 166 π

223 180 276 207 iter
297 181 348 208 hoc
363 182 491 216 agimus,
514 186 577 208 sunt
603 189 711 216 gressus
736 181 875 208 interioris
899 180 1017 208 hominis

223 227 322 260 quibus
336 227 479 254 ambulare
495 235 638 260 possumus
654 235 701 261 per
718 227 792 255 illam
811 227 882 254 viam
901 234 962 262 quze
976 227 1017 253 di-

222 272 261 299 cit
285 273 323 298 "2
350 271 407 306 Ego
422 280 479 299 sum
495 273 536 299 ria
550 293 557 305 ,
574 274 669 300 ueritus
684 279 709 299 et
725 273 790 300 vita.
809 272 865 300 Hoc
878 280 944 307 ergo
965 273 1017 299 iter

225 318 367 352 agentibus
401 319 493 345 multis
518 319 661 353 gressibus
698 319 828 346 utendum
862 323 904 346 est
937 319 1016 346 nobis

222 368 253 390 ut
282 363 325 390 illa
357 364 449 390 omnia
474 372 535 399 qua:
568 373 650 399 supra
676 365 796 392 diximus
822 371 1013 396 transeamus,

221 409 284 442 quia
299 416 408 443 gressus
434 409 551 437 hominis
579 417 594 437 a
623 409 736 437 Domino
762 410 923 444 diriguntur.
956 409 1013 437 Non

220 453 319 481 sutiicit
344 454 446 481 homini
475 454 576 482 volenti
608 454 678 482 istud
710 456 762 482 iter
795 455 1012 490 incedere67l

221 498 278 526 sola
308 500 439 534 propositi
475 501 519 528 sui
552 500 700 533 voluntas,
742 500 792 528 nisi
821 505 850 528 et
884 501 1014 528 Dominus

221 546 354 573 direxerit
381 553 496 580 gressus
515 546 576 581 ejus
600 555 608 574 :
631 547 694 582 quia
727 546 886 582 frequenter
914 547 1014 574 accidit

221 591 273 618 iter
286 591 433 626 agentibus
441 596 471 619 ut
482 591 632 625 ambulent,
649 593 720 626 quod
736 592 788 619 iter
802 597 892 619 tamen
909 597 1012 620 rectum

221 643 314 665 tenere
325 645 378 665 non
391 638 509 673 possint,
525 639 574 666 sed
588 639 714 666 decidant
729 639 755 666 in
766 638 872 673 aliquos
886 646 1010 666 errores:

221 689 250 711 ut
267 684 304 711 illi
321 685 368 719 qui
384 685 412 712 in
433 685 612 720 philosophiae
630 686 785 713 eruditione
803 690 956 716 versantur,
972 686 1013 713 ri-

220 730 322 757 dentur
346 730 457 765 quidem
480 730 534 758 iter
556 731 667 758 virtutis
694 730 834 764 incedere,
852 731 899 758 sed
917 731 979 766 qttia
995 739 1010 758 ιι

219 777 334 804 Domino
352 784 406 804 non
423 777 580 812 diriguntur
592 784 703 812 gressus
717 783 826 809 eorum,
845 784 898 804 non
919 781 1010 804 tenent

218 823 270 850 iter
285 827 400 851 rectum.
413 823 466 850 Sed
480 809 508 850 et
523 809 646 850 haeretici
664 822 841 849 nihilominus
853 822 1009 857 ingrediun-
1023 809 1045 839 Β

219 873 263 895 tnr
277 869 361 896 etiam
379 868 429 903 ipsi
443 868 505 900 iter,
524 868 571 896 sed
587 875 650 895 cum
667 866 828 901 Seripturas
848 868 1007 901 carnaliter,

218 922 270 941 non
288 913 448 949 spiritaliter
465 913 630 947 intelligunt,
646 913 788 940 declinant
807 914 834 941 itt
857 914 1006 941 sinistram.

218 960 246 986 Si
262 967 326 986 vero
342 959 502 994 spiritaliter
515 959 681 993 intelligant,
696 960 723 987 in
742 961 801 995 ipso
813 965 905 987 autem
922 960 1008 995 spiri-

217 1006 263 1032 tali
284 1005 421 1033 intellectu
432 1004 589 1040 apostolicae
603 1012 658 1032 neu
677 1010 785 1033 teneant
800 1006 920 1041 regulam
936 1006 1010 1033 reri-

218 1047 296 1082 tatis.
324 1051 454 1079 decidunt
478 1051 658 1078 nihilominus
676 1056 705 1078 et
730 1051 781 1086 ipsi
803 1052 836 1078 ad
856 1051 1007 1083 dexteram,

216 1097 337 1129 diabolo,
361 1103 391 1123 ut
416 1097 452 1124 ita
471 1096 601 1128 dixerim,
617 1103 730 1131 gressus
750 1103 844 1123 eorum
868 1104 921 1124 non
942 1096 1008 1124 diri-

214 1147 303 1178 gente,
316 1143 363 1170 sed
378 1143 561 1178 tletorquente
585 1150 598 1169 a
613 1143 654 1170 via
673 1148 759 1170 recta.
778 1142 833 1170 Nos
842 1150 908 1177 ergo
920 1149 1008 1177 neque

214 1189 248 1215 ad
264 1189 418 1222 dexteram,
435 1197 524 1224 neque
539 1190 572 1216 ad
597 1189 739 1216 sinistram
757 1189 938 1220 declinantes,
967 1188 1009 1215 iu-

214 1234 372 1270 grcdiamur
385 1235 503 1261 mediam
517 1235 588 1261 viam
604 1241 667 1269 qua:
678 1239 718 1262 cst
730 1234 856 1262 Christus
868 1233 1007 1267 Dominus,

213 1281 275 1314 quia
295 1281 321 1307 in
339 1281 398 1315 ipso
414 1281 611 1308 ambulantiqu
628 1288 738 1316 gressus
758 1281 888 1308 Dominus
903 1280 1006 1315 dirigit.

213 1327 235 1353 Α
260 1327 372 1353 Domino
390 1334 455 1361 ergo
470 1334 575 1360 gressus
588 1325 702 1352 hominis
715 1326 874 1361 dirigentur,
890 1331 914 1353 et
938 1326 1007 1353 viam

213 1373 272 1407 ejus
290 1372 418 1404 cupiat",
431 1372 505 1398 illam
520 1371 630 1398 scilicet
646 1372 718 1398 viam
732 1372 767 1400 de
782 1379 834 1406 qua
845 1378 927 1406 supra
937 1371 1009 1398 dixi-~

214 1426 284 1445 tuus.
303 1418 400 1452 Cupiet
420 1418 494 1445 enim
508 1418 555 1452 qui
577 1425 592 1444 a
609 1417 664 1445 Deo
675 1417 803 1452 dirigitur
814 1417 963 1450 Christum,
979 1420 1008 1445 et

215 1465 380 1492 desiderabit
398 1470 561 1498 permanere
576 1470 685 1498 semper
700 1463 727 1490 ιιι
742 1464 866 1491 Christo.
1019 1479 1042 1509 α

250 1509 278 1537 2.
294 1511 360 1536 Cum
389 1509 524 1543 ceciderit,
551 1510 641 1544 inquit
654 1509 688 1542 ",
713 1517 766 1535 mm
792 1507 1005 1536 conturbabitur.

213 1555 347 1591 Superius
364 1555 457 1583 dicens
480 1555 546 1591 quia
569 1562 584 1582 a
602 1555 716 1582 Domino
727 1554 883 1589 diriguntur
897 1561 1006 1589 gressus

212 1603 281 1636 ejus,
299 1602 343 1629 hic
358 1602 390 1629 de
398 1608 463 1628 casu
478 1601 538 1636 ejus
552 1601 681 1635 loquitur.
692 1600 761 1627 Vide
768 1607 834 1635 ergo
848 1599 910 1634 quia
922 1599 1006 1626 etiam

214 1647 258 1674 bis
268 1648 312 1681 qui
335 1647 386 1674 iter
395 1647 446 1674 hoc
461 1646 594 1674 incedunt
610 1645 758 1681 aliquando
775 1645 881 1672 accidat
896 1645 1006 1678 cadere,

211 1693 294 1719 etiam
311 1692 354 1719 his
371 1692 417 1727 qui
442 1699 456 1718 a
474 1691 589 1719 Domino
605 1691 779 1726 diriguntur;
796 1691 844 1718 sed
865 1695 907 1718 est
921 1691 1005 1718 multa

212 1737 364 1766 diﬂ'ereutia
389 1739 462 1766 inter
475 1746 569 1766 casum
590 1738 655 1773 justi
671 1742 700 1765 et
716 1745 808 1765 casum
830 1737 932 1771 injusti.
955 1736 1006 1764 Ju-

213 1789 282 1815 stus,
301 1784 401 1819 inquit,
430 1793 491 1812 cum
508 1784 637 1812 ceciderit
659 1791 713 1811 non
731 1784 917 1818 prosternitur
935 1790 942 1809 :
961 1783 1003 1810 in-

211 1829 300 1862 iustus
318 1835 346 1856 et
368 1831 414 1864 qni
439 1838 513 1864 spent
533 1839 586 1857 nott
607 1830 690 1858 habet
708 1830 733 1856 in
754 1829 808 1856 Deo
829 1830 966 1864 positam,
981 1829 1005 1856 si

211 1875 352 1908 ceciderit,
378 1877 564 1911 prosternitur
593 1881 620 1902 et
645 1883 699 1902 non
722 1876 831 1910 surgit:
861 1876 886 1902 id
906 1882 959 1908 est,
981 1875 1004 1902 si

211 1922 378 1956 peccaverit,
401 1930 453 1949 non
475 1923 590 1956 poenitet
604 1926 632 1949 et
648 1926 792 1956 peccatum
808 1928 886 1948 suum
910 1928 1005 1947 emen-

211 1967 278 1994 dare
290 1967 388 1994 nescit.
411 1968 505 1994 Justus
521 1972 613 1994 autem
635 1968 657 1994 si
683 1967 711 1994 in
735 1967 828 2001 aliquo
848 1966 1003 1999 oil'enderit,

212 2014 234 2040 si
264 2014 290 2040 in
315 2012 417 2040 verbo:
442 2013 580 2047 apostolus
598 2012 670 2040 enitn
697 2017 740 2040 cst
763 2012 811 2047 qui
837 2012 934 2039 dicit”
950 2011 1004 2039 :lu

212 2060 301 2086 multis
312 2059 382 2085 enim
396 2058 554 2092 o/fendimus
570 2067 668 2091 omnes,
683 2064 708 2084 et
718 2058 741 2083 si
752 2058 809 2092 quis
827 2058 852 2083 in
863 2057 939 2084 uerbo
952 2064 1004 2083 non

211 2105 331 2139 offendit,
348 2105 390 2130 hic
401 2105 533 2138 perfectus
550 2109 588 2131 est
601 2103 650 2138 uir)
666 2102 867 2137 :olI'enditergo
875 2107 902 2129 et
912 2102 1004 2136 justus

1069 183 1197 215 Domino,
1219 184 1266 212 hic
1297 185 1359 219 quia
1391 192 1444 212 non
1471 185 1724 221 supplantabuntur
1755 193 1852 221 gressus

1064 229 1144 263 justi,
1159 231 1222 264 quia
1247 231 1389 263 Dominus,
1405 231 1503 266 inquit,
1517 232 1660 266 conﬁrmat
1684 241 1786 258 manus
1798 235 1852 266 ejn.

1067 274 1095 302 ln
1111 275 1164 302 alio
1182 276 1296 310 psalmo,
1311 276 1338 304 id
1354 281 1395 303 est
1409 277 1433 304 in
1446 277 1649 311 septuagesimo
1662 278 1808 309 secundo,
1821 279 1851 304 di-

1066 321 1166 348 cit":
1194 321 1246 348 Mei
1274 327 1362 348 autem
1390 331 1456 356 pene
1484 323 1549 349 moti
1579 328 1640 349 sunt
1669 323 1765 356 pedes.
1790 323 1853 356 Quod

1068 368 1094 395 id
1106 367 1193 402 ipsutn
1204 367 1310 395 videtur
1324 367 1530 402 intelligendum
1551 368 1694 395 similiter.
1710 368 1854 396 Proﬁciea-

1067 417 1107 440 tes
1129 414 1229 440 etenim
1247 413 1279 439 ad
1296 415 1412 440 virtutes
1435 413 1510 440 velut
1527 421 1641 440 ascensu
1655 415 1778 448 quodam
1796 416 1854 442 niti~

1065 463 1145 488 nmr;
1161 456 1187 482 in
1212 464 1265 491 quo
1280 463 1395 484 ascensu
1422 457 1445 484 si
1463 458 1526 492 quis
1552 458 1663 485 labatur
1685 463 1714 486 et
1735 460 1854 491 decidat,

1063 502 1231 530 ascensionis
1246 510 1302 530 sum
1316 503 1407 537 perdit
1426 503 1589 539 profectum.
1604 503 1688 532 Istius
1702 512 1770 538 ergo
1783 505 1855 533 elusi

1063 552 1127 574 sunt
1138 556 1260 583 gressus.
1283 548 1340 576 lloc
1366 553 1457 577 autem
1480 550 1520 583 iit,
1534 558 1597 577 cum
1610 550 1675 585 quis
1689 556 1753 586 post
1769 551 1856 585 prore.

1063 599 1134 620 ctum
1152 600 1303 622 retrorsum
1330 595 1414 622 fuerit
1441 603 1591 623 conversus
1605 605 1613 622 :
1627 597 1700 624 sicut
1717 597 1823 624 accidit
1834 603 1855 624 et

1063 638 1140 665 uxori
1158 638 1207 666 Lot
1221 639 1260 672 ",
1280 647 1339 673 quae
1355 640 1559 675 ingrediebatur
1576 641 1645 669 bene
1657 642 1812 677 egrediens
1828 644 1855 670 tle

1063 682 1200 715 Sodomis.
1222 688 1250 710 et
1266 683 1397 718 cﬂ'ugiens
1417 692 1512 720 pcenas
1531 685 1665 712 malorum
1683 685 1856 720 ingredieba-

1063 733 1107 754 tur
1123 734 1151 756 ct
1167 729 1332 757 ascendebat
1342 730 1375 758 ad
1391 735 1508 758 montem
1523 739 1578 765 quo
1592 732 1692 766 angelo
1713 732 1787 759 duce
1802 739 1857 766 per-

1062 775 1158 809 gebat;
1177 776 1224 803 sed
1252 777 1378 810 quoniam
1401 781 1497 804 contra
1516 778 1677 805 tuandatttm
1707 778 1759 805 Dei
1786 777 1857 811 fecit,

1060 822 1130 856 quod
1146 821 1221 855 jussu
1249 822 1338 849 fuerat
1357 830 1411 849 non
1435 823 1571 858 respicere
1593 827 1751 850 retrorsum
1776 831 1857 858 neque

1059 872 1133 894 stare
1148 868 1176 894 in
1195 868 1269 895 onmi
1290 867 1401 901 regione
1417 868 1472 901 illa,
1491 868 1537 896 sed
1557 868 1590 894 ad
1611 873 1740 896 montem
1764 876 1855 896 ascen-

1059 914 1136 946 dere,
1152 918 1232 948 atque
1245 913 1280 941 ibi
1295 913 1407 946 salvari,
1423 920 1484 941 cum
1501 921 1633 941 conversa
1654 914 1691 941 ad
1705 916 1855 949 posteriora

1061 965 1212 986 retrorsum
1229 959 1361 994 respexit,
1385 959 1421 987 ibi
1434 959 1511 987 ell'usi
1529 964 1591 986 sunt
1604 967 1724 993 gressus
1750 961 1820 992 eius,
1832 966 1853 986 et

1059 1004 1177 1039 perdidit
1193 1011 1274 1032 omne
1285 1004 1358 1040 quod
1374 1004 1463 1032 fuerat
1477 1010 1541 1032 ante
1549 1005 1689 1039 digressa,
1706 1011 1855 1040 permansit

1060 1051 1180 1086 perfecta
1199 1050 1370 1078 statuunenla
1394 1051 1471 1078 salis.
1495 1051 1551 1078 Hoc
1570 1055 1613 1078 est
1625 1053 1704 1087 quod
1728 1051 1855 1079 Dominus

1059 1096 1086 1123 in
1104 1096 1248 1131 Evangelia
1271 1096 1370 1124 dicit"
1385 1104 1393 1123 :
1407 1095 1492 1123 Nemo
1512 1097 1619 1124 mittens
1642 1106 1764 1125 manum
1786 1107 1854 1125 suam

1058 1142 1094 1169 ad
1115 1148 1247 1177 aratrum,
1271 1148 1295 1170 et
1308 1148 1378 1170 retro
1395 1143 1537 1177 resp‘cieus
1552 1149 1632 1177 aptus
1645 1150 1691 1171 est
1707 1153 1792 1180 regno
1803 1145 1853 1172 Dri.

1059 1187 1106 1215 Vis
1121 1188 1167 1216 tibi
1181 1189 1323 1216 ostendam
1334 1194 1361 1217 et
1378 1189 1446 1216 alios
1463 1197 1580 1224 quorum
1597 1189 1684 1217 eﬂ'usi
1701 1196 1772 1217 sunt
1783 1199 1853 1223 gres-

1059 1233 1127 1261 sus?
1142 1233 1299 1261 Recordare
1311 1234 1372 1262 illos
1384 1235 1431 1269 qui
1447 1234 1618 1262 transierunt
1641 1243 1696 1269 per
1714 1243 1796 1263 mare
1807 1236 1855 1263 Ru-

1060 1281 1137 1306 brum
1155 1284 1280 1314 tanquam
1294 1287 1343 1315 per
1359 1281 1475 1311 aridam,
1493 1284 1521 1307 et
1533 1285 1685 1315 peccantes
1701 1281 1730 1308 in
1752 1281 1854 1308 deserto

1059 1326 1230 1359 ceciderunt,
1253 1331 1280 1354 et
1305 1327 1341 1354 ibi
1358 1327 1435 1354 επυεί
1454 1332 1519 1354 sunt
1539 1335 1651 1358 gressus
1672 1335 1785 1356 eorum.
1803 1328 1853 1357 Sed

1059 1375 1085 1398 ct
1098 1378 1171 1399 nunc
1185 1372 1209 1399 sl
1224 1372 1333 1406 quando
1347 1373 1454 1400 accidat
1467 1373 1585 1408 aliquem
1604 1373 1715 1401 vixisse
1729 1375 1757 1402 in
1771 1376 1853 1401 couti-

1059 1415 1149 1441 nentia
1164 1415 1253 1443 tribus
1262 1420 1309 1443 aut
1320 1421 1438 1451 quatuor
1444 1418 1535 1450 annis,
1544 1422 1571 1445 el
1579 1425 1612 1445 eo
1625 1419 1766 1453 amplius,
1775 1419 1853 1446 alium

1058 1460 1086 1487 in
1101 1460 1178 1488 verbi
1191 1465 1219 1489 et
1234 1461 1363 1489 doctrina
1384 1463 1474 1490 studio
1493 1467 1522 1489 et
1543 1463 1692 1497 sapientiae
1715 1464 1855 1492 laboribus

1057 1512 1168 1540 operam
1181 1505 1306 1538 dedisse;
1322 1511 1386 1535 tunc
1406 1507 1506 1535 deinde
1527 1507 1550 1535 si
1572 1507 1666 1535 victus
1685 1508 1774 1536 fuerit
1795 1510 1851 1540 hic.

1056 1550 1098 1578 vel
1116 1551 1148 1578 ad
1160 1551 1252 1578 carnis
1266 1551 1401 1579 luxuriam
1418 1557 1549 1586 transeat,
1566 1553 1609 1580 vel
1621 1555 1656 1581 ad
1674 1555 1731 1581 alia
1744 1562 1852 1589 peccata

1057 1596 1189 1628 declinet,
1205 1601 1253 1624 aut
1269 1600 1302 1624 ad
1322 1597 1405 1624 vitam
1419 1605 1449 1625 se
1464 1598 1611 1627 transferat
1627 1600 1739 1633 szeculi,
1754 1601 1798 1629 vel
1821 1601 1853 1628 ad

1057 1642 1165 1677 negotia
1181 1650 1214 1670 ac
1231 1642 1306 1670 lucra
1331 1644 1518 1678 corruptibilis
1538 1645 1600 1672 vitae
1622 1652 1784 1679 convertat,
1802 1655 1852 1674 nou

1056 1687 1165 1716 dubites
1180 1688 1215 1715 de
1228 1695 1262 1715 eo
1274 1688 1367 1715 dicere
1386 1691 1449 1724 quia
1467 1690 1545 1718 επιιεί
1565 1696 1629 1718 sunt
1647 1699 1765 1726 gressus
1782 1696 1851 1728 eius.

1055 1733 1111 1761 Nos
1123 1741 1189 1769 ergo
1206 1735 1383 1770 deprecemur
1400 1736 1542 1763 Dominum
1562 1742 1589 1764 ul
1610 1737 1715 1772 dirigat
1745 1747 1853 1774 gressus

1056 1783 1176 1812 nostros,
1195 1785 1222 1807 et
1233 1782 1369 1808 custodiat
1390 1782 1447 1808 vias
1472 1787 1593 1815 nostras,
1619 1784 1659 1810 uti
1675 1791 1711 1810 ne
1725 1786 1852 1819 supplan-

1057 1831 1148 1854 tentur
1166 1834 1276 1861 gressus
1290 1828 1393 1861 nostri;
1418 1833 1447 1855 ut
1462 1829 1487 1855 in
1505 1829 1546 1855 via
1573 1837 1656 1863 quam
1681 1830 1848 1863 incedimus,

1057 1872 1108 1899 hoc
1128 1877 1170 1900 est
1188 1873 1214 1900 in
1234 1873 1345 1900 Christo
1371 1873 1483 1900 Domino
1497 1880 1603 1905 nostro,
1616 1875 1693 1908 quasi
1707 1884 1793 1910 supra
1808 1884 1851 1911 pe-

1056 1922 1126 1944 tram
1140 1918 1266 1946 stabilem
1280 1920 1391 1954 vestigia
1406 1925 1499 1946 nostra
1512 1919 1667 1953 ﬁrmentur,
1689 1929 1727 1948 ne
1741 1930 1849 1957 quoquo

1058 1964 1138 1991 modo
1155 1965 1324 1999 supplantnri
1340 1965 1492 1999 possimus;
1504 1973 1552 1999 per
1565 1966 1641 1993 illurn
1657 1967 1765 1994 scilicet
1775 1969 1850 2001 cuius

1055 2017 1106 2037 nos
1125 2016 1208 2045 caput
1227 2010 1426 2044 observamus,
1449 2016 1478 2039 cl.
1504 2012 1547 2038 ille
1564 2017 1692 2040 ttostrum
1718 2015 1848 2041 observat

1055 2056 1224 2088 calcaneum,
1246 2057 1290 2084 cui
1312 2057 1405 2092 utique
1418 2066 1556 2093 nunquam
1572 2066 1624 2086 nos
1636 2065 1753 2094 oportet
1775 2061 1849 2095 plalt-

1056 2106 1111 2128 tsm
1143 2103 1243 2129 nudam
1266 2104 1402 2137 pra-bere,
1429 2105 1476 2131 sed
1497 2112 1605 2139 semper
1630 2105 1768 2133 debemus
1791 2114 1846 2132 ess:

213 2153 239 2179 in
258 2152 353 2182 verbo,
374 2151 500 2178 fortassis
516 2151 597 2177 etiam
615 2150 760 2185 aliquando
771 2155 798 2176 et
812 2150 838 2176 iu
855 2149 939 2182 facto,
954 2149 1001 2176 scil
1017 2150 1040 2177 D
1054 2149 1163 2175 calceoli
1178 2149 1254 2183 pedes
1270 2149 1298 2175 in
1311 2150 1505 2184 praeparatione
1521 2149 1658 2185 Evangelii
1669 2154 1748 2186 pacis
1759 2153 1792 2183 ³⁸,
1810 2160 1849 2186 ω,

212 2198 264 2225 scit
275 2197 424 2224 emendare
432 2217 440 2230 ,
452 2196 504 2224 scit
513 2197 667 2231 corrigere:
679 2196 731 2223 scit
743 2195 789 2223 ille
800 2196 845 2229 qui
854 2194 1001 2222 dixerat”:

214 2243 310 2271 Nescio
324 2243 469 2275 hominem,
487 2242 569 2277 paulo
583 2246 645 2277 post
662 2249 725 2269 cum
745 2246 884 2277 respectus
907 2241 1003 2268 fuisset

214 2299 230 2318 a
241 2291 366 2322 Domino,
378 2290 442 2317 ﬂere
453 2288 636 2320 amarissime;
652 2288 703 2315 scit
721 2292 749 2315 ct
766 2288 810 2315 ille
823 2287 869 2322 qui
885 2287 918 2314 de
933 2291 1005 2315 tecto

215 2337 356 2365 mulierem
368 2336 480 2365 viderat.
497 2339 524 2361 et
538 2333 714 2368 concupierat
730 2340 801 2364 eam,
814 2332 904 2360 dicere
918 2341 924 2358 :
942 2332 1006 2358 Pec-

214 2379 281 2411 cavi,
302 2378 367 2413 quia
379 2378 427 2405 tibi
437 2379 489 2406 soli
500 2378 606 2414 peccavi
621 2383 644 2405 et
656 2377 756 2405 niuium
770 2385 860 2404 coram
872 2381 897 2403 te
907 2376 1001 2412 feci“.

211 2425 241 2453 Si
252 2432 320 2460 ergo
335 2432 396 2452 cum
412 2425 542 2452 ceciderit
557 2424 647 2459 justus
661 2432 715 2452 noti
738 2423 931 2457 prosternitur,
948 2429 1001 2449 non

211 2470 385 2505 permanebit
411 2469 438 2496 iu
461 2474 584 2505 peccato,
599 2470 646 2497 sed
660 2468 770 2497 exsiliet
782 2468 850 2500 cito,
869 2474 1000 2502 tanquam

213 2515 321 2542 damula
339 2523 373 2542 ex
386 2515 500 2548 retibus,
518 2520 546 2542 et
560 2519 688 2550 tanquam
708 2514 768 2541 avis
779 2515 812 2541 de
834 2514 940 2548 laqueo.
959 2513 1002 2541 lu-

209 2560 299 2596 justus
318 2567 409 2588 autem
428 2569 482 2588 non
495 2561 582 2588 solum
596 2564 751 2594 permanet,
767 2560 814 2586 sed
834 2565 862 2586 et
877 2565 1000 2593 proster-

212 2607 284 2634 nitur
295 2609 321 2635 in
339 2608 469 2643 peccatis.
490 2606 585 2634 Justus
597 2611 688 2633 autem
702 2605 767 2640 quid
785 2605 849 2632 facit
860 2605 871 2632 ‘t
883 2604 937 2632 Lex
950 2605 999 2632 Dei

210 2653 268 2687 ejus
283 2653 311 2680 in
324 2653 404 2680 corde
417 2653 513 2687 ipsius,
530 2657 554 2679 et
573 2659 625 2679 non
637 2651 881 2686 supplautubuntur
893 2659 997 2685 gressus

530 2725 553 2740 "
568 2725 638 2752 Psal.
662 2733 752 2754 xxx",
766 2725 812 2753 ΤΞ.
849 2724 871 2739 ³⁷
885 2723 951 2750 ibid.
976 2723 1020 2749 ει.

573 2761 596 2776 τ’
623 2761 692 2788 l’sal.
725 2768 809 2792 ιλιλιι,
841 2759 868 2786 2.

246 2724 269 2740 '"‘
281 2725 358 2752 Joau.
381 2733 435 2756 xiv.
454 2726 480 2752 6.

211 2758 234 2776 ³⁸
263 2759 333 2787 Ριιιιι.
363 2768 455 2790 χχχιι.
478 2762 524 2788 51.

213 2801 307 2828 nitri,
334 2794 378 2826 ‘23,
397 2795 442 2821 24.

922 2760 945 2774 ”
961 2759 1030 2785 Gctt.

1054 2194 1078 2221 si
1090 2195 1194 2222 venerit
1208 2195 1333 2223 diabolus
1347 2197 1545 2230 supplautator,
1563 2201 1591 2224 et
1607 2197 1749 2226 invenerit
1769 2203 1847 2234 pedes

1054 2246 1162 2269 nostros
1177 2242 1307 2275 munitos,
1321 2247 1349 2270 et
1362 2250 1443 2277 supra
1460 2247 1564 2278 petram
1578 2248 1702 2276 stantes,
1721 2244 1786 2272 inde
1802 2253 1847 2271 nos

1056 2287 1230 2322 supplantare
1249 2295 1302 2315 non
1319 2289 1418 2316 valeat.
1433 2289 1565 2322 Quamvis
1580 2289 1656 2316 enim
1681 2290 1770 2324 paulo
1789 2296 1846 2316 ante

1057 2333 1206 2361 dixerimus
1230 2341 1312 2369 posse
1332 2335 1415 2362 etiam
1433 2342 1526 2362 casum
1550 2334 1671 2369 aliquem
1694 2341 1725 2363 et
1747 2341 1844 2372 lapsum

1057 2378 1181 2406 accidere
1206 2379 1249 2407 his
1275 2380 1321 2415 qui
1338 2380 1446 2408 virtutis
1469 2380 1541 2407 viam
1557 2386 1736 2415 sequuntur.
1762 2388 1842 2409 tamen

1054 2424 1254 2453 observandum
1269 2431 1324 2458 est,
1352 2426 1415 2461 quia
1433 2427 1470 2454 ibi
1483 2426 1530 2454 ubi
1543 2427 1632 2454 dixit:
1654 2427 1728 2454 Cum
1752 2428 1843 2455 ceriu-

1054 2470 1164 2501 rit,non
1182 2477 1375 2505 prosternatur,
1394 2473 1520 2507 superius
1544 2480 1598 2500 non
1623 2478 1682 2500 tam
1717 2475 1753 2502 tle
1778 2475 1842 2508 justo

1055 2522 1136 2549 quam
1149 2515 1182 2542 de
1202 2516 1313 2543 homine
1329 2524 1397 2551 puro
1410 2522 1600 2551 proposuerat.
1617 2518 1666 2545 Ait
1682 2519 1762 2546 enim
1772 2519 1794 2535 ³⁸
1805 2527 1811 2544 :
1822 2520 1839 2544 Α

1056 2561 1170 2588 Domino
1183 2570 1288 2596 gressus
1303 2562 1417 2590 hominis
1429 2563 1591 2598 dirigentur,
1607 2571 1632 2590 et
1648 2566 1724 2592 viam
1739 2567 1793 2599 ejus
1802 2574 1839 2591 η-

1052 2607 1114 2641 piet,
1128 2615 1186 2634 cum
1201 2608 1322 2635 ceciderit
1336 2617 1388 2636 non
1402 2615 1592 2644 prosternetur.
1608 2609 1639 2636 In
1657 2619 1716 2645 quo
1732 2610 1839 2639 ostendi-

1054 2657 1097 2679 tur
1115 2660 1176 2681 esse
1188 2653 1293 2688 aliquos
1306 2662 1385 2682 casus
1397 2655 1442 2689 qui
1454 2659 1544 2681 tamen
1560 2663 1615 2682 noti
1632 2657 1769 2684 continuo
1780 2656 1837 2683 iudi-

1653 2726 1679 2742 ⁹⁶
1692 2725 1764 2754 Psal.
1778 2733 1801 2755 ι..
1815 2725 1835 2749 σε.

1061 2724 1084 2739 ⁸³
1108 2724 1204 2752 .laeob.
1230 2733 1272 2756 ιιι¹
1289 2725 1317 2751 2.
1356 2725 1378 2741 ⁸⁸
1395 2725 1479 2752 Marc.
1493 2732 1550 2758 xw,
1562 2724 1609 2752 7|.
1653 2726 1679 2742 "
1692 2725 1764 2754 Psal.
1778 2733 1801 2755 ι..
1815 2725 1828 2748 σε

1061 2768 1116 2787 ιιι.
1165 2761 1187 2775 ⁵⁸
1202 2760 1268 2787 Luc.
1283 2760 1376 2787 Ix.6‘2.
1412 2761 1435 2776 ν’
1457 2761 1558 2787 Enhcs.
1581 2768 1620 2787 \‘I-
1646 2761 1693 2787 15.
1743 2759 1828 2787 "Psl

1059 2768 1116 2787 ιιι.
1165 2761 1187 2775 ⁵⁸
1202 2760 1268 2787 Ιιιιρ.
1283 2760 1376 2793 tx,62.
1412 2761 1435 2776 ν’
1457 2761 1558 2795 Ephcs.
1581 2768 1620 2794 \‘I,
1646 2761 1693 2788 15.
