1885 3053
58 146 67 172 I
72 144 122 172 555

388 147 540 176 SELECTA
561 148 593 176 IN
614 149 782 180 PSALMOS.
800 166 834 170 —
850 150 966 179 IIOMIL.
988 151 1021 179 IV
1042 153 1074 180 IN
1094 153 1194 183 PSAL.
1219 156 1337 186 XXXVI.

1601 162 1669 190 IEGI

56 209 185 233 centesse
200 205 298 232 victum
317 209 343 233 et
364 211 528 241 prostratum
552 216 613 237 eum
631 210 677 245 qui
693 211 833 240 ceciderit.
849 211 870 241 Α
887 210 908 237 si
924 211 981 238 lteri
998 217 1095 246 potest,
1109 217 1139 240 ut
1155 221 1263 248 semper
1280 216 1594 255 vincatquotiescunque
1607 228 1670 248 con-

57 251 130 278 Sicut
147 251 218 278 cnim
233 257 259 278 et
278 252 304 279 in
316 260 403 287 agone
417 254 476 281 ﬁeri
500 255 582 288 solet,
605 262 633 284 ut
647 258 752 286 duobus
765 258 834 286 inter

56 304 83 324 se
96 296 262 325 luctanlibus
277 299 384 325 accidat
396 299 484 333 primo
499 302 608 335 quidem
625 304 722 330 cadere
738 312 834 336 unum,

56 346 156 370 etcum
178 344 318 378 ceciderit,
345 350 439 381 surgat
465 351 491 374 et
516 347 624 376 vincat:
650 348 687 376 ita
706 349 788 376 etiam
807 350 833 377 in

56 393 146 416 nostro
168 396 267 423 agone,
292 390 336 424 qui
358 395 400 418 est
418 391 496 419 nobis
516 395 660 421 adversum
685 394 834 430 principem

56 433 131 467 hujus
151 435 256 467 mttndi,
277 436 300 462 si
323 436 391 464 forte
413 438 542 466 acciderit
563 439 678 475 aliquem
699 441 732 468 de
757 441 835 469 nobis

54 479 131 514 672
152 479 236 512 vinci,
259 485 285 508 et
299 481 324 508 in
341 481 432 517 aliquo
453 489 566 517 peccato
582 486 691 518 cadere,
707 486 834 520 possibile

56 530 132 552 estut
149 530 208 560 post
228 532 369 561 peccatum
387 529 527 562 resipiscat
539 530 647 564 aliquis,
663 535 690 557 et
702 537 834 567 exsurgat

56 575 80 597 et
96 572 283 606 perhorrescat
298 573 396 601 malum
414 575 486 609 quod
501 576 623 609 admisit,
638 581 664 604 et
684 577 717 604 de
734 584 832 605 cmtero

56 624 104 643 non
120 617 205 644 solum
227 618 366 646 contineat
391 627 431 651 se,
458 627 551 647 verum
575 622 657 648 etiam
681 622 833 651 satisfaciat

55 661 115 694 Deo,
132 662 225 690 lavans
247 671 295 698 per
318 665 438 699 singulas
457 671 551 694 noctes
566 667 667 694 lectum
691 676 780 702 suum,
805 673 833 697 et

56 708 178 744 lacrymis
202 710 293 745 rigans
310 715 423 739 stratum
451 719 540 745 suum,
566 713 704 748 accipiens
719 715 831 742 verbum

55 755 212 789 prophetica:
240 757 412 784 auctoritatis
441 765 493 792 qtta
522 758 622 786 dicitur
634 759 681 787 ":
703 759 830 795 Nunquid

48 800 93 833 qui
112 801 182 827 cadit
204 810 256 828 non
278 802 384 837 adjiciet
403 809 429 830 ut
450 804 646 839 resurgatiaut
663 806 709 841 qui
728 813 832 834 aversus

52 851 98 877 est,
122 855 172 874 non
188 849 368 875 convertitur?
384 847 428 876 Vw
450 850 490 877 liis
514 850 559 884 qui
573 851 660 878 auersi
680 856 739 878 sunt
753 860 831 879 auer-

52 892 120 919 sione
141 892 298 925 impudenti,
315 894 382 921 dicit
396 894 535 923 Dominus.
548 895 581 923 Et
601 896 653 924 iste
667 901 708 924 est
721 897 767 932 qui
782 905 829 925 ca-

53 938 111 965 dere
133 939 240 973 quidem
255 940 351 974 potuit.
369 941 503 975 prosterni
521 949 586 969 vero
606 949 659 970 non
680 943 776 978 potuit.
801 942 830 972 Si

53 987 135 1011 autem
155 985 256 1013 videris
280 985 396 1021 aliquem
411 986 541 1014 cecidisse
557 987 583 1014 in
607 988 715 1023 aliquod
730 997 829 1025 pecca-

53 1035 113 1061 tum,
131 1035 157 1058 et
173 1036 234 1065 post
248 1039 340 1059 casum
357 1032 544 1066 desperantem
568 1035 784 1070 conversionem,
802 1040 830 1064 et

29 1076 31 1078 ’
52 1075 194 1103 dicentem:
207 1076 266 1104 Jam
277 1077 412 1112 quomodo
422 1085 530 1113 possum
541 1087 592 1115 ego
602 1080 691 1109 salvus
702 1081 770 1116 ﬁeri,
783 1083 828 1117 qui

53 1120 214 1154 cecidi?jam
234 1122 306 1148 nulla
325 1130 386 1157 spes
403 1127 454 1156 εει,
477 1128 591 1158 peccata
609 1132 668 1153 mea
691 1134 734 1154 me
755 1127 830 1155 colli-

51 1169 118 1198 gant,
141 1167 275 1200 quomodo
298 1168 398 1195 audere
415 1175 524 1203 possum
539 1170 672 1198 accedere
688 1172 721 1199 ad
736 1171 830 1200 Domi-

51 1211 128 1237 num?
141 1211 283 1245 Quomodo
295 1213 328 1240 ad
345 1213 492 1242 Ecclesiam
512 1215 622 1243 redire?
637 1220 665 1243 et
682 1217 704 1244 si
716 1217 767 1245 hac
782 1218 830 1246 de—

51 1256 197 1289 speratione
217 1257 270 1285 iste
286 1258 348 1286 talis
363 1260 473 1288 recedat
489 1260 572 1288 etiam
589 1269 604 1288 a
624 1261 690 1295 Deo,
711 1263 754 1291 hic
774 1271 827 1292 non

50 1301 130 1328 solum
157 1303 270 1336 cecidit,
293 1305 339 1332 sed
364 1304 390 1332 in
407 1313 471 1333 casu
495 1313 545 1334 suo
565 1312 721 1341 prostratus
746 1313 829 1345 atque

51 1345 180 1375 demersus
199 1353 251 1375 est.
275 1349 308 1376 Et
330 1353 372 1377 est
398 1351 507 1385 quidem
525 1353 656 1387 optabile,
678 1357 707 1381 ut
725 1355 828 1383 athleta

50 1393 150 1426 pietatis
165 1402 197 1422 ac
208 1395 319 1424 virtutis
333 1400 442 1424 maneat
459 1404 567 1434 semper
583 1399 739 1434 immobilis,
752 1405 781 1429 ut
795 1408 828 1429 ne

49 1445 123 1465 unatn
139 1440 249 1473 quidem
264 1440 376 1473 Iuctam,
395 1445 425 1468 ut
440 1441 477 1469 ita
490 1442 590 1476 dicam,
610 1445 717 1479 perdat,
733 1453 768 1473 ne
783 1453 826 1474 se-

49 1484 94 1511 mel
109 1485 253 1513 inclinetur
271 1491 317 1514 aut
338 1489 537 1524 supplantelur.
555 1489 632 1523 Quod
648 1491 669 1518 si
696 1490 755 1518 ﬁeri
772 1499 827 1520 non

47 1534 136 1565 potest,
153 1533 198 1560 sed
212 1533 335 1560 evenerit
346 1541 407 1561 eum
423 1535 532 1567 cadere,
551 1535 826 1576 nonjacealpostea-

47 1583 111 1609 sum,
134 1585 166 1605 ne
190 1582 392 1613 prosternatur,
420 1580 465 1607 sed
489 1585 617 1615 exsurgat
643 1586 670 1608 et
698 1582 825 1610 emendet

45 1623 154 1657 culpam,
165 1630 298 1660 expurget
313 1626 479 1661 pmnitcutim
490 1634 544 1654 sua:
554 1626 741 1654 satisfactione
751 1635 826 1655 com-

46 1669 159 1703 missum,
182 1679 217 1699 ne
235 1672 315 1699 etiam
335 1672 367 1699 de
383 1672 440 1708 ipso
458 1672 604 1707 Apostolus
625 1673 698 1700 dicat
713 1672 737 1689 “
755 1681 761 1700 :
789 1673 823 1700 Et

45 1715 138 1750 lugeam
160 1717 258 1744 multo:
279 1725 311 1744 es;
322 1717 362 1744 Itis
378 1718 423 1752 qui
445 1723 504 1744 ante
518 1723 704 1752 peccaverunt,
723 1724 745 1745 et
772 1727 824 1746 non

45 1768 142 1796 egerunt
153 1764 334 1798 paenitentiam
347 1764 378 1791 de
392 1764 561 1792 immunditia
569 1769 593 1791 et
609 1765 782 1800 fornicatione
799 1771 822 1793 et

46 1809 201 1842 impudicitia
222 1818 302 1845 quam
316 1815 461 1845 gesserunt.
477 1810 567 1844 Quare
582 1811 663 1838 etiam
678 1811 823 1846 Apostolus

44 1855 157 1889 exempla
180 1855 329 1889 palaestrici
344 1856 438 1891 agonis
453 1856 597 1892 assumpsit
618 1865 678 1885 cum
694 1857 760 1885 dicit
774 1858 796 1874 "
813 1866 819 1884 :

47 1898 122 1927 Nemo
141 1906 285 1928 coronatur
305 1902 358 1928 nisi
384 1902 429 1937 qui
449 1902 563 1937 legitime
593 1904 744 1936 certaverit,
771 1904 821 1931 nisi

44 1946 99 1979 quia
118 1954 167 1974 nos
187 1948 260 1975 scire
277 1947 386 1974 volebat
406 1947 473 1983 legis
486 1948 637 1975 certamina
659 1953 685 1976 et
701 1950 821 1984 agones?

44 1991 86 2026 qui
104 1997 130 2020 et
145 1993 178 2021 de
193 1994 285 2028 seipso
298 1994 335 2020 ait
348 1994 356 2009 ί
375 2002 382 2020 :
403 1993 447 2021 Sic
465 2002 563 2030 pugno,
579 2002 630 2022 non
644 1996 720 2030 quasi
734 2004 820 2023 aerem

43 2038 182 2068 terberans.
205 2039 239 2066 Et
266 2040 363 2067 iterum
377 2041 387 2056 ’
404 2046 411 2065 :
427 2039 566 2067 Certamen
590 2041 686 2068 bonum
710 2043 818 2070 certaui.

44 2081 103 2114 Quia
118 2090 183 2118 ergo
199 2088 338 2111 certamen
358 2083 435 2111 nobis
456 2089 498 2111 est
517 2090 543 2112 et
561 2092 629 2120 agon
645 2086 799 2121 propositus
810 2107 818 2119 ,

43 2127 117 2155 etiam
135 2129 201 2164 legis
224 2137 338 2164 agonem
362 2136 443 2157 nosse
458 2130 598 2158 debemus.
623 2131 693 2159 Sunt
708 2133 819 2161 athletae

43 2174 82 2206 qui
96 2174 120 2200 in
133 2176 259 2203 omnibus
276 2175 472 2205 certaminibus
491 2178 619 2210 vincunt,
641 2182 668 2205 et
684 2179 710 2205 in
726 2179 819 2206 omni-

887 255 999 290 ﬂixerit,
1011 263 1038 284 et
1053 259 1155 293 primas
1171 259 1242 287 inter
1256 261 1355 294 pandas,
1379 263 1404 290 id
1418 268 1459 291 est
1473 264 1543 292 inter
1561 273 1673 300 pueros,

886 303 978 329 statim
991 304 1081 337 capiat
1094 312 1217 332 coronas.
1232 305 1279 333 Vis
1291 307 1337 334 tibi
1352 309 1495 337 ostendam
1510 311 1614 346 aliquos
1627 313 1672 347 qui

886 346 956 375 inter
972 356 1081 383 pueros,
1100 350 1125 377 id
1137 355 1187 383 est,
1206 351 1231 379 in
1247 353 1336 387 primo
1354 354 1447 382 statim
1461 355 1529 383 lacte
1545 346 1645 384 corona
1657 358 1676 386 ti

885 394 968 420 sunt?
983 393 1097 429 Respice
1120 395 1229 423 beatum
1246 397 1382 425 Daniclem
1400 399 1420 432 ⁸,
1442 401 1487 434 qui
1504 408 1518 428 a
1539 409 1624 436 puero
1644 409 1671 430 et

885 439 1036 474 prophetia:
1051 441 1166 475 gratiam
1182 443 1290 476 meruit,
1308 448 1335 471 et
1354 445 1460 480 iniquos
1475 454 1592 481 arguens
1607 456 1670 483 pre-

885 484 1021 519 sbyteros,
1035 493 1103 520 puer
1120 495 1248 515 coronam
1262 489 1383 529 iustitia;
1398 495 1425 518 et
1444 493 1578 521 castitatis
1601 495 1670 522 obti-

884 530 953 556 nuit.
969 529 1015 558 Vis
1031 532 1077 560 tibi
1090 537 1118 561 et
1128 533 1209 560 alium
1226 534 1362 569 proferant
1389 536 1459 563 inter
1475 545 1575 573 ptteros
1589 547 1669 567 coro-

884 577 995 604 natum?
1007 576 1152 605 Ieremiam
1169 579 1240 613 vide,
1254 581 1300 615 qui
1317 589 1376 609 cum
1393 589 1423 609 se
1443 589 1553 618 propter
1575 586 1669 613 adole-

885 622 1016 649 scentiam
1033 628 1178 652 excusaret
1200 632 1214 651 a
1233 626 1434 660 proplielando,
1455 629 1560 657 audivit
1580 638 1594 657 a
1617 632 1669 658 Do-

884 667 976 695 mino'
991 676 997 695 :
1015 668 1078 696 Noli
1092 670 1187 703 dicere,
1202 671 1340 705 quiaPuer
1352 681 1398 708 ego
1413 682 1481 705 sum.
1492 677 1617 710 quoniam
1633 678 1668 704 ad

883 719 971 739 omnes
980 721 1145 749 quoscunque
1154 716 1254 742 mittam
1263 721 1298 750 te,
1309 717 1368 750 ibis,
1377 724 1400 745 et
1408 727 1569 756 qua-cunque
1577 722 1669 750 dixero

883 758 937 788 tibi.
947 758 1072 794 loqueris.
1088 760 1141 788 Sed
1161 761 1277 790 fortasse
1297 763 1398 791 adulta:
1414 766 1461 793 tibi
1479 765 1536 801 jam
1553 767 1611 795 ista:

883 804 999 832 deantur
1014 811 1118 835 aetates.
1135 807 1208 835 Dabo
1223 808 1270 836 tibi
1286 809 1413 837 athletam
1435 812 1480 846 qui
1499 817 1561 840 ante
1582 813 1669 841 lucta-

885 854 928 878 tus
939 851 985 884 sit,
1002 857 1029 879 et
1043 853 1138 882 vicerit
1154 855 1310 889 priusquam
1327 855 1398 883 inter
1414 858 1536 887 homines
1547 859 1668 887 emiserit

883 897 998 932 vagitus.
1013 897 1097 927 Iacob
1113 901 1200 928 adhuc
1221 901 1289 928 intra
1311 907 1417 930 uterum
1440 905 1535 932 matris
1550 912 1606 933 sum
1622 906 1666 932 lu-

881 948 970 971 ctatus
984 951 1044 972 cum
1065 945 1150 973 fratre
1172 946 1253 980 Esau,
1271 948 1455 983 supplantavit
1470 957 1532 977 eum
1547 955 1574 978 et
1590 952 1664 984 vicit,

881 996 915 1017 ex
931 998 984 1026 quo
999 996 1025 1019 et
1038 992 1201 1027 supplantati
1223 997 1250 1021 et
1264 993 1361 1021 devicti
1382 994 1476 1023 fratris
1498 996 1668 1024 benedictio-

882 1042 930 1062 nes
958 1036 1129 1070 primogeniti
1156 1045 1169 1063 a
1195 1043 1307 1072 parente
1331 1041 1486 1075 suscepit‘.
1498 1041 1565 1069 Nam
1584 1047 1611 1069 et
1628 1042 1666 1070 illi

880 1081 958 1115 pueri
978 1089 1041 1108 num
1061 1082 1109 1110 tibi
1127 1083 1256 1111 videntur
1271 1085 1296 1111 in
1311 1085 1406 1119 puerili
1422 1093 1509 1122 agone
1531 1091 1664 1121 coronati,

880 1125 926 1160 qui
944 1127 1014 1161 apud
1029 1126 1186 1155 Bethlehem
1202 1136 1216 1155 a
1238 1129 1341 1157 bimatu
1359 1134 1386 1158 et
1407 1131 1476 1159 infra
1491 1140 1540 1167 pro
1556 1133 1664 1162 Domini

880 1172 991 1200 nomine
1006 1172 1122 1207 palmam
1139 1180 1237 1208 cepere
1256 1175 1399 1211 martyrii?
1418 1176 1500 1205 Vides
1514 1184 1615 1213 quanta
1638 1181 1664 1207 in

880 1224 981 1251 pueros
1004 1225 1165 1245 coronarum
1187 1219 1317 1247 habemus
1339 1222 1473 1258 exempla.
1497 1223 1560 1251 Ilaec
1579 1224 1613 1252 de
1633 1232 1666 1253 eo

881 1262 954 1296 quod
972 1264 1148 1297 repetivhnus
1170 1265 1364 1299 expositionem
1381 1268 1506 1296 versiculi
1526 1269 1597 1298 illius
1619 1272 1664 1306 qui

880 1307 946 1335 dicit
962 1316 968 1335 ε
986 1306 1052 1335 Cum
1067 1309 1198 1343 ceciderit,
1212 1318 1263 1337 non
1274 1312 1501 1345 prosternetur.El
1514 1321 1598 1348 quare
1611 1322 1663 1342 non

879 1357 1080 1388 prosternatur,
1095 1355 1194 1389 adjecit
1208 1363 1319 1384 causam
1328 1358 1437 1386 dicens:
1453 1358 1521 1391 Quia
1536 1359 1664 1388 Dominus

878 1399 1017 1434 confirmat
1039 1409 1144 1428 manum
1159 1401 1226 1436 ejus.
1241 1401 1274 1429 Et
1287 1402 1348 1429 vide
1368 1410 1448 1437 quam
1468 1411 1666 1440 consequenter

878 1444 913 1472 de
930 1445 1044 1480 singulis
1059 1445 1124 1473 dicit
1137 1446 1190 1475 :Ne
1206 1448 1297 1480 cadat,
1312 1448 1451 1482 Dominus,
1476 1450 1573 1486 inquit,
1589 1459 1666 1487 gres-

879 1497 925 1517 sus
942 1491 1000 1525 ejus
1014 1492 1128 1528 dirigit;
1144 1493 1166 1520 si
1184 1497 1277 1521 autem
1299 1494 1447 1528 ceciderit,
1464 1503 1516 1524 non
1542 1503 1663 1532 proster-

878 1536 972 1563 nitur:
989 1536 1131 1571 Dominus,
1144 1538 1243 1573 inquit,
1260 1539 1351 1567 Iirmat
1367 1548 1476 1569 manum
1493 1543 1560 1578 ejus.
1585 1543 1665 1572 Vides

879 1589 945 1616 ergo
958 1583 1020 1617 quia
1039 1582 1145 1611 Domini
1163 1591 1271 1618 semper
1286 1585 1389 1613 auxilio
1400 1586 1561 1622 indigemus.
1571 1588 1663 1617 Primo

879 1634 912 1654 ne
928 1628 1077 1656 cadamus:
1096 1633 1151 1656 tum
1164 1629 1261 1658 deinde
1279 1630 1361 1658 etiam
1385 1631 1407 1659 si
1424 1633 1617 1668 ccciderimus,
1634 1641 1664 1663 ut

878 1680 1063 1708 resurgamus.

913 1718 939 1746 5.
956 1708 1064 1746 juvenis
1080 1719 1119 1754 fui
1130 1725 1152 1747 et
1166 1721 1250 1752 senui,
1274 1726 1298 1748 et
1316 1730 1367 1749 non
1381 1724 1433 1751 ridi
1447 1725 1551 1760 justum
1565 1727 1663 1754 dereli~

877 1768 958 1796 ctum,
975 1772 1020 1791 nec
1033 1773 1119 1792 semen
1129 1766 1186 1799 ejus
1204 1774 1324 1801 quwrens
1334 1777 1439 1802 pinnam.
1453 1770 1517 1798 Tota
1525 1773 1567 1799 die
1581 1774 1662 1800 mise-

877 1814 949 1836 retur
969 1815 992 1836 et
1010 1810 1122 1844 fenerat,
1139 1817 1161 1837 et
1173 1820 1259 1838 serue"
1279 1813 1336 1847 ejus
1356 1815 1570 1844 inbcuedirtiane
1582 1820 1630 1845 erit
1640 1819 1662 1847 ’.

876 1854 926 1888 Qui
941 1855 1100 1890 simpliciter
1115 1857 1210 1884 dicunt
1224 1862 1251 1885 et
1266 1859 1415 1886 sccundutu
1431 1860 1573 1889 historiam
1590 1865 1663 1891 acci-

876 1901 974 1935 pienda
998 1908 1059 1928 esse
1076 1901 1157 1929 verba
1177 1901 1325 1937 Scriptura:
1346 1903 1446 1932 divinae
1460 1925 1468 1938 ,
1491 1905 1582 1934 dicent
1603 1908 1661 1936 sino

876 1946 958 1974 dubio
985 1946 1010 1974 in
1038 1947 1098 1975 loco
1123 1947 1288 1977 conﬁrmare
1316 1949 1412 1983 David.
1428 1951 1493 1986 quia
1524 1956 1660 1982 transacta

874 1996 954 2020 actate
963 1991 1116 2028 juventutis
1130 2001 1185 2022 sua:
1200 2001 1262 2022 cum
1278 1994 1334 2030 jam
1353 2002 1439 2031 usque
1460 1997 1494 2025 ad
1509 2001 1661 2028 senectutis

874 2046 930 2066 suae
941 2044 1043 2075 tempus
1055 2039 1184 2074 venisset,
1199 2041 1226 2068 in
1243 2041 1316 2069 omni
1329 2042 1380 2070 hoc
1391 2047 1512 2078 tempore
1523 2053 1659 2081 nunquam

874 2092 903 2113 se
915 2086 1017 2113 vidisse
1036 2085 1072 2112 ita
1085 2085 1186 2120 justum
1202 2087 1363 2115 derelictum
1381 2093 1411 2116 ut
1426 2091 1542 2124 panibus
1553 2091 1660 2128 indige-

874 2134 925 2158 ret.
944 2131 977 2158 Et
989 2131 1052 2165 quid
1067 2131 1183 2160 facimus
1196 2132 1229 2160 de
1247 2132 1331 2160 Paulo
1352 2135 1473 2168 apostolo
1488 2136 1508 2170 ⁸,
1525 2138 1570 2172 qui
1593 2146 1661 2166 enu-

873 2184 980 2204 merans
992 2181 1017 2204 et
1030 2184 1168 2212 exponens
1187 2177 1382 2213 prophetarum
1399 2181 1470 2209 vitas
1484 2182 1548 2211 dicit
1558 2192 1605 2212 eos
1618 2186 1659 2213 in-

43 2218 87 2246 bus
101 2226 275 2249 coronantur.
288 2221 358 2249 Inter
372 2223 460 2258 pmdas
478 2223 600 2256 vincunt,
620 2224 691 2252 inter
704 2225 818 2260 agonios
835 2234 857 2262 ο
873 2222 1008 2257 digellles.
1023 2223 1175 2256 ιτὶῢυιειοεν
1199 2223 1225 2251 in
1239 2224 1355 2259 Pellibus
1373 2228 1493 2262 caprinis
1514 2230 1658 2258 Obert‘asm

42 2264 156 2299 vincunt,
172 2267 244 2295 inter
257 2268 357 2296 andras
375 2269 495 2296 vincunt.
519 2269 572 2297 Alii
589 2269 734 2298 vincuntur
748 2271 819 2299 inter

41 2311 142 2344 nndras,
161 2313 208 2341 sed
222 2318 387 2341 coronantur
398 2314 469 2342 inter
483 2315 606 2349 agonios,
622 2322 818 2350 nonnunquam

40 2358 113 2386 etiam
127 2359 198 2387 inter
211 2359 311 2387 andras
325 2360 445 2388 vincunt.
464 2361 535 2396 Ergo
549 2361 679 2396 aliquanti
697 2368 816 2397 semper,

40 2403 163 2439 aliquanti
182 2406 302 2433 secundo
317 2405 357 2433 vel
380 2406 459 2434 tertio
475 2411 652 2435 coronantur.
669 2407 750 2435 Certe
767 2408 818 2435 mi-

40 2455 123 2477 serum
140 2455 179 2478 est
194 2455 223 2478 et
238 2451 338 2478 ultimm
360 2451 540 2485 infelicitatis,
557 2452 583 2480 in
604 2452 732 2480 omnibus
749 2460 814 2488 ago-

40 2492 114 2522 nibus
128 2498 182 2522 lam
198 2496 283 2523 variis
303 2500 386 2531 atque
401 2497 530 2530 diversis,
554 2504 588 2525 ne
603 2505 683 2525 unam
706 2498 815 2534 quidem

40 2541 182 2571 promereri
209 2548 346 2569 coronam.
373 2542 410 2569 Ita
436 2551 501 2578 ergo
522 2547 549 2570 et
564 2543 747 2577 Christianus,
773 2543 815 2571 cui

38 2589 161 2612 certamen
180 2591 219 2614 est
239 2595 288 2614 non
303 2588 427 2614 adversm
439 2596 544 2615 carnem
555 2593 579 2615 et
588 2589 753 2623 sanguinem,
769 2590 814 2616 sed

38 2630 155 2658 adversus
164 2632 326 2667 principatus
337 2638 360 2660 et
378 2638 529 2667 potestates,
544 2639 567 2661 et
579 2634 704 2661 aduertite
721 2635 819 2665 princi-

37 2682 76 2705 pes
98 2677 175 2711 hujus
191 2678 284 2705 mundi
296 2679 462 2705 tenebrarum
483 2679 590 2712 harum,
604 2679 728 2707 adversus
741 2680 820 2712 spiri-

37 2720 97 2748 talia
116 2724 240 2758 ncquitt‘ae
254 2725 279 2751 in
295 2725 439 2752 cwlcstibus
451 2726 472 2758 ³,
493 2733 554 2753 cum
576 2730 666 2754 tantos
679 2727 776 2754 habeat
792 2731 818 2754 et

38 2765 100 2793 tales
113 2768 295 2802 adversarios,
314 2776 440 2804 tanquam
456 2771 578 2807 agonista
596 2772 710 2806 vigilare
725 2773 815 2805 debet,

67 2813 88 2828 "
100 2813 198 2860 Jekretn.
216 2814 275 2850 vin,
289 2818 315 2847 ιι,
373 2853 382 2860 1
393 2819 416 2835 9⁸
432 2817 589 2860 ll(_}_or.x_u.1
602 2820 648 2848 2t.
685 2821 708 2837 ”
722 2820 742 2847 II
754 2821 825 2860 :I'iut.

954 2820 986 2846 'I

552 2854 637 2882 “Gen.
655 2863 717 2882 xxv.
754 2856 764 2872 ⁷
776 2856 846 2884 I‘sal.
862 2863 956 2889 xxxvi,
968 2855 1012 2882 25'.

38 2845 76 2874 ΙΞ.
126 2849 135 2864 ⁵
151 2851 217 2877 Dan.
236 2845 313 2879 aut.
342 2854 352 2869 ⁸
369 2853 423 2880 ,ιι-τ.
440 2861 458 2884 l,
473 2845 499 2879 7i

189 2898 325 2929 PATROL.
341 2899 398 2930 Gn.
417 2900 484 2931 XII.

874 2276 923 2303 per
944 2275 1076 2296 cavernas
1096 2273 1245 2303 petrarum,
1271 2274 1297 2298 et
1328 2279 1376 2306 per
1400 2272 1568 2307 speluncas:
1585 2279 1612 2303 et
1625 2277 1665 2303 der

873 2314 962 2350 seipso
990 2321 1206 2342 commemorans
1234 2315 1392 2351 frequenter
1420 2318 1502 2351 dicit,
1531 2320 1557 2347 in
1586 2321 1658 2349 l‘auio

872 2365 899 2386 et
929 2360 972 2387 siti
1003 2358 1028 2386 ’?
1056 2361 1087 2387 Et
1116 2369 1177 2388 cum
1212 2362 1270 2390 lucc
1298 2364 1354 2397 pati
1378 2364 1476 2402 justus
1502 2367 1657 2402 frequenter

873 2406 1075 2441 Scripturarnm
1116 2407 1238 2436 historiis
1272 2416 1486 2445 cognoscamus,
1522 2415 1656 2447 quomodo

871 2459 943 2479 nunc
963 2453 1109 2486 putandum
1138 2454 1248 2482 esthoc
1274 2455 1358 2483 David
1391 2456 1482 2484 dicere
1507 2459 1653 2485 secundum

871 2496 1019 2532 simplicem
1052 2497 1241 2526 intellectum?
1271 2499 1325 2528 Sed
1357 2500 1496 2528 videamus
1522 2509 1556 2528 ne
1586 2502 1655 2529 forte

871 2542 925 2569 sint
941 2543 1038 2577 aliqua
1052 2547 1147 2571 aetates
1161 2544 1300 2573 interioris
1322 2546 1440 2574 hominis
1455 2547 1552 2580 nostri,
1572 2548 1605 2575 ad
1621 2549 1656 2575 si-
1682 2547 1693 2555 ’

872 2586 1051 2615 militudinem
1066 2589 1208 2617 exterioris
1221 2593 1249 2616 et
1262 2590 1413 2626 corporalis
1429 2591 1526 2618 aetatis.
1543 2591 1618 2620 Unde
1629 2599 1657 2620 ct

869 2633 1005 2661 interdum
1022 2634 1055 2661 ad
1074 2634 1146 2662 viros
1162 2634 1218 2670 jam
1235 2640 1340 2663 matura
1353 2640 1434 2664 aetate
1457 2636 1567 2672 dicitur,
1589 2640 1652 2673 quia

868 2681 944 2714 pueri
963 2684 1036 2713 sttnt,
1050 2685 1076 2708 et
1091 2682 1151 2709 aliis
1164 2681 1226 2716 quia
1242 2689 1333 2714 senes,
1346 2687 1373 2709 et
1382 2682 1443 2711 aliis
1456 2683 1518 2718 quia
1528 2684 1654 2720 juvenes,

867 2728 958 2755 ctlnec
971 2727 1063 2762 utique
1078 2727 1129 2754 dici
1142 2728 1176 2755 de
1190 2728 1324 2762 corporali
1339 2734 1421 2756 aetate
1442 2736 1495 2757 non
1512 2732 1651 2758 conveni=.

869 2773 989 2807 Denique
1012 2780 1072 2800 cum
1093 2773 1201 2808 plttrimi
1221 2778 1285 2801 ante
1307 2774 1445 2802 Abraham
1464 2781 1607 2803 sexcentos
1626 2781 1654 2804 et

954 2820 1063 2858 [μεθῇ.
1076 2827 1122 2858 _t_x,
1135 2820 1180 2848 26.
1201 2823 1211 2838 ε
1227 2822 1246 2849 ll
1261 2821 1333 2858 Tim.
1351 2830 1387 2854 iv,
1404 2823 1430 2850 7.
1469 2823 1480 2839 ³
1497 2823 1597 2858 Ephes.
1617 2833 1652 2858 γι,

1049 2856 1059 2870 ⁸
1075 2855 1157 2883 Hebr.
1176 2864 1212 2883 ιιι.
1250 2858 1260 2874 ⁸
1278 2857 1299 2884 ΙΙ
1314 2858 1376 2886 Cor.
1398 2867 1432 2886 xi.

1456 2905 1494 2935 ω
