1886 3052
247 153 316 182 15⁸ὶό

950 153 993 180 EX
1013 152 1162 181 OlllGENE

1791 159 1837 187 Ιίὕδ

246 216 418 251 quingentos,
432 220 460 242 ut
471 214 610 242 minimttm
626 218 762 242 trecentos
777 222 864 243 annos
883 213 1033 247 vixissent,
1048 217 1071 244 Α
1086 213 1202 248 relinqui
1216 220 1231 240 a
1244 212 1299 241 Deo
1316 213 1454 247 ptrtandus
1477 219 1518 242 est
1539 214 1640 250 justus,
1654 223 1716 243 cum
1739 218 1837 252 aegritudo

245 263 280 288 de
295 261 368 288 nullo
385 261 492 288 illorum
510 261 612 288 dictant
629 265 681 296 est,
698 262 763 297 quia
786 261 879 290 senior
894 265 921 289 et
934 260 1031 296 plenus

244 307 352 334 dierum
369 306 460 338 luerit,
477 305 527 333 nisi
551 306 686 334 Abraham
704 307 898 334 tantummodo.
915 307 952 334 Ex
976 313 1030 341 quo

243 351 324 387 673
337 351 538 385 intelligendum
553 351 682 386 est,quod
691 359 742 380 non
755 352 787 379 de
801 356 880 380 aetate
897 352 1029 386 corporis,

243 399 290 425 sed
315 398 348 424 de
372 397 528 425 maturitate
560 397 698 426 interioris
718 398 837 425 hominis
857 397 1029 433 designatum

241 447 294 471 est.
304 442 380 470 Unde
392 447 419 470 et
433 450 483 470 nos
498 444 593 478 optare
604 443 733 472 debemus
745 451 798 471 non
810 446 859 479 pro
874 447 953 471 aetate
968 451 1029 470 cor-

240 489 326 524 poris,
339 496 426 524 neque
436 497 485 524 pro
498 487 586 516 ollicio
601 489 761 525 presbyterii
775 489 904 524 appellari
918 488 1030 524 presby-

242 535 293 563 teri
308 540 336 563 et
350 536 482 568 seniores,
495 535 541 563 sed
556 543 605 570 pro
622 535 762 563 interioris
779 535 896 564 hominis
907 535 1028 570 perfecto

239 588 321 609 sensu
346 587 374 610 et
399 582 535 617 gravitate
557 581 735 615 constantiar,
752 581 823 608 sicut
840 585 867 608 et
889 580 1026 608 Abraham

239 628 389 663 appellatus
412 632 455 655 est
471 627 612 663 presbyter
627 628 747 655 nutritus
764 627 792 655 in
820 632 960 656 senectute
981 629 1028 656 bo-

239 681 274 702 na
291 674 323 701 ".
342 672 390 702 Est
415 680 479 709 ergo
502 678 569 700 mtas
587 673 677 708 aliqua
696 673 843 701 secundum
871 673 1027 702 interiorem

239 722 375 750 hominem
393 721 517 757 puerilis,
531 725 573 749 est
595 723 624 749 et
639 727 704 749 retas
720 721 861 756 juvenilis,
878 727 922 750 est
942 727 970 750 et
985 729 1028 750 se—

240 769 302 797 nilis
327 769 475 797 sccttndum
501 769 573 804 quod
598 768 743 803 Apostolus
769 769 876 797 dicebat
891 769 934 795 “:
960 768 1027 796 Cum

238 820 320 839 essent
342 812 477 844 paruulus,
500 812 626 848 loquebar
643 818 670 841 ut
686 813 822 847 parvulus,
841 814 974 848 snplebam
999 819 1025 840 ut

237 857 375 892 parvulus,
392 858 537 893 cogitabant
552 864 579 885 ut
595 858 719 893 parvulus
736 867 746 891 ;
762 867 821 885 cum
836 864 922 886 autem
941 859 1023 894 [actus

237 911 295 931 sum
308 904 356 935 vir,
379 903 502 931 evacuavi
524 912 583 939 qui:
603 909 677 932 erant
704 905 817 939 parvuli.
846 905 901 939 Ego
920 905 977 933 haec
992 905 1026 933 ab

237 949 366 983 Apostolo
384 956 437 976 non
452 949 485 976 de
504 949 639 984 corporali
662 954 742 977 relate
762 951 815 978 dici
833 950 966 986 intelligo,
979 951 1026 978 sed

237 995 365 1029 quoniam
378 1002 439 1022 cum
451 994 478 1021 in
489 994 569 1022 initio
581 995 756 1029 credidisset,
768 995 819 1023 fuit
832 995 960 1030 parvulus
978 1004 1026 1023 nu-

236 1048 286 1076 per
299 1041 424 1076 genitus,
443 1041 607 1069 rationabile
629 1046 657 1070 et
677 1043 737 1070 sine
760 1042 821 1071 dolo
834 1042 876 1070 lae
898 1043 1027 1079 concupi—

236 1093 318 1114 scens
333 1087 367 1120 ",
385 1091 449 1114 tunc
466 1087 639 1122 intelligebat
659 1088 816 1123 Scripturas
833 1093 862 1117 ut
884 1090 1025 1124 parvulus,

236 1131 359 1164 sapiebat
371 1132 404 1159 de
417 1131 564 1166 Evangelia
582 1137 612 1159 ut
624 1133 764 1168 parvulus,
775 1134 912 1169 cogitabat
924 1139 954 1162 ut
964 1143 1026 1170 par—

235 1177 331 1211 vulus;
349 1177 397 1206 sed
417 1183 477 1212 post
499 1178 560 1205 haec
584 1178 730 1213 proﬁciens
748 1184 828 1208 rotate
848 1180 882 1208 ad
904 1181 1026 1209 similitu-

236 1225 325 1252 dinem
338 1221 443 1253 Christi
456 1225 488 1252 de
503 1233 557 1260 quo
573 1225 706 1260 scriptum
728 1231 771 1254 est
786 1226 808 1242 “
821 1227 885 1262 quia
898 1227 1026 1262 Proficie-

236 1272 280 1298 bat
291 1276 368 1298 relate
383 1276 408 1298 et
428 1271 558 1305 sapientior
574 1276 597 1298 et
622 1273 708 1306 gratia
728 1272 798 1307 apud
813 1271 895 1300 Deum
914 1277 939 1300 et
954 1274 1025 1307 apud

234 1317 365 1349 homines,
375 1317 527 1351 deponebat
542 1325 602 1352 qua:
613 1322 691 1344 erant
708 1317 814 1352 parvuli
825 1323 868 1346 :et
881 1324 1024 1353 propterea

235 1361 304 1389 dixit
319 1360 352 1395 η,
363 1361 427 1389 Cum
449 1360 537 1395 [actus
558 1369 616 1388 sum
640 1362 690 1393 uir,
706 1369 764 1395 qua:
780 1362 883 1396 paruuli
892 1368 965 1390 erant
980 1364 1025 1390 de-

235 1407 321 1443 posui.
340 1406 379 1434 lta
395 1414 461 1442 ergo
478 1406 669 1441 intelligendus
686 1411 727 1434 est
743 1407 825 1434 etiam
845 1407 930 1434 David
949 1408 1024 1436 dice-

237 1461 267 1481 re
280 1453 314 1486 η,
325 1453 432 1481 Iuvenis
444 1452 483 1487 {ui
494 1457 517 1490 _et
534 1453 629 1485 senui;
645 1457 674 1479 ut
695 1453 718 1480 si
734 1452 846 1488 diceret,
854 1454 920 1484 Cum
936 1461 1023 1482 essem

235 1499 363 1534 parvulus
379 1498 526 1527 secundum
543 1498 701 1526 interiorem
720 1499 869 1532 hominem,
883 1507 954 1528 nunc
967 1499 1022 1534 jam

1083 259 1206 294 corporis
1226 258 1414 291 advenit,cum
1431 259 1579 293 tribulatio,
1595 268 1657 288 cum
1679 266 1808 296 paupertas
1820 270 1837 291 et

1082 305 1195 340 singulae
1214 312 1329 340 quaeque
1349 304 1428 339 hujus
1446 305 1508 332 vitae
1530 306 1660 334 molestia:
1681 313 1836 341 generantur:

1082 352 1140 379 hmc
1147 350 1352 384 maximejustis
1360 351 1485 379 accidere
1495 351 1592 385 solent,
1600 353 1699 387 quibus
1708 359 1838 388 etpersem-

1082 398 1183 425 tionem
1199 397 1253 432 pati
1271 405 1321 432 pro
1335 397 1445 425 nomine
1462 397 1508 425 Dei
1536 398 1658 426 solemne
1679 405 1730 433 est,
1751 402 1791 429 sed
1801 409 1838 429 non

1081 444 1304 479 derelinquuntur
1318 451 1379 471 cum
1397 444 1532 479 patientes
1555 444 1614 472 huic
1632 446 1724 473 omnia
1746 451 1770 474 et
1789 448 1837 475 tole-

1082 494 1173 518 rantes
1196 490 1290 518 dicunt
1303 490 1336 517 "z
1355 489 1440 518 Nemo
1462 497 1511 518 nos
1536 491 1674 525 separabit
1696 499 1712 519 a
1734 492 1839 521 charitate

1081 535 1138 567 Dei,
1151 542 1211 570 qum
1226 539 1268 562 est
1286 535 1312 562 in
1332 535 1443 563 Christo
1457 534 1534 568 .leSU,
1552 543 1641 572 neque
1655 537 1793 572 tribulatio,
1807 546 1839 565 ne-

1079 587 1132 615 que
1153 581 1249 612 fames,
1271 588 1359 616 neque
1381 582 1518 616 angustia,
1536 590 1624 617 neqtre
1648 583 1840 618 nuditas,mque

1079 626 1203 662 gladius,
1220 634 1308 662 neque
1333 627 1457 662 altitudo,
1482 637 1569 665 neque
1590 630 1762 664 profundum,
1775 638 1839 664 neque

1080 672 1132 699 alia
1146 678 1282 700 creatura.
1307 673 1429 708 Denique
1455 676 1594 710 propheta:
1605 675 1640 709 ὀ,
1657 675 1704 710 qui
1719 675 1840 703 circuibant

1080 716 1106 744 in
1126 718 1235 745 deserto
1260 725 1310 753 per
1335 726 1466 748 cavernas
1493 725 1630 755 petrarum
1660 725 1688 748 et
1713 721 1839 755 speluncas,

1078 767 1199 797 egentes,
1214 763 1348 798 tribulati,
1365 765 1471 799 amicti,
1495 766 1559 794 licet
1574 766 1602 794 in
1620 765 1736 794 desertis
1755 767 1841 794 oberra-

1078 813 1149 842 rent,
1171 813 1198 837 et
1213 815 1304 837 essent
1328 811 1362 838 ab
1385 811 1542 840 hominibus
1566 812 1701 844 derelicti,
1725 812 1840 839 multitudo

1080 859 1169 882 tamen
1185 861 1232 883 eos
1243 854 1400 891 angelorum
1412 857 1607 885 circumdabat.
1623 856 1671 885 Sic
1684 857 1790 892 denique
1803 857 1841 883 Elt-

1078 908 1149 929 saeus
1161 907 1224 928 cum
1248 906 1321 929 esset
1344 902 1378 930 ab
1400 903 1554 931 hominibus
1574 904 1731 937 derelictus,
1757 903 1839 931 caelesti

1079 947 1301 975 eircumdabatur
1319 950 1452 982 exercitu,
1474 950 1622 978 secundum
1642 950 1714 984 quod
1735 950 1839 985 scripturn

1076 993 1250 1029 est":Aperi
1261 995 1354 1022 oculos
1367 996 1442 1030 pueri
1457 996 1548 1030 hujus,
1561 1001 1591 1024 ut
1601 995 1694 1023 videat
1704 996 1763 1031 quia
1772 996 1840 1030 plures

1078 1039 1219 1066 nobiscum
1231 1044 1386 1075 suntquam
1402 1047 1463 1068 cum
1479 1041 1540 1069 illis.
1556 1041 1590 1069 Et
1606 1042 1676 1069 vidit
1691 1045 1770 1069 totum
1781 1048 1839 1068 mon-

1076 1088 1132 1111 tem
1152 1084 1288 1119 equitibus
1301 1091 1329 1113 et
1348 1086 1475 1114 curribus
1502 1087 1622 1122 plenum.
1635 1086 1771 1122 Nunquam
1784 1088 1838 1114 enim

1076 1129 1150 1158 solus
1168 1130 1319 1165 estjustus,
1334 1131 1380 1159 sed
1396 1139 1430 1160 ne
1442 1132 1524 1160 unius
1538 1133 1660 1167 quidem,
1677 1137 1724 1159 aut
1738 1133 1837 1160 duorum.

1075 1176 1117 1203 vel
1129 1177 1208 1204 trium
1221 1178 1408 1205 tantummodo
1419 1179 1575 1214 angelorum
1587 1179 1722 1206 societate
1734 1179 1837 1206 subnixus

1074 1226 1128 1254 est,
1138 1222 1184 1249 sed
1201 1224 1338 1250 exercitus
1349 1223 1373 1251 ei
1383 1223 1514 1251 virtutum
1530 1224 1685 1252 cmlestium
1701 1230 1789 1259 prasto
1800 1228 1836 1251 est.

1075 1266 1153 1300 Quod
1168 1268 1191 1295 si
1213 1268 1336 1302 pluribus
1359 1268 1448 1297 adhuc
1468 1270 1631 1298 testimoniis
1655 1278 1723 1305 opus
1736 1275 1781 1303 est,
1795 1277 1836 1297 sus

1075 1313 1135 1348 cipe
1158 1318 1186 1341 et
1208 1314 1291 1341 aliud.
1308 1313 1392 1342 Jacob
1406 1315 1525 1350 quandiu
1546 1321 1607 1343 erat
1630 1316 1659 1344 in
1679 1316 1753 1344 domo
1765 1322 1835 1350 paren-

1075 1362 1131 1386 tum
1145 1363 1243 1387 etcum
1257 1359 1342 1388 fratre
1358 1360 1440 1394 Esau,
1462 1369 1515 1389 non
1532 1367 1590 1389 erat
1601 1369 1666 1390 cum
1683 1362 1790 1389 exercitu
1801 1368 1836 1387 an-

1075 1404 1196 1440 gelorum
1212 1413 1219 1432 :
1235 1413 1296 1433 cum
1312 1412 1378 1434 vero
1399 1407 1558 1434 secessisset
1577 1408 1611 1434 ad
1623 1407 1787 1435 solitudinem
1801 1406 1835 1431 de-

1075 1451 1150 1484 serti,
1160 1455 1188 1478 et
1197 1450 1270 1478 solus
1282 1451 1333 1478 iter
1341 1456 1434 1487 ageret
1445 1452 1478 1479 ad
1493 1452 1729 1487 Mesopotamiam,
1737 1452 1835 1480 dormivit

1075 1495 1101 1523 in
1119 1496 1176 1523 loco
1194 1496 1322 1531 quodam,
1333 1501 1360 1524 et
1375 1505 1526 1533 exsurgens
1537 1498 1604 1526 dicit
1615 1499 1683 1534 quia
1699 1504 1796 1526 vocatur
1804 1498 1834 1524 hic

236 1545 322 1573 senui.
341 1544 399 1572 Nisi
429 1545 502 1572 enim
528 1544 676 1577 senuisset,
702 1545 835 1580 propheta
861 1553 915 1573 non
940 1551 1022 1574 esset.
1036 1551 1060 1582 ο
1075 1541 1150 1569 locus
1161 1542 1318 1577 παρεμϐολή
1330 1563 1338 1576 ,
1354 1543 1427 1578 quod
1444 1548 1487 1570 est
1502 1548 1608 1577 castra,
1629 1551 1681 1579 pm
1693 1552 1724 1572 eo
1734 1544 1794 1579 quod
1807 1544 1834 1569 vi-

237 1591 357 1626 Narnque
374 1598 470 1619 senum
484 1594 526 1618 est
540 1591 712 1626 prophetare.
731 1589 845 1618 Etiamsi
868 1591 960 1620 videas
974 1591 1025 1619 ali-

235 1638 346 1675 quando
357 1637 484 1671 juvenem
501 1636 720 1672 prophetantem.
745 1644 798 1663 non
814 1637 920 1665 dubites
934 1637 1025 1666 dicere

235 1683 270 1711 de
279 1690 327 1716 leo,
340 1683 403 1717 quia
423 1682 574 1710 secundum
592 1681 750 1708 interiorem
771 1682 907 1709 hominem
923 1683 1023 1716 senuit,

236 1733 380 1764 propterea
395 1727 526 1762 propheta
541 1733 584 1753 est
599 1735 606 1753 :
621 1726 738 1761 denique
758 1724 890 1754 Jeremias
902 1734 963 1754 cum
975 1735 1024 1754 arr-

236 1769 561 1807 divisset“:Priusquam
574 1775 598 1798 te
614 1774 773 1806 plasmarem
788 1772 815 1798 in
833 1777 907 1799 utero
920 1773 979 1799 novi
988 1778 1022 1805 te,

236 1823 261 1846 et
275 1822 414 1854 antequam
434 1818 520 1845 exires
543 1818 577 1844 de
596 1816 672 1844 uulua
691 1816 855 1851 sanctiﬁcaui
869 1822 904 1851 te,
924 1823 948 1845 et
963 1827 1024 1853 pro-

235 1866 341 1899 phetam
365 1864 393 1891 in
409 1863 530 1898 gentibus
549 1862 600 1897 feci
617 1866 652 1894 te,
675 1863 815 1897 respondit
834 1862 896 1897 quia
915 1863 1022 1892 erenr’s

237 1918 283 1946 ego
293 1917 352 1937 sum
371 1914 394 1936 et
415 1907 502 1935 nescio
516 1906 597 1941 loqui.
616 1906 669 1934 Sed
681 1906 726 1934 ille
741 1906 787 1941 qui
800 1907 825 1934 ei
836 1907 946 1935 donavit
959 1916 1022 1943 gra-

235 1955 302 1983 tiam
315 1957 345 1980 ut
355 1954 409 1980 non
428 1954 500 1980 esset
519 1958 598 1985 puer,
613 1951 660 1978 sed
682 1955 756 1978 esset
770 1951 862 1979 senior
873 1953 1021 1980 secundum

234 1998 390 2026 In’terio‘rc'nr
400 1996 548 2028 hominem,
560 1995 598 2022 ait
611 1994 644 2022 ad
657 1995 745 2022 eum"
759 2003 766 2021 :
778 1995 804 2023 Ν
807 1996 840 2022 ali
852 1996 948 2030 dicere,
960 1998 1022 2032 quia

230 2042 335 2071 lunonis
349 2048 396 2077 ego
411 2049 477 2069 sum.
493 2040 618 2075 Alioquin
633 2040 686 2067 nisi
702 2041 758 2068 haec
772 2041 809 2068 ita
825 2041 1018 2077 intelligantur,

235 2089 300 2125 quid
312 2087 425 2116 habebit
449 2087 566 2114 rationis
582 2091 612 2114 ut
627 2086 734 2114 dicatur
745 2094 840 2122 puero,
854 2087 930 2122 cujus
955 2093 1021 2116 retas

232 2133 360 2169 juvenilis
373 2138 403 2161 et
418 2130 570 2164 rudis,Noli
583 2132 679 2166 dicere,
691 2132 753 2167 quia
762 2133 863 2161 Juvenis
876 2141 922 2168 ego
936 2142 993 2161 sum
1007 2135 1021 2162 7

235 2181 287 2208 hoc
304 2183 346 2207 est
367 2179 470 2210 dicere,
489 2184 542 2204 non
561 2176 638 2204 dicas
653 2177 724 2212 quod
738 2185 830 2205 verum
845 2182 898 2205 est.
909 2177 1020 2206 Juvcnis

1075 1586 1112 1614 dit
1128 1586 1165 1613 ibi
1180 1594 1232 1613 non
1246 1594 1340 1619 unum,
1363 1589 1410 1614 sed
1435 1588 1511 1623 plura
1534 1593 1626 1616 castra
1645 1589 1703 1617 Dei.
1720 1589 1774 1616 lianc
1788 1589 1834 1615 diri-

1075 1638 1134 1658 tuus
1145 1631 1178 1659 de
1194 1638 1226 1659 eo
1241 1632 1312 1666 quod
1335 1640 1505 1668 nequaquam
1519 1633 1610 1667 justus
1626 1635 1727 1662 dicitur
1745 1634 1835 1662 derelin-

1073 1675 1130 1710 qui,
1148 1674 1174 1702 in
1190 1675 1356 1709 spiritalibus
1372 1677 1503 1704 duntaxat
1521 1678 1606 1705 bonis.
1626 1678 1657 1706 ln
1680 1679 1834 1714 corporalibus

1070 1722 1146 1748 enim
1164 1722 1224 1749 vide
1238 1723 1304 1757 quid
1314 1722 1404 1756 justus
1417 1724 1498 1757 dixit,
1511 1725 1537 1751 in
1554 1725 1657 1760 quibus
1670 1727 1748 1754 etiam
1760 1726 1834 1760 gloria-

1073 1770 1117 1793 tur
1132 1775 1139 1794 :
1158 1765 1245 1802 Usque
1258 1767 1292 1794 ad
1307 1768 1386 1802 hanc,
1402 1769 1490 1802 inquit
1502 1771 1535 1804 ",
1551 1773 1646 1798 horam
1660 1778 1684 1800 et
1697 1774 1807 1800 esurimru
1817 1777 1833 1797 ιι

1073 1812 1186 1845 sitimus,
1200 1818 1223 1840 et
1234 1814 1299 1840 nudi
1308 1821 1408 1848 sumus,
1425 1820 1448 1842 et
1463 1816 1581 1851 colaphis
1598 1818 1738 1851 credimur,
1752 1824 1771 1846 et
1782 1818 1832 1843 lnio-

1074 1866 1163 1885 ramus
1174 1864 1309 1893 operante:
1330 1861 1463 1888 manibus.
1483 1860 1515 1889 Et
1532 1863 1634 1891 iterum
1660 1865 1684 1881 "
1698 1874 1706 1892 :
1721 1864 1831 1891 llalediri-

1072 1908 1170 1931 mur-et
1190 1904 1378 1938 benedicimus,
1389 1908 1598 1941 perseculionem
1606 1910 1727 1944 patimur
1743 1908 1830 1937 eisuti-

1067 1956 1173 1983 nentus,
1202 1949 1375 1984 Marp/remoti
1399 1952 1582 1987 deprecamur.
1596 1955 1654 1983 Sed
1669 1956 1784 1990 quoniam
1798 1955 1832 1981 iste

1073 1993 1134 2021 talis
1149 2001 1201 2022 non
1219 1995 1425 2031 relinquebatur
1447 1999 1554 2032 spiritu,
1570 1999 1684 2027 dicebat
1695 2002 1717 2016 "
1729 2010 1736 2028 :
1749 2000 1831 2034 Prop!"

1071 2039 1140 2073 quod
1152 2039 1243 2074 placeo
1260 2041 1325 2068 mihi
1338 2041 1366 2068 in
1386 2042 1586 2076 inﬁrmitatibus
1607 2047 1687 2078 meis,
1702 2047 1728 2072 in
1742 2045 1830 2079 injurilh

1067 2085 1099 2111 in
1110 2086 1315 2119 necessitatibus,
1328 2087 1355 2114 in
1370 2089 1605 2122 persecutionibus,
1618 2091 1649 2118 in
1670 2091 1787 2126 angustiis
1797 2096 1830 2123 pro

1070 2129 1187 2158 Christo.
1203 2130 1353 2166 Dupliciter
1365 2139 1432 2168 ergo
1446 2132 1660 2168 derelinquitur,
1681 2136 1725 2171 qui
1742 2134 1829 2162 derelin-

1071 2175 1173 2210 quitur.
1190 2176 1377 2211 Corporaliter
1401 2178 1509 2212 quidem
1532 2179 1583 2206 hoc
1605 2181 1700 2212 modo,
1714 2188 1762 2215 quo
1773 2185 1829 2212 supe-

235 2230 300 2259 ergo
311 2226 371 2251 erat
385 2223 533 2250 secundum
548 2225 656 2249 :etatem
675 2222 799 2256 corporis
811 2230 818 2249 :
829 2222 876 2250 sed
891 2223 1018 2258 quoniam
1035 2221 1057 2252 D
1072 2221 1129 2249 rius
1142 2221 1260 2249 diximus
1281 2223 1337 2257 pati
1352 2230 1448 2251 omnes
1463 2229 1584 2258 sanctos,
1605 2231 1635 2253 et
1653 2234 1706 2254 non
1718 2227 1777 2254 la-di.
1792 2225 1828 2251 De-

213 2261 221 2268 ’
237 2268 369 2297 Dominus
392 2267 506 2295 dederat
529 2267 611 2294 verba
643 2273 690 2294 sua
711 2266 738 2293 in
754 2274 802 2294 ore
825 2267 894 2303 ejus,
923 2268 1021 2302 quibus

235 2316 387 2344 eradicaret
407 2318 435 2342 et
446 2313 617 2342 subverteret
631 2317 659 2341 et
677 2313 858 2348 disperderet,
870 2320 898 2342 et
912 2321 1019 2342 rursum

234 2361 382 2390 adiﬂearet
399 2363 427 2388 et
440 2359 594 2395 plantat-et,
610 2366 671 2394 qua:
689 2359 777 2387 virtus
793 2359 938 2388 verborum
959 2360 1018 2388 ani-

235 2415 306 2436 rnam
322 2405 381 2441 ejus
392 2405 552 2434 illuminans
570 2409 599 2432 et
610 2405 785 2433 sanctiﬁcans
798 2413 851 2433 non
872 2413 931 2434 eam
946 2407 1018 2435 sine-

234 2452 280 2480 bat
298 2456 365 2479 'e5se
391 2449 534 2486 puerilem,
558 2449 619 2478 ideo
642 2450 741 2477 merito
765 2450 798 2477 ad
817 2457 878 2477 eum
895 2451 1017 2479 dicitur:

237 2499 300 2528 Noli
316 2499 414 2532 dicere,
434 2497 499 2533 quia
507 2494 612 2527 Juvenis
623 2505 669 2532 ego
677 2504 745 2524 sum.
760 2495 893 2525 Similiter
908 2502 974 2533 ergo
990 2503 1020 2526 et

233 2546 285 2573 hoc
298 2545 372 2581 quod
384 2543 468 2571 David
481 2543 548 2571 dicit
564 2542 603 2569 ":
620 2541 732 2570 Iuvenis
743 2542 783 2577 [ui
799 2547 824 2569 et
835 2543 918 2574 senui,
931 2549 955 2570 et
967 2551 1018 2571 non

233 2592 286 2619 uidi
293 2590 397 2625 justum
417 2588 583 2621 derelictum,
606 2594 652 2614 nec
666 2595 754 2616 semen
764 2588 822 2623 ejus
836 2596 958 2622 qua-rens
970 2597 1020 2624 pa—

233 2644 302 2669 tum,
325 2634 472 2663 secundum
488 2626 540 2660 hoc
554 2633 625 2667 quod
640 2639 721 2667 supra
743 2633 777 2660 de
791 2637 871 2660 atate
892 2632 1016 2668 juvenili,

232 2682 274 2709 vel
301 2680 378 2708 senili
402 2678 538 2707 interioris
560 2677 678 2706 hominis
692 2677 821 2711 diximus,
840 2679 1016 2707 sentiendum

232 2730 292 2758 est;
307 2724 427 2760 alioquin
443 2722 590 2751 secundum
601 2723 764 2751 exteriorem
780 2723 914 2751 hominem
931 2723 954 2752 si
970 2724 1018 2752 de-

268 2787 291 2802 "
310 2784 378 2813 Gen.
395 2790 468 2819 xxv.“
498 2783 517 2798 ¹¹
532 2781 551 2819 ιΔ
568 2782 796 2819 GoraxrttLH.“
816 2781 953 2819 '_’I_Petr.
972 2790 1003 2814 II,
1017 2782 1049 2819 ξς»
1083 2781 1179 2819 "ﬁge.
1199 2791 1230 2817 rt,
1254 2783 1298 2811 52.
1337 2785 1457 2814 “ICor.
1472 2794 1532 2819 xrtr,
1547 2787 1588 2814 ll.

231 2819 276 2847 25.
314 2819 404 2846 “tier.
425 2817 470 2847 1.5
486 2822 515 2843 et
536 2817 561 2843 6.
599 2818 621 2833 "
636 2818 701 2845 ibid.
710 2818 736 2844 7.
775 2815 798 2833 "
817 2816 886 2845 Psal.
908 2825 999 2850 xxxvr,
1014 2817 1059 2844 25.

1068 2267 1263 2302 relinquuntur
1279 2274 1344 2296 vero
1356 2269 1451 2303 spiritu
1473 2270 1510 2298 illi
1525 2271 1558 2298 de
1583 2273 1686 2307 quibus
1702 2271 1827 2300 dicitur”:

1072 2312 1202 2346 Quoniam
1213 2321 1267 2340 non
1280 2316 1490 2350 approbaverunt
1503 2317 1589 2345 Deum
1600 2318 1698 2346 habere
1710 2320 1735 2346 in
1749 2318 1826 2345 noritis.

1070 2359 1179 2385 tradidit
1190 2367 1233 2386 eos
1246 2358 1315 2386 Deus
1328 2359 1355 2386 in
1371 2362 1507 2395 reprobum
1520 2370 1637 2396 sensum,
1651 2369 1679 2390 ut
1690 2364 1779 2398 faciant
1787 2367 1826 2395 ᾳιιτ

1071 2411 1123 2431 non
1144 2410 1304 2440 congruunt,
1321 2406 1432 2440 repletas
1454 2408 1527 2434 omni
1553 2408 1705 2443 iniquitate,
1729 2408 1824 2442 neqvilll.

1069 2450 1193 2484 auaritia,
1201 2450 1294 2485 plenos
1304 2452 1413 2486 invidia,
1426 2453 1587 2486 homicidiis,
1595 2455 1763 2485 contentione,
1774 2452 1823 2481 do'O.

1068 2502 1265 2531 susurratores,
1281 2498 1439 2527 detractans
1448 2519 1456 2532 ,
1471 2499 1527 2527 Deo
1541 2501 1654 2528 odibrles
1665 2520 1673 2534 ,
1688 2500 1824 2528 contumelio-

1069 2549 1126 2575 τοι.
1138 2544 1273 2578 superbos,
1288 2545 1380 2577 elatos,
1399 2549 1426 2573 et
1437 2550 1536 2574 rwtera
1555 2546 1711 2581 hujusmodi
1726 2546 1782 2573 mala
1791 2550 1823 2578 pro

1070 2587 1168 2622 quibus
1178 2594 1208 2616 et
1221 2589 1369 2625 derclinqui
1385 2597 1553 2620 meruerunt.
1568 2592 1636 2625 Quae
1650 2592 1768 2627 quoniam
1777 2589 1822 2616 alie-

1071 2640 1104 2660 na
1117 2633 1302 2668 suntajusto,
1319 2641 1462 2672 propterea
1486 2637 1570 2670 dicit,
1588 2639 1653 2673 quia
1661 2639 1718 2666 Non
1737 2635 1822 2668 virili"

1069 2683 1139 2705 stum
1162 2678 1325 2714 derelictum,
1349 2689 1396 2709 nec
1424 2690 1511 2710 semen
1532 2683 1590 2717 ejus
1607 2692 1726 2720 quaerens
1743 2689 1820 2716 pint/I-

1069 2723 1167 2751 lterum
1182 2725 1205 2753 si
1227 2726 1304 2755 audis
1328 2733 1420 2755 semen
1449 2728 1516 2763 ejus,
1535 2730 1569 2757 ad
1585 2737 1678 2758 semen
1693 2733 1820 2763 corporeum

1632 2788 1654 2803 η
1675 2787 1740 2814 Psal.
1754 2790 1819 2812 xxx".

1105 2817 1126 2855 δ’
1139 2816 1216 2855 κομι.
1242 2826 1302 2853 vut,
1325 2819 1371 2848 35.
1410 2821 1432 2837 "
1444 2816 1531 2850 Hebr;
1546 2830 1582 2849 xr.
1638 2824 1660 2838 Μ
1674 2822 1703 2849 IV
1720 2822 1774 2855 Κεει
1796 2826 1818 2846 ¹¹ι

233 2857 266 2882 ω
283 2860 309 2882 et
326 2853 368 2881 l7.
407 2853 429 2868 "
444 2852 452 2878 l
468 2852 531 2879 Cor.
546 2859 583 2884 tv,
598 2853 640 2880 tl.
678 2850 701 2868 "
715 2851 780 2880 ibid.
796 2851 839 2879 12.
879 2851 901 2868 ³⁸
913 2851 933 2880 ll
945 2852 977 2880 Cc

632 2871 640 2880 .
678 2850 780 2880 "ibid.
796 2851 839 2879 12.
879 2851 1124 2888 “ilGor.xu,lO.
1162 2850 1371 2890 “Rom.i,98.
