1886 3052
91 163 155 190 i557

434 163 589 192 SELECTA
608 165 641 193 lN
661 165 828 195 PSALMUS.

928 169 1016 200 DMIL.
1036 172 1068 202 Ν
1086 174 1122 202 lN
1138 175 1234 206 PSAL.
1251 178 1371 207 XXXVI.

1648 188 1657 214 Ι
1661 189 1711 215 558

88 222 222 251 rediturus
236 223 284 250 es?
299 222 336 262 Et
351 218 487 259 quomodo
500 234 593 255 verum
609 228 730 257 invenies
744 229 796 257 hoc
809 231 879 264 quod
892 232 916 261 Α
930 237 993 260 ante
1019 242 1049 263 se
1077 236 1148 265 hanc
1162 237 1274 267 [teneret
1302 242 1490 271 necessitatem
1504 243 1679 280 'vpalientibus
1699 249 1711 277 ἲ

86 277 176 301 semen
190 269 254 305 justi
270 278 322 298 nari
339 271 427 308 674
443 278 547 307 quarat
562 281 656 308 panes,
671 283 732 303 cum
747 277 840 305 videas
848 278 871 294 "

87 317 179 345 lstnael
193 317 265 346 illum
280 318 314 346 de
332 320 436 347 semine
451 324 544 348 natum
555 321 680 355 Abrahae,
695 323 795 358 quique
808 332 869 352 cum

87 368 173 391 mater
189 363 247 398 ejus
259 364 367 400 fugiens
383 366 522 407 dominam
536 375 613 397 suam
636 368 730 396 Suram
750 375 870 405 portaret

85 409 182 437 eumin
204 410 364 443 deserto,et
389 419 487 446 aquam
510 413 604 449 utique
628 415 768 449 quaerebat
781 421 809 443 et
821 424 870 451 pa-

84 454 153 482 nes?
171 455 225 483 Sed
241 460 268 483 et
287 456 357 485 Esau
377 457 410 485 de
423 457 465 485 via
482 459 595 487 veniens
611 460 753 489 deﬁciebat
765 461 866 494 inedia,

83 500 149 528 etin
164 505 269 530 tantum
285 502 364 529 famis
381 502 455 531 rabie
465 504 647 539 praecipitatus
663 510 713 541 est,
729 510 757 533 ut
767 507 868 541 prima-

83 549 125 573 tus
137 547 298 575 suos-lentis
313 547 376 575 cibo
388 548 549 584 distraxerit
563 551 596 577 ".
611 550 723 586 Oportet
734 560 799 588 ergo
817 561 867 582 nos

82 593 225 620 secundum
238 600 270 621 ea
288 602 348 628 qua:
361 602 441 630 supra
456 596 585 629 diximus,
601 598 682 626 etiam
697 607 787 628 semen
797 600 864 635 justi

83 637 231 674 intelligere
255 640 387 675 spiritale.
409 641 443 668 Et
462 643 525 676 quid
541 643 615 671 aliud
633 652 725 672 semen
742 645 803 679 justi
825 647 865 675 di-

82 693 160 720 gnum
176 690 218 713 est
243 691 349 721 putare,
365 687 416 715 nisi
441 687 602 723 discipulum
621 689 697 723 justi,
713 691 759 725 qui
773 699 865 720 susce-

81 735 123 764 pto
147 730 181 758 ab
203 738 236 758 eo
254 731 328 759 verbi
356 732 402 759 Dei
429 733 541 766 semine,
558 734 592 762 ad
615 735 695 765 vitam
718 743 864 771 generatur

78 779 202 803 aeternam
219 776 230 802 ?
249 775 330 804 Verbi
350 778 448 811 gratia,
465 779 486 805 si
502 780 671 809 orationibus
689 784 786 811 vestris
806 793 863 814 nte-

78 829 150 849 rerer
161 829 222 849 esse
235 822 336 856 justus.
353 829 381 851 et
398 825 521 860 accipere
535 833 550 853 a
572 827 685 856 Domino
700 830 816 863 gratiam
834 831 860 860 in

77 868 158 898 verbo
175 869 316 903 sapientiae
330 874 357 898 et
376 871 509 906 scicntia,
527 873 563 902 ita
584 879 616 902 ut
636 882 742 909 possem
763 884 861 904 secun-

77 913 136 941 dum
149 915 262 949 gratiam
275 923 356 951 quam
371 917 429 952 ipse
442 925 458 944 a
473 918 586 947 Domino
597 921 767 955 meruissem,
783 923 860 951 vobis

76 965 181 993 quoque
197 959 354 989 ministrare
375 962 487 990 verbum
504 962 571 997 Dei,
586 969 614 992 et
636 972 729 994 serere
751 967 816 995 illud
832 969 858 995 in

75 1005 212 1034 animabus
228 1007 325 1034 vestris
342 1016 349 1034 :
362 1011 418 1035 tum
434 1009 533 1037 deinde
549 1010 686 1045 ingressus
709 1020 798 1041 sermo
810 1013 858 1044 Dei

75 1050 101 1078 in
119 1051 222 1079 animas
240 1057 360 1085 vestras,
378 1056 406 1080 et
423 1053 528 1083 haerens
551 1057 577 1082 in
600 1057 684 1085 corde
698 1063 788 1086 vestro
803 1058 858 1086 l‘or-

75 1100 159 1124 maret
183 1102 290 1126 mentes
321 1102 425 1127 vestras
452 1101 602 1128 secundum
633 1103 750 1139 speciem
781 1105 856 1135 verbi

75 1140 166 1175 ipsius,
180 1142 207 1170 id
227 1147 270 1171 est
291 1148 322 1171 ut
345 1143 396 1172 hoc
415 1144 523 1173 velletis
544 1150 571 1174 et
586 1147 640 1174 hoe
653 1148 770 1182 ageretis
782 1149 856 1184 quod

73 1187 180 1214 verbum
197 1187 246 1215 Dei
264 1188 334 1222 vult,
344 1194 371 1216 et
385 1196 435 1224 per
442 1189 495 1217 hoc
513 1190 570 1226 ipse
580 1191 704 1225 Christus
718 1193 855 1223 liormare-

72 1238 114 1260 tur
125 1233 152 1260 in
167 1234 247 1262 vobis
263 1242 271 1262 :
287 1239 351 1263 tunc
373 1242 436 1264 vere
457 1235 631 1266 cmmemini
656 1245 750 1269 semen
773 1238 853 1274 justi,
876 1272 880 1276 ,

70 1280 138 1315 quod
159 1288 212 1308 non
230 1280 327 1315 quierit
345 1287 452 1315 panem,
471 1281 602 1312 habentes
616 1283 721 1314 scilicet
734 1284 761 1312 in
776 1286 854 1314 vobis

69 1332 174 1359 semper
191 1332 289 1360 panem
316 1325 390 1356 illum
405 1326 452 1361 qui
475 1326 509 1357 de
525 1327 596 1357 caelo
612 1328 760 1360 descendit.
775 1329 852 1364 Quod

69 1370 90 1397 si
106 1371 269 1406 respondeas
285 1371 351 1399 mihi
376 1375 404 1400 et
419 1371 493 1403 dicas
506 1380 513 1400 :
528 1371 629 1411 Quanti
645 1374 789 1403 audierunt
801 1375 851 1407 Pe,-

70 1422 137 1446 trnm
148 1424 175 1447 et
187 1420 313 1452 Paulum,
335 1420 381 1455 qui
396 1420 492 1455 utique
503 1425 582 1450 erant
592 1421 737 1456 iustissimi
757 1422 851 1452 docto-

68 1473 119 1498 res,
135 1470 162 1493 et
175 1472 265 1496 tamen
282 1471 472 1501 peccaverunt,
488 1471 516 1496 et
531 1468 667 1502 quomodo
682 1476 748 1504 ergo
756 1477 849 1500 semen

63 1510 124 1544 justi
141 1511 265 1539 dicentur
279 1511 291 1538 ?
309 1511 363 1540 Sed
387 1511 447 1540 vide
459 1519 493 1540 ne
511 1511 582 1541 forte
598 1513 669 1543 sicut
689 1521 741 1546 [ton
755 1522 850 1548 omnes

65 1557 108 1592 qui
133 1565 167 1585 ex
182 1557 320 1585 Abraham
345 1561 419 1590 sunt,
434 1558 516 1586 etiam
540 1565 636 1589 semen
653 1559 790 1590 Abraham
807 1562 850 1588 di.-
860 1574 884 1603 ε

64 1608 170 1635 cuntur,
185 1604 286 1638 quibus
303 1602 403 1632 dicitur
417 1603 441 1620 ³⁸
456 1612 463 1630 :
481 1603 511 1631 Si
521 1603 572 1638 ﬁlii
589 1604 723 1635 Abraham
746 1607 845 1640 armis,

64 1656 138 1684 opera
165 1651 257 1684 utique
277 1649 411 1677 Abraham
429 1650 567 1684 faceretis;
581 1650 618 1681 ita
632 1651 714 1681 etiam
738 1651 777 1679 illi
798 1653 847 1687 qui

64 1695 202 1723 audierunt
217 1694 327 1723 Petrum
349 1700 376 1723 et
389 1695 515 1729 Paulum,
528 1700 556 1724 et
570 1703 624 1725 non
641 1696 766 1727 fecerunt
786 1706 847 1733 quae

63 1740 186 1768 docuerat
197 1740 294 1769 Petrus
302 1741 344 1769 vel
357 1741 470 1776 Paulus,
485 1749 537 1770 non
552 1747 729 1774 erantsemea
740 1751 846 1778 eorum.

62 1786 120 1819 quia
147 1791 277 1821 suscepta
300 1787 334 1817 ab
349 1786 389 1814 eis
410 1787 484 1816 verbi
508 1790 622 1822 semina,
637 1796 672 1817 ex
690 1791 779 1818 anima
797 1798 845 1823 sua

62 1830 130 1858 velut
150 1831 296 1858 abortione
312 1832 432 1866 quadam
458 1833 614 1869 abiecerunt
629 1839 657 1862 et
680 1835 843 1864 cﬂ'uderunt.

63 1876 176 1912 Denique
193 1883 224 1906 et
244 1878 271 1904 in
288 1877 339 1905 hoc
362 1878 423 1913 ipso
448 1880 552 1914 psalmo
569 1880 635 1908 dicit
657 1881 710 1909 alio
724 1881 782 1910 loco
796 1883 819 1899 "
836 1891 844 1910 :

63 1921 153 1950 Semen
174 1923 317 1958 impiorum
330 1925 558 1955 exterminabitur.
574 1925 682 1954 Certum
696 1931 738 1954 est
752 1933 842 1956 autem

61 1968 120 2002 quia
135 1968 280 2004 impiorum
297 1977 390 1997 semen
412 1971 556 2006 corporale
578 1979 633 2000 non
649 1974 844 2002 exterminabi-

63 2016 112 2040 tur.
125 2013 176 2041 Job
197 2015 321 2050 denique
337 2023 430 2043 semen
444 2016 515 2044 Esau
529 2025 620 2045 semen
643 2019 717 2053 impii
731 2025 802 2053 erat,
817 2023 844 2048 et

61 2060 149 2094 utique
173 2068 227 2088 non
242 2063 451 2096 exterminatur,
469 2064 517 2091 sed
542 2064 730 2093 manifestatus
748 2070 790 2094 est
797 2067 843 2100 ju-

59 2109 113 2134 ltus
135 2115 148 2134 ιι
175 2107 302 2140 Domino,
313 2113 344 2135 et
369 2109 500 2144 propheta
518 2118 579 2138 esse
597 2111 769 2145 ostenditur,
783 2117 810 2140 et
825 2120 851 2141 a.

59 2151 111 2179 Deo
123 2160 206 2188 supra
217 2161 312 2182 omnes
321 2154 410 2188 iustos
421 2155 567 2185 collaudari
580 2162 708 2186 meretur.
724 2157 777 2187 Sed
791 2159 842 2188 hoc

57 2200 182 2234 estquod
204 2200 330 2235 superius
344 2202 472 2234 diximus.
489 2203 553 2237 quia
568 2203 639 2233 sicut
659 2210 753 2231 semen
773 2204 839 2240 justi

56 2251 143 2274 sermo
155 2250 182 2274 et
193 2246 318 2275 doctrina
338 2246 396 2282 eius
423 2254 475 2281 est,
489 2235 533 2283 qui
549 2256 644 2277 sermo
658 2249 694 2277 ita
711 2235 797 2285 pascit
810 2256 839 2278 et
855 2235 877 2263 η

55 2289 140 2318 reﬁcit
156 2292 274 2324 animas,
298 2296 327 2320 ut
342 2297 475 2328 negentur
495 2294 610 2328 panibus
630 2294 760 2330 indigere,
773 2296 836 2331 quia

54 2334 174 2364 Christus
187 2337 267 2372 panis
278 2345 372 2366 eorum
388 2344 450 2367 est:
466 2339 502 2366 ita
520 2347 535 2368 e
548 2341 689 2369 contrario
712 2342 835 2370 doctrina

54 2378 194 2414 impiorqu
204 2387 234 2410 et
249 2390 339 2411 sermo
351 2392 442 2412 semen
456 2392 549 2413 eorum
565 2391 606 2413 est
621 2387 693 2422 quod
705 2389 836 2416 extermi-

53 2420 169 2453 nandum
186 2426 297 2460 dicitur,
316 2429 379 2464 quia
400 2436 434 2457 ex
446 2429 565 2458 falsitate
586 2420 765 2467 compositum
782 2438 834 2466 est.

51 2472 78 2494 et
98 2470 258 2500 adveniente
271 2473 331 2501 luce
344 2475 475 2507 veritatis,
492 2480 595 2503 certum
608 2481 654 2505 est
669 2478 732 2513 quia
754 2486 834 2507 men-

52 2514 118 2543 dacii
139 2519 257 2546 tenebre
272 2519 448 2555 fugabuntur.

83 2562 185 2591 4.7m:
199 2565 243 2593 die
253 2565 391 2593 miseretur
401 2571 425 2594 at
441 2567 551 2602 [atterat
566 2569 598 2595 Μ.
613 2568 705 2597 Justus
717 2574 772 2598 tota
788 2572 831 2599 die

50 2608 202 2642 miseretur,
222 2615 250 2639 et
266 2615 322 2639 tota
345 2613 389 2641 die
410 2613 508 2642 dicitur
527 2615 687 2644 kenerare:
707 2616 740 2643 ad
765 2618 831 2646 nihil

50 2653 120 2682 aliud
136 2661 216 2683 vacat
227 2657 278 2685 nisi
286 2663 319 2685 -υι
330 2659 447 2688 [teneret
461 2660 494 2687 de
507 2668 539 2689 ea
559 2662 675 2696 pecunia
691 2670 755 2697 quae
779 2663 830 2692 sibi

49 2697 175 2729 abundat.
189 2702 316 2738 Nunquid
333 2710 361 2733 et
377 2706 422 2733 hic
432 2706 486 2734 ‘hoc
502 2707 653 2742 putabitur,
665 2710 830 2743 quia-iustus

49 2749 101 2773 tota
122 2747 165 2776 die
190 2750 284 2778 sedeat
303 2752 336 2779 ad
362 2760 493 2787 mensam,
507 2759 535 2782 et
557 2755 659 2783 habens
686 2758 828 2791 pecuniam

96 2837 200 2866 “Gen.
222 2839 267 2868 ‘Zl.

306 2841 327 2856 "
352 2841 420 2879 ﬁeri.
443 2850 510 2879 Vxxv.
550 2843 573 2859 "'
590 2842 669 2879 rJnan.
700 2851 760 2877 vm,
784 2845 828 2872 59.
867 2846 890 2861 ¹⁹
913 2845 981 2875 Pani.
999 2853 1097 2877 sunt,
1113 2845 1160 2879 23.

922 278 1049 308 Forsitan
1074 282 1125 310 hoc
1150 285 1287 318 putabitur
1313 294 1373 316 esse
1393 290 1466 323 quod
1489 278 1593 320 dictum
1603 299 1646 322 est
1660 303 1709 331 per

921 325 1031 361 Moysen
1047 327 1068 343 ²¹
1088 337 1095 356 :
1113 328 1148 357 Et
1165 334 1192 357 tu
1203 330 1341 365 feneratio
1358 335 1480 368 gentibus
1496 337 1598 373 multis,
1612 345 1641 367 tu
1658 325 1708 368 au-

920 376 972 399 um
990 378 1081 401 mutuo
1096 382 1148 402 non
1166 385 1278 411 quarta.
1294 378 1347 407 Sed
1359 385 1466 409 certum
1483 386 1525 410 est
1539 384 1601 418 quia
1615 386 1650 414 de
1660 387 1708 415 do-

921 418 1018 449 minica
1033 421 1144 454 pecunia
1153 422 1335 459 dicatumque:
1349 428 1537 462 nummulariis
1551 433 1708 468 praecipitur

919 465 1024 500 erogari
1039 467 1073 495 de
1087 467 1221 496 thesauris
1235 470 1377 505 sapientiae
1395 478 1423 500 et
1443 474 1565 504 scientiae
1578 477 1625 506 Dei
1635 465 1704 514 pro-

917 508 990 542 lata,
1005 515 1036 540 ut
1056 511 1190 542 iaciamus
1210 513 1244 541 de
1268 515 1388 550 quinque
1414 517 1522 547 talentis
1541 508 1651 556 decem,
1672 525 1705 552 de

917 555 1022 584 duobus
1037 561 1164 592 quatuor.
1179 559 1285 591 Quanto
1305 564 1396 589 autem
1413 555 1703 602 abundantiorempe—

916 601 1024 629 cuniam
1045 603 1222 633 habuerimus
1245 607 1272 634 in
1296 607 1384 635 anima
1408 615 1513 645 nostra,
1529 617 1604 642 tanto
1615 601 1703 652 magis

916 651 971 675 tota
988 648 1031 676 die
1054 648 1260 679 fmusrabimus.
1286 652 1339 680 Sed
1351 658 1379 681 et
1395 663 1467 683 nunc
1484 657 1547 686 licet
1575 667 1628 687 non
1650 648 1701 689 sim

911 691 1012 726 justus,
1029 698 1116 724 tamen
1133 695 1185 723 hoc
1205 697 1275 730 quod
1297 697 1391 732 loquor
1403 703 1545 734 pecuniam
1560 705 1638 733 vobis
1651 707 1700 734 do«

915 739 1042 768 minieam
1065 740 1189 769 faenero:
1206 743 1253 770 sed
1269 750 1317 772 vos
1342 749 1417 773 orate
1438 751 1467 774 ut
1492 749 1595 778 eﬂiciar
1607 751 1699 786 justus

912 789 940 812 et
955 787 1056 820 possim
1071 787 1147 815 vobis
1159 788 1270 822 iustitiae
1288 792 1429 823 pecuniam
1446 792 1590 829 fmnerare,
1601 802 1631 825 ut
1646 807 1698 828 non

912 830 998 858 solum
1022 832 1121 865 verbo,
1140 840 1235 860 verum
1255 834 1337 863 etiam
1349 835 1463 869 justitite
1481 842 1604 876 exemplo
1617 843 1699 878 justi-

911 876 978 904 tiam
994 877 1272 914 doceam.Propterea
1287 881 1358 909 sicut
1368 887 1432 911 sunt
1443 887 1563 917 pecunia:
1580 876 1697 923 iniusta,

875 910 897 938 Β
910 929 971 956 quae
984 922 1109 957 iniqueet
1121 910 1217 952 contra
1226 925 1314 961 legem
1325 910 1697 967 ωηετεέὶὲιῖιῖἶίῼέ

910 969 981 996 niam
1008 973 1036 997 et
1054 971 1210 1004 mendacia,
1231 976 1259 1001 et
1281 973 1388 1003 diversa
1410 977 1531 1005 avaritia
1554 980 1641 1014 mala;
1669 989 1698 1010 et

909 1021 1018 1042 rursum
1034 1020 1098 1043 sunt
1111 1017 1231 1051 pecunize
1244 1025 1305 1052 qum
1318 1019 1392 1053 juste
1405 1025 1431 1048 et
1446 1024 1594 1052 secundum
1608 1025 1694 1061 legem

907 1065 1078 1104 congregata:
1099 1067 1176 1094 sunt,
1193 1063 1220 1090 id
1235 1067 1277 1091 est
1291 1064 1325 1092 de
1346 1067 1465 1100 propriis
1481 1074 1506 1096 et
1525 1069 1608 1104 justis
1619 1072 1695 1101 labo-

907 1103 983 1132 ribus
998 1113 1006 1132 :
1024 1105 1061 1139 ita
1076 1106 1158 1134 etiam
1175 1107 1202 1135 in
1228 1109 1311 1136 verbo
1325 1113 1352 1136 et
1366 1109 1488 1139 doctrina
1504 1103 1565 1141 esse
1586 1114 1693 1144 inveni-

905 1154 962 1177 ων.
978 1150 1046 1178 Sunt
1065 1152 1147 1180 verba
1172 1160 1222 1181 nec
1245 1154 1324 1189 bene,
1342 1164 1392 1184 nec
1407 1156 1491 1191 juste,
1510 1166 1559 1187 nec
1575 1161 1693 1195 legitima

905 1201 1121 1232 congregata,ut
1134 1198 1324 1228 haereticorum
1341 1202 1422 1230 verba
1435 1208 1508 1236 sunt,
1525 1208 1553 1232 et
1567 1205 1691 1234 doctrina

904 1247 998 1270 contra
1009 1243 1094 1278 legem
1106 1243 1152 1272 Dei
1166 1250 1338 1280 congregata,
1352 1253 1412 1282 qua:
1424 1256 1472 1276 nos
1486 1249 1558 1277 velut
1572 1251 1689 1286 iniquam

903 1288 1045 1321 pecuniam
1062 1293 1089 1316 et
1112 1289 1280 1324 pestiferam,
1297 1295 1325 1318 et
1343 1292 1376 1319 de
1400 1293 1469 1321 malo
1490 1295 1632 1324 collectam
1647 1305 1691 1324 rc-

903 1331 999 1368 fugere
1011 1334 1150 1362 debemus.
1169 1334 1251 1362 Orate
1264 1343 1329 1371 ergo
1345 1342 1374 1365 ut
1392 1338 1449 1366 hazc
1466 1345 1556 1368 nostra
1574 1343 1689 1377 pecunia

903 1386 982 1414 quam
995 1380 1071 1408 vobis
1090 1380 1254 1412 imperamus
1272 1386 1326 1409 tota
1345 1383 1497 1413 inveniatur
1511 1393 1543 1414 ex
1556 1387 1638 1422 justis
1650 1389 1689 1415 la-

901 1424 1023 1458 boribus,
1037 1429 1093 1453 tota
1107 1425 1140 1453 de
1157 1427 1292 1457 dominica
1316 1434 1421 1459 moneta
1437 1431 1597 1465 procedens,
1614 1438 1643 1459 ut
1662 1439 1690 1461 ct

899 1476 951 1498 vos
963 1469 1051 1497 {mnus
1071 1470 1207 1505 integrum
1223 1472 1399 1507 consignatis,
1416 1479 1443 1502 et
1455 1481 1504 1506 nes
1520 1482 1573 1508 non
1595 1476 1690 1509 audia-

900 1521 961 1544 mus
973 1515 995 1531 ³³
1006 1534 1014 1548 ,
1028 1515 1223 1550 quia,0partuit
1238 1521 1262 1544 te
1272 1518 1410 1551 pecuniam
1428 1527 1512 1547 meam
1523 1521 1586 1550 dare
1609 1529 1686 1549 num-

900 1560 1034 1588 materiis.

935 1605 962 1633 5.
982 1606 1090 1637 Juveuir
1100 1614 1146 1642 ego
1159 1607 1210 1642 fui,
1225 1612 1249 1636 et
1263 1609 1347 1642 senui,
1363 1613 1386 1635 ει
1397 1617 1450 1642 non
1462 1610 1515 1638 vidi
1525 1610 1625 1645 justum
1637 1612 1684 1638 dc-

896 1653 1030 1686 uiictum,
1040 1661 1087 1683 iter
1098 1661 1183 1684 semen
1192 1654 1249 1688 ejus
1259 1662 1378 1688 quwrens
1391 1663 1484 1689 partem
1500 1664 1508 1682 :
1521 1660 1576 1688 tota
1586 1657 1629 1685 die
1636 1659 1686 1687 mi-

895 1703 1000 1730 seretur
1018 1703 1042 1728 et
1060 1698 1170 1733 [seuerat
1190 1698 1222 1726 ³³.
1238 1698 1267 1726 in
1283 1699 1469 1734 superioribus
1494 1700 1604 1736 dicitur,
1621 1704 1684 1738 quia

894 1748 1036 1772 mutuatur
1052 1749 1183 1778 peccator
1210 1748 1237 1771 et
1260 1751 1314 1782 non
1335 1744 1422 1777 reddit
1439 1753 1445 1772 :
1462 1745 1509 1778 hic
1524 1747 1685 1781 qujajustus

896 1793 950 1816 tota
964 1789 1008 1816 die
1019 1789 1165 1821 miseretur
1177 1793 1204 1820 et
1218 1788 1388 1819 imuerat.-Et
1407 1789 1465 1818 vide
1475 1797 1556 1826 quam
1574 1792 1600 1820 in
1618 1799 1684 1820 cor.-

893 1834 989 1861 trariis
1003 1841 1082 1868 pares
1095 1833 1158 1863 sint.
1171 1833 1302 1865 Rercator
1316 1841 1370 1866 non
1385 1833 1472 1862 solum
1495 1840 1589 1863 mutuo
1611 1838 1683 1866 acci-

895 1880 945 1914 pit,
958 1880 1005 1908 sed
1019 1884 1047 1908 et
1062 1887 1122 1909 cum
1140 1879 1276 1914 acceperit
1290 1887 1343 1907 non
1360 1880 1448 1908 reddit
1465 1889 1473 1907 :
1487 1880 1576 1915 justus
1591 1888 1681 1914 autem

894 1934 948 1954 non
967 1926 1053 1955 solum
1075 1930 1169 1958 mutuo
1190 1932 1242 1957 non
1258 1925 1369 1960 accipit,
1384 1927 1430 1958 sed
1452 1930 1479 1954 et
1493 1926 1611 1958 [uenerat
1631 1934 1681 1957 :et

894 1979 947 1999 non
961 1971 1051 2002 solum
1066 1971 1151 2003 semel
1166 1970 1207 1998 vel
1225 1970 1278 2005 bis,
1288 1971 1336 2000 sed
1351 1974 1406 1998 tota
1423 1971 1466 1999 die
1481 1971 1610 2007 fcerterat,
1628 1973 1679 2001 ltoc

893 2023 936 2046 est
955 2022 1011 2045 toto
1024 2018 1084 2048 vitae
1098 2025 1154 2048 sua:
1167 2021 1285 2052 tempore
1293 2017 1431 2048 fcenerans
1442 2018 1596 2058 miseretur,
1608 2020 1679 2051 unde

892 2068 916 2091 et
928 2071 1015 2090 semen
1026 2063 1084 2098 ejus
1091 2063 1119 2090 in
1129 2063 1308 2095 benedictione
1318 2063 1379 2089 erit.

928 2109 954 2136 6.
971 2109 1079 2138 Declina
1091 2118 1107 2139 α
1122 2110 1191 2139 malo
1203 2114 1225 2136 et
1244 2109 1287 2143 fac
1300 2109 1439 2142 bonum,et
1451 2110 1571 2138 inhabilis
1583 2111 1610 2141 in
1624 2119 1677 2142 ειε-

890 2156 979 2184 culum
987 2155 1116 2184 surculi".
1125 2155 1425 2189 llaec,inquit,audiens
1433 2155 1476 2184 fac
1490 2156 1562 2191 quod
1575 2157 1675 2185 bonum

892 2206 944 2235 est,
967 2201 1100 2229 habitabis
1121 2201 1147 2228 in
1173 2201 1311 2233 sarculum,
1329 2201 1380 2228 hoc
1403 2205 1457 2233 est,
1479 2201 1502 2228 si
1525 2202 1560 2228 ita
1587 2202 1675 2237 egeris

891 2247 1116 2283 quemadmodum
1134 2247 1245 2277 edoctus
1260 2254 1299 2280 es,
1315 2246 1446 2281 habitatio
1466 2250 1511 2274 tua
1526 2247 1579 2275 erit
1593 2252 1674 2277 teter-

892 2300 938 2320 na.
954 2292 983 2320 Si
1000 2293 1072 2320 enim
1086 2291 1214 2327 respicias
1230 2299 1282 2322 non
1298 2291 1332 2318 ad
1353 2299 1386 2320 ea
1400 2298 1460 2327 quae
1477 2291 1612 2324 videntur,
1626 2294 1674 2321 sed

890 2345 953 2374 qua
963 2345 1016 2366 non
1031 2337 1165 2369 videntur,
1177 2337 1307 2372 quoniam
1323 2344 1383 2371 quas
1399 2336 1526 2369 videntur
1538 2341 1674 2378 tempora-

891 2386 926 2414 lia
938 2389 1012 2419 sunt,
1025 2392 1087 2420 qua
1098 2388 1188 2413 autem
1203 2392 1256 2412 non
1275 2385 1401 2417 videntur
1415 2388 1515 2418 eterna
1528 2388 1600 2416 sunt,
1622 2384 1674 2412 ba-

889 2432 988 2460 bitabis
998 2432 1026 2460 in
1039 2431 1176 2460 saeculum.

923 2481 948 2508 7.
971 2480 1040 2514 Quia
1060 2479 1187 2511 Dominus
1201 2483 1272 2510 amat
1292 2479 1436 2519 judicium,
1451 2485 1475 2511 σι
1486 2488 1542 2513 τηοη
1557 2480 1671 2515 derelin-

885 2532 944 2562 quat
958 2531 1062 2554 sanctos
1082 2525 1186 2553 suos".
1199 2525 1340 2558 Quomodo
1360 2526 1491 2559 Dominus
1504 2531 1577 2558 amat
1598 2526 1671 2562 judi-

885 2573 956 2600 cium
971 2572 983 2599 1
997 2572 1065 2599 Dum
1087 2570 1155 2605 nihil
1164 2571 1238 2605 apud
1257 2577 1318 2600 eum
1343 2572 1401 2603 sine
1418 2571 1523 2606 judicio
1536 2572 1581 2606 fit,
1602 2571 1669 2607 nihil
1690 2609 1693 2611 ἓ

886 2618 945 2646 sine
960 2617 1072 2646 ratione.
1083 2618 1122 2645 Ita
1130 2622 1238 2654 ergoet
1247 2621 1278 2645 tu
1293 2617 1384 2647 sciens
1397 2618 1523 2651 quoniam
1536 2618 1670 2652 Dominus

885 2668 959 2692 amat
980 2664 1124 2699 judicium,
1153 2672 1203 2700 age
1220 2664 1316 2699 omnia
1338 2662 1414 2697 iusto
1429 2662 1532 2699 iudicio
1552 2667 1581 2695 et
1594 2671 1668 2698 vero.

885 2711 998 2738 audiens
1011 2710 1085 2738 illum
1092 2710 1139 2744 qui
1154 2714 1180 2737 te
1192 2709 1320 2738 admonet
1331 2709 1429 2743 ,dioens
1437 2708 1545 2742 "actim
1555 2709 1668 2744 consilio

884 2758 972 2785 omnia
982 2757 1040 2792 fac,
1050 2765 1110 2784 cum
1125 2757 1235 2787 consilio
1250 2756 1415 2784 uiuumbilu.

1215 2846 1238 2862 ³ο
1257 2846 1320 2873 ibid.
1337 2845 1382 2873 26.
1434 2844 1456 2862 ³⁵
1475 2846 1551 2877 Deut.
1569 2853 1613 2874 xv.
1637 2845 1664 2872 ὅ.

47 2868 67 2883 ³³
85 2871 178 2901 Matth.
195 2875 311 2909 xxv,27.
350 2868 372 2892 ³⁵
387 2868 570 2911 Pani-ianum,
583 2868 688 2911 έδῖέιι.
707 2868 829 2908 ’ἳιίιιῖὶιζ

933 2868 1097 2912 ἔῖῖυἷὶιζέὲῖ
1118 2868 1160 2896 Ἣ
1175 2868 1428 2915 Επιιῖἶὶἓυῖξὲη
1449 2868 1627 2913 Εᾶῑὲῗιῖξῆ.
