1886 3052
197 162 265 190 1359

903 161 948 190 KX
968 159 1115 192 ORIGENE

1759 170 1820 197 1360

178 228 184 250 ‘.
231 221 313 258 675
329 220 355 249 8.
368 221 404 248 Et
422 229 471 248 non
483 220 641 255 derelinquét
655 219 780 248 Dominus
793 225 896 249 sanctos
908 231 980 254 suos,
996 225 1018 253 Α
1033 230 1139 258 gerunt.
1166 223 1259 252 Solent
1280 224 1351 253 enim
1381 225 1497 260 imperiti
1525 226 1630 255 habere
1653 226 1739 255 etiam
1760 227 1822 255 istud

198 268 225 294 in
243 273 368 295 internum
385 267 616 294 conscrtmbuntur.
634 266 711 294 Sicut
733 267 808 301 dicit,
825 267 887 302 quia
906 269 980 296 habi-

198 315 266 341 tabit
277 314 303 341 in
315 314 454 344 saeculum,
466 312 501 339 ita
515 317 542 340 et
553 314 787 341 conservabuntur
799 314 826 341 in
838 319 980 342 aeternum.

197 360 273 393 Quod
294 365 438 393 utrumque
461 358 495 385 ad
523 358 642 385 futurum
665 360 778 395 respicit
804 366 921 397 tempus,
942 362 982 389 vel

197 405 333 437 saeculum,
346 405 389 432 cui
401 404 632 432 conservahuntur
654 406 751 438 sancti,
767 411 796 434 ut
810 407 938 442 deinceps
955 408 981 435 in

196 451 344 479 :eternitate
367 451 523 485 perdurent.
548 450 647 484 Injuui
671 451 835 485 punientur,
852 457 875 479 et
896 461 983 480 conten

197 498 337 531 impiorum
350 496 535 530 peribil;justi
545 500 631 523 autem
642 498 834 525 hwredilabunt
843 503 939 525 terram
948 498 981 525 ³⁷.

196 543 318 571 Diximus
333 543 389 578 jam
404 544 469 571 hinc
485 543 612 578 superius
630 543 708 578 quale
726 544 869 577 impiorum
888 545 922 572 sit
938 552 982 571 se-

195 597 268 621 men,
283 597 344 617 cum
362 590 395 616 ad
412 590 522 617 vet-bunt
547 589 754 624 doctrinamque
778 589 919 616 retulimus
936 594 983 617 :et

194 635 330 669 quomodo
350 635 585 668 exterminabitur,
604 635 666 661 dum
684 641 764 661 omne
784 634 952 661 mendacium
967 642 982 662 a

195 680 256 708 luce
269 681 391 708 veritatis
414 682 484 708 velut
504 682 622 709 tenebrae
643 679 787 714 cﬂugatur.
803 679 875 706 Iusti
896 684 982 706 autent

195 727 386 754 hwreditubnnt
402 732 509 754 terram.
525 725 557 752 Et
574 726 637 753 ltinc
652 726 776 761 superius
787 724 840 759 iam
854 725 982 757 diximus,

195 773 329 807 quomodo
356 773 412 800 sive
440 771 504 804 justi
537 774 594 799 sive
628 772 763 799 mansueti
796 771 982 799 htereditatem

197 822 274 845 terra:
288 817 366 845 bona:
377 822 404 844 et
421 808 524 852 magna:
548 816 620 844 illius
636 821 841 851 consequantur
867 823 896 844 ct
915 823 983 850 quo-

196 865 275 891 modo
292 863 411 891 habitent
429 863 455 891 in
472 871 502 890 ea
522 863 548 890 in
565 863 692 890 saeculum
707 863 811 895 szeculi,
826 870 878 890 non
894 862 982 890 solum

195 910 223 936 in
246 909 385 940 sarculum,
405 909 452 936 sed
479 910 505 936 in
531 909 657 936 saeculum
684 909 786 936 saeculi.
804 908 873 936 Vide
899 916 980 943 quam

197 963 292 990 magna
309 954 414 982 Domini
439 955 590 982 retributio.
619 954 673 982 Pro
696 955 788 982 labore
805 954 915 990 triginta
934 959 981 982 aut

195 1000 384 1036 quadraginta,
402 1005 430 1027 ut
452 1000 563 1027 multum
581 1004 655 1028 certe
677 1000 874 1034 quinquaginta
895 1007 980 1027 anno-

195 1053 256 1072 rum
273 1045 368 1080 recipit
381 1045 462 1072 homo
477 1053 529 1072 tton
551 1045 638 1072 solum
660 1045 750 1072 steculi
766 1044 848 1079 hujus
865 1045 981 1073 retribu-

195 1091 308 1124 tionem,
325 1091 371 1118 sed
390 1091 415 1117 in
433 1090 560 1118 saeculum
576 1090 677 1118 saeculi.
693 1089 721 1117 Si
737 1097 803 1117 vero
825 1094 981 1124 permaneat

194 1137 255 1172 quis
271 1137 296 1164 in
315 1137 398 1164 verbo
413 1136 471 1170 Dei,
487 1141 515 1164 et
536 1136 675 1171 sapientia:
696 1135 755 1169 ejus
776 1135 921 1169 adhaereat,
937 1140 977 1163 at-

194 1189 247 1217 que
260 1183 286 1210 in
296 1182 366 1210 lucis
381 1182 533 1209 :eternitate
547 1181 685 1216 persistat,
701 1181 841 1216 perveniet
855 1181 936 1209 etiam
953 1182 980 1208 in

194 1229 254 1260 hoc,
268 1233 297 1255 ut
312 1228 412 1257 referat
428 1229 483 1256 Deo
501 1228 615 1263 gloriam
641 1228 667 1255 in
691 1227 788 1254 saecula
809 1227 978 1255 saeculorum.

194 1275 292 1302 Amen.

490 1331 633 1360 HOMILIA
648 1331 684 1359 ν.

194 1378 233 1407 Dc
245 1378 334 1405 eodem
351 1378 452 1413 psalmo
467 1379 498 1405 ab
513 1386 543 1405 ea
557 1383 630 1411 parte
644 1377 667 1393 "
684 1385 691 1403 :
712 1386 721 1403 ι
739 1377 775 1404 Oa
787 1377 855 1412 justi
872 1377 980 1404 medita-

441 1413 511 1440 bitur
530 1413 700 1446 sapientiam.
720 1421 730 1436 ι

228 1460 254 1488 1.
263 1460 316 1488 Lex
325 1459 433 1495 quidem
442 1458 535 1486 volens
544 1465 593 1485 nos
601 1458 706 1492 aperire
713 1464 743 1485 os
756 1459 789 1485 ad
800 1457 908 1484 verbum
922 1457 978 1489 Dei,

193 1507 320 1542 praecepit
333 1506 428 1533 dicens
437 1506 458 1522 ³³
476 1514 482 1531 :
500 1504 635 1538 Loqueris,
650 1503 747 1536 inquit,
771 1503 826 1530 haec
846 1503 936 1530 aedem
952 1503 979 1529 in

1034 275 1094 295 cum
1109 269 1215 297 caeteris
1233 270 1379 304 pessimum
1397 270 1504 304 vitium,
1523 275 1554 298 nt
1578 272 1675 300 inanes
1692 277 1721 299 et
1737 281 1823 307 super-

1035 311 1102 340 ﬂuos
1119 318 1211 348 putent
1225 321 1271 341 eos
1285 314 1331 348 qui
1343 314 1424 341 verbo
1437 319 1464 341 et
1474 315 1604 342 doctrinm
1618 324 1734 351 operam
1749 318 1823 345 dede-

1035 359 1100 391 rint,
1113 364 1140 386 et
1153 359 1352 393 amplectuntur
1366 360 1453 396 magis
1470 361 1638 396 imperitiam
1653 369 1733 389 suam
1749 370 1824 397 quam

1035 404 1140 432 illorum
1157 405 1244 432 studia
1261 413 1292 433 ac
1313 405 1432 434 laborem
1452 415 1459 434 :
1478 409 1646 442 mutatisque
1672 409 1825 436 nominian

1034 451 1161 478 exercitia
1181 459 1274 479 eorum
1294 453 1496 486 verbositatem,
1515 461 1591 481 suam
1611 462 1679 481 vero
1697 455 1825 482 indocibi-

1034 497 1136 524 litatetn
1154 497 1196 525 vel
1217 498 1392 532 imperitiam,
1408 500 1610 535 simplicitatem
1625 506 1738 529 vocant.
1754 502 1825 536 Opti-

1034 550 1094 570 mus
1112 547 1200 571 tamen
1217 549 1244 571 et
1269 544 1313 571 ille
1335 549 1376 572 est
1400 545 1446 579 qui
1464 546 1623 580 sapientiam
1642 546 1745 580 probat
1763 548 1825 574 acti-

1034 589 1094 620 bus,
1111 594 1137 616 et
1151 597 1211 616 esse
1224 590 1332 624 sapiens
1344 590 1404 616 vita:
1420 597 1474 617 sua:
1491 591 1628 625 probitate
1641 592 1823 626 cognoscitur.

1033 633 1134 662 Beatus
1145 642 1210 669 ergo
1224 635 1269 670 qui
1286 643 1316 663 os
1332 643 1409 662 sutttn
1427 636 1516 671 aperit
1539 636 1624 664 verbo
1641 637 1703 669 Dei,
1720 643 1749 665 et
1768 645 1826 672 pro-

1035 680 1128 707 ﬁciens
1139 684 1217 707 :etate
1231 681 1378 708 secundum
1393 680 1530 708 Christum
1543 682 1668 716 proficiet
1680 687 1709 709 et
1720 683 1825 716 sapien-

1035 726 1082 754 tia.
1108 725 1188 753 Certe
1210 726 1233 753 si
1260 727 1376 761 amplius
1399 734 1452 753 non
1473 734 1615 761 possumus
1641 728 1668 755 in
1693 729 1825 762 sapientia

1034 771 1174 806 proiicere,
1198 771 1293 798 saltem
1317 771 1382 799 illud
1406 772 1554 799 observare
1581 780 1635 800 non
1661 775 1776 809 pigeat,
1801 775 1825 801 in

1034 817 1146 852 psalmis
1160 822 1187 845 et
1199 818 1306 854 hymnis
1320 823 1348 845 et
1361 819 1475 846 cattticis
1491 819 1659 853 spiritalibus
1672 825 1702 847 et
1722 821 1750 847 in
1764 828 1824 847 ora-

1037 863 1109 890 tione
1131 864 1172 890 vel
1196 863 1298 891 honore
1325 863 1370 890 Dei
1395 865 1564 899 frequentius
1591 866 1702 899 aperire
1723 873 1757 893 os
1778 873 1825 893 no-

998 893 1020 921 B
1034 914 1119 937 strum
1134 909 1166 936 “.
1181 909 1226 937 Est
1239 910 1310 937 enini
1328 915 1355 937 et
1369 910 1425 938 inec
1441 918 1494 938 non
1513 918 1594 945 parva
1610 911 1758 946 sapientiae
1772 919 1826 939 me-

1029 954 1137 987 ditatio,
1153 959 1184 981 ut
1206 962 1254 989 per
1271 955 1322 982 hoc
1342 955 1496 983 inveniatur
1511 962 1620 990 semper
1640 963 1673 983 os
1695 957 1762 991 justi
1785 964 1825 984 sa-

1030 999 1159 1035 pientiam
1175 1000 1312 1027 meditari.
1324 1000 1381 1028 Non
1396 1005 1486 1029 tamen
1501 1001 1567 1029 mihi
1583 1001 1697 1028 videtur
1709 1003 1823 1030 otiosum

1031 1047 1093 1082 quia
1110 1054 1162 1074 non
1182 1046 1261 1079 dixit,
1274 1055 1306 1074 os
1319 1047 1384 1082 justi
1406 1047 1560 1079 meditatur,
1580 1048 1654 1082 quod
1678 1049 1776 1083 utique
1793 1049 1824 1075 ad

1030 1100 1149 1128 praesens
1166 1097 1271 1128 tempus
1283 1097 1406 1127 spectare
1420 1097 1535 1127 poterat,
1550 1092 1597 1120 sed
1615 1092 1698 1125 dixit,
1717 1095 1823 1120 meditti.

1031 1140 1101 1166 bitur
1115 1140 1292 1174 sapientiam;
1308 1137 1378 1173 quod
1404 1138 1464 1166 sine
1487 1138 1567 1166 dubio
1582 1139 1617 1165 ad
1638 1138 1766 1166 futurum
1786 1148 1823 1166 re-

1030 1186 1111 1220 spicit
1144 1190 1267 1221 tcmpus,
1293 1186 1320 1212 in
1346 1191 1401 1220 quo
1430 1185 1514 1212 etiam
1541 1185 1634 1212 cazteri
1661 1185 1824 1221 interpretes

1030 1238 1124 1258 omnes
1141 1231 1243 1265 absque
1266 1237 1320 1258 uno
1340 1229 1526 1257 consentiunt.
1539 1228 1578 1256 Ne
1598 1228 1673 1257 forte
1688 1237 1758 1264 ergo
1777 1230 1823 1256 ali-

1031 1277 1095 1311 quid
1117 1277 1257 1311 mysticum
1275 1275 1398 1311 designet
1422 1275 1473 1302 hoc
1495 1279 1613 1310 tempus,
1640 1282 1700 1309 quo
1723 1275 1824 1302 scilicet

1027 1323 1165 1350 indicetur
1177 1322 1272 1350 iulurze
1296 1320 1524 1356 repromissionis,
1544 1325 1572 1347 et
1589 1321 1700 1354 gratia,
1721 1325 1750 1347 et
1769 1321 1821 1348 har

1028 1368 1153 1395 reditatis
1172 1375 1234 1402 spes
1253 1367 1313 1395 talis
1328 1369 1450 1402 quaedam
1469 1367 1571 1398 futura,
1591 1370 1621 1393 ut
1640 1374 1674 1394 os
1689 1366 1821 1401 justorum

1029 1422 1082 1442 non
1097 1415 1164 1443 cibis
1189 1418 1215 1441 et
1239 1418 1311 1449 potu,
1339 1421 1428 1449 neque
1446 1413 1550 1441 deliciis
1572 1417 1601 1440 et
1623 1412 1821 1447 voluptatibus.

1027 1467 1083 1486 non
1097 1460 1231 1488 vescendo
1247 1460 1345 1495 epulis.
1361 1460 1409 1487 sed
1425 1457 1581 1486 meditando
1592 1457 1765 1492 sapientiam
1779 1465 1821 1484 re-

1025 1506 1142 1540 pleatur.
1159 1504 1237 1534 Ultra
1260 1506 1331 1533 enim
1353 1513 1406 1533 non
1429 1504 1483 1532 erit
1504 1503 1601 1538 aliquis
1627 1503 1778 1537 imperitus
1797 1504 1821 1529 in

194 1555 280 1587 domo,
297 1558 320 1580 et
340 1560 447 1587 pergens
462 1552 490 1578 in
511 1551 564 1582 uia,
579 1554 602 1576 et
623 1549 722 1582 iacens,
742 1553 766 1576 et
786 1557 906 1584 surgens.
925 1547 978 1576 Sed
991 1560 1014 1590 α
1031 1558 1113 1586 regno
1129 1551 1186 1584 Dei,
1203 1559 1256 1578 non
1273 1551 1397 1579 indocilis
1415 1551 1605 1586 permanebit,
1624 1550 1718 1577 nullus
1738 1550 1791 1577 erit
1807 1557 1821 1575 ι

193 1603 220 1626 ct
236 1598 364 1625 Salomon
380 1598 406 1624 in
427 1596 580 1623 Proverbiis
595 1593 684 1621 simile
701 1593 802 1628 aliquid
814 1594 888 1622 brevi
903 1601 979 1621 com-

195 1644 343 1672 tnonitione
355 1642 504 1677 distinguit,
520 1642 611 1669 dicens
622 1641 644 1657 ⁸⁸
659 1650 665 1668 ;
681 1640 758 1675 Aperi
773 1648 801 1667 os
814 1645 887 1667 tuum
901 1641 977 1667 verba

193 1691 254 1718 Dei.
270 1689 402 1717 Similiter
413 1688 494 1716 etiam
511 1695 581 1715 nunc
593 1687 728 1722 Propheta
746 1693 796 1714 nos
811 1687 898 1718 docet,
915 1693 977 1713 cum

193 1735 314 1762 dicit“:
335 1733 371 1762 Os
395 1734 463 1769 justi
489 1732 658 1759 meditabitur
683 1731 850 1765 sapientiam.
873 1730 978 1758 Revera

192 1781 264 1808 enim
282 1787 331 1808 nec
348 1780 426 1807 debet
450 1778 522 1806 aliud
544 1778 690 1813 quidquam
715 1776 862 1811 procedere
882 1776 915 1803 de
930 1783 978 1803 ore

189 1826 266 1861 justi,
282 1826 332 1854 nisi
353 1824 497 1860 sapientia.
509 1822 592 1851 Unde
610 1828 638 1850 et
656 1830 705 1850 vos
721 1821 902 1856 imperitiores
919 1821 978 1856 qui-

192 1881 245 1909 que
269 1873 370 1900 fratres
392 1868 533 1899 audientes
557 1876 710 1897 sermonem
734 1867 891 1902 Prophetas,
917 1867 978 1894 date

191 1920 310 1948 studium
323 1923 352 1947 et
369 1916 537 1945 meditamini
550 1922 612 1943 cum
629 1914 740 1949 iustitiae
754 1913 882 1948 operibus
896 1913 977 1943 etiam

191 1966 225 1994 de
241 1973 290 1993 ore
304 1969 394 1992 vestro
417 1963 540 1999 proferre
559 1968 713 1989 sermonem
737 1960 887 1995 sapientia.
902 1959 977 1992 Quod

191 2018 226 2039 ne
239 2010 345 2038 ditlicile
362 2009 438 2036 vobis
454 2008 578 2034 videatur
603 2010 778 2041 praeceptum,
796 2006 906 2032 brevem
928 2011 977 2031 vo-

191 2057 233 2084 bis
254 2054 390 2090 sapientia:
415 2051 557 2080 insinuabo
583 2057 747 2078 sermonem.
767 2049 912 2084 Apostolus
928 2049 977 2080 ait,

191 2102 255 2138 quia
273 2100 396 2128 Christus
412 2098 457 2125 Dei
472 2102 514 2125 est
528 2097 614 2124 virtus
633 2101 661 2124 et
679 2096 727 2123 Dei
750 2095 883 2130 sapientia
896 2094 929 2121 “.
948 2094 977 2122 Si

191 2147 274 2180 igitur
285 2145 422 2173 Christum
439 2150 545 2178 semper
561 2142 721 2177 loquamini,
744 2141 766 2168 sl
791 2147 898 2175 semper
919 2139 978 2173 ejus

191 2192 273 2220 verba
288 2189 464 2221 meditemini,
480 2189 502 2216 si
519 2192 650 2224 praecepta
667 2187 727 2222 ejus
746 2187 771 2213 in
789 2192 837 2214 ore
852 2185 976 2218 teneatis,

1028 1605 1120 1625 rerum
1146 1597 1259 1624 scientia
1283 1598 1456 1632 peregrinus;
1486 1603 1580 1623 omnes
1605 1595 1773 1626 elﬁciemur.
1800 1595 1821 1620 si

1027 1648 1120 1671 tamen
1136 1643 1312 1677 merebimur,
1331 1642 1455 1677 discipuli
1475 1642 1625 1676 sapientia}.
1643 1641 1674 1668 Si
1701 1641 1766 1675 quis
1781 1640 1822 1667 hic

1028 1688 1133 1723 positus
1159 1688 1291 1715 imbuitur
1314 1692 1341 1715 et
1365 1687 1509 1715 instruitur
1529 1687 1556 1714 in
1581 1687 1624 1714 his
1647 1694 1712 1720 qua:
1738 1687 1821 1720 potuit

1029 1733 1056 1761 in
1079 1740 1162 1761 carne
1185 1733 1290 1767 positus
1313 1733 1457 1767 attingere,
1478 1732 1514 1759 ibi
1537 1731 1591 1766 iam
1622 1731 1820 1759 illuminabitur

1029 1778 1234 1813 perfectioribus
1249 1777 1411 1812 disciplinis,
1437 1782 1465 1804 et
1487 1785 1518 1804 ea
1542 1784 1603 1811 qua:
1619 1776 1666 1804 hic
1684 1777 1780 1804 studio
1793 1783 1821 1802 ac

1029 1823 1121 1851 labore
1136 1823 1247 1858 qnatsita
1262 1827 1335 1856 sunt,
1361 1823 1393 1850 ad
1417 1822 1605 1857 compendium
1628 1821 1736 1850 futura:
1760 1823 1822 1850 inibi

1028 1868 1208 1896 institutiOnis
1236 1867 1375 1895 accedent.
1396 1867 1448 1901 Qui
1470 1868 1535 1895 vero
1556 1867 1605 1894 .ltic
1628 1869 1756 1895 nondum
1780 1870 1824 1895 de-

1028 1915 1118 1950 posuit
1132 1915 1219 1950 prima
1236 1915 1398 1946 rudimenta,
1415 1913 1463 1941 sed
1484 1913 1573 1941 adhuc
1587 1917 1618 1940 ut
1633 1914 1771 1948 parvulus
1784 1914 1823 1940 lo-

1028 1961 1120 1995 quitur
1144 1963 1172 1987 et
1186 1965 1214 1987 ttt
1229 1959 1356 1996 parvulus
1371 1959 1452 1994 sapit,
1470 1959 1550 1985 etiam
1570 1957 1606 1985 ibi
1622 1958 1784 1986 instituitur
1799 1963 1825 1984 ut

1028 2007 1167 2040 parvolus,
1182 2012 1235 2040 quo
1258 2004 1369 2033 effectus
1385 2004 1528 2038 aliquando
1544 2005 1586 2031 vir
1595 2011 1652 2039 per
1667 2003 1822 2039 profectum

1028 2051 1167 2086 sapientiae.
1184 2058 1243 2086 quae
1257 2051 1360 2086 parvuli
1385 2055 1448 2078 sunt
1470 2050 1598 2084 deponat.
1621 2049 1680 2076 Aut
1698 2057 1756 2077 non
1774 2051 1823 2076 tate

1029 2097 1141 2132 aliquid,
1157 2097 1180 2125 si
1197 2096 1356 2132 spiritaliter
1379 2096 1555 2130 intelligatur,
1576 2095 1662 2122 etiam
1685 2095 1736 2122 lex
1754 2095 1822 2122 desi-

1028 2147 1104 2178 gnat,
1115 2149 1176 2170 cum
1190 2142 1255 2169 dicit
1271 2141 1312 2168 “z
1327 2141 1451 2176 Loqueris
1472 2141 1500 2167 in
1524 2140 1560 2167 eis
1582 2141 1679 2167 sedens
1700 2141 1787 2173 domi,
1800 2146 1823 2166 α

1028 2196 1136 2224 pergens
1148 2188 1175 2214 in
1187 2188 1239 2220 via,
1251 2191 1275 2214 et
1284 2187 1388 2222 jacens,
1404 2192 1428 2214 et
1438 2186 1600 2221 exsurgens?
1614 2186 1696 2219 Quod
1711 2187 1749 2213 ita
1764 2194 1823 2221 pos~

190 2237 270 2272 digne
291 2243 322 2263 os
345 2239 463 2262 vestrum
488 2233 662 2261 meditabitur
685 2231 858 2266 sapientiam.
883 2230 975 2264 Neque
991 2230 1013 2258 D
1028 2241 1120 2262 sumus
1142 2233 1317 2268 intelligere:
1335 2232 1458 2259 sedentes
1480 2232 1506 2259 in
1532 2232 1612 2259 domo
1636 2237 1665 2259 et
1684 2232 1822 2267 jacentes.

190 2284 262 2310 enim
279 2283 336 2310 haec
349 2281 405 2309 soia
421 2285 462 2308 cst
484 2279 623 2315 sapientia:
647 2278 797 2311 meditatio,
811 2278 834 2305 si
853 2277 912 2312 quis
926 2276 976 2304 do-

190 2337 253 2356 cere
270 2332 369 2363 potest,
384 2327 424 2354 vel
447 2325 528 2353 latius
551 2325 578 2352 in
600 2324 719 2352 Ecclesia
734 2324 894 2359 disputare,
909 2329 976 2350 con-

191 2374 358 2402 tradicentes
372 2373 522 2400 revincere.
540 2371 586 2399 Est
601 2371 708 2406 quidem
729 2374 756 2397 et
778 2369 830 2397 hoc
845 2375 913 2402 opus
929 2375 970 2395 sa-

190 2423 309 2458 pientiae,
325 2421 371 2449 sed
386 2420 455 2447 alius
480 2419 610 2453 amplius,
634 2417 703 2445 alius
725 2421 814 2443 autem
835 2415 933 2442 minus.
947 2414 974 2441 In

190 2469 242 2496 alio
255 2469 306 2496 hoc
319 2467 406 2502 ipsum
423 2466 494 2500 quod
512 2465 597 2492 credit
619 2463 665 2491 Dei
680 2463 828 2498 sapientitc,
842 2462 973 2497 sapientia

190 2518 329 2548 reputatur
344 2520 351 2539 :
366 2512 394 2539 in
409 2511 461 2538 alio
477 2515 504 2538 et
523 2510 574 2537 hoc
591 2509 661 2543 qttod
679 2507 824 2543 acquiescit
842 2506 973 2541 sapienti-

189 2559 239 2586 bus
263 2563 290 2585 et
312 2562 386 2585 amat
409 2557 479 2584 dicta
503 2554 677 2590 sapientium,
693 2553 825 2588 sapientia
850 2552 972 2580 dicitur:

190 2603 324 2631 nonnullis
340 2609 404 2630 vero
424 2602 506 2628 etiam
536 2599 766 2634 interrogantibus
788 2598 974 2625 tantummodo

189 2651 223 2676 de
233 2648 375 2683 sapientia,
401 2646 531 2681 sapientia
558 2649 707 2680 reputatur.
726 2643 791 2670 Illud
812 2643 900 2670 solum
926 2642 975 2668 ob-

190 2697 306 2724 servate,
326 2692 436 2723 fratres,
456 2698 490 2718 ne
514 2690 574 2725 quis
602 2694 719 2716 vestrum
742 2689 894 2716 inveniatur
920 2695 973 2715 tton

191 2738 276 2765 solum
295 2737 431 2771 non'loqui
449 2743 498 2763 nec
512 2735 635 2762 meditari
653 2734 822 2769 sapientiam,
839 2740 931 2760 verum
947 2737 974 2759 et

191 2783 279 2810 odisse
307 2787 388 2817 atque
410 2781 545 2810 adversari
568 2781 601 2807 iis
624 2781 669 2815 qui
691 2779 808 2807 studium
835 2778 974 2813 sapientiae

227 2837 248 2853 ³⁷
260 2835 333 2864 Psal.
349 2844 443 2867 xxxvi,
454 2837 500 2867 28,
513 2837 558 2864 29.
597 2835 619 2851 "
633 2836 699 2863 ibid.
716 2834 760 2862 '50.
799 2834 820 2850 "
836 2833 912 2860 Deut.
928 2840 966 2865 rt,
982 2833 1009 2859 7.
1059 2833 1080 2847 "
1095 2833 1174 2858 Prov.
1191 2838 1240 2857 xxx

229 2872 330 2896 Coloss.
352 2879 392 2896 ιιι.
409 2871 449 2896 16.
503 2872 524 2887 ⁸⁵
540 2872 614 2896 Deut.
640 2878 675 2896 \‘I.
691 2870 716 2896 7.
763 2869 785 2884 ⁸⁵
797 2868 873 2896 Joan.
886 2876 923 2896 vt.
937 2868 978 2894 Η.
1017 2867 1039 2883 ⁸⁸
1058 2866 1136 2893 Ριον,
1154 2874 1192 2896 ιιι¹
1205 2866 1240 2891 ‘lt

189 2872 330 2900 "Soleas.
352 2879 392 2904 ιιι,
409 2871 449 2897 16.
503 2872 524 2887 ⁸⁵
540 2872 614 2898 Deut.
640 2878 675 2902 γι,
691 2870 716 2896 7.

1026 2287 1087 2307 cutn
1102 2278 1128 2305 in
1141 2277 1271 2310 Ecclesia,
1284 2283 1343 2312 qua:
1359 2280 1400 2304 est
1415 2277 1511 2304 domus
1529 2277 1586 2309 Dei,
1606 2276 1753 2311 loquimur
1766 2285 1822 2305 ver-

1026 2326 1089 2353 bum
1103 2324 1161 2356 Dei,
1175 2324 1201 2351 in
1218 2323 1270 2350 hoc
1281 2323 1384 2350 scilicet
1395 2329 1509 2357 corpore
1522 2323 1613 2357 positi,
1630 2329 1781 2358 pergentes
1796 2324 1820 2349 in

1026 2372 1080 2404 via,
1103 2372 1128 2399 in
1152 2370 1195 2398 illa
1221 2377 1282 2405 quae
1303 2368 1367 2396 dicit
1396 2368 1439 2394 u:
1457 2366 1513 2402 Ego
1529 2375 1586 2394 sum
1607 2368 1664 2400 via,
1683 2368 1821 2403 loquimur

1026 2417 1137 2444 verbum
1160 2416 1228 2443 Dei:
1247 2421 1274 2443 et
1290 2418 1476 2449 exsurgentes,
1495 2420 1557 2440 cum
1576 2415 1819 2442 exsurrexerimm

1027 2470 1042 2490 e
1065 2469 1160 2490 somno
1189 2461 1284 2488 mortis
1309 2460 1334 2487 in
1363 2459 1572 2491 resurrectione,
1594 2463 1663 2487 tunc
1684 2459 1819 2495 loquimur

1027 2507 1074 2535 illa
1093 2514 1152 2542 quae
1167 2505 1285 2541 perfecta
1299 2509 1372 2537 sunt,
1390 2508 1568 2539 exsurgentes
1579 2505 1614 2531 de
1628 2512 1734 2533 somno
1751 2513 1818 2533 mor-

1028 2554 1074 2586 tis,
1088 2553 1158 2581 sicut
1183 2557 1208 2580 et
1224 2551 1351 2578 Salomon
1369 2550 1453 2586 6'76
1470 2549 1537 2577 dicit
1552 2549 1586 2577 de
1603 2557 1636 2577 eo
1650 2551 1699 2585 qui
1716 2552 1818 2586 sapictt-

1028 2598 1093 2626 tiam
1111 2597 1161 2624 sibi
1175 2596 1289 2623 amicam
1312 2601 1338 2622 et
1357 2595 1516 2623 familiarem
1531 2595 1608 2628 fecit,
1623 2597 1692 2630 quia
1714 2597 1819 2623 sised:-

1027 2644 1074 2676 ris,
1086 2644 1142 2670 sine
1152 2643 1244 2668 timore
1258 2641 1355 2673 eriget
1371 2641 1394 2667 si
1409 2641 1556 2671 dormieris,
1569 2641 1686 2668 libenter
1700 2650 1815 2669 somnum

1028 2688 1126 2722 capies,
1137 2692 1160 2714 et
1175 2695 1226 2714 non
1239 2686 1338 2713 timebis
1349 2690 1474 2712 terrorem
1487 2686 1728 2719 superum'cnlenr,
1739 2694 1815 2719 neque

1027 2734 1137 2767 impetus
1164 2731 1450 2765 impiorum-irruentes
1473 2738 1555 2765 super
1574 2735 1600 2757 te
1619 2731 1657 2757 “.
1679 2731 1816 2759 Suﬂiciant

1028 2776 1078 2803 ista
1094 2776 1127 2802 de
1145 2782 1178 2802 eo
1197 2775 1267 2810 quod
1291 2775 1421 2809 scriptum
1436 2779 1476 2801 est
1489 2782 1496 2801 :
1510 2773 1547 2800 οι
1555 2774 1629 2809 justi
1648 2776 1815 2802 meditabitur

1059 2831 1080 2847 “
1095 2831 1174 2858 Prov.
1191 2838 1264 2862 xm,
1278 2831 1305 2857 9.‘
1343 2830 1363 2845 “
1378 2830 1448 2857 Psal.
1463 2834 1556 2861 xxxvi,
1575 2829 1623 2857 50.
1666 2831 1689 2847 ⁸¹
1705 2832 1711 2857 I
1725 2832 1783 2858 Cor.
1797 2837 1811 2856 l-
