  <div class='ocr_page' id='page_1' title='image "/cluster/home/n/w/nwhite01/storage/ocr_20150623/12/njp.32101077772422/732.png"; bbox 0 0 1886 3052; ppageno 0'>
   <div class='ocr_carea' id='block_1_1' title="bbox 83 125 152 154">
    <p class='ocr_par' dir='ltr' id='par_1_1' title="bbox 83 125 152 154">
     <span class='ocr_line' id='line_1_1' title="bbox 83 125 152 154; baseline -0.014 -1"><span class='ocrx_word' id='word_1_1' title='bbox 83 125 152 154; x_wconf 71' lang='grc'><strong>1561</strong></span> 
     </span>
    </p>
   </div>
   <div class='ocr_carea' id='block_1_2' title="bbox 420 119 1342 152">
    <p class='ocr_par' dir='ltr' id='par_1_2' title="bbox 420 119 1342 152">
     <span class='ocr_line' id='line_1_2' title="bbox 420 119 1342 152; baseline -0.003 -1"><span class='ocrx_word' id='word_1_2' title='bbox 420 123 575 152; x_wconf 79' lang='lat' dir='ltr'><strong>SELECTA</strong></span> <span class='ocrx_word' id='word_1_3' title='bbox 591 123 624 151; x_wconf 78' lang='lat' dir='ltr'><strong>IN</strong></span> <span class='ocrx_word' id='word_1_4' title='bbox 640 122 809 151; x_wconf 79' lang='lat' dir='ltr'><strong>PSALM&#39;JS.</strong></span> <span class='ocrx_word' id='word_1_5' title='bbox 830 137 865 142; x_wconf 92' lang='lat'><strong>-—</strong></span> <span class='ocrx_word' id='word_1_6' title='bbox 882 121 997 149; x_wconf 77' lang='lat' dir='ltr'><strong>HOMIL.</strong></span> <span class='ocrx_word' id='word_1_7' title='bbox 1020 121 1041 148; x_wconf 69' lang='grc' dir='ltr'>Υ</span> <span class='ocrx_word' id='word_1_8' title='bbox 1059 121 1092 148; x_wconf 76' lang='lat' dir='ltr'><strong>IN</strong></span> <span class='ocrx_word' id='word_1_9' title='bbox 1107 120 1205 149; x_wconf 77' lang='lat' dir='ltr'><strong>PSAL.</strong></span> <span class='ocrx_word' id='word_1_10' title='bbox 1223 119 1342 148; x_wconf 77' lang='lat' dir='ltr'><strong>XXXVI.</strong></span> 
     </span>
    </p>
   </div>
   <div class='ocr_carea' id='block_1_3' title="bbox 1640 121 1709 147">
    <p class='ocr_par' dir='ltr' id='par_1_3' title="bbox 1640 121 1709 147">
     <span class='ocr_line' id='line_1_3' title="bbox 1640 121 1709 147; baseline 0 0"><span class='ocrx_word' id='word_1_11' title='bbox 1640 121 1709 147; x_wconf 71' lang='grc' dir='ltr'><strong>13ὓέ</strong></span> 
     </span>
    </p>
   </div>
   <div class='ocr_carea' id='block_1_4' title="bbox 79 176 1707 215">
    <p class='ocr_par' dir='ltr' id='par_1_4' title="bbox 79 176 1707 215">
     <span class='ocr_line' id='line_1_4' title="bbox 79 176 1707 215; baseline -0.001 -8"><span class='ocrx_word' id='word_1_12' title='bbox 79 180 251 214; x_wconf 74' lang='lat' dir='ltr'><strong>sapientiam,</strong></span> <span class='ocrx_word' id='word_1_13' title='bbox 267 179 365 214; x_wconf 84' lang='lat' dir='ltr'><strong>quibus</strong></span> <span class='ocrx_word' id='word_1_14' title='bbox 383 179 491 207; x_wconf 89' lang='lat' dir='ltr'><strong>additur</strong></span> <span class='ocrx_word' id='word_1_15' title='bbox 505 188 511 206; x_wconf 89' lang='lat'><strong>:</strong></span> <span class='ocrx_word' id='word_1_16' title='bbox 528 179 561 206; x_wconf 83' lang='lat' dir='ltr'><strong>Et</strong></span> <span class='ocrx_word' id='word_1_17' title='bbox 579 180 669 215; x_wconf 80' lang='lat' dir='ltr'><strong>lingua</strong></span> <span class='ocrx_word' id='word_1_18' title='bbox 683 180 739 215; x_wconf 80' lang='lat' dir='ltr'><strong>ejus</strong></span> <span class='ocrx_word' id='word_1_19' title='bbox 752 180 872 211; x_wconf 74' lang='lat' dir='ltr'><strong>loquetur</strong></span> <span class='ocrx_word' id='word_1_20' title='bbox 885 179 908 207; x_wconf 78' lang='grc' dir='ltr'><strong>Α</strong></span> <span class='ocrx_word' id='word_1_21' title='bbox 922 177 1006 205; x_wconf 84' lang='lat' dir='ltr'><strong>moria</strong></span> <span class='ocrx_word' id='word_1_22' title='bbox 1021 184 1049 205; x_wconf 91' lang='lat' dir='ltr'><strong>et</strong></span> <span class='ocrx_word' id='word_1_23' title='bbox 1061 177 1217 213; x_wconf 69' lang='lat' dir='ltr'><strong>diligentius</strong></span> <span class='ocrx_word' id='word_1_24' title='bbox 1234 178 1367 210; x_wconf 85' lang='lat' dir='ltr'><strong>retinetis,</strong></span> <span class='ocrx_word' id='word_1_25' title='bbox 1387 176 1456 204; x_wconf 84' lang='lat' dir='ltr'><strong>scire</strong></span> <span class='ocrx_word' id='word_1_26' title='bbox 1471 177 1575 205; x_wconf 82' lang='lat' dir='ltr'><strong>debetis</strong></span> <span class='ocrx_word' id='word_1_27' title='bbox 1587 176 1660 212; x_wconf 80' lang='lat' dir='ltr'><strong>quia</strong></span> <span class='ocrx_word' id='word_1_28' title='bbox 1684 179 1707 206; x_wconf 86' lang='lat' dir='ltr'><strong>si</strong></span> 
     </span>
    </p>
   </div>
   <div class='ocr_carea' id='block_1_5' title="bbox 75 226 224 260">
    <p class='ocr_par' dir='ltr' id='par_1_5' title="bbox 75 226 224 260">
     <span class='ocr_line' id='line_1_5' title="bbox 75 226 224 260; baseline 0 -8"><span class='ocrx_word' id='word_1_29' title='bbox 75 226 224 260; x_wconf 72' lang='lat' dir='ltr'><strong>judicium.</strong></span> 
     </span>
    </p>
   </div>
   <div class='ocr_carea' id='block_1_6' title="bbox 118 270 872 308">
    <p class='ocr_par' dir='ltr' id='par_1_6' title="bbox 118 270 872 308">
     <span class='ocr_line' id='line_1_6' title="bbox 118 270 872 308; baseline 0.004 -11"><span class='ocrx_word' id='word_1_30' title='bbox 118 270 144 297; x_wconf 77' lang='lat'><strong>2.</strong></span> <span class='ocrx_word' id='word_1_31' title='bbox 159 270 262 305; x_wconf 81' lang='lat' dir='ltr'><strong>Duplici</strong></span> <span class='ocrx_word' id='word_1_32' title='bbox 278 275 358 299; x_wconf 92' lang='lat' dir='ltr'><strong>modo</strong></span> <span class='ocrx_word' id='word_1_33' title='bbox 373 273 464 307; x_wconf 84' lang='lat' dir='ltr'><strong>lingua</strong></span> <span class='ocrx_word' id='word_1_34' title='bbox 484 272 550 308; x_wconf 86' lang='lat' dir='ltr'><strong>justi</strong></span> <span class='ocrx_word' id='word_1_35' title='bbox 571 273 728 308; x_wconf 86' lang='lat' dir='ltr'><strong>intelligitur</strong></span> <span class='ocrx_word' id='word_1_36' title='bbox 741 273 812 308; x_wconf 88' lang='lat' dir='ltr'><strong>loqui</strong></span> <span class='ocrx_word' id='word_1_37' title='bbox 828 273 872 308; x_wconf 86' lang='lat' dir='ltr'><strong>ju-</strong></span> 
     </span>
    </p>
   </div>
   <div class='ocr_carea' id='block_1_7' title="bbox 80 316 871 352">
    <p class='ocr_par' dir='ltr' id='par_1_7' title="bbox 80 316 871 352">
     <span class='ocr_line' id='line_1_7' title="bbox 80 316 871 352; baseline 0.003 -10"><span class='ocrx_word' id='word_1_38' title='bbox 80 316 196 349; x_wconf 88' lang='lat' dir='ltr'><strong>dicium,</strong></span> <span class='ocrx_word' id='word_1_39' title='bbox 213 317 271 344; x_wconf 84' lang='lat' dir='ltr'><strong>sive</strong></span> <span class='ocrx_word' id='word_1_40' title='bbox 291 324 341 351; x_wconf 93' lang='lat' dir='ltr'><strong>pro</strong></span> <span class='ocrx_word' id='word_1_41' title='bbox 363 324 396 345; x_wconf 88' lang='lat' dir='ltr'><strong>eo</strong></span> <span class='ocrx_word' id='word_1_42' title='bbox 418 318 489 351; x_wconf 92' lang='lat' dir='ltr'><strong>quod</strong></span> <span class='ocrx_word' id='word_1_43' title='bbox 511 317 602 344; x_wconf 86' lang='lat' dir='ltr'><strong>omnia</strong></span> <span class='ocrx_word' id='word_1_44' title='bbox 622 323 696 345; x_wconf 88' lang='lat' dir='ltr'><strong>recto</strong></span> <span class='ocrx_word' id='word_1_45' title='bbox 716 317 828 352; x_wconf 88' lang='lat' dir='ltr'><strong>judicio,</strong></span> <span class='ocrx_word' id='word_1_46' title='bbox 843 322 871 345; x_wconf 89' lang='lat' dir='ltr'><strong>et</strong></span> 
     </span>
    </p>
   </div>
   <div class='ocr_carea' id='block_1_8' title="bbox 79 362 871 399">
    <p class='ocr_par' dir='ltr' id='par_1_8' title="bbox 79 362 871 399">
     <span class='ocr_line' id='line_1_8' title="bbox 79 362 871 399; baseline 0.004 -10"><span class='ocrx_word' id='word_1_47' title='bbox 79 370 145 389; x_wconf 81' lang='lat' dir='ltr'><strong>cum</strong></span> <span class='ocrx_word' id='word_1_48' title='bbox 163 362 357 390; x_wconf 87' lang='lat' dir='ltr'><strong>deliberatione</strong></span> <span class='ocrx_word' id='word_1_49' title='bbox 373 367 400 390; x_wconf 89' lang='lat' dir='ltr'><strong>et</strong></span> <span class='ocrx_word' id='word_1_50' title='bbox 417 370 478 391; x_wconf 88' lang='lat' dir='ltr'><strong>cutn</strong></span> <span class='ocrx_word' id='word_1_51' title='bbox 491 363 603 391; x_wconf 90' lang='lat' dir='ltr'><strong>consilio</strong></span> <span class='ocrx_word' id='word_1_52' title='bbox 622 363 742 398; x_wconf 89' lang='lat' dir='ltr'><strong>loquitur</strong></span> <span class='ocrx_word' id='word_1_53' title='bbox 760 372 820 399; x_wconf 64' lang='lat' dir='ltr'><strong>qua:</strong></span> <span class='ocrx_word' id='word_1_54' title='bbox 831 364 871 392; x_wconf 93' lang='lat' dir='ltr'><strong>lo-</strong></span> 
     </span>
    </p>
   </div>
   <div class='ocr_carea' id='block_1_9' title="bbox 79 409 871 444">
    <p class='ocr_par' dir='ltr' id='par_1_9' title="bbox 79 409 871 444">
     <span class='ocr_line' id='line_1_9' title="bbox 79 409 871 444; baseline 0.003 -8"><span class='ocrx_word' id='word_1_55' title='bbox 79 410 187 444; x_wconf 87' lang='lat' dir='ltr'><strong>quitur,</strong></span> <span class='ocrx_word' id='word_1_56' title='bbox 204 414 230 436; x_wconf 94' lang='lat' dir='ltr'><strong>et</strong></span> <span class='ocrx_word' id='word_1_57' title='bbox 244 409 309 436; x_wconf 85' lang='lat' dir='ltr'><strong>nihil</strong></span> <span class='ocrx_word' id='word_1_58' title='bbox 326 416 373 443; x_wconf 90' lang='lat' dir='ltr'><strong>per</strong></span> <span class='ocrx_word' id='word_1_59' title='bbox 386 409 562 442; x_wconf 82' lang='lat' dir='ltr'><strong>iracundiam,</strong></span> <span class='ocrx_word' id='word_1_60' title='bbox 579 410 647 438; x_wconf 84' lang='lat' dir='ltr'><strong>nihil</strong></span> <span class='ocrx_word' id='word_1_61' title='bbox 665 415 694 438; x_wconf 94' lang='lat' dir='ltr'><strong>ut</strong></span> <span class='ocrx_word' id='word_1_62' title='bbox 714 411 871 438; x_wconf 87' lang='lat' dir='ltr'><strong>hominibus</strong></span> 
     </span>
    </p>
   </div>
   <div class='ocr_carea' id='block_1_10' title="bbox 81 454 870 491">
    <p class='ocr_par' dir='ltr' id='par_1_10' title="bbox 81 454 870 491">
     <span class='ocr_line' id='line_1_10' title="bbox 81 454 870 491; baseline 0.003 -9"><span class='ocrx_word' id='word_1_63' title='bbox 81 455 201 490; x_wconf 85' lang='lat' dir='ltr'><strong>placeat,</strong></span> <span class='ocrx_word' id='word_1_64' title='bbox 216 454 282 482; x_wconf 87' lang='lat' dir='ltr'><strong>nihil</strong></span> <span class='ocrx_word' id='word_1_65' title='bbox 305 463 338 482; x_wconf 86' lang='lat' dir='ltr'><strong>ex</strong></span> <span class='ocrx_word' id='word_1_66' title='bbox 361 455 482 487; x_wconf 86' lang='lat' dir='ltr'><strong>tristitia,</strong></span> <span class='ocrx_word' id='word_1_67' title='bbox 502 455 568 482; x_wconf 91' lang='lat' dir='ltr'><strong>nihil</strong></span> <span class='ocrx_word' id='word_1_68' title='bbox 585 462 618 482; x_wconf 85' lang='lat' dir='ltr'><strong>ex</strong></span> <span class='ocrx_word' id='word_1_69' title='bbox 638 460 721 488; x_wconf 90' lang='lat' dir='ltr'><strong>metu,</strong></span> <span class='ocrx_word' id='word_1_70' title='bbox 735 463 794 491; x_wconf 68' lang='lat' dir='ltr'><strong>quae</strong></span> <span class='ocrx_word' id='word_1_71' title='bbox 813 456 870 484; x_wconf 80' lang='lat' dir='ltr'><strong>sin-</strong></span> 
     </span>
    </p>
   </div>
   <div class='ocr_carea' id='block_1_11' title="bbox 79 499 870 536">
    <p class='ocr_par' dir='ltr' id='par_1_11' title="bbox 79 499 870 536">
     <span class='ocr_line' id='line_1_11' title="bbox 79 499 870 536; baseline 0.004 -10"><span class='ocrx_word' id='word_1_72' title='bbox 79 500 144 536; x_wconf 77' lang='lat' dir='ltr'><strong>gula</strong></span> <span class='ocrx_word' id='word_1_73' title='bbox 159 499 245 528; x_wconf 88' lang='lat' dir='ltr'><strong>solent</strong></span> <span class='ocrx_word' id='word_1_74' title='bbox 260 501 352 534; x_wconf 83' lang='lat' dir='ltr'><strong>utique</strong></span> <span class='ocrx_word' id='word_1_75' title='bbox 367 508 420 527; x_wconf 87' lang='lat' dir='ltr'><strong>non</strong></span> <span class='ocrx_word' id='word_1_76' title='bbox 443 501 575 534; x_wconf 82' lang='lat' dir='ltr'><strong>integrum</strong></span> <span class='ocrx_word' id='word_1_77' title='bbox 591 501 745 529; x_wconf 89' lang='lat' dir='ltr'><strong>bontinibus</strong></span> <span class='ocrx_word' id='word_1_78' title='bbox 761 510 870 530; x_wconf 87' lang='lat' dir='ltr'><strong>servare</strong></span> 
     </span>
    </p>
   </div>
   <div class='ocr_carea' id='block_1_12' title="bbox 76 546 869 583">
    <p class='ocr_par' dir='ltr' id='par_1_12' title="bbox 76 546 869 583">
     <span class='ocr_line' id='line_1_12' title="bbox 76 546 869 583; baseline 0.005 -11"><span class='ocrx_word' id='word_1_79' title='bbox 76 546 224 582; x_wconf 80' lang='lat' dir='ltr'><strong>judicium,</strong></span> <span class='ocrx_word' id='word_1_80' title='bbox 245 546 287 573; x_wconf 86' lang='lat' dir='ltr'><strong>vel</strong></span> <span class='ocrx_word' id='word_1_81' title='bbox 301 550 376 574; x_wconf 84' lang='lat' dir='ltr'><strong>certe</strong></span> <span class='ocrx_word' id='word_1_82' title='bbox 389 547 467 581; x_wconf 48' lang='lat' dir='ltr'><strong>,quod</strong></span> <span class='ocrx_word' id='word_1_83' title='bbox 485 553 592 581; x_wconf 83' lang='lat' dir='ltr'><strong>semper</strong></span> <span class='ocrx_word' id='word_1_84' title='bbox 612 547 645 574; x_wconf 91' lang='lat' dir='ltr'><strong>de</strong></span> <span class='ocrx_word' id='word_1_85' title='bbox 667 547 869 583; x_wconf 79' lang='lat' dir='ltr'><strong>futurojudicio</strong></span> 
     </span>
    </p>
   </div>
   <div class='ocr_carea' id='block_1_13' title="bbox 79 591 872 628">
    <p class='ocr_par' dir='ltr' id='par_1_13' title="bbox 79 591 872 628">
     <span class='ocr_line' id='line_1_13' title="bbox 79 591 872 628; baseline 0.005 -10"><span class='ocrx_word' id='word_1_86' title='bbox 79 591 202 626; x_wconf 74' lang='lat' dir='ltr'><strong>loquitur</strong></span> <span class='ocrx_word' id='word_1_87' title='bbox 217 591 324 626; x_wconf 87' lang='lat' dir='ltr'><strong>justus,</strong></span> <span class='ocrx_word' id='word_1_88' title='bbox 346 597 375 619; x_wconf 87' lang='lat' dir='ltr'><strong>ut</strong></span> <span class='ocrx_word' id='word_1_89' title='bbox 395 600 572 620; x_wconf 87' lang='lat' dir='ltr'><strong>commonens</strong></span> <span class='ocrx_word' id='word_1_90' title='bbox 590 600 697 628; x_wconf 84' lang='lat' dir='ltr'><strong>semper</strong></span> <span class='ocrx_word' id='word_1_91' title='bbox 716 595 755 622; x_wconf 77' lang='lat' dir='ltr'><strong>vel</strong></span> <span class='ocrx_word' id='word_1_92' title='bbox 771 600 872 623; x_wconf 86' lang='lat' dir='ltr'><strong>semet-</strong></span> 
     </span>
    </p>
   </div>
   <div class='ocr_carea' id='block_1_14' title="bbox 78 635 868 673">
    <p class='ocr_par' dir='ltr' id='par_1_14' title="bbox 78 635 868 673">
     <span class='ocr_line' id='line_1_14' title="bbox 78 635 868 673; baseline 0.001 -9"><span class='ocrx_word' id='word_1_93' title='bbox 78 635 181 671; x_wconf 86' lang='lat' dir='ltr'><strong>ipsum,</strong></span> <span class='ocrx_word' id='word_1_94' title='bbox 197 636 239 663; x_wconf 88' lang='lat' dir='ltr'><strong>vel</strong></span> <span class='ocrx_word' id='word_1_95' title='bbox 253 637 298 671; x_wconf 86' lang='lat' dir='ltr'><strong>qui</strong></span> <span class='ocrx_word' id='word_1_96' title='bbox 314 643 343 664; x_wconf 86' lang='lat' dir='ltr'><strong>se</strong></span> <span class='ocrx_word' id='word_1_97' title='bbox 366 637 490 670; x_wconf 88' lang='lat' dir='ltr'><strong>audiunt,</strong></span> <span class='ocrx_word' id='word_1_98' title='bbox 506 638 539 665; x_wconf 86' lang='lat' dir='ltr'><strong>de</strong></span> <span class='ocrx_word' id='word_1_99' title='bbox 560 637 643 664; x_wconf 77' lang='lat' dir='ltr'><strong>futuri</strong></span> <span class='ocrx_word' id='word_1_100' title='bbox 665 637 760 673; x_wconf 88' lang='lat' dir='ltr'><strong>judicii</strong></span> <span class='ocrx_word' id='word_1_101' title='bbox 785 643 868 671; x_wconf 91' lang='lat' dir='ltr'><strong>metu,</strong></span> 
     </span>
    </p>
   </div>
   <div class='ocr_carea' id='block_1_15' title="bbox 77 682 867 720">
    <p class='ocr_par' dir='ltr' id='par_1_15' title="bbox 77 682 867 720">
     <span class='ocr_line' id='line_1_15' title="bbox 77 682 867 720; baseline 0.003 -10"><span class='ocrx_word' id='word_1_102' title='bbox 77 687 109 711; x_wconf 88' lang='lat' dir='ltr'><strong>et.</strong></span> <span class='ocrx_word' id='word_1_103' title='bbox 124 683 157 710; x_wconf 87' lang='lat' dir='ltr'><strong>de</strong></span> <span class='ocrx_word' id='word_1_104' title='bbox 172 682 310 718; x_wconf 84' lang='lat' dir='ltr'><strong>suppliciis</strong></span> <span class='ocrx_word' id='word_1_105' title='bbox 328 691 388 718; x_wconf 70' lang='lat' dir='ltr'><strong>quae</strong></span> <span class='ocrx_word' id='word_1_106' title='bbox 409 686 561 718; x_wconf 64' lang='lat' dir='ltr'><strong>praeparata</strong></span> <span class='ocrx_word' id='word_1_107' title='bbox 583 688 647 711; x_wconf 89' lang='lat' dir='ltr'><strong>sunt</strong></span> <span class='ocrx_word' id='word_1_108' title='bbox 668 685 867 720; x_wconf 74' lang='lat' dir='ltr'><strong>peccatoribus,</strong></span> 
     </span>
    </p>
   </div>
   <div class='ocr_carea' id='block_1_16' title="bbox 78 727 869 764">
    <p class='ocr_par' dir='ltr' id='par_1_16' title="bbox 78 727 869 764">
     <span class='ocr_line' id='line_1_16' title="bbox 78 727 869 764; baseline 0.005 -9"><span class='ocrx_word' id='word_1_109' title='bbox 78 729 116 756; x_wconf 83' lang='lat' dir='ltr'><strong>de</strong></span> <span class='ocrx_word' id='word_1_110' title='bbox 131 727 222 755; x_wconf 80' lang='lat' dir='ltr'><strong>futura</strong></span> <span class='ocrx_word' id='word_1_111' title='bbox 236 728 452 762; x_wconf 86' lang='lat' dir='ltr'><strong>examinatione,</strong></span> <span class='ocrx_word' id='word_1_112' title='bbox 467 729 513 756; x_wconf 89' lang='lat' dir='ltr'><strong>sed</strong></span> <span class='ocrx_word' id='word_1_113' title='bbox 526 734 553 757; x_wconf 88' lang='lat' dir='ltr'><strong>et</strong></span> <span class='ocrx_word' id='word_1_114' title='bbox 565 730 601 757; x_wconf 88' lang='lat' dir='ltr'><strong>de</strong></span> <span class='ocrx_word' id='word_1_115' title='bbox 614 730 869 764; x_wconf 86' lang='lat' dir='ltr'><strong>repromissionibus</strong></span> 
     </span>
    </p>
   </div>
   <div class='ocr_carea' id='block_1_17' title="bbox 77 776 870 810">
    <p class='ocr_par' dir='ltr' id='par_1_17' title="bbox 77 776 870 810">
     <span class='ocr_line' id='line_1_17' title="bbox 77 776 870 810; baseline 0.004 -9"><span class='ocrx_word' id='word_1_116' title='bbox 77 779 238 801; x_wconf 80' lang='lat' dir='ltr'><strong>sanctorum</strong></span> <span class='ocrx_word' id='word_1_117' title='bbox 249 782 309 809; x_wconf 71' lang='lat' dir='ltr'><strong>quae</strong></span> <span class='ocrx_word' id='word_1_118' title='bbox 321 780 478 810; x_wconf 46' lang='lat' dir='ltr'><strong>praeparatae</strong></span> <span class='ocrx_word' id='word_1_119' title='bbox 493 781 556 803; x_wconf 88' lang='lat' dir='ltr'><strong>sunt</strong></span> <span class='ocrx_word' id='word_1_120' title='bbox 567 776 607 803; x_wconf 90' lang='lat' dir='ltr'><strong>eis</strong></span> <span class='ocrx_word' id='word_1_121' title='bbox 622 784 637 803; x_wconf 86' lang='lat' dir='ltr'><strong>a</strong></span> <span class='ocrx_word' id='word_1_122' title='bbox 649 776 714 808; x_wconf 89' lang='lat' dir='ltr'><strong>Deo,</strong></span> <span class='ocrx_word' id='word_1_123' title='bbox 729 782 757 804; x_wconf 89' lang='lat' dir='ltr'><strong>et</strong></span> <span class='ocrx_word' id='word_1_124' title='bbox 771 782 870 804; x_wconf 82' lang='lat' dir='ltr'><strong>semet-</strong></span> 
     </span>
    </p>
   </div>
   <div class='ocr_carea' id='block_1_18' title="bbox 78 820 868 856">
    <p class='ocr_par' dir='ltr' id='par_1_18' title="bbox 78 820 868 856">
     <span class='ocr_line' id='line_1_18' title="bbox 78 820 868 856; baseline 0.005 -10"><span class='ocrx_word' id='word_1_125' title='bbox 78 822 169 855; x_wconf 80' lang='lat' dir='ltr'><strong>ipsum</strong></span> <span class='ocrx_word' id='word_1_126' title='bbox 183 820 286 847; x_wconf 87' lang='lat' dir='ltr'><strong>salvum</strong></span> <span class='ocrx_word' id='word_1_127' title='bbox 301 820 393 853; x_wconf 82' lang='lat' dir='ltr'><strong>faciat,</strong></span> <span class='ocrx_word' id='word_1_128' title='bbox 410 828 437 848; x_wconf 84' lang='lat' dir='ltr'><strong>et</strong></span> <span class='ocrx_word' id='word_1_129' title='bbox 449 829 496 849; x_wconf 85' lang='lat' dir='ltr'><strong>eos</strong></span> <span class='ocrx_word' id='word_1_130' title='bbox 511 822 555 856; x_wconf 89' lang='lat' dir='ltr'><strong>qui</strong></span> <span class='ocrx_word' id='word_1_131' title='bbox 578 829 607 849; x_wconf 89' lang='lat' dir='ltr'><strong>se</strong></span> <span class='ocrx_word' id='word_1_132' title='bbox 631 822 752 850; x_wconf 89' lang='lat' dir='ltr'><strong>audiunt.</strong></span> <span class='ocrx_word' id='word_1_133' title='bbox 766 822 799 850; x_wconf 90' lang='lat' dir='ltr'><strong>Et</strong></span> <span class='ocrx_word' id='word_1_134' title='bbox 818 823 868 851; x_wconf 93' lang='lat' dir='ltr'><strong>hoc</strong></span> 
     </span>
    </p>
   </div>
   <div class='ocr_carea' id='block_1_19' title="bbox 922 222 1707 259">
    <p class='ocr_par' dir='ltr' id='par_1_19' title="bbox 922 222 1707 259">
     <span class='ocr_line' id='line_1_19' title="bbox 922 222 1707 259; baseline -0.003 -8"><span class='ocrx_word' id='word_1_135' title='bbox 922 223 1081 258; x_wconf 81' lang='lat' dir='ltr'><strong>sapientiam</strong></span> <span class='ocrx_word' id='word_1_136' title='bbox 1098 223 1143 250; x_wconf 85' lang='lat' dir='ltr'><strong>Dei</strong></span> <span class='ocrx_word' id='word_1_137' title='bbox 1163 222 1327 251; x_wconf 71' lang='lat' dir='ltr'><strong>meditemini</strong></span> <span class='ocrx_word' id='word_1_138' title='bbox 1348 223 1374 250; x_wconf 95' lang='lat' dir='ltr'><strong>in</strong></span> <span class='ocrx_word' id='word_1_139' title='bbox 1395 230 1441 250; x_wconf 90' lang='lat' dir='ltr'><strong>ore</strong></span> <span class='ocrx_word' id='word_1_140' title='bbox 1463 227 1562 257; x_wconf 84' lang='lat' dir='ltr'><strong>vestro,</strong></span> <span class='ocrx_word' id='word_1_141' title='bbox 1574 228 1601 250; x_wconf 92' lang='lat' dir='ltr'><strong>et</strong></span> <span class='ocrx_word' id='word_1_142' title='bbox 1619 223 1707 259; x_wconf 72' lang='lat' dir='ltr'><strong>lingua</strong></span> 
     </span>
    </p>
   </div>
   <div class='ocr_carea' id='block_1_20' title="bbox 922 268 1709 304">
    <p class='ocr_par' dir='ltr' id='par_1_20' title="bbox 922 268 1709 304">
     <span class='ocr_line' id='line_1_20' title="bbox 922 268 1709 304; baseline 0 -8"><span class='ocrx_word' id='word_1_143' title='bbox 922 274 1012 296; x_wconf 87' lang='lat' dir='ltr'><strong>vestra</strong></span> <span class='ocrx_word' id='word_1_144' title='bbox 1026 268 1151 303; x_wconf 85' lang='lat' dir='ltr'><strong>loquatur</strong></span> <span class='ocrx_word' id='word_1_145' title='bbox 1164 269 1307 304; x_wconf 89' lang='lat' dir='ltr'><strong>judicium,</strong></span> <span class='ocrx_word' id='word_1_146' title='bbox 1323 273 1351 296; x_wconf 91' lang='lat' dir='ltr'><strong>et</strong></span> <span class='ocrx_word' id='word_1_147' title='bbox 1367 269 1409 296; x_wconf 90' lang='lat' dir='ltr'><strong>lex</strong></span> <span class='ocrx_word' id='word_1_148' title='bbox 1424 269 1470 296; x_wconf 91' lang='lat' dir='ltr'><strong>Dei</strong></span> <span class='ocrx_word' id='word_1_149' title='bbox 1487 269 1524 296; x_wconf 85' lang='lat' dir='ltr'><strong>sit</strong></span> <span class='ocrx_word' id='word_1_150' title='bbox 1539 269 1567 296; x_wconf 91' lang='lat' dir='ltr'><strong>in</strong></span> <span class='ocrx_word' id='word_1_151' title='bbox 1581 269 1709 296; x_wconf 78' lang='lat' dir='ltr'><strong>cordibus</strong></span> 
     </span>
    </p>
   </div>
   <div class='ocr_carea' id='block_1_21' title="bbox 922 316 1709 351">
    <p class='ocr_par' dir='ltr' id='par_1_21' title="bbox 922 316 1709 351">
     <span class='ocr_line' id='line_1_21' title="bbox 922 316 1709 351; baseline 0 -7"><span class='ocrx_word' id='word_1_152' title='bbox 922 318 1038 350; x_wconf 84' lang='lat' dir='ltr'><strong>vestris,</strong></span> <span class='ocrx_word' id='word_1_153' title='bbox 1064 324 1200 351; x_wconf 85' lang='lat' dir='ltr'><strong>nunquam</strong></span> <span class='ocrx_word' id='word_1_154' title='bbox 1221 316 1469 351; x_wconf 89' lang='lat' dir='ltr'><strong>supplantabttntur</strong></span> <span class='ocrx_word' id='word_1_155' title='bbox 1486 324 1596 351; x_wconf 75' lang='lat' dir='ltr'><strong>gressus</strong></span> <span class='ocrx_word' id='word_1_156' title='bbox 1615 317 1709 345; x_wconf 86' lang='lat' dir='ltr'><strong>vestri.</strong></span> 
     </span>
    </p>
   </div>
   <div class='ocr_carea' id='block_1_22' title="bbox 956 361 1709 396">
    <p class='ocr_par' dir='ltr' id='par_1_22' title="bbox 956 361 1709 396">
     <span class='ocr_line' id='line_1_22' title="bbox 956 361 1709 396; baseline -0.003 -6"><span class='ocrx_word' id='word_1_157' title='bbox 956 363 983 390; x_wconf 73' lang='grc'><strong>4.</strong></span> <span class='ocrx_word' id='word_1_158' title='bbox 1008 362 1072 390; x_wconf 86' lang='lat' dir='ltr'><strong>Post</strong></span> <span class='ocrx_word' id='word_1_159' title='bbox 1090 362 1148 389; x_wconf 63' lang='lat' dir='ltr'><strong>haec</strong></span> <span class='ocrx_word' id='word_1_160' title='bbox 1173 362 1232 390; x_wconf 88' lang='lat' dir='ltr'><strong>ait:</strong></span> <span class='ocrx_word' id='word_1_161' title='bbox 1256 362 1422 395; x_wconf 79' lang='lat' dir='ltr'><strong>Considerat,</strong></span> <span class='ocrx_word' id='word_1_162' title='bbox 1439 361 1570 395; x_wconf 81' lang='lat' dir='ltr'><strong>inquit“,</strong></span> <span class='ocrx_word' id='word_1_163' title='bbox 1589 367 1709 396; x_wconf 81' lang='lat' dir='ltr'><strong>peccator</strong></span> 
     </span>
    </p>
   </div>
   <div class='ocr_carea' id='block_1_23' title="bbox 917 408 1709 444">
    <p class='ocr_par' dir='ltr' id='par_1_23' title="bbox 917 408 1709 444">
     <span class='ocr_line' id='line_1_23' title="bbox 917 408 1709 444; baseline 0 -9"><span class='ocrx_word' id='word_1_164' title='bbox 917 408 1030 444; x_wconf 73' lang='lat' dir='ltr'><strong>justum.</strong></span> <span class='ocrx_word' id='word_1_165' title='bbox 1048 408 1207 436; x_wconf 88' lang='lat' dir='ltr'><strong>Considerat</strong></span> <span class='ocrx_word' id='word_1_166' title='bbox 1227 412 1253 435; x_wconf 87' lang='lat' dir='ltr'><strong>et</strong></span> <span class='ocrx_word' id='word_1_167' title='bbox 1276 408 1396 435; x_wconf 87' lang='lat' dir='ltr'><strong>intuetur</strong></span> <span class='ocrx_word' id='word_1_168' title='bbox 1409 412 1536 442; x_wconf 85' lang='lat' dir='ltr'><strong>peccator</strong></span> <span class='ocrx_word' id='word_1_169' title='bbox 1553 408 1666 443; x_wconf 84' lang='lat' dir='ltr'><strong>juswtu,</strong></span> <span class='ocrx_word' id='word_1_170' title='bbox 1681 413 1709 435; x_wconf 86' lang='lat' dir='ltr'><strong>et</strong></span> 
     </span>
    </p>
   </div>
   <div class='ocr_carea' id='block_1_24' title="bbox 920 453 1709 488">
    <p class='ocr_par' dir='ltr' id='par_1_24' title="bbox 920 453 1709 488">
     <span class='ocr_line' id='line_1_24' title="bbox 920 453 1709 488; baseline -0.001 -7"><span class='ocrx_word' id='word_1_171' title='bbox 920 455 1009 488; x_wconf 70' lang='lat' dir='ltr'><strong>gravis</strong></span> <span class='ocrx_word' id='word_1_172' title='bbox 1035 458 1076 482; x_wconf 90' lang='lat' dir='ltr'><strong>est</strong></span> <span class='ocrx_word' id='word_1_173' title='bbox 1102 454 1127 482; x_wconf 90' lang='lat' dir='ltr'><strong>ei</strong></span> <span class='ocrx_word' id='word_1_174' title='bbox 1149 454 1183 481; x_wconf 86' lang='lat' dir='ltr'><strong>ad</strong></span> <span class='ocrx_word' id='word_1_175' title='bbox 1203 453 1358 486; x_wconf 90' lang='lat' dir='ltr'><strong>videndum,</strong></span> <span class='ocrx_word' id='word_1_176' title='bbox 1379 458 1407 481; x_wconf 94' lang='lat' dir='ltr'><strong>et</strong></span> <span class='ocrx_word' id='word_1_177' title='bbox 1426 454 1486 481; x_wconf 88' lang='lat' dir='ltr'><strong>ideo</strong></span> <span class='ocrx_word' id='word_1_178' title='bbox 1508 454 1663 481; x_wconf 87' lang='lat' dir='ltr'><strong>considerat</strong></span> <span class='ocrx_word' id='word_1_179' title='bbox 1680 459 1709 481; x_wconf 90' lang='lat' dir='ltr'><strong>ut</strong></span> 
     </span>
    </p>
   </div>
   <div class='ocr_carea' id='block_1_25' title="bbox 921 498 1713 539">
    <p class='ocr_par' dir='ltr' id='par_1_25' title="bbox 921 498 1713 539">
     <span class='ocr_line' id='line_1_25' title="bbox 921 498 1713 539; baseline -0.003 -12"><span class='ocrx_word' id='word_1_180' title='bbox 921 500 1000 527; x_wconf 89' lang='lat' dir='ltr'><strong>morti</strong></span> <span class='ocrx_word' id='word_1_181' title='bbox 1011 507 1071 527; x_wconf 87' lang='lat' dir='ltr'><strong>eum</strong></span> <span class='ocrx_word' id='word_1_182' title='bbox 1086 500 1174 527; x_wconf 93' lang='lat' dir='ltr'><strong>tradat</strong></span> <span class='ocrx_word' id='word_1_183' title='bbox 1186 509 1192 526; x_wconf 91' lang='lat'><strong>:</strong></span> <span class='ocrx_word' id='word_1_184' title='bbox 1203 499 1274 535; x_wconf 90' lang='lat' dir='ltr'><strong>quod</strong></span> <span class='ocrx_word' id='word_1_185' title='bbox 1283 499 1404 527; x_wconf 81' lang='lat' dir='ltr'><strong>fecerunt</strong></span> <span class='ocrx_word' id='word_1_186' title='bbox 1415 499 1473 526; x_wconf 87' lang='lat' dir='ltr'><strong>sine</strong></span> <span class='ocrx_word' id='word_1_187' title='bbox 1482 498 1563 526; x_wconf 88' lang='lat' dir='ltr'><strong>dubio</strong></span> <span class='ocrx_word' id='word_1_188' title='bbox 1579 499 1713 539; x_wconf 76' lang='lat' dir='ltr'><strong>adversus</strong></span> 
     </span>
    </p>
   </div>
   <div class='ocr_carea' id='block_1_26' title="bbox 921 545 1708 584">
    <p class='ocr_par' dir='ltr' id='par_1_26' title="bbox 921 545 1708 584">
     <span class='ocr_line' id='line_1_26' title="bbox 921 545 1708 584; baseline -0.003 -11"><span class='ocrx_word' id='word_1_189' title='bbox 921 546 1087 574; x_wconf 87' lang='lat' dir='ltr'><strong>Salvatorem</strong></span> <span class='ocrx_word' id='word_1_190' title='bbox 1103 546 1140 574; x_wconf 90' lang='lat' dir='ltr'><strong>illi</strong></span> <span class='ocrx_word' id='word_1_191' title='bbox 1153 547 1198 581; x_wconf 85' lang='lat' dir='ltr'><strong>qui</strong></span> <span class='ocrx_word' id='word_1_192' title='bbox 1218 545 1362 581; x_wconf 80' lang='lat' dir='ltr'><strong>prophetas</strong></span> <span class='ocrx_word' id='word_1_193' title='bbox 1386 546 1554 579; x_wconf 89' lang='lat' dir='ltr'><strong>occiderunt,</strong></span> <span class='ocrx_word' id='word_1_194' title='bbox 1578 549 1605 572; x_wconf 88' lang='lat' dir='ltr'><strong>et</strong></span> <span class='ocrx_word' id='word_1_195' title='bbox 1625 545 1708 584; x_wconf 86' lang='lat' dir='ltr'><strong>Deum</strong></span> 
     </span>
    </p>
   </div>
   <div class='ocr_carea' id='block_1_27' title="bbox 920 593 1708 629">
    <p class='ocr_par' dir='ltr' id='par_1_27' title="bbox 920 593 1708 629">
     <span class='ocr_line' id='line_1_27' title="bbox 920 593 1708 629; baseline -0.003 -7"><span class='ocrx_word' id='word_1_196' title='bbox 920 595 1127 628; x_wconf 81' lang='lat' dir='ltr'><strong>cruciﬂxerunt,</strong></span> <span class='ocrx_word' id='word_1_197' title='bbox 1154 599 1182 622; x_wconf 91' lang='lat' dir='ltr'><strong>et</strong></span> <span class='ocrx_word' id='word_1_198' title='bbox 1204 602 1254 622; x_wconf 87' lang='lat' dir='ltr'><strong>nos</strong></span> <span class='ocrx_word' id='word_1_199' title='bbox 1275 594 1409 629; x_wconf 85' lang='lat' dir='ltr'><strong>persecuti</strong></span> <span class='ocrx_word' id='word_1_200' title='bbox 1432 598 1494 621; x_wconf 90' lang='lat' dir='ltr'><strong>sunt</strong></span> <span class='ocrx_word' id='word_1_201' title='bbox 1518 593 1599 621; x_wconf 86' lang='lat' dir='ltr'><strong>etiam</strong></span> <span class='ocrx_word' id='word_1_202' title='bbox 1625 601 1708 625; x_wconf 89' lang='lat' dir='ltr'><strong>nunc,</strong></span> 
     </span>
    </p>
   </div>
   <div class='ocr_carea' id='block_1_28' title="bbox 919 638 1710 675">
    <p class='ocr_par' dir='ltr' id='par_1_28' title="bbox 919 638 1710 675">
     <span class='ocr_line' id='line_1_28' title="bbox 919 638 1710 675; baseline -0.004 -8"><span class='ocrx_word' id='word_1_203' title='bbox 919 640 1077 675; x_wconf 90' lang='lat' dir='ltr'><strong>etpopulum</strong></span> <span class='ocrx_word' id='word_1_204' title='bbox 1089 640 1135 667; x_wconf 91' lang='lat' dir='ltr'><strong>Dei</strong></span> <span class='ocrx_word' id='word_1_205' title='bbox 1144 640 1189 675; x_wconf 91' lang='lat' dir='ltr'><strong>qui</strong></span> <span class='ocrx_word' id='word_1_206' title='bbox 1204 644 1245 667; x_wconf 89' lang='lat' dir='ltr'><strong>est</strong></span> <span class='ocrx_word' id='word_1_207' title='bbox 1256 639 1368 672; x_wconf 89' lang='lat' dir='ltr'><strong>Christi,</strong></span> <span class='ocrx_word' id='word_1_208' title='bbox 1379 640 1404 666; x_wconf 87' lang='lat' dir='ltr'><strong>id</strong></span> <span class='ocrx_word' id='word_1_209' title='bbox 1418 638 1580 673; x_wconf 71' lang='lat' dir='ltr'><strong>estjustitiie</strong></span> <span class='ocrx_word' id='word_1_210' title='bbox 1595 638 1710 672; x_wconf 59' lang='lat' dir='ltr'><strong>discipuv</strong></span> 
     </span>
    </p>
   </div>
   <div class='ocr_carea' id='block_1_29' title="bbox 919 684 1710 719">
    <p class='ocr_par' dir='ltr' id='par_1_29' title="bbox 919 684 1710 719">
     <span class='ocr_line' id='line_1_29' title="bbox 919 684 1710 719; baseline -0.003 -7"><span class='ocrx_word' id='word_1_211' title='bbox 919 685 969 718; x_wconf 85' lang='lat' dir='ltr'><strong>los,</strong></span> <span class='ocrx_word' id='word_1_212' title='bbox 983 685 1153 712; x_wconf 83' lang='lat' dir='ltr'><strong>considerant</strong></span> <span class='ocrx_word' id='word_1_213' title='bbox 1168 688 1193 711; x_wconf 89' lang='lat' dir='ltr'><strong>et</strong></span> <span class='ocrx_word' id='word_1_214' title='bbox 1204 684 1283 712; x_wconf 89' lang='lat' dir='ltr'><strong>morti</strong></span> <span class='ocrx_word' id='word_1_215' title='bbox 1296 684 1402 711; x_wconf 87' lang='lat' dir='ltr'><strong>tradere</strong></span> <span class='ocrx_word' id='word_1_216' title='bbox 1414 684 1573 719; x_wconf 87' lang='lat' dir='ltr'><strong>cupiunt,et</strong></span> <span class='ocrx_word' id='word_1_217' title='bbox 1585 687 1710 718; x_wconf 72' lang='lat' dir='ltr'><strong>quaerunt</strong></span> 
     </span>
    </p>
   </div>
   <div class='ocr_carea' id='block_1_30' title="bbox 919 729 1709 764">
    <p class='ocr_par' dir='ltr' id='par_1_30' title="bbox 919 729 1709 764">
     <span class='ocr_line' id='line_1_30' title="bbox 919 729 1709 764; baseline 0 -7"><span class='ocrx_word' id='word_1_218' title='bbox 919 730 1084 758; x_wconf 89' lang='lat' dir='ltr'><strong>mortillcare</strong></span> <span class='ocrx_word' id='word_1_219' title='bbox 1102 737 1159 757; x_wconf 88' lang='lat' dir='ltr'><strong>eos.</strong></span> <span class='ocrx_word' id='word_1_220' title='bbox 1181 729 1234 757; x_wconf 85' lang='lat' dir='ltr'><strong>Sed</strong></span> <span class='ocrx_word' id='word_1_221' title='bbox 1250 730 1314 764; x_wconf 87' lang='lat' dir='ltr'><strong>quid</strong></span> <span class='ocrx_word' id='word_1_222' title='bbox 1336 730 1402 758; x_wconf 82' lang='lat' dir='ltr'><strong>dicit</strong></span> <span class='ocrx_word' id='word_1_223' title='bbox 1420 729 1534 764; x_wconf 87' lang='lat' dir='ltr'><strong>populus</strong></span> <span class='ocrx_word' id='word_1_224' title='bbox 1560 729 1605 756; x_wconf 87' lang='lat' dir='ltr'><strong>Dei</strong></span> <span class='ocrx_word' id='word_1_225' title='bbox 1620 729 1709 764; x_wconf 83' lang='lat' dir='ltr'><strong>justus</strong></span> 
     </span>
    </p>
   </div>
   <div class='ocr_carea' id='block_1_31' title="bbox 918 775 1706 811">
    <p class='ocr_par' dir='ltr' id='par_1_31' title="bbox 918 775 1706 811">
     <span class='ocr_line' id='line_1_31' title="bbox 918 775 1706 811; baseline -0.001 -7"><span class='ocrx_word' id='word_1_226' title='bbox 918 781 946 804; x_wconf 85' lang='lat' dir='ltr'><strong>et</strong></span> <span class='ocrx_word' id='word_1_227' title='bbox 962 775 1076 811; x_wconf 73' lang='lat' dir='ltr'><strong>justitite</strong></span> <span class='ocrx_word' id='word_1_228' title='bbox 1089 776 1257 810; x_wconf 83' lang='lat' dir='ltr'><strong>discipulus?</strong></span> <span class='ocrx_word' id='word_1_229' title='bbox 1273 775 1317 803; x_wconf 92' lang='lat' dir='ltr'><strong>Ille</strong></span> <span class='ocrx_word' id='word_1_230' title='bbox 1337 777 1421 803; x_wconf 87' lang='lat' dir='ltr'><strong>utitur</strong></span> <span class='ocrx_word' id='word_1_231' title='bbox 1436 777 1518 803; x_wconf 88' lang='lat' dir='ltr'><strong>verbo</strong></span> <span class='ocrx_word' id='word_1_232' title='bbox 1535 776 1666 810; x_wconf 76' lang='lat' dir='ltr'><strong>Magistri,</strong></span> <span class='ocrx_word' id='word_1_233' title='bbox 1681 781 1706 804; x_wconf 89' lang='lat' dir='ltr'><strong>et</strong></span> 
     </span>
    </p>
   </div>
   <div class='ocr_carea' id='block_1_32' title="bbox 920 822 1709 857">
    <p class='ocr_par' dir='ltr' id='par_1_32' title="bbox 920 822 1709 857">
     <span class='ocr_line' id='line_1_32' title="bbox 920 822 1709 857; baseline 0.001 -8"><span class='ocrx_word' id='word_1_234' title='bbox 920 822 984 849; x_wconf 86' lang='lat' dir='ltr'><strong>dicit</strong></span> <span class='ocrx_word' id='word_1_235' title='bbox 995 823 1034 850; x_wconf 58' lang='lat'><strong>5&#39;:</strong></span> <span class='ocrx_word' id='word_1_236' title='bbox 1051 822 1112 849; x_wconf 84' lang='lat' dir='ltr'><strong>Non</strong></span> <span class='ocrx_word' id='word_1_237' title='bbox 1128 822 1235 849; x_wconf 79' lang='lat' dir='ltr'><strong>haberes</strong></span> <span class='ocrx_word' id='word_1_238' title='bbox 1253 822 1279 849; x_wconf 85' lang='lat' dir='ltr'><strong>in</strong></span> <span class='ocrx_word' id='word_1_239' title='bbox 1290 830 1329 849; x_wconf 85' lang='lat' dir='ltr'><strong>me</strong></span> <span class='ocrx_word' id='word_1_240' title='bbox 1344 827 1507 857; x_wconf 78' lang='lat' dir='ltr'><strong>potestatem,</strong></span> <span class='ocrx_word' id='word_1_241' title='bbox 1521 823 1571 850; x_wconf 72' lang='lat' dir='ltr'><strong>nisi</strong></span> <span class='ocrx_word' id='word_1_242' title='bbox 1587 823 1634 850; x_wconf 83' lang='lat' dir='ltr'><strong>tibi</strong></span> <span class='ocrx_word' id='word_1_243' title='bbox 1645 823 1709 850; x_wconf 83' lang='lat' dir='ltr'><strong>data</strong></span> 
     </span>
    </p>
   </div>
   <div class='ocr_carea' id='block_1_33' title="bbox 78 856 1708 904">
    <p class='ocr_par' dir='ltr' id='par_1_33' title="bbox 78 856 1708 904">
     <span class='ocr_line' id='line_1_33' title="bbox 78 856 1708 904; baseline 0.003 -13"><span class='ocrx_word' id='word_1_244' title='bbox 78 865 162 894; x_wconf 89' lang='lat' dir='ltr'><strong>modo</strong></span> <span class='ocrx_word' id='word_1_245' title='bbox 177 866 366 901; x_wconf 86' lang='lat' dir='ltr'><strong>complebitur,</strong></span> <span class='ocrx_word' id='word_1_246' title='bbox 377 867 441 902; x_wconf 90' lang='lat' dir='ltr'><strong>quia</strong></span> <span class='ocrx_word' id='word_1_247' title='bbox 457 867 549 903; x_wconf 80' lang='lat' dir='ltr'><strong>lingua</strong></span> <span class='ocrx_word' id='word_1_248' title='bbox 567 869 632 904; x_wconf 89' lang='lat' dir='ltr'><strong>justi</strong></span> <span class='ocrx_word' id='word_1_249' title='bbox 655 869 783 904; x_wconf 89' lang='lat' dir='ltr'><strong>loquetur</strong></span> <span class='ocrx_word' id='word_1_250' title='bbox 794 869 867 904; x_wconf 86' lang='lat' dir='ltr'><strong>judi-</strong></span> <span class='ocrx_word' id='word_1_251' title='bbox 884 856 905 883; x_wconf 75' lang='grc' dir='ltr'><strong>Β</strong></span> <span class='ocrx_word' id='word_1_252' title='bbox 919 874 985 896; x_wconf 75' lang='lat' dir='ltr'><strong>esset</strong></span> <span class='ocrx_word' id='word_1_253' title='bbox 1003 869 1124 900; x_wconf 72' lang='lat' dir='ltr'><strong>desuper.</strong></span> <span class='ocrx_word' id='word_1_254' title='bbox 1140 868 1231 896; x_wconf 82' lang='lat' dir='ltr'><strong>Potest</strong></span> <span class='ocrx_word' id='word_1_255' title='bbox 1248 869 1299 896; x_wconf 89' lang='lat' dir='ltr'><strong>hoc</strong></span> <span class='ocrx_word' id='word_1_256' title='bbox 1313 856 1381 896; x_wconf 78' lang='lat' dir='ltr'><strong>etin</strong></span> <span class='ocrx_word' id='word_1_257' title='bbox 1401 875 1522 904; x_wconf 87' lang='lat' dir='ltr'><strong>tempore</strong></span> <span class='ocrx_word' id='word_1_258' title='bbox 1539 869 1708 904; x_wconf 88' lang='lat' dir='ltr'><strong>persecutio-</strong></span> 
     </span>
    </p>
   </div>
   <div class='ocr_carea' id='block_1_34' title="bbox 77 912 868 947">
    <p class='ocr_par' dir='ltr' id='par_1_34' title="bbox 77 912 868 947">
     <span class='ocr_line' id='line_1_34' title="bbox 77 912 868 947; baseline 0.006 -8"><span class='ocrx_word' id='word_1_259' title='bbox 77 913 164 940; x_wconf 87' lang='lat' dir='ltr'><strong>cium.</strong></span> <span class='ocrx_word' id='word_1_260' title='bbox 186 912 215 940; x_wconf 89' lang='lat' dir='ltr'><strong>Si</strong></span> <span class='ocrx_word' id='word_1_261' title='bbox 240 920 303 940; x_wconf 91' lang='lat' dir='ltr'><strong>vero</strong></span> <span class='ocrx_word' id='word_1_262' title='bbox 315 914 515 947; x_wconf 87' lang='lat' dir='ltr'><strong>oportetetiam</strong></span> <span class='ocrx_word' id='word_1_263' title='bbox 537 915 580 942; x_wconf 87' lang='lat' dir='ltr'><strong>hic</strong></span> <span class='ocrx_word' id='word_1_264' title='bbox 600 915 809 943; x_wconf 83' lang='lat' dir='ltr'><strong>declinationem</strong></span> <span class='ocrx_word' id='word_1_265' title='bbox 827 917 868 944; x_wconf 84' lang='lat' dir='ltr'><strong>{u-</strong></span> 
     </span>
    </p>
   </div>
   <div class='ocr_carea' id='block_1_35' title="bbox 78 958 866 996">
    <p class='ocr_par' dir='ltr' id='par_1_35' title="bbox 78 958 866 996">
     <span class='ocr_line' id='line_1_35' title="bbox 78 958 866 996; baseline 0.006 -12"><span class='ocrx_word' id='word_1_266' title='bbox 78 958 135 984; x_wconf 90' lang='lat' dir='ltr'><strong>turi</strong></span> <span class='ocrx_word' id='word_1_267' title='bbox 151 958 279 992; x_wconf 83' lang='lat' dir='ltr'><strong>temporis</strong></span> <span class='ocrx_word' id='word_1_268' title='bbox 296 958 451 991; x_wconf 86' lang='lat' dir='ltr'><strong>observare,</strong></span> <span class='ocrx_word' id='word_1_269' title='bbox 470 959 531 993; x_wconf 89' lang='lat' dir='ltr'><strong>quia</strong></span> <span class='ocrx_word' id='word_1_270' title='bbox 557 968 609 987; x_wconf 89' lang='lat' dir='ltr'><strong>non</strong></span> <span class='ocrx_word' id='word_1_271' title='bbox 636 960 715 994; x_wconf 86' lang='lat' dir='ltr'><strong>dixit,</strong></span> <span class='ocrx_word' id='word_1_272' title='bbox 737 960 866 996; x_wconf 88' lang='lat' dir='ltr'><strong>loquitur,</strong></span> 
     </span>
    </p>
   </div>
   <div class='ocr_carea' id='block_1_36' title="bbox 77 1003 868 1041">
    <p class='ocr_par' dir='ltr' id='par_1_36' title="bbox 77 1003 868 1041">
     <span class='ocr_line' id='line_1_36' title="bbox 77 1003 868 1041; baseline 0.006 -11"><span class='ocrx_word' id='word_1_273' title='bbox 77 1004 127 1030; x_wconf 83' lang='lat' dir='ltr'><strong>sed</strong></span> <span class='ocrx_word' id='word_1_274' title='bbox 140 1003 268 1038; x_wconf 86' lang='lat' dir='ltr'><strong>loquetur.</strong></span> <span class='ocrx_word' id='word_1_275' title='bbox 284 1011 426 1038; x_wconf 87' lang='lat' dir='ltr'><strong>possumus</strong></span> <span class='ocrx_word' id='word_1_276' title='bbox 443 1005 563 1032; x_wconf 84' lang='lat' dir='ltr'><strong>etiamin</strong></span> <span class='ocrx_word' id='word_1_277' title='bbox 579 1006 630 1034; x_wconf 90' lang='lat' dir='ltr'><strong>hoc</strong></span> <span class='ocrx_word' id='word_1_278' title='bbox 642 1007 694 1034; x_wconf 87' lang='lat' dir='ltr'><strong>tale</strong></span> <span class='ocrx_word' id='word_1_279' title='bbox 710 1007 813 1041; x_wconf 87' lang='lat' dir='ltr'><strong>aliquid</strong></span> <span class='ocrx_word' id='word_1_280' title='bbox 827 1008 868 1035; x_wconf 88' lang='lat' dir='ltr'><strong>in-</strong></span> 
     </span>
    </p>
   </div>
   <div class='ocr_carea' id='block_1_37' title="bbox 76 1049 867 1088">
    <p class='ocr_par' dir='ltr' id='par_1_37' title="bbox 76 1049 867 1088">
     <span class='ocr_line' id='line_1_37' title="bbox 76 1049 867 1088; baseline 0.006 -12"><span class='ocrx_word' id='word_1_281' title='bbox 76 1049 215 1084; x_wconf 84' lang='lat' dir='ltr'><strong>telligere,</strong></span> <span class='ocrx_word' id='word_1_282' title='bbox 231 1049 293 1084; x_wconf 90' lang='lat' dir='ltr'><strong>quia</strong></span> <span class='ocrx_word' id='word_1_283' title='bbox 311 1057 384 1077; x_wconf 88' lang='lat' dir='ltr'><strong>nunc</strong></span> <span class='ocrx_word' id='word_1_284' title='bbox 398 1056 638 1087; x_wconf 90' lang='lat' dir='ltr'><strong>quantumcunque</strong></span> <span class='ocrx_word' id='word_1_285' title='bbox 660 1052 727 1080; x_wconf 91' lang='lat' dir='ltr'><strong>illud</strong></span> <span class='ocrx_word' id='word_1_286' title='bbox 741 1058 781 1080; x_wconf 86' lang='lat' dir='ltr'><strong>est</strong></span> <span class='ocrx_word' id='word_1_287' title='bbox 797 1054 867 1088; x_wconf 90' lang='lat' dir='ltr'><strong>quod</strong></span> 
     </span>
    </p>
   </div>
   <div class='ocr_carea' id='block_1_38' title="bbox 75 1095 869 1132">
    <p class='ocr_par' dir='ltr' id='par_1_38' title="bbox 75 1095 869 1132">
     <span class='ocr_line' id='line_1_38' title="bbox 75 1095 869 1132; baseline 0.006 -9"><span class='ocrx_word' id='word_1_288' title='bbox 75 1096 113 1123; x_wconf 74' lang='lat' dir='ltr'><strong>de</strong></span> <span class='ocrx_word' id='word_1_289' title='bbox 129 1095 176 1122; x_wconf 89' lang='lat' dir='ltr'><strong>Dei</strong></span> <span class='ocrx_word' id='word_1_290' title='bbox 188 1095 292 1130; x_wconf 85' lang='lat' dir='ltr'><strong>judicio</strong></span> <span class='ocrx_word' id='word_1_291' title='bbox 309 1097 349 1124; x_wconf 87' lang='lat' dir='ltr'><strong>vel</strong></span> <span class='ocrx_word' id='word_1_292' title='bbox 377 1097 448 1131; x_wconf 91' lang='lat' dir='ltr'><strong>loqui</strong></span> <span class='ocrx_word' id='word_1_293' title='bbox 471 1105 614 1132; x_wconf 82' lang='lat' dir='ltr'><strong>possumus</strong></span> <span class='ocrx_word' id='word_1_294' title='bbox 634 1099 675 1126; x_wconf 89' lang='lat' dir='ltr'><strong>vel</strong></span> <span class='ocrx_word' id='word_1_295' title='bbox 695 1100 808 1132; x_wconf 90' lang='lat' dir='ltr'><strong>sentire,</strong></span> <span class='ocrx_word' id='word_1_296' title='bbox 823 1108 869 1128; x_wconf 56' lang='lat' dir='ltr'><strong>ne.</strong></span> 
     </span>
    </p>
   </div>
   <div class='ocr_carea' id='block_1_39' title="bbox 75 1142 868 1179">
    <p class='ocr_par' dir='ltr' id='par_1_39' title="bbox 75 1142 868 1179">
     <span class='ocr_line' id='line_1_39' title="bbox 75 1142 868 1179; baseline 0.005 -10"><span class='ocrx_word' id='word_1_297' title='bbox 75 1148 157 1169; x_wconf 76' lang='lat' dir='ltr'><strong>casse</strong></span> <span class='ocrx_word' id='word_1_298' title='bbox 171 1146 212 1168; x_wconf 89' lang='lat' dir='ltr'><strong>est</strong></span> <span class='ocrx_word' id='word_1_299' title='bbox 228 1149 278 1169; x_wconf 91' lang='lat' dir='ltr'><strong>nos</strong></span> <span class='ocrx_word' id='word_1_300' title='bbox 291 1142 355 1169; x_wconf 89' lang='lat' dir='ltr'><strong>illud</strong></span> <span class='ocrx_word' id='word_1_301' title='bbox 371 1143 527 1177; x_wconf 75' lang='lat' dir='ltr'><strong>seire‘quod</strong></span> <span class='ocrx_word' id='word_1_302' title='bbox 541 1144 636 1171; x_wconf 84' lang='lat' dir='ltr'><strong>deﬁnit</strong></span> <span class='ocrx_word' id='word_1_303' title='bbox 649 1145 806 1179; x_wconf 80' lang='lat' dir='ltr'><strong>Apostolus,</strong></span> <span class='ocrx_word' id='word_1_304' title='bbox 826 1146 868 1172; x_wconf 90' lang='lat' dir='ltr'><strong>di-</strong></span> 
     </span>
    </p>
   </div>
   <div class='ocr_carea' id='block_1_40' title="bbox 75 1186 866 1226">
    <p class='ocr_par' dir='ltr' id='par_1_40' title="bbox 75 1186 866 1226">
     <span class='ocr_line' id='line_1_40' title="bbox 75 1186 866 1226; baseline 0.008 -13"><span class='ocrx_word' id='word_1_305' title='bbox 75 1194 145 1214; x_wconf 84' lang='lat' dir='ltr'><strong>cens</strong></span> <span class='ocrx_word' id='word_1_306' title='bbox 158 1186 203 1214; x_wconf 81' lang='lat' dir='ltr'><strong>&quot;z</strong></span> <span class='ocrx_word' id='word_1_307' title='bbox 224 1187 310 1219; x_wconf 85' lang='lat' dir='ltr'><strong>Quam</strong></span> <span class='ocrx_word' id='word_1_308' title='bbox 330 1188 512 1216; x_wconf 75' lang='lat' dir='ltr'><strong>inscrutabilia</strong></span> <span class='ocrx_word' id='word_1_309' title='bbox 537 1195 599 1217; x_wconf 74' lang='lat' dir='ltr'><strong>sunt</strong></span> <span class='ocrx_word' id='word_1_310' title='bbox 618 1190 724 1224; x_wconf 77' lang='lat' dir='ltr'><strong>judicia</strong></span> <span class='ocrx_word' id='word_1_311' title='bbox 745 1191 819 1226; x_wconf 74' lang='lat' dir='ltr'><strong>ejus,</strong></span> <span class='ocrx_word' id='word_1_312' title='bbox 844 1197 866 1218; x_wconf 83' lang='lat' dir='ltr'><strong>et</strong></span> 
     </span>
    </p>
   </div>
   <div class='ocr_carea' id='block_1_41' title="bbox 75 1232 867 1272">
    <p class='ocr_par' dir='ltr' id='par_1_41' title="bbox 75 1232 867 1272">
     <span class='ocr_line' id='line_1_41' title="bbox 75 1232 867 1272; baseline 0.009 -14"><span class='ocrx_word' id='word_1_313' title='bbox 75 1232 270 1267; x_wconf 72' lang='lat' dir='ltr'><strong>investigatum</strong></span> <span class='ocrx_word' id='word_1_314' title='bbox 283 1234 329 1260; x_wconf 75' lang='lat' dir='ltr'><strong>via:</strong></span> <span class='ocrx_word' id='word_1_315' title='bbox 343 1233 417 1268; x_wconf 68' lang='lat' dir='ltr'><strong>ejus!</strong></span> <span class='ocrx_word' id='word_1_316' title='bbox 431 1233 460 1261; x_wconf 89' lang='lat' dir='ltr'><strong>Si</strong></span> <span class='ocrx_word' id='word_1_317' title='bbox 477 1242 541 1262; x_wconf 88' lang='lat' dir='ltr'><strong>vero</strong></span> <span class='ocrx_word' id='word_1_318' title='bbox 559 1237 703 1270; x_wconf 85' lang='lat' dir='ltr'><strong>pervenire</strong></span> <span class='ocrx_word' id='word_1_319' title='bbox 719 1238 867 1272; x_wconf 87' lang='lat' dir='ltr'><strong>poterimus</strong></span> 
     </span>
    </p>
   </div>
   <div class='ocr_carea' id='block_1_42' title="bbox 74 1278 867 1315">
    <p class='ocr_par' dir='ltr' id='par_1_42' title="bbox 74 1278 867 1315">
     <span class='ocr_line' id='line_1_42' title="bbox 74 1278 867 1315; baseline 0.008 -10"><span class='ocrx_word' id='word_1_320' title='bbox 74 1278 111 1305; x_wconf 82' lang='lat' dir='ltr'><strong>ad</strong></span> <span class='ocrx_word' id='word_1_321' title='bbox 124 1278 197 1305; x_wconf 89' lang='lat' dir='ltr'><strong>illam</strong></span> <span class='ocrx_word' id='word_1_322' title='bbox 215 1279 419 1313; x_wconf 81' lang='lat' dir='ltr'><strong>perfectionem,</strong></span> <span class='ocrx_word' id='word_1_323' title='bbox 434 1281 467 1307; x_wconf 90' lang='lat' dir='ltr'><strong>de</strong></span> <span class='ocrx_word' id='word_1_324' title='bbox 481 1288 533 1315; x_wconf 77' lang='lat' dir='ltr'><strong>qua</strong></span> <span class='ocrx_word' id='word_1_325' title='bbox 552 1282 617 1309; x_wconf 87' lang='lat' dir='ltr'><strong>dicit</strong></span> <span class='ocrx_word' id='word_1_326' title='bbox 631 1282 655 1298; x_wconf 72' lang='grc'><strong>⁸⁸</strong></span> <span class='ocrx_word' id='word_1_327' title='bbox 671 1291 677 1309; x_wconf 89' lang='lat'>:</span> <span class='ocrx_word' id='word_1_328' title='bbox 694 1282 766 1310; x_wconf 84' lang='lat' dir='ltr'><strong>Tunc</strong></span> <span class='ocrx_word' id='word_1_329' title='bbox 781 1289 867 1311; x_wconf 89' lang='lat' dir='ltr'><strong>autem</strong></span> 
     </span>
    </p>
   </div>
   <div class='ocr_carea' id='block_1_43' title="bbox 75 1324 867 1363">
    <p class='ocr_par' dir='ltr' id='par_1_43' title="bbox 75 1324 867 1363">
     <span class='ocr_line' id='line_1_43' title="bbox 75 1324 867 1363; baseline 0.01 -12"><span class='ocrx_word' id='word_1_330' title='bbox 75 1324 148 1358; x_wconf 81' lang='lat' dir='ltr'><strong>facie</strong></span> <span class='ocrx_word' id='word_1_331' title='bbox 165 1327 200 1352; x_wconf 85' lang='lat' dir='ltr'><strong>ad</strong></span> <span class='ocrx_word' id='word_1_332' title='bbox 216 1326 320 1360; x_wconf 77' lang='lat' dir='ltr'><strong>(aciem,</strong></span> <span class='ocrx_word' id='word_1_333' title='bbox 337 1327 362 1354; x_wconf 96' lang='lat' dir='ltr'><strong>id</strong></span> <span class='ocrx_word' id='word_1_334' title='bbox 379 1332 420 1354; x_wconf 90' lang='lat' dir='ltr'><strong>est</strong></span> <span class='ocrx_word' id='word_1_335' title='bbox 435 1335 495 1354; x_wconf 89' lang='lat' dir='ltr'><strong>eum</strong></span> <span class='ocrx_word' id='word_1_336' title='bbox 519 1335 562 1356; x_wconf 88' lang='lat' dir='ltr'><strong>res</strong></span> <span class='ocrx_word' id='word_1_337' title='bbox 578 1329 642 1363; x_wconf 66' lang='lat' dir='ltr'><strong>ipsa:</strong></span> <span class='ocrx_word' id='word_1_338' title='bbox 665 1331 743 1358; x_wconf 92' lang='lat' dir='ltr'><strong>nobis</strong></span> <span class='ocrx_word' id='word_1_339' title='bbox 756 1331 867 1359; x_wconf 85' lang='lat' dir='ltr'><strong>eviden-</strong></span> 
     </span>
    </p>
   </div>
   <div class='ocr_carea' id='block_1_44' title="bbox 76 1371 866 1411">
    <p class='ocr_par' dir='ltr' id='par_1_44' title="bbox 76 1371 866 1411">
     <span class='ocr_line' id='line_1_44' title="bbox 76 1371 866 1411; baseline 0.009 -14"><span class='ocrx_word' id='word_1_340' title='bbox 76 1371 163 1399; x_wconf 89' lang='lat' dir='ltr'><strong>tiores</strong></span> <span class='ocrx_word' id='word_1_341' title='bbox 186 1372 262 1404; x_wconf 81' lang='lat' dir='ltr'><strong>ﬁent,</strong></span> <span class='ocrx_word' id='word_1_342' title='bbox 288 1380 348 1400; x_wconf 90' lang='lat' dir='ltr'><strong>cum</strong></span> <span class='ocrx_word' id='word_1_343' title='bbox 374 1375 539 1408; x_wconf 69' lang='lat' dir='ltr'><strong>coeperimus</strong></span> <span class='ocrx_word' id='word_1_344' title='bbox 563 1383 710 1411; x_wconf 81' lang='lat' dir='ltr'><strong>agnoscere</strong></span> <span class='ocrx_word' id='word_1_345' title='bbox 735 1377 866 1405; x_wconf 87' lang='lat' dir='ltr'><strong>rationem</strong></span> 
     </span>
    </p>
   </div>
   <div class='ocr_carea' id='block_1_45' title="bbox 74 1416 867 1457">
    <p class='ocr_par' dir='ltr' id='par_1_45' title="bbox 74 1416 867 1457">
     <span class='ocr_line' id='line_1_45' title="bbox 74 1416 867 1457; baseline 0.01 -15"><span class='ocrx_word' id='word_1_346' title='bbox 74 1416 245 1451; x_wconf 85' lang='lat' dir='ltr'><strong>singularum</strong></span> <span class='ocrx_word' id='word_1_347' title='bbox 271 1426 361 1446; x_wconf 93' lang='lat' dir='ltr'><strong>rerum</strong></span> <span class='ocrx_word' id='word_1_348' title='bbox 387 1427 447 1454; x_wconf 62' lang='lat' dir='ltr'><strong>quae</strong></span> <span class='ocrx_word' id='word_1_349' title='bbox 471 1421 497 1447; x_wconf 93' lang='lat' dir='ltr'><strong>iu</strong></span> <span class='ocrx_word' id='word_1_350' title='bbox 522 1420 575 1448; x_wconf 88' lang='lat' dir='ltr'><strong>hoc</strong></span> <span class='ocrx_word' id='word_1_351' title='bbox 596 1422 697 1448; x_wconf 91' lang='lat' dir='ltr'><strong>mundo</strong></span> <span class='ocrx_word' id='word_1_352' title='bbox 718 1422 758 1449; x_wconf 86' lang='lat' dir='ltr'><strong>vel</strong></span> <span class='ocrx_word' id='word_1_353' title='bbox 783 1428 867 1457; x_wconf 75' lang='lat' dir='ltr'><strong>gesta:</strong></span> 
     </span>
    </p>
   </div>
   <div class='ocr_carea' id='block_1_46' title="bbox 73 1462 866 1503">
    <p class='ocr_par' dir='ltr' id='par_1_46' title="bbox 73 1462 866 1503">
     <span class='ocr_line' id='line_1_46' title="bbox 73 1462 866 1503; baseline 0.01 -16"><span class='ocrx_word' id='word_1_354' title='bbox 73 1467 141 1488; x_wconf 89' lang='lat' dir='ltr'><strong>sunt</strong></span> <span class='ocrx_word' id='word_1_355' title='bbox 152 1462 193 1489; x_wconf 92' lang='lat' dir='ltr'><strong>vcl</strong></span> <span class='ocrx_word' id='word_1_356' title='bbox 206 1469 348 1498; x_wconf 77' lang='lat' dir='ltr'><strong>geruntur,</strong></span> <span class='ocrx_word' id='word_1_357' title='bbox 366 1466 438 1499; x_wconf 88' lang='lat' dir='ltr'><strong>quali</strong></span> <span class='ocrx_word' id='word_1_358' title='bbox 457 1465 557 1500; x_wconf 89' lang='lat' dir='ltr'><strong>iudicio</strong></span> <span class='ocrx_word' id='word_1_359' title='bbox 574 1470 656 1502; x_wconf 77' lang='lat' dir='ltr'><strong>gestze</strong></span> <span class='ocrx_word' id='word_1_360' title='bbox 670 1473 743 1499; x_wconf 86' lang='lat' dir='ltr'><strong>sunt,</strong></span> <span class='ocrx_word' id='word_1_361' title='bbox 760 1468 800 1495; x_wconf 90' lang='lat' dir='ltr'><strong>vel</strong></span> <span class='ocrx_word' id='word_1_362' title='bbox 813 1476 866 1503; x_wconf 92' lang='lat' dir='ltr'><strong>qtto</strong></span> 
     </span>
    </p>
   </div>
   <div class='ocr_carea' id='block_1_47' title="bbox 919 912 1708 949">
    <p class='ocr_par' dir='ltr' id='par_1_47' title="bbox 919 912 1708 949">
     <span class='ocr_line' id='line_1_47' title="bbox 919 912 1708 949; baseline 0.003 -9"><span class='ocrx_word' id='word_1_363' title='bbox 919 913 962 941; x_wconf 91' lang='lat' dir='ltr'><strong>nis</strong></span> <span class='ocrx_word' id='word_1_364' title='bbox 978 912 1119 948; x_wconf 87' lang='lat' dir='ltr'><strong>gentilium</strong></span> <span class='ocrx_word' id='word_1_365' title='bbox 1137 913 1170 940; x_wconf 88' lang='lat' dir='ltr'><strong>de</strong></span> <span class='ocrx_word' id='word_1_366' title='bbox 1194 914 1295 940; x_wconf 86' lang='lat' dir='ltr'><strong>sanctis</strong></span> <span class='ocrx_word' id='word_1_367' title='bbox 1319 914 1484 949; x_wconf 87' lang='lat' dir='ltr'><strong>martyribus</strong></span> <span class='ocrx_word' id='word_1_368' title='bbox 1504 919 1532 941; x_wconf 88' lang='lat' dir='ltr'><strong>et</strong></span> <span class='ocrx_word' id='word_1_369' title='bbox 1546 914 1708 942; x_wconf 81' lang='lat' dir='ltr'><strong>confessori-</strong></span> 
     </span>
    </p>
   </div>
   <div class='ocr_carea' id='block_1_48' title="bbox 918 959 1711 999">
    <p class='ocr_par' dir='ltr' id='par_1_48' title="bbox 918 959 1711 999">
     <span class='ocr_line' id='line_1_48' title="bbox 918 959 1711 999; baseline 0.003 -13"><span class='ocrx_word' id='word_1_370' title='bbox 918 959 968 987; x_wconf 89' lang='lat' dir='ltr'><strong>bus</strong></span> <span class='ocrx_word' id='word_1_371' title='bbox 993 959 1091 994; x_wconf 88' lang='lat' dir='ltr'><strong>aptari.</strong></span> <span class='ocrx_word' id='word_1_372' title='bbox 1117 960 1298 988; x_wconf 82' lang='lat' dir='ltr'><strong>Considerant</strong></span> <span class='ocrx_word' id='word_1_373' title='bbox 1322 961 1395 988; x_wconf 86' lang='lat' dir='ltr'><strong>enim</strong></span> <span class='ocrx_word' id='word_1_374' title='bbox 1421 961 1496 996; x_wconf 90' lang='lat' dir='ltr'><strong>impii</strong></span> <span class='ocrx_word' id='word_1_375' title='bbox 1521 965 1711 999; x_wconf 82' lang='lat' dir='ltr'><strong>persecutores</strong></span> 
     </span>
    </p>
   </div>
   <div class='ocr_carea' id='block_1_49' title="bbox 919 1006 1709 1042">
    <p class='ocr_par' dir='ltr' id='par_1_49' title="bbox 919 1006 1709 1042">
     <span class='ocr_line' id='line_1_49' title="bbox 919 1006 1709 1042; baseline 0.003 -10"><span class='ocrx_word' id='word_1_376' title='bbox 919 1013 1138 1040; x_wconf 88' lang='lat' dir='ltr'><strong>unumquemque</strong></span> <span class='ocrx_word' id='word_1_377' title='bbox 1168 1006 1303 1040; x_wconf 87' lang='lat' dir='ltr'><strong>justoruut</strong></span> <span class='ocrx_word' id='word_1_378' title='bbox 1337 1012 1364 1034; x_wconf 92' lang='lat' dir='ltr'><strong>et</strong></span> <span class='ocrx_word' id='word_1_379' title='bbox 1392 1013 1517 1042; x_wconf 61' lang='lat' dir='ltr'><strong>quaerunt</strong></span> <span class='ocrx_word' id='word_1_380' title='bbox 1544 1007 1709 1035; x_wconf 85' lang='lat' dir='ltr'><strong>mortillcare</strong></span> 
     </span>
    </p>
   </div>
   <div class='ocr_carea' id='block_1_50' title="bbox 917 1051 1708 1088">
    <p class='ocr_par' dir='ltr' id='par_1_50' title="bbox 917 1051 1708 1088">
     <span class='ocr_line' id='line_1_50' title="bbox 917 1051 1708 1088; baseline 0.001 -8"><span class='ocrx_word' id='word_1_381' title='bbox 917 1059 991 1080; x_wconf 90' lang='lat' dir='ltr'><strong>eum.</strong></span> <span class='ocrx_word' id='word_1_382' title='bbox 1011 1051 1064 1079; x_wconf 87' lang='lat' dir='ltr'><strong>Sed</strong></span> <span class='ocrx_word' id='word_1_383' title='bbox 1081 1060 1115 1079; x_wconf 86' lang='lat' dir='ltr'><strong>ne</strong></span> <span class='ocrx_word' id='word_1_384' title='bbox 1143 1060 1268 1080; x_wconf 86' lang='lat' dir='ltr'><strong>securum</strong></span> <span class='ocrx_word' id='word_1_385' title='bbox 1291 1053 1385 1080; x_wconf 89' lang='lat' dir='ltr'><strong>reddat</strong></span> <span class='ocrx_word' id='word_1_386' title='bbox 1409 1053 1484 1088; x_wconf 84' lang='lat' dir='ltr'><strong>pacis</strong></span> <span class='ocrx_word' id='word_1_387' title='bbox 1509 1057 1630 1088; x_wconf 89' lang='lat' dir='ltr'><strong>tempore</strong></span> <span class='ocrx_word' id='word_1_388' title='bbox 1657 1053 1708 1081; x_wconf 86' lang='lat' dir='ltr'><strong>ista</strong></span> 
     </span>
    </p>
   </div>
   <div class='ocr_carea' id='block_1_51' title="bbox 919 1097 1708 1133">
    <p class='ocr_par' dir='ltr' id='par_1_51' title="bbox 919 1097 1708 1133">
     <span class='ocr_line' id='line_1_51' title="bbox 919 1097 1708 1133; baseline 0.003 -9"><span class='ocrx_word' id='word_1_389' title='bbox 919 1097 980 1125; x_wconf 83' lang='lat' dir='ltr'><strong>talis</strong></span> <span class='ocrx_word' id='word_1_390' title='bbox 1004 1098 1149 1132; x_wconf 73' lang='lat' dir='ltr'><strong>expositio,</strong></span> <span class='ocrx_word' id='word_1_391' title='bbox 1169 1102 1305 1126; x_wconf 85' lang='lat' dir='ltr'><strong>memento</strong></span> <span class='ocrx_word' id='word_1_392' title='bbox 1330 1099 1394 1133; x_wconf 86' lang='lat' dir='ltr'><strong>quia</strong></span> <span class='ocrx_word' id='word_1_393' title='bbox 1416 1099 1602 1133; x_wconf 85' lang='lat' dir='ltr'><strong>quotidianum</strong></span> <span class='ocrx_word' id='word_1_394' title='bbox 1627 1099 1708 1126; x_wconf 80' lang='lat' dir='ltr'><strong>habet</strong></span> 
     </span>
    </p>
   </div>
   <div class='ocr_carea' id='block_1_52' title="bbox 915 1144 1707 1179">
    <p class='ocr_par' dir='ltr' id='par_1_52' title="bbox 915 1144 1707 1179">
     <span class='ocr_line' id='line_1_52' title="bbox 915 1144 1707 1179; baseline 0.001 -9"><span class='ocrx_word' id='word_1_395' title='bbox 915 1144 1005 1179; x_wconf 88' lang='lat' dir='ltr'><strong>justus</strong></span> <span class='ocrx_word' id='word_1_396' title='bbox 1019 1148 1220 1179; x_wconf 80' lang='lat' dir='ltr'><strong>persecutorem</strong></span> <span class='ocrx_word' id='word_1_397' title='bbox 1234 1144 1383 1177; x_wconf 84' lang='lat' dir='ltr'><strong>diabolum,</strong></span> <span class='ocrx_word' id='word_1_398' title='bbox 1398 1149 1425 1172; x_wconf 88' lang='lat' dir='ltr'><strong>el</strong></span> <span class='ocrx_word' id='word_1_399' title='bbox 1440 1145 1483 1173; x_wconf 91' lang='lat' dir='ltr'><strong>ille</strong></span> <span class='ocrx_word' id='word_1_400' title='bbox 1497 1149 1538 1173; x_wconf 86' lang='lat' dir='ltr'><strong>est</strong></span> <span class='ocrx_word' id='word_1_401' title='bbox 1553 1144 1600 1179; x_wconf 88' lang='lat' dir='ltr'><strong>qui</strong></span> <span class='ocrx_word' id='word_1_402' title='bbox 1616 1145 1707 1172; x_wconf 90' lang='lat' dir='ltr'><strong>consi-</strong></span> 
     </span>
    </p>
   </div>
   <div class='ocr_carea' id='block_1_53' title="bbox 918 1187 1707 1224">
    <p class='ocr_par' dir='ltr' id='par_1_53' title="bbox 918 1187 1707 1224">
     <span class='ocr_line' id='line_1_53' title="bbox 918 1187 1707 1224; baseline -0.001 -8"><span class='ocrx_word' id='word_1_403' title='bbox 918 1191 993 1217; x_wconf 88' lang='lat' dir='ltr'><strong>derat</strong></span> <span class='ocrx_word' id='word_1_404' title='bbox 1010 1189 1122 1224; x_wconf 85' lang='lat' dir='ltr'><strong>justum.</strong></span> <span class='ocrx_word' id='word_1_405' title='bbox 1139 1188 1283 1216; x_wconf 85' lang='lat' dir='ltr'><strong>lnsidiatur</strong></span> <span class='ocrx_word' id='word_1_406' title='bbox 1303 1188 1375 1215; x_wconf 89' lang='lat' dir='ltr'><strong>euiut</strong></span> <span class='ocrx_word' id='word_1_407' title='bbox 1396 1196 1501 1224; x_wconf 87' lang='lat' dir='ltr'><strong>semper</strong></span> <span class='ocrx_word' id='word_1_408' title='bbox 1525 1193 1553 1216; x_wconf 90' lang='lat' dir='ltr'><strong>et</strong></span> <span class='ocrx_word' id='word_1_409' title='bbox 1573 1189 1643 1216; x_wconf 88' lang='lat' dir='ltr'><strong>sicut</strong></span> <span class='ocrx_word' id='word_1_410' title='bbox 1665 1187 1707 1215; x_wconf 91' lang='lat' dir='ltr'><strong>leo</strong></span> 
     </span>
    </p>
   </div>
   <div class='ocr_carea' id='block_1_54' title="bbox 919 1233 1707 1271">
    <p class='ocr_par' dir='ltr' id='par_1_54' title="bbox 919 1233 1707 1271">
     <span class='ocr_line' id='line_1_54' title="bbox 919 1233 1707 1271; baseline -0.004 -8"><span class='ocrx_word' id='word_1_411' title='bbox 919 1235 1030 1271; x_wconf 75' lang='lat' dir='ltr'><strong>rugiens</strong></span> <span class='ocrx_word' id='word_1_412' title='bbox 1053 1235 1149 1263; x_wconf 87' lang='lat' dir='ltr'><strong>circuit</strong></span> <span class='ocrx_word' id='word_1_413' title='bbox 1165 1242 1292 1270; x_wconf 65' lang='lat' dir='ltr'><strong>quaerens</strong></span> <span class='ocrx_word' id='word_1_414' title='bbox 1314 1243 1395 1270; x_wconf 85' lang='lat' dir='ltr'><strong>quem</strong></span> <span class='ocrx_word' id='word_1_415' title='bbox 1421 1239 1585 1262; x_wconf 87' lang='lat' dir='ltr'><strong>trausvoret.</strong></span> <span class='ocrx_word' id='word_1_416' title='bbox 1607 1233 1661 1261; x_wconf 74' lang='lat' dir='ltr'><strong>Sed</strong></span> <span class='ocrx_word' id='word_1_417' title='bbox 1683 1233 1707 1261; x_wconf 90' lang='lat' dir='ltr'><strong>si</strong></span> 
     </span>
    </p>
   </div>
   <div class='ocr_carea' id='block_1_55' title="bbox 918 1279 1708 1316">
    <p class='ocr_par' dir='ltr' id='par_1_55' title="bbox 918 1279 1708 1316">
     <span class='ocr_line' id='line_1_55' title="bbox 918 1279 1708 1316; baseline -0.005 -7"><span class='ocrx_word' id='word_1_418' title='bbox 918 1282 970 1309; x_wconf 83' lang='lat' dir='ltr'><strong>ﬁde</strong></span> <span class='ocrx_word' id='word_1_419' title='bbox 985 1281 1080 1316; x_wconf 87' lang='lat' dir='ltr'><strong>plenus</strong></span> <span class='ocrx_word' id='word_1_420' title='bbox 1097 1288 1126 1309; x_wconf 88' lang='lat' dir='ltr'><strong>es</strong></span> <span class='ocrx_word' id='word_1_421' title='bbox 1142 1285 1170 1309; x_wconf 93' lang='lat' dir='ltr'><strong>et</strong></span> <span class='ocrx_word' id='word_1_422' title='bbox 1189 1281 1303 1308; x_wconf 86' lang='lat' dir='ltr'><strong>conﬁdis</strong></span> <span class='ocrx_word' id='word_1_423' title='bbox 1319 1281 1346 1308; x_wconf 93' lang='lat' dir='ltr'><strong>in</strong></span> <span class='ocrx_word' id='word_1_424' title='bbox 1362 1280 1486 1312; x_wconf 90' lang='lat' dir='ltr'><strong>Domino,</strong></span> <span class='ocrx_word' id='word_1_425' title='bbox 1503 1280 1564 1307; x_wconf 83' lang='lat' dir='ltr'><strong>vide</strong></span> <span class='ocrx_word' id='word_1_426' title='bbox 1580 1279 1645 1314; x_wconf 88' lang='lat' dir='ltr'><strong>quid</strong></span> <span class='ocrx_word' id='word_1_427' title='bbox 1665 1287 1708 1306; x_wconf 76' lang='lat' dir='ltr'><strong>rc~</strong></span> 
     </span>
    </p>
   </div>
   <div class='ocr_carea' id='block_1_56' title="bbox 917 1325 1707 1362">
    <p class='ocr_par' dir='ltr' id='par_1_56' title="bbox 917 1325 1707 1362">
     <span class='ocr_line' id='line_1_56' title="bbox 917 1325 1707 1362; baseline -0.004 -8"><span class='ocrx_word' id='word_1_428' title='bbox 917 1327 1091 1362; x_wconf 85' lang='lat' dir='ltr'><strong>promittatur</strong></span> <span class='ocrx_word' id='word_1_429' title='bbox 1117 1327 1141 1343; x_wconf 77' lang='lat'>&quot;</span> <span class='ocrx_word' id='word_1_430' title='bbox 1163 1335 1170 1354; x_wconf 91' lang='lat'><strong>:</strong></span> <span class='ocrx_word' id='word_1_431' title='bbox 1195 1326 1322 1353; x_wconf 72' lang='lat' dir='ltr'><strong>Dominus</strong></span> <span class='ocrx_word' id='word_1_432' title='bbox 1348 1330 1435 1352; x_wconf 85' lang='lat' dir='ltr'><strong>autem</strong></span> <span class='ocrx_word' id='word_1_433' title='bbox 1464 1334 1516 1352; x_wconf 83' lang='lat' dir='ltr'><strong>non</strong></span> <span class='ocrx_word' id='word_1_434' title='bbox 1546 1325 1707 1360; x_wconf 85' lang='lat' dir='ltr'><strong>derelinquet</strong></span> 
     </span>
    </p>
   </div>
   <div class='ocr_carea' id='block_1_57' title="bbox 917 1371 1707 1407">
    <p class='ocr_par' dir='ltr' id='par_1_57' title="bbox 917 1371 1707 1407">
     <span class='ocr_line' id='line_1_57' title="bbox 917 1371 1707 1407; baseline -0.006 -6"><span class='ocrx_word' id='word_1_435' title='bbox 917 1382 976 1401; x_wconf 85' lang='lat' dir='ltr'><strong>eum</strong></span> <span class='ocrx_word' id='word_1_436' title='bbox 992 1374 1019 1400; x_wconf 87' lang='lat' dir='ltr'><strong>in</strong></span> <span class='ocrx_word' id='word_1_437' title='bbox 1032 1373 1152 1400; x_wconf 78' lang='lat' dir='ltr'><strong>manibus</strong></span> <span class='ocrx_word' id='word_1_438' title='bbox 1169 1373 1236 1407; x_wconf 72' lang='lat' dir='ltr'><strong>ejus,</strong></span> <span class='ocrx_word' id='word_1_439' title='bbox 1255 1372 1406 1406; x_wconf 85' lang='lat' dir='ltr'><strong>peccatoris</strong></span> <span class='ocrx_word' id='word_1_440' title='bbox 1429 1371 1542 1402; x_wconf 86' lang='lat' dir='ltr'><strong>scilicet,</strong></span> <span class='ocrx_word' id='word_1_441' title='bbox 1566 1379 1611 1397; x_wconf 82' lang='lat' dir='ltr'><strong>nec</strong></span> <span class='ocrx_word' id='word_1_442' title='bbox 1632 1374 1707 1397; x_wconf 80' lang='lat' dir='ltr'><strong>dunt-</strong></span> 
     </span>
    </p>
   </div>
   <div class='ocr_carea' id='block_1_58' title="bbox 917 1415 1708 1453">
    <p class='ocr_par' dir='ltr' id='par_1_58' title="bbox 917 1415 1708 1453">
     <span class='ocr_line' id='line_1_58' title="bbox 917 1415 1708 1453; baseline -0.003 -8"><span class='ocrx_word' id='word_1_443' title='bbox 917 1419 988 1445; x_wconf 83' lang='lat' dir='ltr'><strong>nabit</strong></span> <span class='ocrx_word' id='word_1_444' title='bbox 1007 1426 1066 1446; x_wconf 77' lang='lat' dir='ltr'><strong>eum</strong></span> <span class='ocrx_word' id='word_1_445' title='bbox 1079 1426 1139 1445; x_wconf 88' lang='lat' dir='ltr'><strong>cum</strong></span> <span class='ocrx_word' id='word_1_446' title='bbox 1156 1418 1325 1453; x_wconf 85' lang='lat' dir='ltr'><strong>judicabitur</strong></span> <span class='ocrx_word' id='word_1_447' title='bbox 1340 1417 1391 1444; x_wconf 83' lang='lat' dir='ltr'><strong>illi.</strong></span> <span class='ocrx_word' id='word_1_448' title='bbox 1417 1416 1565 1452; x_wconf 87' lang='lat' dir='ltr'><strong>Dupliciter</strong></span> <span class='ocrx_word' id='word_1_449' title='bbox 1582 1415 1708 1451; x_wconf 81' lang='lat' dir='ltr'><strong>intelligit</strong></span> 
     </span>
    </p>
   </div>
   <div class='ocr_carea' id='block_1_59' title="bbox 917 1461 1706 1500">
    <p class='ocr_par' dir='ltr' id='par_1_59' title="bbox 917 1461 1706 1500">
     <span class='ocr_line' id='line_1_59' title="bbox 917 1461 1706 1500; baseline -0.005 -8"><span class='ocrx_word' id='word_1_450' title='bbox 917 1465 967 1492; x_wconf 87' lang='lat' dir='ltr'><strong>hoc</strong></span> <span class='ocrx_word' id='word_1_451' title='bbox 984 1465 1055 1500; x_wconf 90' lang='lat' dir='ltr'><strong>quod</strong></span> <span class='ocrx_word' id='word_1_452' title='bbox 1073 1464 1122 1497; x_wconf 90' lang='lat' dir='ltr'><strong>ait,</strong></span> <span class='ocrx_word' id='word_1_453' title='bbox 1132 1463 1298 1498; x_wconf 80' lang='lat' dir='ltr'><strong>judicabitur</strong></span> <span class='ocrx_word' id='word_1_454' title='bbox 1315 1462 1365 1495; x_wconf 79' lang='lat' dir='ltr'><strong>illi,</strong></span> <span class='ocrx_word' id='word_1_455' title='bbox 1380 1463 1405 1490; x_wconf 94' lang='lat' dir='ltr'><strong>id</strong></span> <span class='ocrx_word' id='word_1_456' title='bbox 1421 1467 1463 1489; x_wconf 87' lang='lat' dir='ltr'><strong>est</strong></span> <span class='ocrx_word' id='word_1_457' title='bbox 1482 1462 1540 1489; x_wconf 89' lang='lat' dir='ltr'><strong>sive</strong></span> <span class='ocrx_word' id='word_1_458' title='bbox 1559 1470 1619 1489; x_wconf 91' lang='lat' dir='ltr'><strong>cutn</strong></span> <span class='ocrx_word' id='word_1_459' title='bbox 1632 1461 1706 1495; x_wconf 86' lang='lat' dir='ltr'><strong>judi—</strong></span> 
     </span>
    </p>
   </div>
   <div class='ocr_carea' id='block_1_60' title="bbox 68 1506 1706 1552">
    <p class='ocr_par' dir='ltr' id='par_1_60' title="bbox 68 1506 1706 1552">
     <span class='ocr_line' id='line_1_60' title="bbox 68 1506 1706 1552; baseline 0.001 -19"><span class='ocrx_word' id='word_1_460' title='bbox 68 1506 177 1541; x_wconf 88' lang='lat' dir='ltr'><strong>judicio</strong></span> <span class='ocrx_word' id='word_1_461' title='bbox 198 1508 270 1537; x_wconf 86' lang='lat' dir='ltr'><strong>Deus</strong></span> <span class='ocrx_word' id='word_1_462' title='bbox 284 1515 377 1537; x_wconf 85' lang='lat' dir='ltr'><strong>utatur</strong></span> <span class='ocrx_word' id='word_1_463' title='bbox 393 1512 419 1538; x_wconf 91' lang='lat' dir='ltr'><strong>in</strong></span> <span class='ocrx_word' id='word_1_464' title='bbox 436 1512 558 1547; x_wconf 76' lang='lat' dir='ltr'><strong>singulis,</strong></span> <span class='ocrx_word' id='word_1_465' title='bbox 571 1513 670 1547; x_wconf 88' lang='lat' dir='ltr'><strong>quibus</strong></span> <span class='ocrx_word' id='word_1_466' title='bbox 690 1514 866 1548; x_wconf 67' lang='lat' dir='ltr'><strong>providentia:</strong></span> <span class='ocrx_word' id='word_1_467' title='bbox 880 1520 904 1552; x_wconf 72' lang='grc' dir='ltr'>ο</span> <span class='ocrx_word' id='word_1_468' title='bbox 919 1514 997 1538; x_wconf 87' lang='lat' dir='ltr'><strong>catur</strong></span> <span class='ocrx_word' id='word_1_469' title='bbox 1011 1511 1101 1546; x_wconf 84' lang='lat' dir='ltr'><strong>justus</strong></span> <span class='ocrx_word' id='word_1_470' title='bbox 1125 1518 1140 1537; x_wconf 85' lang='lat' dir='ltr'><strong>a</strong></span> <span class='ocrx_word' id='word_1_471' title='bbox 1163 1510 1226 1542; x_wconf 89' lang='lat' dir='ltr'><strong>Deo,</strong></span> <span class='ocrx_word' id='word_1_472' title='bbox 1246 1510 1303 1537; x_wconf 87' lang='lat' dir='ltr'><strong>sive</strong></span> <span class='ocrx_word' id='word_1_473' title='bbox 1323 1517 1384 1536; x_wconf 91' lang='lat' dir='ltr'><strong>cum</strong></span> <span class='ocrx_word' id='word_1_474' title='bbox 1404 1510 1461 1544; x_wconf 90' lang='lat' dir='ltr'><strong>ipse</strong></span> <span class='ocrx_word' id='word_1_475' title='bbox 1483 1508 1553 1536; x_wconf 86' lang='lat' dir='ltr'><strong>Deus</strong></span> <span class='ocrx_word' id='word_1_476' title='bbox 1568 1509 1706 1543; x_wconf 73' lang='lat' dir='ltr'><strong>iudicatur</strong></span> 
     </span>
    </p>
   </div>
   <div class='ocr_carea' id='block_1_61' title="bbox 71 1554 866 1593">
    <p class='ocr_par' dir='ltr' id='par_1_61' title="bbox 71 1554 866 1593">
     <span class='ocr_line' id='line_1_61' title="bbox 71 1554 866 1593; baseline 0.01 -13"><span class='ocrx_word' id='word_1_477' title='bbox 71 1561 133 1581; x_wconf 71' lang='lat' dir='ltr'><strong>sua:</strong></span> <span class='ocrx_word' id='word_1_478' title='bbox 147 1554 391 1589; x_wconf 86' lang='lat' dir='ltr'><strong>dispensationibus</strong></span> <span class='ocrx_word' id='word_1_479' title='bbox 403 1567 410 1585; x_wconf 88' lang='lat'><strong>:</strong></span> <span class='ocrx_word' id='word_1_480' title='bbox 424 1558 446 1585; x_wconf 89' lang='lat' dir='ltr'><strong>si</strong></span> <span class='ocrx_word' id='word_1_481' title='bbox 467 1559 529 1593; x_wconf 85' lang='lat' dir='ltr'><strong>quis</strong></span> <span class='ocrx_word' id='word_1_482' title='bbox 548 1559 645 1592; x_wconf 78' lang='lat' dir='ltr'><strong>dignus</strong></span> <span class='ocrx_word' id='word_1_483' title='bbox 669 1559 752 1587; x_wconf 82' lang='lat' dir='ltr'><strong>fuerit</strong></span> <span class='ocrx_word' id='word_1_484' title='bbox 776 1561 866 1588; x_wconf 85' lang='lat' dir='ltr'><strong>cousi-</strong></span> 
     </span>
    </p>
   </div>
   <div class='ocr_carea' id='block_1_62' title="bbox 71 1600 868 1641">
    <p class='ocr_par' dir='ltr' id='par_1_62' title="bbox 71 1600 868 1641">
     <span class='ocr_line' id='line_1_62' title="bbox 71 1600 868 1641; baseline 0.01 -16"><span class='ocrx_word' id='word_1_485' title='bbox 71 1600 174 1627; x_wconf 89' lang='lat' dir='ltr'><strong>dcrare</strong></span> <span class='ocrx_word' id='word_1_486' title='bbox 188 1604 215 1627; x_wconf 88' lang='lat' dir='ltr'><strong>et</strong></span> <span class='ocrx_word' id='word_1_487' title='bbox 231 1602 387 1636; x_wconf 88' lang='lat' dir='ltr'><strong>perspicere</strong></span> <span class='ocrx_word' id='word_1_488' title='bbox 405 1603 541 1637; x_wconf 89' lang='lat' dir='ltr'><strong>quomodo</strong></span> <span class='ocrx_word' id='word_1_489' title='bbox 559 1604 661 1638; x_wconf 86' lang='lat' dir='ltr'><strong>judicia</strong></span> <span class='ocrx_word' id='word_1_490' title='bbox 686 1604 732 1631; x_wconf 90' lang='lat' dir='ltr'><strong>Dei</strong></span> <span class='ocrx_word' id='word_1_491' title='bbox 752 1605 868 1641; x_wconf 84' lang='lat' dir='ltr'><strong>abyssus</strong></span> 
     </span>
    </p>
   </div>
   <div class='ocr_carea' id='block_1_63' title="bbox 72 1644 865 1687">
    <p class='ocr_par' dir='ltr' id='par_1_63' title="bbox 72 1644 865 1687">
     <span class='ocr_line' id='line_1_63' title="bbox 72 1644 865 1687; baseline 0.013 -16"><span class='ocrx_word' id='word_1_492' title='bbox 72 1644 163 1672; x_wconf 85' lang='lat' dir='ltr'><strong>multa</strong></span> <span class='ocrx_word' id='word_1_493' title='bbox 178 1651 236 1678; x_wconf 85' lang='lat' dir='ltr'><strong>est;</strong></span> <span class='ocrx_word' id='word_1_494' title='bbox 255 1654 315 1674; x_wconf 90' lang='lat' dir='ltr'><strong>cum</strong></span> <span class='ocrx_word' id='word_1_495' title='bbox 328 1648 435 1682; x_wconf 88' lang='lat' dir='ltr'><strong>plettius</strong></span> <span class='ocrx_word' id='word_1_496' title='bbox 453 1649 572 1683; x_wconf 86' lang='lat' dir='ltr'><strong>recipere</strong></span> <span class='ocrx_word' id='word_1_497' title='bbox 585 1651 735 1685; x_wconf 88' lang='lat' dir='ltr'><strong>poterimus</strong></span> <span class='ocrx_word' id='word_1_498' title='bbox 750 1653 865 1687; x_wconf 81' lang='lat' dir='ltr'><strong>gratiam</strong></span> 
     </span>
    </p>
   </div>
   <div class='ocr_carea' id='block_1_64' title="bbox 70 1690 865 1731">
    <p class='ocr_par' dir='ltr' id='par_1_64' title="bbox 70 1690 865 1731">
     <span class='ocr_line' id='line_1_64' title="bbox 70 1690 865 1731; baseline 0.014 -15"><span class='ocrx_word' id='word_1_499' title='bbox 70 1690 190 1725; x_wconf 86' lang='lat' dir='ltr'><strong>spiritus</strong></span> <span class='ocrx_word' id='word_1_500' title='bbox 213 1692 284 1720; x_wconf 87' lang='lat' dir='ltr'><strong>illius</strong></span> <span class='ocrx_word' id='word_1_501' title='bbox 309 1694 356 1728; x_wconf 93' lang='lat' dir='ltr'><strong>qui</strong></span> <span class='ocrx_word' id='word_1_502' title='bbox 377 1695 468 1722; x_wconf 89' lang='lat' dir='ltr'><strong>omnia</strong></span> <span class='ocrx_word' id='word_1_503' title='bbox 494 1701 690 1731; x_wconf 88' lang='lat' dir='ltr'><strong>perscrutatur,</strong></span> <span class='ocrx_word' id='word_1_504' title='bbox 704 1698 785 1725; x_wconf 90' lang='lat' dir='ltr'><strong>etiam</strong></span> <span class='ocrx_word' id='word_1_505' title='bbox 811 1699 865 1727; x_wconf 81' lang='lat' dir='ltr'><strong>alta</strong></span> 
     </span>
    </p>
   </div>
   <div class='ocr_carea' id='block_1_65' title="bbox 71 1735 865 1778">
    <p class='ocr_par' dir='ltr' id='par_1_65' title="bbox 71 1735 865 1778">
     <span class='ocr_line' id='line_1_65' title="bbox 71 1735 865 1778; baseline 0.014 -16"><span class='ocrx_word' id='word_1_506' title='bbox 71 1735 134 1768; x_wconf 88' lang='lat' dir='ltr'><strong>Dei,</strong></span> <span class='ocrx_word' id='word_1_507' title='bbox 152 1740 217 1764; x_wconf 90' lang='lat' dir='ltr'><strong>tunc</strong></span> <span class='ocrx_word' id='word_1_508' title='bbox 232 1745 294 1765; x_wconf 89' lang='lat' dir='ltr'><strong>vere</strong></span> <span class='ocrx_word' id='word_1_509' title='bbox 306 1743 334 1766; x_wconf 90' lang='lat' dir='ltr'><strong>et</strong></span> <span class='ocrx_word' id='word_1_510' title='bbox 347 1739 450 1774; x_wconf 85' lang='lat' dir='ltr'><strong>integre</strong></span> <span class='ocrx_word' id='word_1_511' title='bbox 465 1742 612 1769; x_wconf 89' lang='lat' dir='ltr'><strong>secundttm</strong></span> <span class='ocrx_word' id='word_1_512' title='bbox 626 1744 777 1778; x_wconf 90' lang='lat' dir='ltr'><strong>prophetici</strong></span> <span class='ocrx_word' id='word_1_513' title='bbox 790 1745 865 1773; x_wconf 88' lang='lat' dir='ltr'><strong>verbi</strong></span> 
     </span>
    </p>
   </div>
   <div class='ocr_carea' id='block_1_66' title="bbox 70 1781 792 1822">
    <p class='ocr_par' dir='ltr' id='par_1_66' title="bbox 70 1781 792 1822">
     <span class='ocr_line' id='line_1_66' title="bbox 70 1781 792 1822; baseline 0.014 -15"><span class='ocrx_word' id='word_1_514' title='bbox 70 1781 278 1810; x_wconf 85' lang='lat' dir='ltr'><strong>distinctionem</strong></span> <span class='ocrx_word' id='word_1_515' title='bbox 293 1783 381 1819; x_wconf 83' lang='lat' dir='ltr'><strong>lingua</strong></span> <span class='ocrx_word' id='word_1_516' title='bbox 395 1786 460 1820; x_wconf 81' lang='lat' dir='ltr'><strong>justi</strong></span> <span class='ocrx_word' id='word_1_517' title='bbox 481 1786 606 1820; x_wconf 89' lang='lat' dir='ltr'><strong>loquetur</strong></span> <span class='ocrx_word' id='word_1_518' title='bbox 618 1788 718 1822; x_wconf 89' lang='lat' dir='ltr'><strong>judicia</strong></span> <span class='ocrx_word' id='word_1_519' title='bbox 734 1790 792 1818; x_wconf 87' lang='lat' dir='ltr'><strong>Dei.</strong></span> 
     </span>
    </p>
   </div>
   <div class='ocr_carea' id='block_1_67' title="bbox 109 1827 865 1865">
    <p class='ocr_par' dir='ltr' id='par_1_67' title="bbox 109 1827 865 1865">
     <span class='ocr_line' id='line_1_67' title="bbox 109 1827 865 1865; baseline 0.013 -11"><span class='ocrx_word' id='word_1_520' title='bbox 109 1827 139 1855; x_wconf 77' lang='grc' dir='ltr'>ὃ.</span> <span class='ocrx_word' id='word_1_521' title='bbox 150 1827 205 1854; x_wconf 69' lang='grc' dir='ltr'><strong>ιιι</strong></span> <span class='ocrx_word' id='word_1_522' title='bbox 217 1828 265 1855; x_wconf 84' lang='lat' dir='ltr'><strong>Dei</strong></span> <span class='ocrx_word' id='word_1_523' title='bbox 276 1830 368 1864; x_wconf 72' lang='lat' dir='ltr'><strong>ejusin</strong></span> <span class='ocrx_word' id='word_1_524' title='bbox 383 1832 462 1858; x_wconf 83' lang='lat' dir='ltr'><strong>corde</strong></span> <span class='ocrx_word' id='word_1_525' title='bbox 471 1832 552 1865; x_wconf 69' lang='lat' dir='ltr'><strong>ipsius</strong></span> <span class='ocrx_word' id='word_1_526' title='bbox 561 1833 659 1861; x_wconf 77' lang='lat' dir='ltr'><strong>&quot;.Non</strong></span> <span class='ocrx_word' id='word_1_527' title='bbox 676 1835 761 1862; x_wconf 89' lang='lat' dir='ltr'><strong>solutn</strong></span> <span class='ocrx_word' id='word_1_528' title='bbox 777 1836 803 1862; x_wconf 93' lang='lat' dir='ltr'><strong>in</strong></span> <span class='ocrx_word' id='word_1_529' title='bbox 817 1843 865 1864; x_wconf 90' lang='lat' dir='ltr'><strong>ore</strong></span> 
     </span>
    </p>
   </div>
   <div class='ocr_carea' id='block_1_68' title="bbox 65 1872 865 1916">
    <p class='ocr_par' dir='ltr' id='par_1_68' title="bbox 65 1872 865 1916">
     <span class='ocr_line' id='line_1_68' title="bbox 65 1872 865 1916; baseline 0.014 -18"><span class='ocrx_word' id='word_1_530' title='bbox 65 1872 163 1907; x_wconf 81' lang='lat' dir='ltr'><strong>justus</strong></span> <span class='ocrx_word' id='word_1_531' title='bbox 188 1874 361 1902; x_wconf 82' lang='lat' dir='ltr'><strong>meditabitur</strong></span> <span class='ocrx_word' id='word_1_532' title='bbox 385 1877 557 1911; x_wconf 85' lang='lat' dir='ltr'><strong>sapientiam,</strong></span> <span class='ocrx_word' id='word_1_533' title='bbox 576 1883 602 1906; x_wconf 87' lang='lat' dir='ltr'><strong>et</strong></span> <span class='ocrx_word' id='word_1_534' title='bbox 625 1879 713 1915; x_wconf 82' lang='lat' dir='ltr'><strong>lingua</strong></span> <span class='ocrx_word' id='word_1_535' title='bbox 740 1881 865 1916; x_wconf 87' lang='lat' dir='ltr'><strong>loquetur</strong></span> 
     </span>
    </p>
   </div>
   <div class='ocr_carea' id='block_1_69' title="bbox 65 1919 863 1963">
    <p class='ocr_par' dir='ltr' id='par_1_69' title="bbox 65 1919 863 1963">
     <span class='ocr_line' id='line_1_69' title="bbox 65 1919 863 1963; baseline 0.014 -19"><span class='ocrx_word' id='word_1_536' title='bbox 65 1919 214 1954; x_wconf 83' lang='lat' dir='ltr'><strong>judicium,</strong></span> <span class='ocrx_word' id='word_1_537' title='bbox 227 1921 273 1947; x_wconf 86' lang='lat' dir='ltr'><strong>sed</strong></span> <span class='ocrx_word' id='word_1_538' title='bbox 287 1927 315 1949; x_wconf 91' lang='lat' dir='ltr'><strong>et</strong></span> <span class='ocrx_word' id='word_1_539' title='bbox 330 1922 356 1948; x_wconf 94' lang='lat' dir='ltr'><strong>in</strong></span> <span class='ocrx_word' id='word_1_540' title='bbox 370 1923 451 1950; x_wconf 90' lang='lat' dir='ltr'><strong>corde</strong></span> <span class='ocrx_word' id='word_1_541' title='bbox 467 1931 518 1951; x_wconf 88' lang='lat' dir='ltr'><strong>suo</strong></span> <span class='ocrx_word' id='word_1_542' title='bbox 533 1924 619 1959; x_wconf 83' lang='lat' dir='ltr'><strong>legem</strong></span> <span class='ocrx_word' id='word_1_543' title='bbox 638 1925 683 1953; x_wconf 85' lang='lat' dir='ltr'><strong>Dei</strong></span> <span class='ocrx_word' id='word_1_544' title='bbox 700 1928 788 1961; x_wconf 84' lang='lat' dir='ltr'><strong>gerit;</strong></span> <span class='ocrx_word' id='word_1_545' title='bbox 801 1929 863 1963; x_wconf 92' lang='lat' dir='ltr'><strong>quia</strong></span> 
     </span>
    </p>
   </div>
   <div class='ocr_carea' id='block_1_70' title="bbox 68 1963 862 2008">
    <p class='ocr_par' dir='ltr' id='par_1_70' title="bbox 68 1963 862 2008">
     <span class='ocr_line' id='line_1_70' title="bbox 68 1963 862 2008; baseline 0.014 -18"><span class='ocrx_word' id='word_1_546' title='bbox 68 1964 116 1991; x_wconf 76' lang='lat' dir='ltr'><strong>lex</strong></span> <span class='ocrx_word' id='word_1_547' title='bbox 133 1963 206 1991; x_wconf 85' lang='lat' dir='ltr'><strong>velut</strong></span> <span class='ocrx_word' id='word_1_548' title='bbox 225 1965 300 1992; x_wconf 82' lang='lat' dir='ltr'><strong>radix</strong></span> <span class='ocrx_word' id='word_1_549' title='bbox 320 1967 443 1999; x_wconf 63' lang='lat' dir='ltr'><strong>quaedam</strong></span> <span class='ocrx_word' id='word_1_550' title='bbox 466 1968 491 1995; x_wconf 91' lang='lat' dir='ltr'><strong>in</strong></span> <span class='ocrx_word' id='word_1_551' title='bbox 509 1969 747 2007; x_wconf 57' lang='lat' dir='ltr'><strong>profuttdqcordis</strong></span> <span class='ocrx_word' id='word_1_552' title='bbox 763 1974 862 2008; x_wconf 85' lang='lat' dir='ltr'><strong>posita,</strong></span> 
     </span>
    </p>
   </div>
   <div class='ocr_carea' id='block_1_71' title="bbox 67 2010 865 2055">
    <p class='ocr_par' dir='ltr' id='par_1_71' title="bbox 67 2010 865 2055">
     <span class='ocr_line' id='line_1_71' title="bbox 67 2010 865 2055; baseline 0.015 -20"><span class='ocrx_word' id='word_1_553' title='bbox 67 2010 209 2045; x_wconf 71' lang='lat' dir='ltr'><strong>germinat</strong></span> <span class='ocrx_word' id='word_1_554' title='bbox 223 2012 303 2038; x_wconf 87' lang='lat' dir='ltr'><strong>verba</strong></span> <span class='ocrx_word' id='word_1_555' title='bbox 316 2011 440 2045; x_wconf 76' lang='lat' dir='ltr'><strong>justitite,</strong></span> <span class='ocrx_word' id='word_1_556' title='bbox 459 2016 541 2042; x_wconf 85' lang='lat' dir='ltr'><strong>verba</strong></span> <span class='ocrx_word' id='word_1_557' title='bbox 552 2017 717 2050; x_wconf 82' lang='lat' dir='ltr'><strong>sanctitatis,</strong></span> <span class='ocrx_word' id='word_1_558' title='bbox 733 2027 792 2054; x_wconf 71' lang='lat' dir='ltr'><strong>quae</strong></span> <span class='ocrx_word' id='word_1_559' title='bbox 805 2028 865 2055; x_wconf 91' lang='lat' dir='ltr'><strong>pro-</strong></span> 
     </span>
    </p>
   </div>
   <div class='ocr_carea' id='block_1_72' title="bbox 67 2056 864 2098">
    <p class='ocr_par' dir='ltr' id='par_1_72' title="bbox 67 2056 864 2098">
     <span class='ocr_line' id='line_1_72' title="bbox 67 2056 864 2098; baseline 0.014 -16"><span class='ocrx_word' id='word_1_560' title='bbox 67 2056 125 2083; x_wconf 88' lang='lat' dir='ltr'><strong>lert</strong></span> <span class='ocrx_word' id='word_1_561' title='bbox 139 2056 230 2090; x_wconf 86' lang='lat' dir='ltr'><strong>justus</strong></span> <span class='ocrx_word' id='word_1_562' title='bbox 247 2058 280 2085; x_wconf 88' lang='lat' dir='ltr'><strong>de</strong></span> <span class='ocrx_word' id='word_1_563' title='bbox 295 2060 376 2086; x_wconf 89' lang='lat' dir='ltr'><strong>corde</strong></span> <span class='ocrx_word' id='word_1_564' title='bbox 390 2067 449 2092; x_wconf 87' lang='lat' dir='ltr'><strong>suo,</strong></span> <span class='ocrx_word' id='word_1_565' title='bbox 465 2065 493 2089; x_wconf 91' lang='lat' dir='ltr'><strong>et</strong></span> <span class='ocrx_word' id='word_1_566' title='bbox 508 2069 561 2089; x_wconf 91' lang='lat' dir='ltr'><strong>non</strong></span> <span class='ocrx_word' id='word_1_567' title='bbox 577 2062 662 2090; x_wconf 89' lang='lat' dir='ltr'><strong>solutn</strong></span> <span class='ocrx_word' id='word_1_568' title='bbox 681 2066 802 2098; x_wconf 91' lang='lat' dir='ltr'><strong>verbum,</strong></span> <span class='ocrx_word' id='word_1_569' title='bbox 818 2073 864 2093; x_wconf 87' lang='lat' dir='ltr'><strong>ve-</strong></span> 
     </span>
    </p>
   </div>
   <div class='ocr_carea' id='block_1_73' title="bbox 66 2105 863 2143">
    <p class='ocr_par' dir='ltr' id='par_1_73' title="bbox 66 2105 863 2143">
     <span class='ocr_line' id='line_1_73' title="bbox 66 2105 863 2143; baseline 0.014 -15"><span class='ocrx_word' id='word_1_570' title='bbox 66 2110 132 2129; x_wconf 90' lang='lat' dir='ltr'><strong>rum</strong></span> <span class='ocrx_word' id='word_1_571' title='bbox 147 2107 174 2129; x_wconf 91' lang='lat' dir='ltr'><strong>et</strong></span> <span class='ocrx_word' id='word_1_572' title='bbox 191 2109 267 2131; x_wconf 87' lang='lat' dir='ltr'><strong>actus</strong></span> <span class='ocrx_word' id='word_1_573' title='bbox 280 2105 362 2131; x_wconf 88' lang='lat' dir='ltr'><strong>etiam</strong></span> <span class='ocrx_word' id='word_1_574' title='bbox 377 2111 404 2132; x_wconf 90' lang='lat' dir='ltr'><strong>et</strong></span> <span class='ocrx_word' id='word_1_575' title='bbox 419 2111 507 2141; x_wconf 84' lang='lat' dir='ltr'><strong>gesta.</strong></span> <span class='ocrx_word' id='word_1_576' title='bbox 519 2107 603 2136; x_wconf 75' lang='lat' dir='ltr'><strong>Judtci</strong></span> <span class='ocrx_word' id='word_1_577' title='bbox 622 2116 690 2143; x_wconf 86' lang='lat' dir='ltr'><strong>pene</strong></span> <span class='ocrx_word' id='word_1_578' title='bbox 707 2111 863 2139; x_wconf 89' lang='lat' dir='ltr'><strong>indesinen-</strong></span> 
     </span>
    </p>
   </div>
   <div class='ocr_carea' id='block_1_74' title="bbox 66 2148 861 2190">
    <p class='ocr_par' dir='ltr' id='par_1_74' title="bbox 66 2148 861 2190">
     <span class='ocr_line' id='line_1_74' title="bbox 66 2148 861 2190; baseline 0.015 -16"><span class='ocrx_word' id='word_1_579' title='bbox 66 2153 113 2176; x_wconf 84' lang='lat' dir='ltr'><strong>ter</strong></span> <span class='ocrx_word' id='word_1_580' title='bbox 128 2148 214 2183; x_wconf 81' lang='lat' dir='ltr'><strong>legem</strong></span> <span class='ocrx_word' id='word_1_581' title='bbox 230 2149 277 2177; x_wconf 88' lang='lat' dir='ltr'><strong>Dei</strong></span> <span class='ocrx_word' id='word_1_582' title='bbox 292 2157 340 2177; x_wconf 92' lang='lat' dir='ltr'><strong>ore</strong></span> <span class='ocrx_word' id='word_1_583' title='bbox 356 2159 405 2179; x_wconf 87' lang='lat' dir='ltr'><strong>suo</strong></span> <span class='ocrx_word' id='word_1_584' title='bbox 420 2157 447 2180; x_wconf 93' lang='lat' dir='ltr'><strong>et</strong></span> <span class='ocrx_word' id='word_1_585' title='bbox 461 2153 539 2181; x_wconf 88' lang='lat' dir='ltr'><strong>labiis</strong></span> <span class='ocrx_word' id='word_1_586' title='bbox 555 2155 730 2190; x_wconf 86' lang='lat' dir='ltr'><strong>meditantur,</strong></span> <span class='ocrx_word' id='word_1_587' title='bbox 748 2159 794 2184; x_wconf 86' lang='lat' dir='ltr'><strong>sed</strong></span> <span class='ocrx_word' id='word_1_588' title='bbox 808 2166 861 2186; x_wconf 91' lang='lat' dir='ltr'><strong>non</strong></span> 
     </span>
    </p>
   </div>
   <div class='ocr_carea' id='block_1_75' title="bbox 917 1555 1708 1592">
    <p class='ocr_par' dir='ltr' id='par_1_75' title="bbox 917 1555 1708 1592">
     <span class='ocr_line' id='line_1_75' title="bbox 917 1555 1708 1592; baseline -0.003 -8"><span class='ocrx_word' id='word_1_589' title='bbox 917 1564 978 1585; x_wconf 93' lang='lat' dir='ltr'><strong>cum</strong></span> <span class='ocrx_word' id='word_1_590' title='bbox 991 1556 1075 1592; x_wconf 83' lang='lat' dir='ltr'><strong>justo.</strong></span> <span class='ocrx_word' id='word_1_591' title='bbox 1090 1555 1256 1591; x_wconf 87' lang='lat' dir='ltr'><strong>Frequenter</strong></span> <span class='ocrx_word' id='word_1_592' title='bbox 1271 1555 1343 1583; x_wconf 87' lang='lat' dir='ltr'><strong>cuitu</strong></span> <span class='ocrx_word' id='word_1_593' title='bbox 1356 1555 1446 1582; x_wconf 89' lang='lat' dir='ltr'><strong>divina</strong></span> <span class='ocrx_word' id='word_1_594' title='bbox 1470 1555 1611 1590; x_wconf 87' lang='lat' dir='ltr'><strong>Scriptura</strong></span> <span class='ocrx_word' id='word_1_595' title='bbox 1627 1555 1708 1582; x_wconf 88' lang='lat' dir='ltr'><strong>docet</strong></span> 
     </span>
    </p>
   </div>
   <div class='ocr_carea' id='block_1_76' title="bbox 917 1601 1705 1636">
    <p class='ocr_par' dir='ltr' id='par_1_76' title="bbox 917 1601 1705 1636">
     <span class='ocr_line' id='line_1_76' title="bbox 917 1601 1705 1636; baseline -0.004 -6"><span class='ocrx_word' id='word_1_596' title='bbox 917 1604 974 1630; x_wconf 65' lang='lat' dir='ltr'><strong>haec</strong></span> <span class='ocrx_word' id='word_1_597' title='bbox 997 1603 1066 1635; x_wconf 83' lang='lat' dir='ltr'><strong>ﬁeri,</strong></span> <span class='ocrx_word' id='word_1_598' title='bbox 1082 1603 1174 1630; x_wconf 85' lang='lat' dir='ltr'><strong>dicens</strong></span> <span class='ocrx_word' id='word_1_599' title='bbox 1185 1602 1208 1618; x_wconf 83' lang='lat'><strong>&quot;</strong></span> <span class='ocrx_word' id='word_1_600' title='bbox 1225 1601 1286 1636; x_wconf 88' lang='lat' dir='ltr'><strong>quia</strong></span> <span class='ocrx_word' id='word_1_601' title='bbox 1311 1602 1364 1636; x_wconf 79' lang='lat' dir='ltr'><strong>ipse</strong></span> <span class='ocrx_word' id='word_1_602' title='bbox 1382 1601 1508 1628; x_wconf 74' lang='lat' dir='ltr'><strong>Dominus</strong></span> <span class='ocrx_word' id='word_1_603' title='bbox 1530 1601 1556 1628; x_wconf 85' lang='lat' dir='ltr'><strong>in</strong></span> <span class='ocrx_word' id='word_1_604' title='bbox 1571 1601 1705 1635; x_wconf 80' lang='lat' dir='ltr'><strong>judicium</strong></span> 
     </span>
    </p>
   </div>
   <div class='ocr_carea' id='block_1_77' title="bbox 916 1646 1705 1681">
    <p class='ocr_par' dir='ltr' id='par_1_77' title="bbox 916 1646 1705 1681">
     <span class='ocr_line' id='line_1_77' title="bbox 916 1646 1705 1681; baseline 0.001 -7"><span class='ocrx_word' id='word_1_605' title='bbox 916 1647 1009 1674; x_wconf 77' lang='lat' dir='ltr'><strong>veniet.</strong></span> <span class='ocrx_word' id='word_1_606' title='bbox 1028 1647 1096 1674; x_wconf 80' lang='lat' dir='ltr'><strong>Cum</strong></span> <span class='ocrx_word' id='word_1_607' title='bbox 1116 1654 1181 1681; x_wconf 82' lang='lat' dir='ltr'><strong>ergo</strong></span> <span class='ocrx_word' id='word_1_608' title='bbox 1200 1646 1366 1681; x_wconf 75' lang='lat' dir='ltr'><strong>iudicabitur</strong></span> <span class='ocrx_word' id='word_1_609' title='bbox 1385 1647 1474 1681; x_wconf 88' lang='lat' dir='ltr'><strong>justus</strong></span> <span class='ocrx_word' id='word_1_610' title='bbox 1495 1654 1556 1674; x_wconf 92' lang='lat' dir='ltr'><strong>cutn</strong></span> <span class='ocrx_word' id='word_1_611' title='bbox 1578 1646 1705 1678; x_wconf 85' lang='lat' dir='ltr'><strong>Domino.</strong></span> 
     </span>
    </p>
   </div>
   <div class='ocr_carea' id='block_1_78' title="bbox 916 1693 1705 1727">
    <p class='ocr_par' dir='ltr' id='par_1_78' title="bbox 916 1693 1705 1727">
     <span class='ocr_line' id='line_1_78' title="bbox 916 1693 1705 1727; baseline 0.001 -6"><span class='ocrx_word' id='word_1_612' title='bbox 916 1701 968 1721; x_wconf 92' lang='lat' dir='ltr'><strong>non</strong></span> <span class='ocrx_word' id='word_1_613' title='bbox 992 1694 1228 1727; x_wconf 80' lang='lat' dir='ltr'><strong>condemnabitttr,</strong></span> <span class='ocrx_word' id='word_1_614' title='bbox 1241 1700 1268 1721; x_wconf 87' lang='lat' dir='ltr'><strong>et</strong></span> <span class='ocrx_word' id='word_1_615' title='bbox 1290 1694 1349 1721; x_wconf 90' lang='lat' dir='ltr'><strong>ideo</strong></span> <span class='ocrx_word' id='word_1_616' title='bbox 1366 1694 1431 1721; x_wconf 89' lang='lat' dir='ltr'><strong>dicit</strong></span> <span class='ocrx_word' id='word_1_617' title='bbox 1443 1694 1466 1709; x_wconf 82' lang='lat'><strong>&quot;</strong></span> <span class='ocrx_word' id='word_1_618' title='bbox 1481 1702 1486 1719; x_wconf 90' lang='lat'><strong>:</strong></span> <span class='ocrx_word' id='word_1_619' title='bbox 1506 1693 1637 1727; x_wconf 72' lang='lat' dir='ltr'><strong>Exspecta</strong></span> <span class='ocrx_word' id='word_1_620' title='bbox 1651 1693 1705 1722; x_wconf 87' lang='lat' dir='ltr'><strong>Do-</strong></span> 
     </span>
    </p>
   </div>
   <div class='ocr_carea' id='block_1_79' title="bbox 915 1739 1705 1775">
    <p class='ocr_par' dir='ltr' id='par_1_79' title="bbox 915 1739 1705 1775">
     <span class='ocr_line' id='line_1_79' title="bbox 915 1739 1705 1775; baseline 0.004 -10"><span class='ocrx_word' id='word_1_621' title='bbox 915 1739 1035 1771; x_wconf 85' lang='lat' dir='ltr'><strong>minum;</strong></span> <span class='ocrx_word' id='word_1_622' title='bbox 1059 1739 1085 1767; x_wconf 92' lang='lat' dir='ltr'><strong>id</strong></span> <span class='ocrx_word' id='word_1_623' title='bbox 1099 1744 1142 1766; x_wconf 90' lang='lat' dir='ltr'><strong>est</strong></span> <span class='ocrx_word' id='word_1_624' title='bbox 1165 1739 1188 1766; x_wconf 89' lang='lat' dir='ltr'><strong>si</strong></span> <span class='ocrx_word' id='word_1_625' title='bbox 1207 1739 1357 1772; x_wconf 88' lang='lat' dir='ltr'><strong>tribularis,</strong></span> <span class='ocrx_word' id='word_1_626' title='bbox 1372 1739 1395 1767; x_wconf 89' lang='lat' dir='ltr'><strong>si</strong></span> <span class='ocrx_word' id='word_1_627' title='bbox 1421 1740 1447 1766; x_wconf 91' lang='lat' dir='ltr'><strong>in</strong></span> <span class='ocrx_word' id='word_1_628' title='bbox 1470 1741 1601 1775; x_wconf 86' lang='lat' dir='ltr'><strong>angustiis</strong></span> <span class='ocrx_word' id='word_1_629' title='bbox 1619 1747 1659 1773; x_wconf 86' lang='lat' dir='ltr'><strong>es,</strong></span> <span class='ocrx_word' id='word_1_630' title='bbox 1682 1741 1705 1768; x_wconf 87' lang='lat' dir='ltr'><strong>si</strong></span> 
     </span>
    </p>
   </div>
   <div class='ocr_carea' id='block_1_80' title="bbox 917 1784 1704 1819">
    <p class='ocr_par' dir='ltr' id='par_1_80' title="bbox 917 1784 1704 1819">
     <span class='ocr_line' id='line_1_80' title="bbox 917 1784 1704 1819; baseline 0.003 -7"><span class='ocrx_word' id='word_1_631' title='bbox 917 1785 943 1812; x_wconf 88' lang='lat' dir='ltr'><strong>in</strong></span> <span class='ocrx_word' id='word_1_632' title='bbox 969 1784 1212 1819; x_wconf 83' lang='lat' dir='ltr'><strong>persecutionibus,</strong></span> <span class='ocrx_word' id='word_1_633' title='bbox 1229 1789 1350 1819; x_wconf 72' lang='lat' dir='ltr'><strong>exspecta</strong></span> <span class='ocrx_word' id='word_1_634' title='bbox 1373 1784 1525 1816; x_wconf 75' lang='lat' dir='ltr'><strong>Demittunt,</strong></span> <span class='ocrx_word' id='word_1_635' title='bbox 1551 1790 1582 1813; x_wconf 23' lang='lat' dir='ltr'><strong>et,</strong></span> <span class='ocrx_word' id='word_1_636' title='bbox 1601 1786 1704 1814; x_wconf 73' lang='lat' dir='ltr'><strong>custodi</strong></span> 
     </span>
    </p>
   </div>
   <div class='ocr_carea' id='block_1_81' title="bbox 916 1831 1705 1866">
    <p class='ocr_par' dir='ltr' id='par_1_81' title="bbox 916 1831 1705 1866">
     <span class='ocr_line' id='line_1_81' title="bbox 916 1831 1705 1866; baseline 0.001 -8"><span class='ocrx_word' id='word_1_637' title='bbox 916 1831 982 1858; x_wconf 78' lang='lat' dir='ltr'><strong>cium</strong></span> <span class='ocrx_word' id='word_1_638' title='bbox 996 1831 1063 1866; x_wconf 75' lang='lat' dir='ltr'><strong>ejus,</strong></span> <span class='ocrx_word' id='word_1_639' title='bbox 1078 1838 1128 1858; x_wconf 89' lang='lat' dir='ltr'><strong>nec</strong></span> <span class='ocrx_word' id='word_1_640' title='bbox 1149 1831 1268 1858; x_wconf 85' lang='lat' dir='ltr'><strong>declines</strong></span> <span class='ocrx_word' id='word_1_641' title='bbox 1289 1832 1322 1858; x_wconf 91' lang='lat' dir='ltr'><strong>ad</strong></span> <span class='ocrx_word' id='word_1_642' title='bbox 1347 1832 1487 1859; x_wconf 74' lang='lat' dir='ltr'><strong>dexteram</strong></span> <span class='ocrx_word' id='word_1_643' title='bbox 1507 1839 1594 1866; x_wconf 87' lang='lat' dir='ltr'><strong>neque</strong></span> <span class='ocrx_word' id='word_1_644' title='bbox 1613 1833 1647 1859; x_wconf 86' lang='lat' dir='ltr'><strong>ad</strong></span> <span class='ocrx_word' id='word_1_645' title='bbox 1666 1833 1705 1859; x_wconf 82' lang='lat' dir='ltr'><strong>si-</strong></span> 
     </span>
    </p>
   </div>
   <div class='ocr_carea' id='block_1_82' title="bbox 915 1877 1704 1912">
    <p class='ocr_par' dir='ltr' id='par_1_82' title="bbox 915 1877 1704 1912">
     <span class='ocr_line' id='line_1_82' title="bbox 915 1877 1704 1912; baseline 0.001 -8"><span class='ocrx_word' id='word_1_646' title='bbox 915 1877 1039 1904; x_wconf 82' lang='lat' dir='ltr'><strong>nistram.</strong></span> <span class='ocrx_word' id='word_1_647' title='bbox 1054 1877 1082 1905; x_wconf 91' lang='lat' dir='ltr'><strong>Si</strong></span> <span class='ocrx_word' id='word_1_648' title='bbox 1098 1878 1171 1905; x_wconf 90' lang='lat' dir='ltr'><strong>enim</strong></span> <span class='ocrx_word' id='word_1_649' title='bbox 1188 1877 1413 1905; x_wconf 80' lang='lat' dir='ltr'><strong>indeeliuabiliter</strong></span> <span class='ocrx_word' id='word_1_650' title='bbox 1435 1878 1636 1912; x_wconf 71' lang='lat' dir='ltr'><strong>exspectaret-is</strong></span> <span class='ocrx_word' id='word_1_651' title='bbox 1652 1879 1704 1905; x_wconf 89' lang='lat' dir='ltr'><strong>Do-</strong></span> 
     </span>
    </p>
   </div>
   <div class='ocr_carea' id='block_1_83' title="bbox 915 1921 1706 1957">
    <p class='ocr_par' dir='ltr' id='par_1_83' title="bbox 915 1921 1706 1957">
     <span class='ocr_line' id='line_1_83' title="bbox 915 1921 1706 1957; baseline 0.003 -9"><span class='ocrx_word' id='word_1_652' title='bbox 915 1921 1030 1955; x_wconf 87' lang='lat' dir='ltr'><strong>tniuunt,</strong></span> <span class='ocrx_word' id='word_1_653' title='bbox 1047 1922 1206 1956; x_wconf 88' lang='lat' dir='ltr'><strong>adipisceris</strong></span> <span class='ocrx_word' id='word_1_654' title='bbox 1224 1922 1289 1949; x_wconf 88' lang='lat' dir='ltr'><strong>illttd</strong></span> <span class='ocrx_word' id='word_1_655' title='bbox 1306 1923 1378 1957; x_wconf 83' lang='lat' dir='ltr'><strong>quod</strong></span> <span class='ocrx_word' id='word_1_656' title='bbox 1393 1923 1535 1957; x_wconf 80' lang='lat' dir='ltr'><strong>sequitur:</strong></span> <span class='ocrx_word' id='word_1_657' title='bbox 1553 1923 1585 1950; x_wconf 79' lang='lat' dir='ltr'><strong>Et</strong></span> <span class='ocrx_word' id='word_1_658' title='bbox 1604 1924 1706 1950; x_wconf 74' lang='lat' dir='ltr'><strong>exaltu-</strong></span> 
     </span>
    </p>
   </div>
   <div class='ocr_carea' id='block_1_84' title="bbox 915 1967 1705 2004">
    <p class='ocr_par' dir='ltr' id='par_1_84' title="bbox 915 1967 1705 2004">
     <span class='ocr_line' id='line_1_84' title="bbox 915 1967 1705 2004; baseline 0.003 -11"><span class='ocrx_word' id='word_1_659' title='bbox 915 1967 949 1993; x_wconf 86' lang='lat' dir='ltr'><strong>bit</strong></span> <span class='ocrx_word' id='word_1_660' title='bbox 961 1972 995 2001; x_wconf 89' lang='lat' dir='ltr'><strong>te,</strong></span> <span class='ocrx_word' id='word_1_661' title='bbox 1011 1968 1097 2002; x_wconf 82' lang='lat' dir='ltr'><strong>inquit</strong></span> <span class='ocrx_word' id='word_1_662' title='bbox 1107 1967 1140 2001; x_wconf 82' lang='lat'><strong>&quot;,</strong></span> <span class='ocrx_word' id='word_1_663' title='bbox 1150 1973 1177 1994; x_wconf 84' lang='lat' dir='ltr'><strong>ut</strong></span> <span class='ocrx_word' id='word_1_664' title='bbox 1187 1969 1326 1995; x_wconf 75' lang='lat' dir='ltr'><strong>Itazredites</strong></span> <span class='ocrx_word' id='word_1_665' title='bbox 1337 1973 1444 1996; x_wconf 81' lang='lat' dir='ltr'><strong>terram.</strong></span> <span class='ocrx_word' id='word_1_666' title='bbox 1459 1968 1625 2004; x_wconf 80' lang='lat' dir='ltr'><strong>Erequeuter</strong></span> <span class='ocrx_word' id='word_1_667' title='bbox 1635 1969 1705 1996; x_wconf 71' lang='lat' dir='ltr'><strong>dixi-</strong></span> 
     </span>
    </p>
   </div>
   <div class='ocr_carea' id='block_1_85' title="bbox 914 2015 1704 2050">
    <p class='ocr_par' dir='ltr' id='par_1_85' title="bbox 914 2015 1704 2050">
     <span class='ocr_line' id='line_1_85' title="bbox 914 2015 1704 2050; baseline 0.003 -10"><span class='ocrx_word' id='word_1_668' title='bbox 914 2021 975 2041; x_wconf 87' lang='lat' dir='ltr'><strong>ntus</strong></span> <span class='ocrx_word' id='word_1_669' title='bbox 990 2015 1024 2042; x_wconf 89' lang='lat' dir='ltr'><strong>de</strong></span> <span class='ocrx_word' id='word_1_670' title='bbox 1047 2019 1118 2041; x_wconf 91' lang='lat' dir='ltr'><strong>terra</strong></span> <span class='ocrx_word' id='word_1_671' title='bbox 1139 2020 1243 2048; x_wconf 86' lang='lat' dir='ltr'><strong>sancta,</strong></span> <span class='ocrx_word' id='word_1_672' title='bbox 1260 2020 1287 2042; x_wconf 87' lang='lat' dir='ltr'><strong>ct</strong></span> <span class='ocrx_word' id='word_1_673' title='bbox 1309 2016 1343 2042; x_wconf 88' lang='lat' dir='ltr'><strong>de</strong></span> <span class='ocrx_word' id='word_1_674' title='bbox 1367 2020 1439 2044; x_wconf 79' lang='lat' dir='ltr'><strong>terra</strong></span> <span class='ocrx_word' id='word_1_675' title='bbox 1462 2023 1522 2050; x_wconf 78' lang='lat' dir='ltr'><strong>qua:</strong></span> <span class='ocrx_word' id='word_1_676' title='bbox 1543 2016 1569 2042; x_wconf 89' lang='lat' dir='ltr'><strong>itt</strong></span> <span class='ocrx_word' id='word_1_677' title='bbox 1589 2016 1704 2042; x_wconf 71' lang='lat' dir='ltr'><strong>Incredi-</strong></span> 
     </span>
    </p>
   </div>
   <div class='ocr_carea' id='block_1_86' title="bbox 916 2061 1705 2096">
    <p class='ocr_par' dir='ltr' id='par_1_86' title="bbox 916 2061 1705 2096">
     <span class='ocr_line' id='line_1_86' title="bbox 916 2061 1705 2096; baseline 0.005 -10"><span class='ocrx_word' id='word_1_678' title='bbox 916 2064 998 2087; x_wconf 89' lang='lat' dir='ltr'><strong>tatem</strong></span> <span class='ocrx_word' id='word_1_679' title='bbox 1025 2061 1236 2095; x_wconf 88' lang='lat' dir='ltr'><strong>promissionum</strong></span> <span class='ocrx_word' id='word_1_680' title='bbox 1263 2061 1414 2089; x_wconf 72' lang='lat' dir='ltr'><strong>cwlcstiuut</strong></span> <span class='ocrx_word' id='word_1_681' title='bbox 1436 2063 1602 2095; x_wconf 86' lang='lat' dir='ltr'><strong>nominatur,</strong></span> <span class='ocrx_word' id='word_1_682' title='bbox 1628 2062 1705 2096; x_wconf 82' lang='lat' dir='ltr'><strong>cujus</strong></span> 
     </span>
    </p>
   </div>
   <div class='ocr_carea' id='block_1_87' title="bbox 915 2107 1704 2143">
    <p class='ocr_par' dir='ltr' id='par_1_87' title="bbox 915 2107 1704 2143">
     <span class='ocr_line' id='line_1_87' title="bbox 915 2107 1704 2143; baseline 0.006 -11"><span class='ocrx_word' id='word_1_683' title='bbox 915 2111 1017 2133; x_wconf 65' lang='lat' dir='ltr'><strong>naturis</strong></span> <span class='ocrx_word' id='word_1_684' title='bbox 1029 2107 1110 2133; x_wconf 85' lang='lat' dir='ltr'><strong>etiam</strong></span> <span class='ocrx_word' id='word_1_685' title='bbox 1125 2108 1193 2135; x_wconf 84' lang='lat' dir='ltr'><strong>situs</strong></span> <span class='ocrx_word' id='word_1_686' title='bbox 1205 2108 1286 2143; x_wconf 86' lang='lat' dir='ltr'><strong>paulo</strong></span> <span class='ocrx_word' id='word_1_687' title='bbox 1301 2108 1454 2137; x_wconf 89' lang='lat' dir='ltr'><strong>evidentius</strong></span> <span class='ocrx_word' id='word_1_688' title='bbox 1464 2109 1490 2136; x_wconf 90' lang='lat' dir='ltr'><strong>in</strong></span> <span class='ocrx_word' id='word_1_689' title='bbox 1505 2109 1555 2136; x_wconf 90' lang='lat' dir='ltr'><strong>hoc</strong></span> <span class='ocrx_word' id='word_1_690' title='bbox 1570 2109 1704 2137; x_wconf 80' lang='lat' dir='ltr'><strong>versiculo</strong></span> 
     </span>
    </p>
   </div>
   <div class='ocr_carea' id='block_1_88' title="bbox 914 2152 1704 2189">
    <p class='ocr_par' dir='ltr' id='par_1_88' title="bbox 914 2152 1704 2189">
     <span class='ocr_line' id='line_1_88' title="bbox 914 2152 1704 2189; baseline 0.005 -10"><span class='ocrx_word' id='word_1_691' title='bbox 914 2152 1079 2187; x_wconf 85' lang='lat' dir='ltr'><strong>designatur.</strong></span> <span class='ocrx_word' id='word_1_692' title='bbox 1107 2153 1176 2180; x_wconf 79' lang='lat' dir='ltr'><strong>Nam</strong></span> <span class='ocrx_word' id='word_1_693' title='bbox 1198 2154 1251 2181; x_wconf 85' lang='lat' dir='ltr'><strong>ista</strong></span> <span class='ocrx_word' id='word_1_694' title='bbox 1275 2159 1348 2182; x_wconf 88' lang='lat' dir='ltr'><strong>terra</strong></span> <span class='ocrx_word' id='word_1_695' title='bbox 1371 2155 1397 2182; x_wconf 91' lang='lat' dir='ltr'><strong>iu</strong></span> <span class='ocrx_word' id='word_1_696' title='bbox 1423 2162 1475 2189; x_wconf 88' lang='lat' dir='ltr'><strong>qua</strong></span> <span class='ocrx_word' id='word_1_697' title='bbox 1500 2163 1572 2182; x_wconf 88' lang='lat' dir='ltr'><strong>nuttc</strong></span> <span class='ocrx_word' id='word_1_698' title='bbox 1587 2155 1704 2184; x_wconf 77' lang='lat' dir='ltr'><strong>vivimus</strong></span> 
     </span>
    </p>
   </div>
   <div class='ocr_carea' id='block_1_89' title="bbox 64 2193 1704 2237">
    <p class='ocr_par' dir='ltr' id='par_1_89' title="bbox 64 2193 1704 2237">
     <span class='ocr_line' id='line_1_89' title="bbox 64 2193 1704 2237; baseline 0.005 -16"><span class='ocrx_word' id='word_1_699' title='bbox 64 2194 173 2221; x_wconf 71' lang='lat' dir='ltr'><strong>habent</strong></span> <span class='ocrx_word' id='word_1_700' title='bbox 189 2201 248 2221; x_wconf 88' lang='lat' dir='ltr'><strong>eam</strong></span> <span class='ocrx_word' id='word_1_701' title='bbox 264 2195 290 2222; x_wconf 93' lang='lat' dir='ltr'><strong>in</strong></span> <span class='ocrx_word' id='word_1_702' title='bbox 304 2197 439 2230; x_wconf 81' lang='lat' dir='ltr'><strong>profundo</strong></span> <span class='ocrx_word' id='word_1_703' title='bbox 454 2199 544 2226; x_wconf 90' lang='lat' dir='ltr'><strong>cordis</strong></span> <span class='ocrx_word' id='word_1_704' title='bbox 557 2199 684 2233; x_wconf 78' lang='lat' dir='ltr'><strong>deﬁxam,</strong></span> <span class='ocrx_word' id='word_1_705' title='bbox 698 2206 725 2227; x_wconf 88' lang='lat' dir='ltr'><strong>et</strong></span> <span class='ocrx_word' id='word_1_706' title='bbox 737 2209 860 2237; x_wconf 74' lang='lat' dir='ltr'><strong>propter-</strong></span> <span class='ocrx_word' id='word_1_707' title='bbox 878 2193 900 2220; x_wconf 82' lang='grc' dir='ltr'><strong>Ῑ)</strong></span> <span class='ocrx_word' id='word_1_708' title='bbox 914 2198 1043 2226; x_wconf 87' lang='lat' dir='ltr'><strong>deorsum</strong></span> <span class='ocrx_word' id='word_1_709' title='bbox 1065 2207 1125 2227; x_wconf 86' lang='lat' dir='ltr'><strong>esse</strong></span> <span class='ocrx_word' id='word_1_710' title='bbox 1148 2199 1257 2233; x_wconf 85' lang='lat' dir='ltr'><strong>dicitur,</strong></span> <span class='ocrx_word' id='word_1_711' title='bbox 1279 2201 1427 2228; x_wconf 84' lang='lat' dir='ltr'><strong>secundum</strong></span> <span class='ocrx_word' id='word_1_712' title='bbox 1454 2201 1519 2229; x_wconf 93' lang='lat' dir='ltr'><strong>illud</strong></span> <span class='ocrx_word' id='word_1_713' title='bbox 1544 2202 1614 2237; x_wconf 88' lang='lat' dir='ltr'><strong>quod</strong></span> <span class='ocrx_word' id='word_1_714' title='bbox 1636 2203 1704 2230; x_wconf 89' lang='lat' dir='ltr'><strong>scri-</strong></span> 
     </span>
    </p>
   </div>
   <div class='ocr_carea' id='block_1_90' title="bbox 64 2239 860 2278">
    <p class='ocr_par' dir='ltr' id='par_1_90' title="bbox 64 2239 860 2278">
     <span class='ocr_line' id='line_1_90' title="bbox 64 2239 860 2278; baseline 0.014 -13"><span class='ocrx_word' id='word_1_715' title='bbox 64 2247 100 2267; x_wconf 85' lang='lat' dir='ltr'><strong>ea</strong></span> <span class='ocrx_word' id='word_1_716' title='bbox 117 2239 218 2267; x_wconf 88' lang='lat' dir='ltr'><strong>dicitur</strong></span> <span class='ocrx_word' id='word_1_717' title='bbox 236 2241 270 2268; x_wconf 89' lang='lat' dir='ltr'><strong>ad</strong></span> <span class='ocrx_word' id='word_1_718' title='bbox 283 2248 331 2270; x_wconf 91' lang='lat' dir='ltr'><strong>eos</strong></span> <span class='ocrx_word' id='word_1_719' title='bbox 344 2242 367 2258; x_wconf 80' lang='grc'>⁵⁰</span> <span class='ocrx_word' id='word_1_720' title='bbox 381 2252 388 2270; x_wconf 84' lang='lat'>:</span> <span class='ocrx_word' id='word_1_721' title='bbox 405 2241 524 2278; x_wconf 71' lang='lat' dir='ltr'><strong>Populus</strong></span> <span class='ocrx_word' id='word_1_722' title='bbox 546 2245 587 2272; x_wconf 85' lang='lat' dir='ltr'><strong>hic</strong></span> <span class='ocrx_word' id='word_1_723' title='bbox 609 2245 685 2274; x_wconf 79' lang='lat' dir='ltr'><strong>labiis</strong></span> <span class='ocrx_word' id='word_1_724' title='bbox 709 2256 749 2275; x_wconf 84' lang='lat' dir='ltr'><strong>me</strong></span> <span class='ocrx_word' id='word_1_725' title='bbox 776 2249 860 2276; x_wconf 84' lang='lat' dir='ltr'><strong>Itono-</strong></span> 
     </span>
    </p>
   </div>
   <div class='ocr_carea' id='block_1_91' title="bbox 64 2290 861 2331">
    <p class='ocr_par' dir='ltr' id='par_1_91' title="bbox 64 2290 861 2331">
     <span class='ocr_line' id='line_1_91' title="bbox 64 2290 861 2331; baseline 0.015 -19"><span class='ocrx_word' id='word_1_726' title='bbox 64 2290 132 2319; x_wconf 85' lang='lat' dir='ltr'><strong>rat,</strong></span> <span class='ocrx_word' id='word_1_727' title='bbox 156 2295 201 2313; x_wconf 80' lang='lat' dir='ltr'><strong>cor</strong></span> <span class='ocrx_word' id='word_1_728' title='bbox 221 2293 309 2315; x_wconf 82' lang='lat' dir='ltr'><strong>autem</strong></span> <span class='ocrx_word' id='word_1_729' title='bbox 336 2298 426 2318; x_wconf 85' lang='lat' dir='ltr'><strong>eorum</strong></span> <span class='ocrx_word' id='word_1_730' title='bbox 443 2290 518 2326; x_wconf 84' lang='lat' dir='ltr'><strong>longe</strong></span> <span class='ocrx_word' id='word_1_731' title='bbox 536 2297 574 2319; x_wconf 70' lang='lat' dir='ltr'><strong>est</strong></span> <span class='ocrx_word' id='word_1_732' title='bbox 599 2302 616 2320; x_wconf 88' lang='lat' dir='ltr'><strong><em>a</em></strong></span> <span class='ocrx_word' id='word_1_733' title='bbox 639 2302 689 2321; x_wconf 88' lang='lat' dir='ltr'><strong>me.</strong></span> <span class='ocrx_word' id='word_1_734' title='bbox 717 2294 771 2322; x_wconf 87' lang='lat' dir='ltr'><strong>Nos</strong></span> <span class='ocrx_word' id='word_1_735' title='bbox 796 2303 861 2331; x_wconf 78' lang='lat' dir='ltr'><strong>ergo</strong></span> 
     </span>
    </p>
   </div>
   <div class='ocr_carea' id='block_1_92' title="bbox 63 2332 860 2375">
    <p class='ocr_par' dir='ltr' id='par_1_92' title="bbox 63 2332 860 2375">
     <span class='ocr_line' id='line_1_92' title="bbox 63 2332 860 2375; baseline 0.015 -17"><span class='ocrx_word' id='word_1_736' title='bbox 63 2333 88 2359; x_wconf 88' lang='lat' dir='ltr'><strong>si</strong></span> <span class='ocrx_word' id='word_1_737' title='bbox 106 2332 255 2360; x_wconf 88' lang='lat' dir='ltr'><strong>secundum</strong></span> <span class='ocrx_word' id='word_1_738' title='bbox 275 2335 324 2362; x_wconf 90' lang='lat' dir='ltr'><strong>hoc</strong></span> <span class='ocrx_word' id='word_1_739' title='bbox 337 2336 408 2370; x_wconf 91' lang='lat' dir='ltr'><strong>quod</strong></span> <span class='ocrx_word' id='word_1_740' title='bbox 427 2335 552 2371; x_wconf 78' lang='lat' dir='ltr'><strong>legimus,</strong></span> <span class='ocrx_word' id='word_1_741' title='bbox 570 2345 617 2366; x_wconf 89' lang='lat' dir='ltr'><strong>ore</strong></span> <span class='ocrx_word' id='word_1_742' title='bbox 639 2344 734 2367; x_wconf 89' lang='lat' dir='ltr'><strong>nostro</strong></span> <span class='ocrx_word' id='word_1_743' title='bbox 751 2342 860 2375; x_wconf 82' lang='lat' dir='ltr'><strong>sapien-</strong></span> 
     </span>
    </p>
   </div>
   <div class='ocr_carea' id='block_1_93' title="bbox 65 2378 858 2422">
    <p class='ocr_par' dir='ltr' id='par_1_93' title="bbox 65 2378 858 2422">
     <span class='ocr_line' id='line_1_93' title="bbox 65 2378 858 2422; baseline 0.013 -18"><span class='ocrx_word' id='word_1_744' title='bbox 65 2378 136 2404; x_wconf 86' lang='lat' dir='ltr'><strong>tiam</strong></span> <span class='ocrx_word' id='word_1_745' title='bbox 158 2378 320 2407; x_wconf 84' lang='lat' dir='ltr'><strong>meditemur</strong></span> <span class='ocrx_word' id='word_1_746' title='bbox 342 2385 369 2408; x_wconf 93' lang='lat' dir='ltr'><strong>et</strong></span> <span class='ocrx_word' id='word_1_747' title='bbox 389 2381 479 2417; x_wconf 86' lang='lat' dir='ltr'><strong>lingua</strong></span> <span class='ocrx_word' id='word_1_748' title='bbox 505 2388 597 2411; x_wconf 87' lang='lat' dir='ltr'><strong>nostra</strong></span> <span class='ocrx_word' id='word_1_749' title='bbox 620 2384 765 2420; x_wconf 87' lang='lat' dir='ltr'><strong>loquamur</strong></span> <span class='ocrx_word' id='word_1_750' title='bbox 785 2387 858 2422; x_wconf 86' lang='lat' dir='ltr'><strong>judi-</strong></span> 
     </span>
    </p>
   </div>
   <div class='ocr_carea' id='block_1_94' title="bbox 61 2423 859 2468">
    <p class='ocr_par' dir='ltr' id='par_1_94' title="bbox 61 2423 859 2468">
     <span class='ocr_line' id='line_1_94' title="bbox 61 2423 859 2468; baseline 0.015 -19"><span class='ocrx_word' id='word_1_751' title='bbox 61 2423 153 2457; x_wconf 89' lang='lat' dir='ltr'><strong>cium,</strong></span> <span class='ocrx_word' id='word_1_752' title='bbox 170 2428 197 2451; x_wconf 90' lang='lat' dir='ltr'><strong>et</strong></span> <span class='ocrx_word' id='word_1_753' title='bbox 219 2425 261 2452; x_wconf 91' lang='lat' dir='ltr'><strong>lex</strong></span> <span class='ocrx_word' id='word_1_754' title='bbox 275 2426 322 2453; x_wconf 91' lang='lat' dir='ltr'><strong>Dei</strong></span> <span class='ocrx_word' id='word_1_755' title='bbox 346 2427 381 2454; x_wconf 88' lang='lat' dir='ltr'><strong>sit</strong></span> <span class='ocrx_word' id='word_1_756' title='bbox 407 2428 432 2455; x_wconf 91' lang='lat' dir='ltr'><strong>in</strong></span> <span class='ocrx_word' id='word_1_757' title='bbox 457 2429 583 2456; x_wconf 86' lang='lat' dir='ltr'><strong>cordibus</strong></span> <span class='ocrx_word' id='word_1_758' title='bbox 599 2431 710 2464; x_wconf 81' lang='lat' dir='ltr'><strong>nOstris,</strong></span> <span class='ocrx_word' id='word_1_759' title='bbox 726 2433 859 2468; x_wconf 84' lang='lat' dir='ltr'><strong>adipisce—</strong></span> 
     </span>
    </p>
   </div>
   <div class='ocr_carea' id='block_1_95' title="bbox 62 2471 858 2513">
    <p class='ocr_par' dir='ltr' id='par_1_95' title="bbox 62 2471 858 2513">
     <span class='ocr_line' id='line_1_95' title="bbox 62 2471 858 2513; baseline 0.011 -15"><span class='ocrx_word' id='word_1_760' title='bbox 62 2477 131 2498; x_wconf 91' lang='lat' dir='ltr'><strong>mttr</strong></span> <span class='ocrx_word' id='word_1_761' title='bbox 151 2471 217 2498; x_wconf 88' lang='lat' dir='ltr'><strong>illud</strong></span> <span class='ocrx_word' id='word_1_762' title='bbox 232 2473 302 2507; x_wconf 90' lang='lat' dir='ltr'><strong>quod</strong></span> <span class='ocrx_word' id='word_1_763' title='bbox 317 2474 441 2508; x_wconf 87' lang='lat' dir='ltr'><strong>sequitur</strong></span> <span class='ocrx_word' id='word_1_764' title='bbox 453 2475 475 2491; x_wconf 89' lang='lat'><strong>&quot;</strong></span> <span class='ocrx_word' id='word_1_765' title='bbox 493 2483 501 2503; x_wconf 89' lang='lat'><strong>:</strong></span> <span class='ocrx_word' id='word_1_766' title='bbox 523 2475 558 2502; x_wconf 88' lang='lat' dir='ltr'><strong>Et</strong></span> <span class='ocrx_word' id='word_1_767' title='bbox 576 2484 628 2504; x_wconf 84' lang='lat' dir='ltr'><strong>non</strong></span> <span class='ocrx_word' id='word_1_768' title='bbox 649 2478 858 2513; x_wconf 75' lang='lat' dir='ltr'><strong>supplantabun-</strong></span> 
     </span>
    </p>
   </div>
   <div class='ocr_carea' id='block_1_96' title="bbox 61 2518 860 2563">
    <p class='ocr_par' dir='ltr' id='par_1_96' title="bbox 61 2518 860 2563">
     <span class='ocr_line' id='line_1_96' title="bbox 61 2518 860 2563; baseline 0.014 -19"><span class='ocrx_word' id='word_1_769' title='bbox 61 2523 111 2545; x_wconf 81' lang='lat' dir='ltr'><strong>tur</strong></span> <span class='ocrx_word' id='word_1_770' title='bbox 125 2526 231 2553; x_wconf 70' lang='lat' dir='ltr'><strong>gressus</strong></span> <span class='ocrx_word' id='word_1_771' title='bbox 255 2518 322 2553; x_wconf 67' lang='lat' dir='ltr'><strong>ejus.</strong></span> <span class='ocrx_word' id='word_1_772' title='bbox 346 2519 414 2548; x_wconf 88' lang='lat' dir='ltr'><strong>Puto</strong></span> <span class='ocrx_word' id='word_1_773' title='bbox 442 2529 491 2549; x_wconf 90' lang='lat' dir='ltr'><strong>nos</strong></span> <span class='ocrx_word' id='word_1_774' title='bbox 513 2524 671 2552; x_wconf 80' lang='lat' dir='ltr'><strong>meminisse</strong></span> <span class='ocrx_word' id='word_1_775' title='bbox 688 2532 781 2553; x_wconf 79' lang='lat' dir='ltr'><strong>eorum</strong></span> <span class='ocrx_word' id='word_1_776' title='bbox 800 2535 860 2563; x_wconf 73' lang='lat' dir='ltr'><strong>qua:</strong></span> 
     </span>
    </p>
   </div>
   <div class='ocr_carea' id='block_1_97' title="bbox 56 2564 857 2606">
    <p class='ocr_par' dir='ltr' id='par_1_97' title="bbox 56 2564 857 2606">
     <span class='ocr_line' id='line_1_97' title="bbox 56 2564 857 2606; baseline 0.015 -16"><span class='ocrx_word' id='word_1_777' title='bbox 56 2564 168 2591; x_wconf 83' lang='lat' dir='ltr'><strong>dudum</strong></span> <span class='ocrx_word' id='word_1_778' title='bbox 185 2565 218 2592; x_wconf 90' lang='lat' dir='ltr'><strong>de</strong></span> <span class='ocrx_word' id='word_1_779' title='bbox 232 2566 371 2600; x_wconf 84' lang='lat' dir='ltr'><strong>gressibus</strong></span> <span class='ocrx_word' id='word_1_780' title='bbox 386 2568 591 2602; x_wconf 85' lang='lat' dir='ltr'><strong>disputavimus,</strong></span> <span class='ocrx_word' id='word_1_781' title='bbox 613 2576 638 2597; x_wconf 89' lang='lat' dir='ltr'><strong>et</strong></span> <span class='ocrx_word' id='word_1_782' title='bbox 659 2578 726 2606; x_wconf 89' lang='lat' dir='ltr'><strong>opus</strong></span> <span class='ocrx_word' id='word_1_783' title='bbox 749 2578 791 2600; x_wconf 87' lang='lat' dir='ltr'><strong>est</strong></span> <span class='ocrx_word' id='word_1_784' title='bbox 809 2582 857 2602; x_wconf 91' lang='lat' dir='ltr'><strong>nos</strong></span> 
     </span>
    </p>
   </div>
   <div class='ocr_carea' id='block_1_98' title="bbox 58 2611 858 2649">
    <p class='ocr_par' dir='ltr' id='par_1_98' title="bbox 58 2611 858 2649">
     <span class='ocr_line' id='line_1_98' title="bbox 58 2611 858 2649; baseline 0.014 -13"><span class='ocrx_word' id='word_1_785' title='bbox 58 2611 90 2637; x_wconf 89' lang='lat' dir='ltr'><strong>in</strong></span> <span class='ocrx_word' id='word_1_786' title='bbox 109 2611 271 2638; x_wconf 86' lang='lat' dir='ltr'><strong>memoriam</strong></span> <span class='ocrx_word' id='word_1_787' title='bbox 286 2619 414 2640; x_wconf 89' lang='lat' dir='ltr'><strong>revocare</strong></span> <span class='ocrx_word' id='word_1_788' title='bbox 430 2621 489 2648; x_wconf 68' lang='lat' dir='ltr'><strong>quae</strong></span> <span class='ocrx_word' id='word_1_789' title='bbox 502 2614 572 2642; x_wconf 87' lang='lat' dir='ltr'><strong>dicta</strong></span> <span class='ocrx_word' id='word_1_790' title='bbox 586 2621 660 2649; x_wconf 87' lang='lat' dir='ltr'><strong>sunt,</strong></span> <span class='ocrx_word' id='word_1_791' title='bbox 673 2623 702 2644; x_wconf 94' lang='lat' dir='ltr'><strong>ut</strong></span> <span class='ocrx_word' id='word_1_792' title='bbox 719 2618 858 2648; x_wconf 87' lang='lat' dir='ltr'><strong>videamus</strong></span> 
     </span>
    </p>
   </div>
   <div class='ocr_carea' id='block_1_99' title="bbox 57 2655 857 2695">
    <p class='ocr_par' dir='ltr' id='par_1_99' title="bbox 57 2655 857 2695">
     <span class='ocr_line' id='line_1_99' title="bbox 57 2655 857 2695; baseline 0.016 -16"><span class='ocrx_word' id='word_1_793' title='bbox 57 2655 203 2688; x_wconf 88' lang='lat' dir='ltr'><strong>quomodo</strong></span> <span class='ocrx_word' id='word_1_794' title='bbox 220 2655 401 2690; x_wconf 87' lang='lat' dir='ltr'><strong>ingredientes</strong></span> <span class='ocrx_word' id='word_1_795' title='bbox 415 2659 524 2692; x_wconf 88' lang='lat' dir='ltr'><strong>quidam</strong></span> <span class='ocrx_word' id='word_1_796' title='bbox 542 2660 752 2695; x_wconf 88' lang='lat' dir='ltr'><strong>sttpplantantttr</strong></span> <span class='ocrx_word' id='word_1_797' title='bbox 773 2669 800 2691; x_wconf 91' lang='lat' dir='ltr'><strong>et</strong></span> <span class='ocrx_word' id='word_1_798' title='bbox 819 2666 857 2692; x_wconf 81' lang='lat' dir='ltr'><strong>el-</strong></span> 
     </span>
    </p>
   </div>
   <div class='ocr_carea' id='block_1_100' title="bbox 57 2701 856 2740">
    <p class='ocr_par' dir='ltr' id='par_1_100' title="bbox 57 2701 856 2740">
     <span class='ocr_line' id='line_1_100' title="bbox 57 2701 856 2740; baseline 0.016 -14"><span class='ocrx_word' id='word_1_799' title='bbox 57 2701 218 2728; x_wconf 88' lang='lat' dir='ltr'><strong>t&#39;uuduntur</strong></span> <span class='ocrx_word' id='word_1_800' title='bbox 229 2708 338 2737; x_wconf 86' lang='lat' dir='ltr'><strong>gressus</strong></span> <span class='ocrx_word' id='word_1_801' title='bbox 356 2710 461 2733; x_wconf 87' lang='lat' dir='ltr'><strong>eorum.</strong></span> <span class='ocrx_word' id='word_1_802' title='bbox 478 2704 553 2738; x_wconf 87' lang='lat' dir='ltr'><strong>Quod</strong></span> <span class='ocrx_word' id='word_1_803' title='bbox 577 2707 598 2734; x_wconf 88' lang='lat' dir='ltr'><strong>si</strong></span> <span class='ocrx_word' id='word_1_804' title='bbox 620 2709 736 2737; x_wconf 81' lang='lat' dir='ltr'><strong>servatis</strong></span> <span class='ocrx_word' id='word_1_805' title='bbox 752 2711 777 2738; x_wconf 92' lang='lat' dir='ltr'><strong>in</strong></span> <span class='ocrx_word' id='word_1_806' title='bbox 799 2720 856 2740; x_wconf 66' lang='lat' dir='ltr'><strong>me»</strong></span> 
     </span>
    </p>
   </div>
   <div class='ocr_carea' id='block_1_101' title="bbox 913 2245 1702 2282">
    <p class='ocr_par' dir='ltr' id='par_1_101' title="bbox 913 2245 1702 2282">
     <span class='ocr_line' id='line_1_101' title="bbox 913 2245 1702 2282; baseline 0.005 -10"><span class='ocrx_word' id='word_1_807' title='bbox 913 2248 990 2278; x_wconf 85' lang='lat' dir='ltr'><strong>ptum</strong></span> <span class='ocrx_word' id='word_1_808' title='bbox 1009 2249 1050 2273; x_wconf 86' lang='lat' dir='ltr'><strong>est</strong></span> <span class='ocrx_word' id='word_1_809' title='bbox 1065 2245 1089 2261; x_wconf 78' lang='lat'><strong>“</strong></span> <span class='ocrx_word' id='word_1_810' title='bbox 1103 2254 1110 2273; x_wconf 86' lang='lat'>:</span> <span class='ocrx_word' id='word_1_811' title='bbox 1131 2245 1202 2273; x_wconf 64' lang='lat' dir='ltr'><strong>Deut</strong></span> <span class='ocrx_word' id='word_1_812' title='bbox 1218 2251 1306 2273; x_wconf 82' lang='lat' dir='ltr'><strong>autem</strong></span> <span class='ocrx_word' id='word_1_813' title='bbox 1320 2246 1347 2273; x_wconf 82' lang='lat' dir='ltr'><strong>iu</strong></span> <span class='ocrx_word' id='word_1_814' title='bbox 1361 2247 1424 2274; x_wconf 76' lang='lat' dir='ltr'><strong>caelo</strong></span> <span class='ocrx_word' id='word_1_815' title='bbox 1435 2256 1551 2282; x_wconf 73' lang='lat' dir='ltr'><strong>sursum,</strong></span> <span class='ocrx_word' id='word_1_816' title='bbox 1569 2253 1598 2275; x_wconf 86' lang='lat' dir='ltr'><strong>tu</strong></span> <span class='ocrx_word' id='word_1_817' title='bbox 1615 2254 1702 2277; x_wconf 86' lang='lat' dir='ltr'><strong>autem</strong></span> 
     </span>
    </p>
   </div>
   <div class='ocr_carea' id='block_1_102' title="bbox 913 2290 1704 2328">
    <p class='ocr_par' dir='ltr' id='par_1_102' title="bbox 913 2290 1704 2328">
     <span class='ocr_line' id='line_1_102' title="bbox 913 2290 1704 2328; baseline 0.01 -12"><span class='ocrx_word' id='word_1_818' title='bbox 913 2290 940 2317; x_wconf 86' lang='lat' dir='ltr'><strong>iu</strong></span> <span class='ocrx_word' id='word_1_819' title='bbox 957 2295 1026 2317; x_wconf 84' lang='lat' dir='ltr'><strong>terra</strong></span> <span class='ocrx_word' id='word_1_820' title='bbox 1040 2290 1172 2318; x_wconf 80' lang='lat' dir='ltr'><strong>deorsum.</strong></span> <span class='ocrx_word' id='word_1_821' title='bbox 1188 2290 1235 2319; x_wconf 77' lang='lat' dir='ltr'><strong>Illa</strong></span> <span class='ocrx_word' id='word_1_822' title='bbox 1257 2295 1346 2320; x_wconf 84' lang='lat' dir='ltr'><strong>autent</strong></span> <span class='ocrx_word' id='word_1_823' title='bbox 1368 2297 1439 2320; x_wconf 87' lang='lat' dir='ltr'><strong>terra</strong></span> <span class='ocrx_word' id='word_1_824' title='bbox 1461 2302 1521 2328; x_wconf 78' lang='lat' dir='ltr'><strong>qua:</strong></span> <span class='ocrx_word' id='word_1_825' title='bbox 1543 2295 1569 2322; x_wconf 87' lang='lat' dir='ltr'><strong>itt</strong></span> <span class='ocrx_word' id='word_1_826' title='bbox 1591 2296 1704 2324; x_wconf 74' lang='lat' dir='ltr'><strong>Incredi-</strong></span> 
     </span>
    </p>
   </div>
   <div class='ocr_carea' id='block_1_103' title="bbox 915 2336 1700 2376">
    <p class='ocr_par' dir='ltr' id='par_1_103' title="bbox 915 2336 1700 2376">
     <span class='ocr_line' id='line_1_103' title="bbox 915 2336 1700 2376; baseline 0.009 -14"><span class='ocrx_word' id='word_1_827' title='bbox 915 2340 995 2363; x_wconf 92' lang='lat' dir='ltr'><strong>tatem</strong></span> <span class='ocrx_word' id='word_1_828' title='bbox 1010 2336 1091 2370; x_wconf 89' lang='lat' dir='ltr'><strong>justis</strong></span> <span class='ocrx_word' id='word_1_829' title='bbox 1105 2338 1284 2370; x_wconf 86' lang='lat' dir='ltr'><strong>promittitur,</strong></span> <span class='ocrx_word' id='word_1_830' title='bbox 1305 2345 1358 2365; x_wconf 93' lang='lat' dir='ltr'><strong>non</strong></span> <span class='ocrx_word' id='word_1_831' title='bbox 1373 2339 1518 2376; x_wconf 73' lang='lat' dir='ltr'><strong>deorsum,</strong></span> <span class='ocrx_word' id='word_1_832' title='bbox 1529 2340 1576 2368; x_wconf 86' lang='lat' dir='ltr'><strong>sed</strong></span> <span class='ocrx_word' id='word_1_833' title='bbox 1592 2349 1700 2369; x_wconf 87' lang='lat' dir='ltr'><strong>sursum</strong></span> 
     </span>
    </p>
   </div>
   <div class='ocr_carea' id='block_1_104' title="bbox 914 2383 1703 2423">
    <p class='ocr_par' dir='ltr' id='par_1_104' title="bbox 914 2383 1703 2423">
     <span class='ocr_line' id='line_1_104' title="bbox 914 2383 1703 2423; baseline 0.008 -14"><span class='ocrx_word' id='word_1_834' title='bbox 914 2390 976 2410; x_wconf 88' lang='lat' dir='ltr'><strong>esse</strong></span> <span class='ocrx_word' id='word_1_835' title='bbox 989 2383 1165 2418; x_wconf 88' lang='lat' dir='ltr'><strong>promittitur.</strong></span> <span class='ocrx_word' id='word_1_836' title='bbox 1184 2385 1330 2420; x_wconf 84' lang='lat' dir='ltr'><strong>Propterea</strong></span> <span class='ocrx_word' id='word_1_837' title='bbox 1353 2387 1387 2413; x_wconf 87' lang='lat' dir='ltr'><strong>ad</strong></span> <span class='ocrx_word' id='word_1_838' title='bbox 1412 2395 1474 2413; x_wconf 89' lang='lat' dir='ltr'><strong>cum</strong></span> <span class='ocrx_word' id='word_1_839' title='bbox 1497 2388 1543 2422; x_wconf 83' lang='lat' dir='ltr'><strong>qui</strong></span> <span class='ocrx_word' id='word_1_840' title='bbox 1562 2392 1703 2423; x_wconf 80' lang='lat' dir='ltr'><strong>exspectat</strong></span> 
     </span>
    </p>
   </div>
   <div class='ocr_carea' id='block_1_105' title="bbox 913 2430 1703 2468">
    <p class='ocr_par' dir='ltr' id='par_1_105' title="bbox 913 2430 1703 2468">
     <span class='ocr_line' id='line_1_105' title="bbox 913 2430 1703 2468; baseline 0.003 -10"><span class='ocrx_word' id='word_1_841' title='bbox 913 2431 995 2467; x_wconf 77' lang='grc'><strong>677</strong></span> <span class='ocrx_word' id='word_1_842' title='bbox 1017 2430 1159 2459; x_wconf 89' lang='lat' dir='ltr'><strong>Dominum</strong></span> <span class='ocrx_word' id='word_1_843' title='bbox 1186 2436 1213 2458; x_wconf 89' lang='lat' dir='ltr'><strong>et</strong></span> <span class='ocrx_word' id='word_1_844' title='bbox 1235 2432 1354 2460; x_wconf 89' lang='lat' dir='ltr'><strong>custodit</strong></span> <span class='ocrx_word' id='word_1_845' title='bbox 1373 2432 1443 2460; x_wconf 87' lang='lat' dir='ltr'><strong>viam</strong></span> <span class='ocrx_word' id='word_1_846' title='bbox 1464 2433 1533 2468; x_wconf 85' lang='lat' dir='ltr'><strong>ejus,</strong></span> <span class='ocrx_word' id='word_1_847' title='bbox 1550 2433 1588 2460; x_wconf 88' lang='lat' dir='ltr'><strong>ait</strong></span> <span class='ocrx_word' id='word_1_848' title='bbox 1605 2441 1703 2468; x_wconf 79' lang='lat' dir='ltr'><strong>repro-</strong></span> 
     </span>
    </p>
   </div>
   <div class='ocr_carea' id='block_1_106' title="bbox 913 2477 1699 2506">
    <p class='ocr_par' dir='ltr' id='par_1_106' title="bbox 913 2477 1699 2506">
     <span class='ocr_line' id='line_1_106' title="bbox 913 2477 1699 2506; baseline 0.003 -2"><span class='ocrx_word' id='word_1_849' title='bbox 913 2477 1054 2506; x_wconf 85' lang='lat' dir='ltr'><strong>missionis</strong></span> <span class='ocrx_word' id='word_1_850' title='bbox 1071 2485 1162 2506; x_wconf 82' lang='lat' dir='ltr'><strong>sermo</strong></span> <span class='ocrx_word' id='word_1_851' title='bbox 1176 2487 1183 2505; x_wconf 90' lang='lat'><strong>:</strong></span> <span class='ocrx_word' id='word_1_852' title='bbox 1198 2477 1376 2505; x_wconf 69' lang='lat' dir='ltr'><strong>Ezaltubitte</strong></span> <span class='ocrx_word' id='word_1_853' title='bbox 1389 2484 1418 2506; x_wconf 85' lang='lat' dir='ltr'><strong>ut</strong></span> <span class='ocrx_word' id='word_1_854' title='bbox 1435 2479 1573 2506; x_wconf 69' lang='lat' dir='ltr'><strong>Itandites</strong></span> <span class='ocrx_word' id='word_1_855' title='bbox 1588 2484 1699 2506; x_wconf 81' lang='lat' dir='ltr'><strong>terram.</strong></span> 
     </span>
    </p>
   </div>
   <div class='ocr_carea' id='block_1_107' title="bbox 913 2523 1701 2560">
    <p class='ocr_par' dir='ltr' id='par_1_107' title="bbox 913 2523 1701 2560">
     <span class='ocr_line' id='line_1_107' title="bbox 913 2523 1701 2560; baseline 0.001 -9"><span class='ocrx_word' id='word_1_856' title='bbox 913 2523 969 2552; x_wconf 83' lang='lat' dir='ltr'><strong>Nisi</strong></span> <span class='ocrx_word' id='word_1_857' title='bbox 986 2524 1059 2552; x_wconf 89' lang='lat' dir='ltr'><strong>enim</strong></span> <span class='ocrx_word' id='word_1_858' title='bbox 1077 2524 1139 2560; x_wconf 90' lang='lat' dir='ltr'><strong>quis</strong></span> <span class='ocrx_word' id='word_1_859' title='bbox 1161 2525 1298 2553; x_wconf 79' lang='lat' dir='ltr'><strong>exaltetur</strong></span> <span class='ocrx_word' id='word_1_860' title='bbox 1315 2530 1343 2553; x_wconf 89' lang='lat' dir='ltr'><strong>et</strong></span> <span class='ocrx_word' id='word_1_861' title='bbox 1366 2525 1496 2553; x_wconf 87' lang='lat' dir='ltr'><strong>ascendat</strong></span> <span class='ocrx_word' id='word_1_862' title='bbox 1518 2525 1545 2552; x_wconf 93' lang='lat' dir='ltr'><strong>iu</strong></span> <span class='ocrx_word' id='word_1_863' title='bbox 1571 2525 1654 2552; x_wconf 92' lang='lat' dir='ltr'><strong>altum</strong></span> <span class='ocrx_word' id='word_1_864' title='bbox 1673 2531 1701 2553; x_wconf 91' lang='lat' dir='ltr'><strong>et</strong></span> 
     </span>
    </p>
   </div>
   <div class='ocr_carea' id='block_1_108' title="bbox 913 2569 1700 2606">
    <p class='ocr_par' dir='ltr' id='par_1_108' title="bbox 913 2569 1700 2606">
     <span class='ocr_line' id='line_1_108' title="bbox 913 2569 1700 2606; baseline 0.004 -10"><span class='ocrx_word' id='word_1_865' title='bbox 913 2569 1047 2597; x_wconf 77' lang='lat' dir='ltr'><strong>efﬁciatur</strong></span> <span class='ocrx_word' id='word_1_866' title='bbox 1067 2570 1196 2603; x_wconf 63' lang='lat' dir='ltr'><strong>caelestis,</strong></span> <span class='ocrx_word' id='word_1_867' title='bbox 1218 2578 1272 2599; x_wconf 91' lang='lat' dir='ltr'><strong>non</strong></span> <span class='ocrx_word' id='word_1_868' title='bbox 1294 2575 1382 2606; x_wconf 87' lang='lat' dir='ltr'><strong>potest</strong></span> <span class='ocrx_word' id='word_1_869' title='bbox 1406 2571 1595 2598; x_wconf 69' lang='lat' dir='ltr'><strong>htereditatem</strong></span> <span class='ocrx_word' id='word_1_870' title='bbox 1620 2576 1700 2600; x_wconf 78' lang='lat' dir='ltr'><strong>teri-:c</strong></span> 
     </span>
    </p>
   </div>
   <div class='ocr_carea' id='block_1_109' title="bbox 912 2617 1698 2653">
    <p class='ocr_par' dir='ltr' id='par_1_109' title="bbox 912 2617 1698 2653">
     <span class='ocr_line' id='line_1_109' title="bbox 912 2617 1698 2653; baseline 0.003 -9"><span class='ocrx_word' id='word_1_871' title='bbox 912 2617 984 2644; x_wconf 84' lang='lat' dir='ltr'><strong>illius</strong></span> <span class='ocrx_word' id='word_1_872' title='bbox 999 2617 1139 2652; x_wconf 87' lang='lat' dir='ltr'><strong>consequi.</strong></span> <span class='ocrx_word' id='word_1_873' title='bbox 1163 2617 1240 2645; x_wconf 86' lang='lat' dir='ltr'><strong>Unde</strong></span> <span class='ocrx_word' id='word_1_874' title='bbox 1262 2625 1311 2652; x_wconf 81' lang='lat' dir='ltr'><strong>ego</strong></span> <span class='ocrx_word' id='word_1_875' title='bbox 1326 2617 1454 2649; x_wconf 86' lang='lat' dir='ltr'><strong>arbitror,</strong></span> <span class='ocrx_word' id='word_1_876' title='bbox 1471 2618 1533 2653; x_wconf 88' lang='lat' dir='ltr'><strong>quia</strong></span> <span class='ocrx_word' id='word_1_877' title='bbox 1550 2618 1620 2646; x_wconf 89' lang='lat' dir='ltr'><strong>sicut</strong></span> <span class='ocrx_word' id='word_1_878' title='bbox 1637 2619 1698 2646; x_wconf 64' lang='grc' dir='ltr'><strong>ςαξΙί</strong></span> 
     </span>
    </p>
   </div>
   <div class='ocr_carea' id='block_1_110' title="bbox 912 2663 1698 2697">
    <p class='ocr_par' dir='ltr' id='par_1_110' title="bbox 912 2663 1698 2697">
     <span class='ocr_line' id='line_1_110' title="bbox 912 2663 1698 2697; baseline 0.001 -6"><span class='ocrx_word' id='word_1_879' title='bbox 912 2664 1003 2696; x_wconf 87' lang='lat' dir='ltr'><strong>istius,</strong></span> <span class='ocrx_word' id='word_1_880' title='bbox 1019 2664 1045 2691; x_wconf 90' lang='lat' dir='ltr'><strong>id</strong></span> <span class='ocrx_word' id='word_1_881' title='bbox 1061 2669 1102 2691; x_wconf 85' lang='lat' dir='ltr'><strong>est</strong></span> <span class='ocrx_word' id='word_1_882' title='bbox 1118 2663 1292 2697; x_wconf 81' lang='lat' dir='ltr'><strong>ﬁrmamenti,</strong></span> <span class='ocrx_word' id='word_1_883' title='bbox 1308 2663 1422 2691; x_wconf 82' lang='lat' dir='ltr'><strong>inferius</strong></span> <span class='ocrx_word' id='word_1_884' title='bbox 1444 2664 1532 2691; x_wconf 91' lang='lat' dir='ltr'><strong>solum</strong></span> <span class='ocrx_word' id='word_1_885' title='bbox 1548 2664 1625 2691; x_wconf 85' lang='lat' dir='ltr'><strong>arida</strong></span> <span class='ocrx_word' id='word_1_886' title='bbox 1640 2665 1698 2692; x_wconf 77' lang='lat' dir='ltr'><strong>ha-c</strong></span> 
     </span>
    </p>
   </div>
   <div class='ocr_carea' id='block_1_111' title="bbox 912 2709 1700 2746">
    <p class='ocr_par' dir='ltr' id='par_1_111' title="bbox 912 2709 1700 2746">
     <span class='ocr_line' id='line_1_111' title="bbox 912 2709 1700 2746; baseline -0.003 -7"><span class='ocrx_word' id='word_1_887' title='bbox 912 2712 1007 2746; x_wconf 89' lang='lat' dir='ltr'><strong>inqua</strong></span> <span class='ocrx_word' id='word_1_888' title='bbox 1030 2718 1077 2738; x_wconf 89' lang='lat' dir='ltr'><strong>nos</strong></span> <span class='ocrx_word' id='word_1_889' title='bbox 1101 2710 1267 2742; x_wconf 85' lang='lat' dir='ltr'><strong>habitamus,</strong></span> <span class='ocrx_word' id='word_1_890' title='bbox 1294 2715 1367 2737; x_wconf 91' lang='lat' dir='ltr'><strong>terra</strong></span> <span class='ocrx_word' id='word_1_891' title='bbox 1394 2709 1454 2744; x_wconf 87' lang='lat' dir='ltr'><strong>ejus</strong></span> <span class='ocrx_word' id='word_1_892' title='bbox 1474 2710 1573 2738; x_wconf 84' lang='lat' dir='ltr'><strong>dicitur</strong></span> <span class='ocrx_word' id='word_1_893' title='bbox 1588 2719 1595 2737; x_wconf 86' lang='lat'><strong>:</strong></span> <span class='ocrx_word' id='word_1_894' title='bbox 1612 2711 1647 2738; x_wconf 82' lang='lat' dir='ltr'><strong>ita</strong></span> <span class='ocrx_word' id='word_1_895' title='bbox 1671 2715 1700 2738; x_wconf 84' lang='lat' dir='ltr'><strong>et</strong></span> 
     </span>
    </p>
   </div>
   <div class='ocr_carea' id='block_1_112' title="bbox 98 2795 843 2836">
    <p class='ocr_par' dir='ltr' id='par_1_112' title="bbox 98 2795 839 2836">
     <span class='ocr_line' id='line_1_112' title="bbox 98 2795 839 2836; baseline 0.015 -15"><span class='ocrx_word' id='word_1_896' title='bbox 98 2795 120 2836; x_wconf 59' lang='grc' dir='ltr'>ξ’</span> <span class='ocrx_word' id='word_1_897' title='bbox 138 2796 217 2823; x_wconf 82' lang='lat' dir='ltr'><strong>llotn.</strong></span> <span class='ocrx_word' id='word_1_898' title='bbox 231 2797 328 2836; x_wconf 76' lang='lat' dir='ltr'><strong>xt,_3_3.</strong></span> <span class='ocrx_word' id='word_1_899' title='bbox 355 2798 411 2836; x_wconf 55' lang='lat' dir='ltr'><strong>_f°_l</strong></span> <span class='ocrx_word' id='word_1_900' title='bbox 427 2799 553 2832; x_wconf 66' lang='lat' dir='ltr'><strong>Contuli,</strong></span> <span class='ocrx_word' id='word_1_901' title='bbox 570 2801 610 2828; x_wconf 70' lang='lat' dir='ltr'><strong>l2.</strong></span> <span class='ocrx_word' id='word_1_902' title='bbox 650 2802 671 2818; x_wconf 79' lang='grc'><strong>⁸⁸</strong></span> <span class='ocrx_word' id='word_1_903' title='bbox 687 2802 756 2831; x_wconf 68' lang='grc' dir='ltr'><strong>Ρείιῑι</strong></span> <span class='ocrx_word' id='word_1_904' title='bbox 770 2813 839 2832; x_wconf 61' lang='lat' dir='ltr'><strong>uxr</strong></span> 
     </span>
    </p>
   </div>
   <div class='ocr_carea' id='block_1_113' title="bbox 956 2795 1695 2836">
    <p class='ocr_par' dir='ltr' id='par_1_113' title="bbox 958 2805 1695 2836">
     <span class='ocr_line' id='line_1_113' title="bbox 958 2805 1695 2836; baseline 0.005 -5"><span class='ocrx_word' id='word_1_905' title='bbox 958 2805 1039 2832; x_wconf 74' lang='lat' dir='ltr'><strong>“lsa.</strong></span> <span class='ocrx_word' id='word_1_906' title='bbox 1054 2812 1131 2835; x_wconf 67' lang='lat' dir='ltr'><strong>xxix,</strong></span> <span class='ocrx_word' id='word_1_907' title='bbox 1149 2806 1189 2832; x_wconf 79' lang='grc'><strong>15.</strong></span> <span class='ocrx_word' id='word_1_908' title='bbox 1227 2806 1248 2821; x_wconf 74' lang='grc' dir='ltr'><strong>δι</strong></span> <span class='ocrx_word' id='word_1_909' title='bbox 1259 2805 1331 2832; x_wconf 82' lang='lat' dir='ltr'><strong>Psal.</strong></span> <span class='ocrx_word' id='word_1_910' title='bbox 1346 2805 1494 2836; x_wconf 56' lang='grc' dir='ltr'><strong>ηιμ-μω.</strong></span> <span class='ocrx_word' id='word_1_911' title='bbox 1532 2806 1556 2822; x_wconf 82' lang='grc'>⁸¹</span> <span class='ocrx_word' id='word_1_912' title='bbox 1572 2806 1635 2835; x_wconf 88' lang='lat' dir='ltr'><strong>ibid.</strong></span> <span class='ocrx_word' id='word_1_913' title='bbox 1651 2807 1695 2834; x_wconf 72' lang='grc'><strong>52-</strong></span> 
     </span>
    </p>
   </div>
   <div class='ocr_carea' id='block_1_114' title="bbox 57 2830 858 2874">
    <p class='ocr_par' dir='ltr' id='par_1_114' title="bbox 57 2830 858 2874">
     <span class='ocr_line' id='line_1_114' title="bbox 57 2830 858 2874; baseline 0.011 -15"><span class='ocrx_word' id='word_1_914' title='bbox 57 2830 83 2846; x_wconf 84' lang='grc'><strong><em>⁸⁸</em></strong></span> <span class='ocrx_word' id='word_1_915' title='bbox 99 2830 182 2860; x_wconf 72' lang='lat' dir='ltr'><strong>Joau.</strong></span> <span class='ocrx_word' id='word_1_916' title='bbox 199 2832 315 2866; x_wconf 75' lang='lat' dir='ltr'><strong>x1x,ll.</strong></span> <span class='ocrx_word' id='word_1_917' title='bbox 354 2833 435 2862; x_wconf 73' lang='lat' dir='ltr'><strong>&quot;1&#39;s.</strong></span> <span class='ocrx_word' id='word_1_918' title='bbox 452 2830 600 2870; x_wconf 35' lang='lat' dir='ltr'><strong>nun-53.</strong></span> <span class='ocrx_word' id='word_1_919' title='bbox 639 2838 661 2853; x_wconf 81' lang='lat'>&quot;</span> <span class='ocrx_word' id='word_1_920' title='bbox 683 2838 731 2867; x_wconf 71' lang='lat' dir='ltr'><strong>lsa.</strong></span> <span class='ocrx_word' id='word_1_921' title='bbox 759 2830 858 2874; x_wconf 33' lang='lat' dir='ltr'><strong>utfit.</strong></span> 
     </span>
    </p>
   </div>
   <div class='ocr_carea' id='block_1_115' title="bbox 898 2839 1553 2874">
    <p class='ocr_par' dir='ltr' id='par_1_115' title="bbox 898 2839 1553 2874">
     <span class='ocr_line' id='line_1_115' title="bbox 898 2839 1553 2874; baseline -0.002 -5"><span class='ocrx_word' id='word_1_922' title='bbox 898 2842 920 2858; x_wconf 80' lang='grc'><strong>⁵⁵</strong></span> <span class='ocrx_word' id='word_1_923' title='bbox 939 2841 985 2869; x_wconf 74' lang='lat' dir='ltr'><strong>Ps.</strong></span> <span class='ocrx_word' id='word_1_924' title='bbox 1004 2848 1097 2874; x_wconf 77' lang='lat' dir='ltr'><strong>xuvt,</strong></span> <span class='ocrx_word' id='word_1_925' title='bbox 1118 2839 1162 2868; x_wconf 74' lang='grc'><strong>54.</strong></span> <span class='ocrx_word' id='word_1_926' title='bbox 1202 2841 1223 2856; x_wconf 78' lang='grc'><strong><em>⁵⁷</em></strong></span> <span class='ocrx_word' id='word_1_927' title='bbox 1241 2841 1307 2869; x_wconf 92' lang='lat' dir='ltr'><strong>ibid.</strong></span> <span class='ocrx_word' id='word_1_928' title='bbox 1346 2841 1368 2858; x_wconf 84' lang='lat'>&quot;</span> <span class='ocrx_word' id='word_1_929' title='bbox 1384 2841 1471 2869; x_wconf 79' lang='lat' dir='ltr'><strong>Ecclc.</strong></span> <span class='ocrx_word' id='word_1_930' title='bbox 1489 2841 1553 2874; x_wconf 70' lang='lat' dir='ltr'><strong>v.1.</strong></span> 
     </span>
    </p>
   </div>
  </div>
