1886 3052
188 97 199 124 l
205 96 258 126 565

894 92 940 120 EX
959 91 1110 121 ORIGENE

1748 97 1805 125 i365

187 156 260 184 illius
275 154 423 190 superioris
440 153 509 188 quod
534 151 722 188 principaliter
739 151 836 180 coelum
863 152 972 185 dicitur,
988 154 1012 183 Α
1026 152 1162 181 caloribus
1173 157 1201 181 et
1211 153 1348 188 superbis,
1360 158 1464 182 certum
1475 158 1518 182 est
1531 161 1593 182 eum
1605 161 1660 182 non
1671 155 1804 187 transisse,

185 200 300 229 inferius
313 200 401 228 solum
419 200 445 227 in
461 206 514 234 quo
532 198 702 225 habitatores
715 197 752 224 illi
767 197 893 225 caelestes
907 205 974 226 con-

184 251 341 280 versantur,
359 251 396 279 et,
414 249 444 272 ut
466 245 503 272 ita
524 243 622 277 dicam,
639 244 750 272 dorsum
768 244 854 278 ipsum
878 243 972 271 tinua-

186 293 270 321 menti
288 290 377 326 hujus,
396 290 504 323 merito,
525 294 554 317 ut
569 289 634 321 dixi,
654 293 726 317 terra
744 289 817 316 illius
834 289 895 316 coeli
912 297 972 318 esse

185 339 287 367 dicitur
303 337 368 365 :sed
384 342 455 364 terra
474 337 556 369 bona,
572 339 644 363 terra
662 340 769 367 sancta,
786 340 858 363 terra
874 336 971 368 multa,

187 388 258 411 terra
274 384 408 417 vivorum,
424 388 496 414 terra
512 381 599 410 ﬂuens
619 382 660 410 lac
678 387 704 409 et
722 382 773 410 mel
789 392 795 408 :
811 387 837 409 et
853 382 914 410 ideo
931 383 973 410 di-

185 428 223 455 cit
239 433 310 456 nunc
328 433 419 456 sermo
437 429 546 457 divinus
563 437 571 457 :
589 428 725 456 Exaltabit
747 432 772 455 te
788 433 815 455 ut
833 428 971 455 [Hereditas

186 468 296 502 terram.

219 521 247 549 5.
257 519 322 548 Cum
335 520 461 556 perierint
467 526 613 555 peccatores
624 521 721 548 videbis
731 521 764 548 ".
772 518 906 548 Fortassis
920 520 972 548 hoc

184 567 260 602 prius
284 567 348 600 erit,
366 569 397 594 Ut
423 571 581 602 peccatores
605 572 633 594 et
659 566 756 601 impios
776 566 843 601 justi
861 565 970 593 videant

184 612 388 643 condemnatos.
417 612 497 640 Prius
522 612 594 639 enim
621 611 812 647 peccatoribus
840 617 926 646 pana!
943 613 971 637 et

185 657 316 693 supplicia
333 658 516 686 decernuntur
531 670 536 686 ;
550 665 610 693 quae
632 665 695 685 cum
717 657 837 684 viderint
852 656 928 691 justi,
943 659 971 684 et

185 704 345 740 agnoverint
360 703 425 739 quid
447 704 554 731 intersit
572 704 643 731 inter
662 702 761 731 bonam
775 703 858 730 vitam
872 706 899 730 et
915 709 969 730 ma—

185 750 250 782 lam,
265 755 366 778 etcum
382 750 569 777 intellexerint
592 751 660 777 bene
679 749 794 777 vivendo
808 749 842 776 de
859 749 970 783 quantis

185 796 323 825 evaserint
338 796 427 829 malis,
445 797 481 824 ita
499 801 527 824 ut
543 797 579 824 illi
595 798 641 830 qui
658 797 684 823 in
697 796 787 831 poenis
801 799 865 823 sunt
877 795 970 823 viden-

185 848 225 870 tes
241 850 288 870 eos
313 843 339 870 in
363 843 448 878 gloria
472 843 587 870 dicant:
604 841 660 869 Nar
685 842 759 869 stulti
781 842 862 868 vitam
878 846 969 868 eorum

183 889 340 920 putabamus
366 888 534 920 insaniam“,
559 892 651 922 postea
669 895 733 922 ergo
751 894 831 922 quam
853 887 970 914 viderint

183 934 320 969 quomodo
335 936 448 968 pereunt
472 936 642 968 peccatores,
661 936 724 959 tunc
739 932 789 966 ipsi
804 930 969 959 exaltabun-

184 985 228 1007 tur
246 983 273 1008 et
293 979 441 1008 eﬂ‘erentur
458 979 491 1006 ad
514 978 613 1006 caelum
632 983 661 1005 ut
683 977 843 1005 hzeretlitent
857 981 967 1004 terram.

183 1025 262 1053 Nunc
285 1024 340 1060 jam
360 1031 452 1052 sermo
466 1028 558 1051 monet
577 1028 604 1051 et
618 1023 739 1051 solamen
757 1022 867 1050 adhibet
880 1030 969 1050 causa:

183 1071 257 1104 huic,
271 1079 332 1106 qum
349 1071 446 1098 crebro
464 1070 530 1098 satis
545 1077 592 1097 cor
607 1076 676 1105 pene
690 1069 810 1097 omnium
829 1069 968 1096 hominum

183 1117 284 1151 pulsat.
308 1116 375 1144 Nam
398 1116 462 1151 quia
482 1115 640 1152 frequenter
655 1122 704 1142 nos
727 1115 828 1142 inllrmi
845 1115 969 1143 videntes

183 1163 290 1198 iniquos
308 1168 434 1198 quosque
460 1166 488 1190 et
513 1162 610 1197 impios
627 1162 653 1189 in
665 1161 720 1189 hac
740 1161 795 1188 vita
815 1168 877 1189 cum
894 1161 967 1189 omni

183 1209 314 1237 felicitate
325 1209 453 1244 degentes
462 1214 487 1235 et
499 1207 636 1243 prosperis
646 1207 817 1235 successibus
828 1206 967 1240 ﬂorentes,

182 1255 456 1291 abundaredivitiis,
481 1254 641 1286 honoribus,
666 1253 781 1281 iocunda
796 1257 824 1280 et
842 1253 968 1280 universa

182 1302 258 1336 prole
277 1301 405 1336 gaudere,
428 1299 534 1327 deliciis
557 1298 678 1331 ﬂuitare,
704 1298 921 1326 scandallsamur
942 1302 969 1326 et

182 1347 297 1375 dicimus
323 1347 349 1374 in
368 1344 495 1374 cordibus
510 1345 612 1372 nostris
630 1353 637 1372 :
655 1344 706 1373 Ubi
727 1349 768 1372 est
783 1344 888 1379 iustitia
905 1345 969 1372 Dei?

181 1395 210 1422 Si
233 1401 280 1429 per
299 1392 498 1429 providentiam
516 1392 638 1419 divinam
662 1398 708 1426 res
731 1395 888 1426 agerentur,
907 1398 968 1426 per-

183 1441 302 1467 mitteret
317 1437 390 1466 Dens
410 1438 484 1465 hunc
499 1438 621 1472 iniquum
636 1440 663 1464 et
679 1437 790 1471 impium
813 1436 840 1464 in
864 1440 966 1464 tantum

1026 206 1075 226 nec
1097 199 1197 226 vidisse
1223 207 1283 234 quae
1301 206 1353 226 non
1372 204 1450 232 sunt,
1470 200 1516 228 sed
1540 207 1708 236 permanere
1722 200 1748 227 in
1763 201 1806 228 hoc

1024 245 1149 279 praesenti
1167 248 1250 278 statu,
1268 249 1296 272 et
1315 245 1420 273 idcirco
1436 246 1530 274 mirari
1545 246 1570 273 in
1592 248 1634 274 eis
1650 252 1807 281 praesentem

1024 290 1149 325 gloriam.
1175 289 1202 317 Si
1219 295 1310 318 autem
1331 298 1366 318 eo
1382 290 1465 318 modo
1479 295 1603 318 transeat
1617 298 1674 325 quo
1688 291 1808 325 superius

1024 337 1153 370 diximus,
1170 337 1196 364 id
1209 341 1253 364 est
1276 341 1367 364 mente
1381 341 1408 364 et
1425 344 1506 364 sensu
1523 337 1702 364 transcendat
1715 345 1730 363 a
1745 344 1807 371 pne.

1023 382 1146 412 sentibus
1160 386 1186 410 et
1201 382 1395 418 temporalibus
1409 382 1442 410 ad
1464 382 1555 410 futura
1571 387 1656 417 atque
1671 387 1808 417 perpetua,

1024 432 1088 455 tunc
1112 435 1177 455 vero
1201 428 1266 456 dicit
1291 428 1324 455 de
1345 434 1379 455 eo
1400 435 1482 462 quem
1504 427 1605 454 viderit
1621 427 1728 455 elatum
1744 427 1809 454 sicut

1023 474 1118 502 cedrus
1133 474 1239 507 Libani,
1254 474 1317 509 quia
1330 473 1447 507 Transii,
1473 479 1496 501 et
1513 482 1570 501 ecce
1584 482 1637 501 non
1652 479 1733 506 erat;
1747 481 1808 508 quio-

1023 523 1096 549 niam
1121 527 1149 549 et
1170 522 1267 550 coelum
1290 522 1378 556 ipsum
1403 526 1431 550 et
1457 526 1532 549 terra
1551 522 1722 550 transibunt.
1738 523 1807 556 Apud

1024 567 1107 594 Deum
1121 568 1211 595 omnia
1225 575 1286 602 qua
1302 567 1394 595 lutura
1406 568 1534 602 suntiam
1546 575 1596 602 pro
1612 568 1698 596 factis
1712 568 1807 596 haben-

1024 617 1075 640 tur.
1093 613 1213 648 Denique
1235 613 1373 642 dicebat“
1389 623 1395 641 :
1413 613 1545 642 Dederunl
1570 615 1597 641 in
1622 623 1714 641 escam
1731 623 1808 641 meum

1022 659 1070 694 fel,
1091 660 1163 694 quod
1186 660 1245 688 sine
1263 660 1344 688 dubio
1369 660 1489 688 futurum
1507 660 1596 688 adhuc
1611 666 1692 694 erat,
1715 665 1742 688 et
1757 661 1807 696 jam

1024 705 1124 732 factum
1140 705 1292 733 dicebatur.
1315 705 1347 733 In
1363 706 1407 733 siti
1423 714 1480 733 mea
1496 711 1654 739 putaverunt
1666 706 1714 733 ’τηε
1725 711 1807 738 aceto,

1023 756 1050 778 et
1065 759 1118 778 non
1137 751 1225 778 dixit:
1239 752 1380 785 putabunt.
1406 751 1451 778 Sic
1467 759 1532 786 ergo
1553 753 1625 786 apud
1649 752 1737 779 Deum
1753 760 1809 787 quae

1024 797 1114 824 futura
1133 802 1205 831 sunt,
1217 796 1272 831 jam
1287 797 1357 825 facta
1372 798 1511 826 dicuntur.
1525 798 1602 832 Quod
1617 799 1639 826 si
1655 804 1685 826 et
1701 804 1729 826 tu
1749 799 1809 826 imi-

1022 846 1092 870 tator
1104 850 1134 870 es
1147 843 1205 876 Dei,
1226 847 1254 870 et
1278 843 1394 870 imitaris
1414 843 1565 876 Christum,
1587 851 1641 871 non
1663 849 1808 879 exspectas

1021 897 1164 925 quousque
1186 889 1237 917 iste
1257 889 1346 917 elatus
1370 889 1529 917 huinilietur
1553 894 1581 917 et
1606 891 1808 925 exstinguuntur,

1020 936 1067 964 sed
1082 937 1152 970 apud
1169 936 1339 971 temetipsum
1356 941 1382 964 et
1397 937 1423 963 in
1445 941 1535 964 mente
1558 939 1640 972 atque
1654 936 1750 964 animo
1766 940 1810 963 tuo

1020 983 1152 1011 transisse
1162 991 1192 1011 ea
1202 983 1258 1018 jam
1271 984 1371 1014 cernis,
1380 983 1402 1010 si
1415 983 1472 1017 ipse
1483 990 1563 1010 sensu
1576 990 1609 1010 ac
1618 987 1712 1011 mente
1725 988 1809 1010 trans-

1019 1035 1067 1055 eas
1082 1035 1098 1055 a
1120 1028 1301 1061 praesentibus
1323 1028 1356 1055 ad
1373 1026 1473 1054 futura.
1491 1027 1594 1062 Accipe
1609 1031 1638 1054 et
1651 1027 1808 1062 exemplum

1020 1074 1053 1101 ad
1073 1074 1131 1111 haec
1152 1081 1210 1108 qua:
1233 1074 1358 1102 dicimus.
1384 1073 1414 1101 Si
1439 1067 1560 1108 navigas,
1579 1074 1608 1100 in
1624 1073 1691 1100 navi
1707 1074 1809 1108 positus

1020 1120 1096 1148 vides
1110 1125 1198 1148 terras
1212 1123 1240 1148 et
1253 1120 1439 1155 promontoria
1454 1124 1482 1146 et
1498 1124 1604 1147 montes
1619 1120 1807 1147 transeuntia:

1020 1172 1072 1192 non
1083 1165 1153 1200 quod
1163 1165 1207 1192 illa
1217 1166 1347 1193 continuo
1359 1169 1530 1197 moveantur,
1543 1164 1590 1192 sed
1609 1164 1675 1199 quia
1691 1169 1719 1191 tu
1734 1169 1810 1191 vento

1020 1218 1149 1246 prospero
1165 1211 1247 1238 ﬂante
1263 1210 1374 1242 transis,
1391 1210 1438 1237 illa
1452 1218 1483 1238 se
1498 1210 1661 1238 subducere
1686 1210 1810 1237 videntur

1019 1264 1051 1284 ac
1064 1256 1147 1290 ferri;
1165 1257 1203 1284 ita
1219 1258 1246 1284 et
1261 1257 1287 1284 in
1302 1257 1353 1284 hoc
1367 1264 1435 1291 ergo
1455 1257 1478 1284 si
1499 1260 1595 1284 sancto
1609 1255 1720 1291 Spiritu
1739 1263 1811 1283 men-

1020 1307 1074 1330 tem
1088 1307 1161 1329 tuam
1177 1301 1306 1337 perﬂante
1317 1307 1345 1330 et
1359 1303 1493 1337 spirante,
1507 1301 1629 1329 secundo
1639 1307 1669 1329 et
1680 1309 1810 1337 prospero

1019 1348 1129 1384 naviges
1150 1355 1246 1380 cursu,
1275 1349 1427 1383 pertransis
1453 1355 1536 1375 sensu
1561 1352 1611 1374 tuo
1631 1348 1731 1374 omnia
1757 1347 1811 1374 hac

1018 1402 1078 1430 quae
1094 1394 1230 1427 videntur,
1246 1395 1310 1428 quia
1325 1393 1485 1428 temporalia
1501 1397 1576 1424 sunt,
1593 1397 1622 1420 et
1637 1392 1758 1420 intueris
1769 1392 1809 1419 illa

1018 1447 1078 1475 qum
1090 1445 1190 1467 aeterna
1205 1445 1284 1473 sunt;
1299 1439 1357 1467 sine
1371 1439 1453 1466 dubio
1468 1438 1543 1469 dicis,
1557 1439 1621 1472 quia
1639 1438 1702 1465 haec
1721 1438 1808 1465 omnia

182 1485 320 1514 felicitatis
345 1484 509 1512 ascendere?
527 1482 672 1518 Propterea
697 1489 762 1517 ergo
779 1489 853 1509 nunc
876 1489 967 1510 sermo
980 1494 1002 1524 α
1020 1493 1078 1519 qttae
1090 1485 1283 1520 videnturjam
1298 1492 1351 1512 non
1371 1489 1446 1515 sunt,
1468 1484 1530 1518 quia
1549 1490 1599 1510 nec
1623 1483 1722 1509 futura
1739 1487 1810 1510 sunt.

181 1532 287 1560 divinus
311 1538 345 1559 ex
361 1537 475 1565 persona
492 1530 627 1564 justorum
648 1525 834 1555 dicit“:Vidi
855 1528 966 1563 impium

181 1584 234 1605 non
249 1577 337 1605 solum
352 1575 512 1606 exaltatum,
538 1573 585 1601 sed
608 1571 831 1607 super-exaltatum
845 1577 868 1599 el
881 1573 967 1600 eleva-

180 1628 247 1655 mm,
271 1628 323 1649 nun
343 1626 425 1656 super
449 1619 563 1647 arbores
585 1617 798 1653 qualescunque,
824 1618 873 1645 sed
888 1624 967 1652 super

181 1671 272 1697 cedro:
289 1667 398 1700 Libani;
414 1669 443 1694 ut
458 1670 485 1693 et
500 1665 582 1692 arbor
598 1663 706 1692 excelsa
724 1663 804 1691 nimis
818 1663 865 1696 sit,
882 1668 910 1691 et
924 1663 965 1691 lo-

180 1723 229 1744 cus
244 1714 342 1742 montis
357 1713 465 1741 cunctis
483 1711 628 1744 excelsior,
643 1715 670 1737 et
685 1715 775 1737 tamen
799 1709 894 1737 videns
908 1710 965 1737 hare

180 1758 536 1794 mnnia,tramioi,inquit",
546 1762 571 1785 et
583 1766 641 1785 ecce
653 1765 705 1784 non
718 1761 785 1783 erat.
802 1755 871 1789 Quid
887 1760 966 1790 putas

181 1808 246 1837 illud
260 1812 302 1836 est
316 1808 387 1843 quod
404 1806 501 1834 transit
523 1806 622 1841 justus,
639 1808 668 1831 ut
694 1804 743 1830 ista
761 1806 849 1829 cesset
865 1801 966 1829 elatio?

181 1854 210 1881 Si
221 1852 383 1881 meministis
396 1852 423 1879 in
435 1851 622 1886 superioribus
636 1856 697 1876 cum
708 1847 861 1875 diceremus
875 1851 966 1874 trans—

182 1901 236 1928 isse
252 1897 360 1935 Moysen
382 1901 411 1925 ut
431 1897 536 1924 videret
549 1896 683 1923 visionem
699 1903 838 1932 magnam,
853 1896 966 1930 potestis

180 1951 209 1974 et
224 1953 293 1973 nunc
307 1945 379 1972 scire
394 1943 459 1978 quid
473 1947 515 1970 est
532 1943 603 1977 quod
625 1943 743 1969 transire
756 1943 855 1969 dicitur
865 1941 964 1975 justus.

180 1992 248 2019 Cum
261 1991 383 2018 videmus
399 1989 492 2017 extolli
518 1989 616 2024 impios
644 1992 672 2015 et
691 1988 717 2015 in
740 1988 852 2014 nimiam
869 1995 965 2022 supcr-

182 2037 253 2064 biam
267 2042 400 2068 crescere,
417 2040 585 2063 transeamus
601 2039 627 2061 et
644 2042 692 2062 nos
709 2039 799 2061 mente
815 2038 842 2060 et
856 2033 965 2060 intelle-

181 2088 226 2109 ctu
243 2082 277 2109 ab
301 2081 344 2109 his
365 2088 425 2115 quae
445 2081 572 2108 videntur
596 2085 625 2107 et
648 2079 807 2114 temporalia
835 2083 910 2112 sunt,
938 2083 966 2106 et

183 2126 380 2154 transferamus
401 2133 509 2154 sensum
534 2130 657 2154 nostrum
681 2126 715 2152 ad
732 2132 763 2152 ea
781 2132 842 2160 quae
857 2122 910 2153 non
924 2125 966 2152 vi-

1025 1530 1085 1557 Vidi
1099 1538 1163 1565 ergo
1188 1531 1296 1565 impium
1317 1528 1542 1562 superemaltalum
1558 1533 1583 1555 et
1607 1528 1711 1555 elatum
1737 1535 1811 1562 super

1014 1574 1110 1604 cedrus
1120 1576 1226 1608 Libani,
1236 1579 1261 1602 et
1273 1575 1393 1608 transivi,
1404 1580 1428 1601 et
1439 1582 1497 1601 ecce
1511 1583 1562 1601 non
1574 1579 1644 1601 eral.
1664 1574 1758 1600 Movet
1774 1581 1812 1600 me

1019 1623 1136 1657 amplius
1149 1622 1237 1650 adhuc
1256 1621 1358 1656 aliquid
1380 1621 1405 1648 in
1425 1621 1476 1648 hoc
1496 1620 1566 1648 loco.
1590 1620 1680 1648 Video
1696 1621 1773 1647 enim
1788 1625 1813 1647 et

1019 1670 1102 1697 alium
1122 1669 1232 1704 impium
1247 1669 1295 1703 qui
1310 1668 1446 1695 exaltatur
1459 1673 1540 1701 super
1553 1666 1656 1694 cedros
1673 1666 1774 1694 Libani
1788 1671 1814 1693 et

1019 1715 1167 1743 extollitur.
1191 1715 1258 1742 Cum
1282 1714 1355 1741 enim
1382 1713 1503 1740 haeretici
1531 1720 1616 1748 supra
1640 1713 1813 1740 conditorem

1021 1761 1103 1788 Deum
1118 1761 1170 1788 sibi
1188 1760 1291 1796 ﬁngunt
1307 1759 1388 1786 alium
1410 1758 1553 1793 quemdam
1570 1758 1673 1791 Deum,
1691 1764 1721 1786 et
1738 1758 1815 1785 exal-

1020 1811 1111 1835 tantur
1133 1811 1214 1842 atque
1242 1806 1408 1834 extolluntur
1434 1805 1460 1832 in
1485 1804 1569 1832 verbo
1593 1805 1750 1836 mendacii,
1768 1811 1814 1831 ne-

1019 1857 1113 1887 gantes
1136 1856 1287 1880 creatorem
1311 1851 1434 1879 omnium
1458 1849 1552 1882 Deum,
1568 1850 1655 1876 Deum
1678 1857 1746 1877 esse
1770 1850 1816 1876 bo-

1019 1904 1094 1930 num,
1108 1898 1198 1933 impiis
1220 1897 1275 1925 suis
1289 1895 1528 1932 praedicationibus
1543 1895 1722 1922 extolluntur
1736 1902 1816 1929 supra

1019 1943 1117 1970 cedros
1144 1942 1260 1974 Libani,
1290 1940 1456 1969 adversariis
1489 1940 1596 1967 scilicet
1629 1942 1817 1975 potestatibus

1019 1987 1181 2018 eminentes,
1193 1995 1306 2022 quarum
1321 1986 1498 2020 inspiratione
1509 1984 1706 2018 hujuscemodi
1723 1986 1814 2012 adrer-

1019 2041 1066 2060 sus
1088 2038 1238 2060 creatorem
1263 2033 1383 2059 ontninm
1410 2032 1494 2059 Deum
1519 2036 1679 2059 commenta
1700 2032 1815 2058 simula-

1019 2081 1093 2109 runt,
1104 2084 1151 2112 pro
1162 2084 1193 2104 eo
1206 2077 1276 2111 quod
1289 2076 1373 2111 legem
1387 2077 1537 2103 secundum
1552 2076 1676 2103 litteram
1693 2082 1816 2103 tantum-

1019 2124 1099 2150 modo
1116 2122 1308 2156 intelligentes,
1332 2127 1358 2149 ct
1383 2121 1533 2157 spiritalem
1556 2129 1618 2149 eam
1647 2129 1714 2150 esse
1742 2122 1817 2157 igno-

168 2173 281 2199 .dentur
299 2176 327 2199 et
343 2177 443 2199 atterna
459 2176 531 2200 sunt.
558 2169 713 2206 Cogitemus
732 2171 891 2206 temporalia
908 2172 966 2198 haec
982 2170 1005 2202 Ι)
1020 2174 1122 2201 rantes,
1146 2169 1251 2203 decepti
1280 2172 1345 2195 sunt
1366 2168 1392 2194 in
1419 2167 1635 2203 cogitationibus
1658 2168 1734 2195 suis.
1763 2167 1816 2194 Hos

181 2224 244 2246 esse
258 2223 286 2245 et
307 2225 455 2253 paucorum
478 2217 581 2244 dierutn
606 2224 667 2252 quae
683 2217 809 2244 ridentur
822 2217 902 2245 elata.
921 2217 967 2245 ln-

182 2262 410 2297 tueamurjudicii
427 2262 508 2294 diem,
525 2266 553 2289 et
568 2262 603 2289 ita
618 2269 699 2289 sensu
716 2267 809 2290 nostro
824 2270 969 2291 cernemus

185 2311 267 2337 istum
283 2309 330 2344 qui
343 2308 560 2344 supcrexaltatus
574 2312 616 2336 est
630 2312 657 2335 et
670 2307 759 2336 elatus
781 2309 853 2336 sicut
868 2309 968 2336 cedrus

182 2356 290 2389 Libani,
308 2355 336 2383 in
355 2355 399 2383 die
412 2354 507 2389 iudicii
529 2355 640 2383 omnino
664 2362 716 2382 lion
737 2363 807 2383 esse.
824 2355 875 2389 Qui
895 2355 967 2383 enim

183 2409 235 2429 non
258 2404 299 2429 est
318 2402 455 2436 particeps
475 2400 548 2428 illius
572 2401 618 2434 qui
633 2408 741 2435 semper
754 2405 806 2433 est,
823 2400 849 2428 id
867 2405 908 2428 est
922 2401 968 2436 qui

181 2448 252 2476 dixit
266 2446 289 2465 “
302 2455 309 2475 :
324 2446 382 2483 Ego
397 2446 455 2474 sum
469 2447 515 2483 qui
529 2451 598 2480 sum,
615 2447 666 2474 iste
680 2454 766 2481 neque
779 2454 840 2474 esse
853 2446 967 2474 dicitur.

182 2494 305 2529 Denique
320 2498 478 2529 peccatores
491 2498 544 2521 non
557 2498 752 2529 computantur
764 2500 835 2520 esse.
851 2493 927 2521 Unde
941 2496 968 2521 et
987 2523 989 2525 _

182 2540 327 2576 Apostolus
345 2541 379 2568 de
395 2541 538 2568 vacatione
555 2540 675 2575 gentium
691 2539 800 2566 dicebat
811 2539 832 2555 “
849 2549 856 2567 :
876 2539 966 2574 Elegit

185 2585 254 2613 Deus
270 2594 328 2621 τινα
342 2593 393 2614 non
408 2590 481 2619 sunt,
494 2591 522 2613 ut
546 2594 577 2613 ea
595 2593 654 2620 quia
670 2590 729 2612 sunt
745 2585 874 2612 destruat.
893 2585 926 2612 Et
939 2586 966 2613 in

184 2631 256 2659 libro
263 2631 361 2660 Esther
369 2630 512 2660 dicitur":
524 2629 584 2658 Non
595 2631 695 2663 tradas,
706 2630 828 2663 Domine,
840 2635 968 2664 sceptrum

186 2682 259 2704 tuum
281 2677 322 2704 his
336 2677 381 2712 qui
397 2684 449 2704 non
472 2682 544 2704 sunt.
569 2677 659 2704 Donec
683 2684 748 2712 ergo
770 2676 832 2712 quis
856 2676 970 2703 miratur

186 2723 320 2757 superbos
334 2723 360 2751 in
376 2723 495 2752 elatione
511 2731 571 2757 Sua,
589 2723 675 2751 donec
692 2723 819 2751 adulatur
833 2723 893 2758 quis
908 2730 971 2757 pec-

220 2778 243 2815 ’ζ
255 2779 326 2815 l’saI.
345 2787 438 2812 xxxvi,
455 2780 501 2808 54.
540 2781 562 2796 ⁸⁸
575 2780 638 2815 Sap.
655 2788 682 2812 ν,
699 2780 725 2807 6.
765 2780 785 2796 ⁸³
801 2779 873 2807 Psal.
901 2787 994 2810 xxxvi,

188 2813 209 2829 "
222 2813 330 2842 Esther.
347 2822 391 2842 xiv
412 2815 454 2842 it.
494 2817 515 2831 η
531 2815 602 2844 I‘sai.
614 2813 714 2850 ‘uvtn,
731 2815 777 2843 ‘22.
816 2815 838 2832 ⁸⁷
851 2815 930 2843 ltum.
951 2821 997 2841 vn.

1017 2221 1082 2249 ergo
1106 2221 1155 2249 ego
1178 2213 1201 2241 si
1228 2214 1330 2241 videam
1354 2217 1383 2240 et
1404 2218 1553 2245 transeam,
1585 2213 1661 2240 ultra
1680 2214 1743 2248 jam
1765 2220 1815 2239 non

1017 2264 1107 2288 erunt.
1131 2259 1201 2293 Quid
1229 2259 1387 2286 transenna?
1412 2259 1434 2286 si
1461 2263 1598 2286 transeam
1625 2258 1769 2292 litteram,
1794 2259 1815 2286 si

1019 2306 1204 2341 transgredior
1220 2305 1305 2341 673
1328 2305 1448 2333 historia:
1462 2304 1653 2340 superﬁciem,
1670 2310 1701 2332 et
1720 2312 1816 2340 perve-

1018 2351 1091 2378 niam
1104 2351 1137 2378 ad
1152 2359 1260 2379 sensum
1279 2351 1441 2385 spiritalem,
1458 2350 1589 2386 quoniam
1609 2350 1657 2377 lex
1682 2350 1816 2385 spiritalis

1017 2401 1059 2424 est
1069 2396 1103 2429 ⁵⁷,
1117 2395 1139 2423 si
1159 2396 1251 2423 omnia
1276 2396 1320 2423 illa
1338 2396 1365 2422 in
1386 2395 1485 2430 quibus
1506 2400 1602 2422 errant
1631 2400 1661 2422 et
1673 2396 1816 2430 decipiun-

1022 2449 1075 2476 tur,
1090 2444 1247 2479 spiritaliter
1260 2443 1412 2478 explanem,
1428 2442 1556 2478 dogmata
1570 2449 1672 2470 eorum
1689 2443 1776 2478 impia
1792 2448 1816 2468 et

1021 2489 1112 2524 iniqua
1127 2489 1184 2524 jam
1200 2497 1251 2516 non
1265 2492 1355 2516 erunt.
1371 2487 1404 2514 Et
1423 2487 1459 2514 ita
1482 2487 1680 2522 complebitur,
1698 2493 1728 2514 ut
1744 2487 1817 2515 exal-

1022 2539 1093 2562 tatus
1109 2534 1209 2570 impius
1224 2538 1250 2561 ct
1265 2534 1351 2561 elatus
1372 2541 1415 2560 me
1433 2537 1596 2560 transeunte
1615 2533 1677 2567 jam
1695 2541 1751 2561 non
1771 2533 1815 2560 sit.

1021 2581 1073 2608 Sed
1086 2586 1114 2608 et
1129 2589 1190 2608 cum
1208 2581 1339 2616 quatritur
1352 2579 1429 2606 locus
1445 2578 1504 2613 ejus
1519 2586 1573 2605 non
1592 2579 1753 2607 invenitur.
1766 2578 1816 2606 Lo-

1020 2633 1068 2654 cus
1091 2625 1165 2661 impii
1188 2625 1336 2660 dogmatis,
1354 2624 1444 2651 littera
1469 2623 1538 2659 legis
1562 2629 1619 2657 est,
1640 2633 1706 2660 quze
1728 2626 1816 2652 littera

1022 2675 1131 2704 occidit.
1144 2675 1212 2703 Cum
1226 2681 1291 2709 ergo
1299 2676 1355 2701 ’που
1368 2681 1382 2700 a
1401 2673 1493 2701 littera
1505 2672 1656 2701 occidente
1667 2674 1817 2700 transimus

1023 2721 1056 2749 ad
1084 2721 1210 2756 spiritum
1227 2720 1421 2752 viviﬁcantem,
1447 2727 1482 2747 ne
1506 2718 1586 2747 locus
1607 2720 1720 2754 quidem
1740 2717 1815 2752 impii

1016 2779 1059 2807 55.
1099 2779 1121 2796 θ’
1137 2779 1201 2807 ibid.
1218 2778 1263 2806 56.
1304 2778 1328 2794 ⁸³
1341 2776 1427 2805 Exod.
1443 2782 1485 2811 ut,
1501 2776 1547 2804 H.
1586 2777 1609 2793 “
1625 2777 1711 2806 lCor.
1728 2784 1747 2810 t,
1770 2777 1814 2803 ΞΒ.
