1886 3052
59 112 120 140 1365

388 111 543 140 SELECTA
561 110 594 139 ΙΝ
613 110 783 139 PSALMOS.
803 123 839 129 —
855 108 974 138 HOMIL.
993 109 1015 137 V
1033 109 1066 137 IN
1081 109 1178 138 PSAL.
1201 110 1308 138 XXXVI

1597 111 1666 139 1566

54 169 179 205 dogmatis
193 169 334 205 repudiata
344 169 436 198 littera
447 175 539 206 potest
550 170 678 199 inveniri.
691 170 830 205 Quomodo
844 171 868 201 Α
881 176 975 197 eorum
992 169 1037 205 qui
1057 170 1145 197 adhuc
1165 169 1192 196 in
1216 168 1430 204 profectionibus
1455 174 1535 201 sunt;
1554 177 1665 204 regnum

54 220 137 243 autem
155 216 303 250 querimus
315 217 398 244 eum?
420 216 487 244 Cum
510 217 679 251 disputamus
698 217 829 246 adversus

53 268 95 288 eos
108 265 207 288 etcum
229 262 420 297 conquirimus
440 262 472 290 ad
494 263 624 296 invicem,
651 267 715 292 tune
731 263 831 298 quaeri-

19 332 22 335 .
52 314 107 336 ntus
121 306 208 335 locum
221 307 357 341 dogmatis
375 308 448 336 illius
462 309 488 336 in
503 308 593 336 littera
613 308 680 343 legis
699 308 829 342 historiae,

52 355 76 378 et
86 351 235 381 ostenditur
250 353 399 381 secundum
415 353 557 381 historiam
574 357 649 380 stare
664 359 717 380 non
731 359 828 387 posse:

52 401 133 425 amota
148 397 238 426 littera
254 405 286 426 ac
303 398 415 433 rejects,
443 406 578 432 nusquam
596 398 691 433 utique
707 405 833 433 quaerens

54 442 118 470 tibus
131 443 211 471 nobis
227 447 255 471 et
281 444 478 473 disserentihus
501 445 576 472 locus
599 444 674 479 impii
696 443 831 479 dogmatis

54 487 192 514 invenitur.

85 532 108 560 6.
126 532 233 560 Custodi
249 533 426 561 innocentiam
447 539 471 562 et
491 535 549 562 uide
566 535 757 570 equitatem“.
773 535 829 563 Cu—

53 577 146 605 stodirc
161 579 342 606 innocentiam
358 587 408 607 nos
424 580 548 616 pratcipit
566 587 656 608 sermo
668 581 726 608 Dei.
743 581 832 608 lntan-

53 628 104 651 tum
126 625 279 659 corruptela
303 633 408 653 morum
430 626 544 660 profecit
569 626 595 653 in
619 626 787 658 hominibus,
802 631 831 654 ut

52 670 115 706 apud
128 671 343 706 quamplurimas
356 673 511 699 innocentia
527 680 577 708 pro
590 672 705 700 stultitia
724 672 831 707 judice-

51 720 99 744 tur:
107 723 197 744 verum
205 716 344 752 Scriptura
351 724 464 745 summae
474 719 524 746 hoc
531 720 600 746 virtu
605 719 744 755 tisjudicat
751 727 829 754 opus,

50 761 106 796 quia
121 762 300 790 innocentiam
314 763 419 798 judicat
435 763 508 791 illam
521 771 581 798 qua:
603 765 704 792 nemini
721 771 828 796 noceat,

49 806 176 834 neminem
184 806 272 834 laedat.
282 807 349 834 Dum
362 815 426 843 ergo
433 808 512 836 dicit:
523 808 632 836 Custodi
644 809 828 841 innocentiam,

881 224 945 245 vero
969 216 1027 249 Dei,
1043 223 1147 248 eorum,
1172 216 1217 251 qui
1235 216 1291 251 jam
1312 216 1346 243 ad
1363 215 1513 250 perfectum
1535 221 1667 242 venerunt

881 262 974 290 tinem.
996 261 1071 290 Unde
1085 267 1112 290 et
1135 269 1206 288 nunc
1229 261 1304 288 salus
1325 260 1390 294 justi
1415 260 1485 294 apud
1509 260 1592 287 Deum
1606 267 1666 287 esse

879 307 992 339 dicitur,
1005 314 1065 334 cutn
1079 306 1173 342 utique
1183 306 1347 341 perfectione
1358 305 1419 334 vitae
1432 313 1517 339 usque
1530 305 1563 332 ad
1578 305 1665 340 ipsum

880 353 1024 380 Dominum
1048 352 1181 379 meruerit
1205 351 1356 386 pervenire.
1377 350 1409 377 Et
1431 354 1562 384 protector
1583 355 1619 377 est
1638 350 1666 377 in

881 405 994 434 tempore
1008 398 1225 425 tribulationis".
1243 397 1318 430 Quod
1335 402 1375 424 est
1391 401 1495 431 tempus
1512 395 1664 425 tribulatio-

880 445 934 478 nis,
953 445 1004 472 nisi
1030 444 1081 472 hoc
1110 444 1135 471 in
1155 441 1209 478 quo
1227 450 1332 476 sumus,
1357 450 1419 469 cum
1441 449 1490 476 per
1517 445 1619 472 arctam
1637 445 1666 467 et

881 496 1022 526 angustam
1046 490 1117 517 viam
1144 489 1296 517 incedimus
1321 495 1381 523 qua:
1407 488 1480 515 ducit
1503 487 1536 514 ad
1563 486 1665 513 vitam?

881 534 909 561 Si
927 540 1016 562 tamen
1036 542 1084 570 per
1105 539 1246 569 angustam
1269 533 1430 565 incedimus,
1456 539 1515 567 qua:
1537 531 1612 559 ducit
1630 531 1665 558 ad

880 581 973 613 vitam,
998 584 1025 606 et
1049 587 1101 606 non
1119 587 1168 615 per
1187 579 1259 606 illam
1281 577 1364 605 latam
1386 583 1415 605 et
1437 578 1585 612 spaliosam
1604 583 1664 611 quae

881 625 982 653 divitiis
1005 625 1134 652 dilatatur
1157 630 1185 652 et
1209 625 1317 652 luxuria
1349 623 1523 656 dissolvitur,
1551 629 1610 658 quae
1636 622 1664 649 iu

880 670 970 698 carnis
984 670 1167 705 voluptatibus
1181 670 1343 703 emollcscit,
1358 677 1419 705 qua:
1433 673 1594 704 praesentem
1607 667 1665 703 εἰσιν

881 716 948 743 riam
968 715 1063 750 diligit.
1088 715 1190 742 llorum
1214 720 1352 750 protector
1372 723 1425 742 non
1448 714 1519 742 Deus
1537 718 1587 746 est,
1616 713 1665 740 sed

881 761 1033 788 Mammoua
1046 770 1052 788 :
1064 769 1158 788 eorum
1176 767 1265 788 autem
1280 761 1325 796 qui
1342 761 1370 788 in
1385 760 1559 791 tribulatione
1574 764 1601 786 et
1614 767 1664 787 an-

881 808 970 843 gustia
987 811 1062 840 sunt,
1083 812 1219 842 protector
1241 812 1283 834 est
1306 808 1386 839 Deus,
1406 807 1470 842 quia
1487 806 1578 833 multa:
1600 811 1664 833 sunt

50 851 96 879 hoc
105 853 227 887 estquod
243 860 293 881 nos
310 841 420 881 servare
431 850 828 889 pratcipitutnemineutlaada-
846 841 867 868 Β
883 841 1072 881 tribulationes
1083 841 1238 888 ijustorum.
1255 852 1431 880 Tribulantur
1446 853 1520 881 enim
1537 853 1664 880 conside-

49 904 114 929 mus,
137 898 237 925 nemini
259 905 415 927 noceamus.
433 899 490 926 Hoc
510 904 601 927 autem
623 900 790 932 obtinemus,
805 900 827 927 si

49 950 149 978 semper
162 943 266 972 intento
279 944 371 972 animo
386 949 413 972 et
427 945 550 981 vigilanti
564 946 705 974 videamus
719 946 829 980 aequita-

48 992 108 1016 tem.
121 989 288 1024 Equitatem
304 998 369 1026 ergo
383 991 409 1018 in
428 992 481 1019 hoc
493 992 552 1019 loco
575 992 614 1019 sic
629 991 742 1026 accipio,
757 991 827 1018 sicut

47 1033 192 1069 veritatem,
203 1036 270 1063 sicut
279 1034 426 1070 justitiam,
438 1036 510 1064 sicut
518 1037 612 1070 vitam,
623 1037 693 1071 quod
701 1036 828 1064 Christus

46 1082 92 1106 est.
108 1077 169 1107 Hmc
183 1080 255 1108 enim
275 1081 392 1110 videndo
411 1082 492 1110 simul
513 1082 596 1110 etiam
621 1083 705 1111 Deum
721 1082 827 1110 videbi-

47 1131 111 1152 mus.
127 1124 239 1155 Custodi
260 1134 325 1162 ergo
347 1127 525 1155 innocentiam
545 1134 569 1155 et
586 1128 644 1156 vide
666 1129 826 1164 a'quitatem,

45 1171 164 1204 quoniam
175 1176 235 1199 eunt
249 1173 366 1207 reliquiw
381 1174 481 1200 homini
495 1175 616 1209 paciﬁca.
630 1174 751 1210 Requiro
765 1183 826 1210 qua:

45 1221 103 1242 sum
117 1215 238 1251 reliquiae
262 1217 321 1245 istae
340 1226 401 1253 quae
423 1219 525 1247 homini
547 1220 661 1254 paciﬁca
683 1228 827 1248 reservan-

47 1261 101 1288 tur?
117 1260 259 1298 Reliquias
272 1263 364 1292 dicere
379 1265 498 1292 solemus
510 1273 571 1293 cum
585 1266 700 1301 spiritus
715 1274 827 1302 separa-

45 1310 84 1334 tur
96 1314 110 1334 a
122 1315 247 1343 corpore,
261 1309 333 1336 velut
349 1310 452 1343 majore
472 1315 549 1345 parte
570 1311 710 1339 hominum
730 1312 757 1339 in
769 1312 827 1348 spi-

45 1352 94 1380 ritu
108 1352 247 1389 deputata,
268 1362 328 1389 quae
341 1360 465 1390 superest
483 1363 546 1391 pars
568 1357 692 1392 corporis
706 1357 827 1393 reliquias

45 1398 226 1427 nominantur.
247 1399 276 1427 Si
296 1407 362 1435 ergo
383 1401 518 1429 credimus
541 1402 632 1430 verbis
644 1403 766 1438 Apostoli
783 1404 825 1432 di-

43 1443 123 1472 centis
132 1444 154 1461 "
164 1444 230 1479 quia
246 1447 392 1474 seminatur
405 1454 505 1482 corpus
523 1448 550 1475 in
565 1449 743 1483 corruptione,
751 1457 825 1477 mor-

880 906 973 930 rantes
989 906 1092 936 tempus
1106 900 1201 935 judicii
1211 905 1239 928 et
1249 901 1408 936 semetipsos
1422 901 1606 933 discutientes,
1629 908 1663 928 ne

878 949 949 978 forte
962 948 1065 983 aliquid
1078 947 1231 975 inveniatur
1248 947 1274 976 iu
1292 947 1333 975 eis
1344 947 1417 982 quod
1432 950 1543 974 vocetur
1559 947 1592 974 ad
1607 947 1664 974 cul-

878 1003 950 1031 pain.
967 994 1017 1026 Qui
1034 1000 1099 1029 ergo
1119 997 1230 1028 propter
1254 993 1306 1021 hoc
1321 992 1488 1020 tribulantur
1506 997 1532 1019 et
1553 992 1663 1020 solliciti

878 1045 952 1070 sunt.
970 1040 1023 1066 erit
1039 1038 1110 1066 Deus
1132 1041 1271 1073 protector
1285 1044 1380 1065 eorum
1398 1037 1425 1064 in
1441 1041 1562 1071 tempore
1576 1037 1663 1064 tribu-

877 1087 998 1120 lationis,
1020 1086 1047 1113 in
1071 1091 1192 1120 tempore
1207 1083 1312 1119 iudicii,
1338 1091 1399 1111 cum
1424 1083 1566 1111 tradentur
1584 1083 1661 1118 impii

878 1133 910 1160 ad
929 1139 1044 1168 ptenas:
1060 1136 1124 1159 tunc
1139 1135 1168 1158 et
1181 1129 1320 1166 adjuvabit
1337 1135 1384 1156 eos
1401 1128 1531 1155 Dominus
1549 1128 1575 1155 in
1594 1134 1664 1156 tem-

878 1186 944 1214 pore
968 1176 1162 1210 tribulationis,
1179 1181 1204 1203 et
1227 1174 1325 1209 eripiet
1349 1181 1409 1206 eos,
1425 1178 1452 1200 et
1468 1172 1571 1201 auferet
1585 1180 1634 1201 eos
1646 1181 1662 1202 a

878 1222 1080 1260 peccatoribus,
1098 1229 1151 1250 non
1176 1221 1264 1249 solum
1288 1219 1323 1247 ab
1340 1218 1496 1246 hominibus
1509 1219 1661 1254 peccatori—

877 1270 939 1302 bus,
954 1270 1002 1298 sed
1020 1269 1102 1296 etiam
1120 1275 1136 1295 a
1159 1265 1307 1295 contrariis
1322 1264 1513 1300 potestatibus,
1529 1264 1571 1292 vel
1586 1269 1663 1299 certe

877 1323 910 1344 eo
941 1319 1060 1350 tempore
1083 1321 1145 1341 cum
1172 1311 1263 1339 anima
1289 1314 1432 1346 separatur
1454 1318 1468 1337 a
1496 1315 1662 1346 corpore,et

876 1364 1024 1390 occurrunt
1049 1359 1074 1387 ei
1100 1362 1256 1393 peccatores
1273 1357 1420 1391 daemones,
1439 1356 1562 1386 adversae
1587 1360 1662 1391 pote-

876 1411 975 1440 states,
991 1405 1104 1440 spiritus
1119 1405 1189 1432 aeris
1205 1403 1286 1439 hujus
1300 1402 1345 1438 qui
1362 1409 1422 1430 eam
1433 1401 1526 1430 volunt
1540 1401 1662 1428 detinere

877 1459 903 1481 et
925 1458 1058 1481 revocare
1077 1451 1110 1479 ad
1130 1458 1160 1478 se
1183 1450 1207 1478 si
1225 1449 1289 1485 quid
1311 1450 1338 1478 in
1364 1457 1396 1477 ea
1417 1456 1527 1479 suorum
1550 1455 1661 1483 operum

43 1489 75 1516 tis
95 1490 201 1518 scilicet
217 1497 350 1527 tempore,
361 1497 389 1521 et
401 1499 487 1529 surget
499 1494 528 1521 in
541 1494 749 1529 incorruptione,
763 1503 825 1523 cum
839 1507 860 1536 α
878 1503 1071 1535 gestorumque
1093 1496 1279 1531 cognoverim.
1300 1494 1382 1522 venit
1409 1495 1482 1522 enim
1507 1494 1541 1521 ad
1566 1501 1662 1520 unm..-

42 1537 250 1565 resurrectionis
266 1542 371 1572 tempus
386 1539 540 1570 advenerit,
555 1546 617 1566 cum
633 1540 716 1567 etiam
730 1547 825 1568 corru-

41 1580 131 1614 ptibile
143 1581 199 1610 hoc
215 1582 333 1610 induerit
346 1583 590 1619 incorruptionem,
605 1588 633 1612 et
644 1585 759 1617 mortale
773 1585 837 1628 hoe

41 1625 155 1655 induerit
180 1628 413 1657 immortalitatem
427 1630 467 1663 "°,
498 1634 562 1658 tunc
595 1635 677 1658 erunt
701 1632 824 1666 reliquias

41 1671 138 1701 homini
159 1674 288 1709 pacifico.
305 1675 392 1702 Erunt
412 1679 502 1703 autem
525 1676 562 1704 ibi
583 1676 689 1711 paciﬁci
705 1676 826 1706 hominis

40 1717 158 1753 reliquiae
174 1720 203 1747 in
225 1727 292 1755 pace
314 1725 342 1748 et
364 1720 391 1748 in
418 1721 523 1756 requie.
546 1721 616 1749 Dicit
631 1722 703 1753 enim
722 1727 750 1751 et
771 1723 825 1750 Do-

41 1764 125 1793 minus
139 1766 172 1793 de
187 1766 321 1802 pacificis,
334 1768 396 1802 quia
411 1767 492 1795 etiam
504 1767 823 1802 ﬁliiDeivocabuntur“.

41 1808 127 1843 Pater,
145 1812 205 1839 volo
225 1817 252 1839 ut
268 1813 312 1840 ubi
329 1821 375 1848 ego
397 1821 467 1846 eum,
483 1819 507 1840 et
530 1814 577 1841 isti
603 1823 704 1842 mecum
725 1817 822 1844 sint".

40 1854 108 1885 Sunt
122 1866 188 1893 ergo
200 1866 262 1886 curn
278 1859 388 1887 Christo
402 1859 524 1894 reliquiae
539 1860 657 1889 hominis
670 1862 787 1896 pacifici.

72 1902 99 1930 7.
115 1903 207 1939 Iniqui
224 1909 313 1932 autem
332 1905 579 1933 exterminabuntur
596 1907 716 1940 simul“,
733 1909 758 1935 id
781 1913 822 1936 est

38 1954 130 1976 omnes
143 1951 250 1984 pariter
263 1950 529 1985 exterminabuntur,
540 1951 603 1986 quia
618 1959 687 1981 unus
700 1953 763 1981 finis
772 1954 825 1982 erit

38 2000 127 2021 eorum
144 1996 281 2030 gehenna.
298 1995 428 2032 Reliquiae
451 1997 593 2031 impiorum
611 1998 743 2032 peribunt,
761 2003 825 2027 tunc

38 2044 96 2065 cum
107 2047 209 2075 corpus
224 2046 250 2068 et
264 2042 382 2070 animam
397 2043 532 2077 perditum
547 2043 621 2071 dabit
634 2043 660 2071 in
673 2044 823 2080 gehennam

38 2082 59 2110 is
80 2085 126 2118 qui
152 2085 238 2114 habet
263 2092 433 2123 potestatem.
451 2087 531 2116 Salus
551 2094 639 2116 autem
652 2089 788 2124 justarum
808 2100 824 2119 a

37 2127 187 2159 Domino".
203 2130 258 2159 Sed
271 2132 366 2160 melius
380 2133 446 2161 dicit
459 2133 485 2161 in
500 2133 595 2161 Graeco
608 2142 616 2161 :
628 2133 710 2163 Salus
736 2140 823 2164 autem

33 2174 163 2208 justoruns
180 2177 255 2212 apud
272 2177 423 2207 Dominum.
439 2178 498 2206 Non
521 2178 600 2212 dixit,
622 2180 650 2207 in
665 2181 735 2209 coelo
749 2181 822 2212 satus

33 2218 177 2255 iustorum,
192 2227 222 2250 et
239 2222 290 2250 hoc
305 2223 377 2251 enim
398 2227 532 2259 praeterit;
549 2234 604 2255 non
616 2226 686 2260 apud
701 2227 820 2262 aliquam

36 2271 200 2299 creaturam,
225 2269 288 2302 quia
312 2269 378 2296 nihil
405 2270 543 2300 immobile
567 2272 610 2300 vel
634 2273 819 2301 immutabile:

35 2310 79 2337 sed
94 2313 167 2346 apud
185 2312 329 2341 Dominum
345 2315 418 2342 salus
433 2321 476 2343 est
494 2317 640 2352 iustorum,
653 2317 698 2352 qui
714 2325 822 2354 semper

34 2362 133 2390 manet,
154 2366 266 2394 semper
289 2359 360 2388 idem
383 2366 436 2394 est,
462 2370 568 2397 semper
597 2364 744 2393 immobilis
766 2370 819 2398 est,

33 2409 81 2430 nec
95 2411 214 2439 usquam
232 2410 322 2440 potest
339 2414 399 2434 esse
418 2407 502 2436 tutius
515 2408 587 2437 salus
604 2409 722 2437 hominis
736 2417 818 2445 quam

31 2449 100 2481 apud
120 2448 279 2478 Dominum.
297 2451 344 2479 Ille
360 2451 426 2479 mihi
447 2452 534 2487 locus,
559 2455 603 2482 ille
628 2455 695 2483 mihi
711 2456 817 2489 domus,

32 2492 74 2521 ille
93 2495 161 2523 mihi
180 2497 299 2531 mansio,
318 2497 363 2526 ille
380 2499 496 2533 requies,
513 2499 557 2527 ille
569 2500 605 2528 sit
620 2501 817 2529 habitaculum.

30 2538 153 2577 Denique
169 2543 349 2571 annuntiatttr
373 2545 453 2573 nobis
467 2554 482 2573 a
496 2551 591 2574 sancta
608 2546 748 2582 Scriptura
764 2555 818 2575 non

27 2585 114 2614 solum
142 2595 258 2622 regnum
281 2589 424 2622 coriorum,
448 2592 496 2619 sed
524 2599 638 2626 regnum
663 2592 722 2620 Dei.
742 2592 776 2620 Ut
791 2599 819 2620 et

27 2633 138 2660 memini
157 2641 201 2660 me
215 2634 270 2668 jam
285 2642 355 2670 saepe
374 2636 488 2670 dixisse,
508 2645 621 2674 regnum
633 2638 763 2666 ctelortuu
777 2643 820 2667 est

58 2770 80 2806 ξ’
91 2769 166 2798 Psal.
182 2779 276 2804 xum,
287 2772 331 2798 37.
371 2773 392 2788 ”
407 2772 489 2800 lCor.
506 2780 550 2806 κν,
563 2773 607 2800 42.
646 2773 669 2789 ⁷ο
685 2773 750 2801 ibid.
762 2774 806 2801 55.

876 1551 1012 1580 quamque
1025 1543 1143 1570 animam
1154 1541 1188 1570 de
1202 1541 1254 1569 hoc
1264 1543 1364 1569 mundo
1377 1544 1520 1569 exeuntem
1534 1540 1663 1575 princeps

875 1590 955 1624 hujus
975 1588 1080 1621 mundi,
1096 1593 1124 1615 et
1139 1595 1226 1617 aerea:
1247 1591 1408 1621 potestates,
1431 1590 1459 1614 et
1483 1586 1624 1620 requirunt
1637 1586 1661 1613 si

875 1633 1015 1662 inveniant
1029 1632 1055 1660 in
1070 1640 1102 1661 ea
1120 1632 1222 1667 aliquid
1242 1639 1337 1664 suum;
1355 1631 1377 1658 si
1390 1631 1533 1660 avaritiam
1549 1630 1662 1659 invene-

874 1679 941 1714 rint,
958 1687 1014 1707 suaa
1031 1679 1116 1714 partis
1132 1682 1191 1711 est;
1210 1678 1232 1706 si
1251 1677 1330 1710 iram,
1351 1677 1374 1705 si
1389 1676 1535 1710 luxuriam,
1551 1677 1574 1705 si
1591 1676 1661 1704 invi‘

874 1725 956 1757 diam,
978 1730 1005 1753 et
1019 1724 1125 1760 singula
1143 1730 1258 1758 quaeque
1273 1730 1368 1752 eorum
1394 1721 1493 1751 similia
1508 1723 1531 1750 si
1549 1723 1660 1754 invene—

875 1771 945 1802 rint,
962 1777 1018 1798 sute
1039 1769 1126 1805 partis
1143 1772 1194 1800 est,
1210 1772 1238 1795 et
1253 1768 1305 1795 sibi
1324 1775 1385 1799 eam
1409 1767 1568 1800 defendunt,
1585 1772 1612 1795 et
1625 1767 1660 1795 ad

875 1823 904 1844 se
914 1823 975 1843 eam
992 1815 1114 1847 trahunt,
1130 1819 1157 1842 et
1171 1814 1204 1841 ad
1221 1818 1325 1848 partem
1349 1821 1410 1841 eam
1424 1817 1596 1847 peccatorum
1612 1813 1660 1841 de-

873 1861 988 1888 clinant.
1012 1860 1041 1887 Si
1071 1867 1135 1887 vero
1161 1859 1261 1893 aliquis
1289 1859 1412 1886 imitatus
1437 1863 1477 1890 est
1505 1858 1579 1886 illum
1611 1858 1667 1892 qui

873 1907 972 1934 dixit"
985 1915 993 1933 :
1010 1905 1076 1934 Ecce
1091 1906 1171 1934 veniet
1184 1907 1304 1941 princeps
1319 1905 1410 1937 mundi
1426 1904 1517 1939 hujus,
1530 1908 1555 1932 et
1571 1904 1598 1930 in
1618 1912 1659 1931 me

873 1961 927 1980 non
949 1952 1024 1979 habet
1044 1951 1197 1987 quidquam,
1217 1951 1240 1979 si
1264 1958 1293 1978 se
1312 1950 1410 1986 aliquis
1434 1950 1471 1977 ita
1489 1949 1657 1982 observavit,

873 1998 987 2027 veniunt
1002 1998 1110 2032 quidem
1135 1998 1180 2026 isti
1203 2001 1370 2035 peccatores,
1391 2000 1420 2025 et
1439 1995 1611 2030 requirentes
1631 1994 1658 2022 in

873 2053 905 2074 eo
919 2053 978 2081 quae
993 2053 1041 2073 sua
1063 2049 1138 2078 sunt,
1155 2050 1182 2074 et
1199 2053 1250 2072 non
1269 2043 1438 2073 invenientes
1455 2042 1595 2069 tentabunt
1617 2041 1660 2068 ni-

873 2090 1021 2119 hilominus
1043 2091 1076 2118 ad
1100 2097 1175 2119 suam
1193 2093 1298 2126 partem
1322 2087 1456 2115 violenter
1481 2094 1542 2120 eum
1566 2087 1658 2115 deter-

875 2144 969 2170 quere,
982 2137 1029 2164 sed
1045 2136 1175 2164 Dominus
1190 2135 1286 2170 eripiet
1302 2142 1364 2164 eum
1382 2141 1396 2167 ξ
1411 2132 1613 2168 peccatoribus.
1627 2132 1660 2159 Et

838 2175 861 2203 Ῑ)
876 2181 946 2210 forte
974 2186 1117 2220 propterea
1138 2180 1268 2216 juhemur
1291 2185 1355 2206 cum
1380 2176 1499 2212 quodam
1529 2177 1660 2214 mysterio

875 2227 958 2254 etiam
969 2227 994 2253 in
1008 2226 1131 2253 oratione
1146 2223 1408 2260 petere,dicentes"
1421 2232 1428 2250 :
1446 2222 1498 2250 Sed
1513 2222 1595 2250 libera
1611 2230 1659 2249 nos

875 2280 892 2298 α
912 2271 992 2299 torulo.
1009 2271 1062 2299 Sed
1078 2278 1186 2299 causam
1203 2277 1259 2305 .qua
1275 2269 1373 2304 eripiat
1385 2268 1474 2303 justus
1490 2275 1554 2295 suos
1566 2268 1658 2296 Domi-

874 2325 924 2345 nus
938 2316 1021 2352 679
1037 2324 1051 2343 a
1067 2316 1265 2352 peccatoribus.
1282 2315 1338 2345 sive
1368 2314 1394 2342 in
1414 2319 1533 2349 tempore
1549 2314 1657 2346 exitus,

872 2363 931 2391 sive
957 2364 983 2390 in
1009 2367 1131 2398 tempore
1151 2362 1258 2396 judicii,
1276 2370 1337 2390 cum
1367 2362 1426 2391 dies
1442 2361 1487 2389 ille
1508 2360 1657 2390 secundum

873 2407 1038 2443 Prophetam
1053 2409 1225 2439 necessitatis
1241 2413 1269 2436 et
1297 2408 1441 2443 angustiae,
1456 2407 1515 2438 dies
1531 2407 1657 2435 obscuri-

874 2456 938 2483 tatis
963 2459 990 2483 et
1014 2455 1186 2490 perditionis,
1212 2455 1305 2490 iudicii
1327 2455 1387 2483 dies
1411 2452 1567 2486 advenerit;
1594 2457 1659 2481 tunc

874 2509 940 2537 ergo
967 2509 1076 2528 causam
1103 2509 1160 2536 qua
1182 2502 1252 2537 eripi
1279 2507 1434 2530 mereantur
1463 2499 1604 2535 subjungit
1629 2503 1659 2527 et

873 2548 939 2576 dicit
961 2547 994 2580 '°,
1014 2548 1077 2583 quia
1092 2553 1261 2582 speraverant
1283 2549 1311 2576 in
1331 2556 1400 2575 eum.
1427 2543 1574 2582 Sperantes
1590 2553 1655 2581 ergo

870 2595 897 2621 in
920 2601 952 2622 se
977 2593 1074 2628 eripiet
1101 2598 1128 2621 et
1156 2594 1190 2622 de
1215 2593 1392 2621 tribulatione
1422 2597 1450 2621 et
1479 2593 1512 2620 de
1533 2592 1657 2619 necessi-

871 2644 939 2668 tate.
965 2639 1107 2673 Quomodo
1130 2644 1219 2667 autem
1247 2646 1359 2675 sperare
1379 2638 1488 2673 debeat,
1513 2638 1574 2666 volo
1605 2638 1654 2665 tibi

858 2775 878 2790 “
893 2774 986 2801 Matth.
999 2781 1024 2803 ν,
1036 2774 1064 2801 9.
1101 2773 1210 2800 "Joau.
1221 2781 1287 2805 xvtt,
1297 2774 1340 2801 Si.
1380 2773 1402 2790 "
1412 2772 1482 2801 Psal.
1500 2780 1593 2805 uxt't,
1610 2773 1653 2800 38.

25 2804 49 2820 ”
62 2805 128 2833 ibid.
145 2807 196 2834 59.
235 2807 335 2835 "ibid.
351 2808 396 2836 39.
434 2808 457 2825 τε
471 2804 549 2836 Joan.
565 2816 619 2842 xtv,
636 2808 680 2836 50.
719 2809 740 2824 ⁷⁷
754 2808 847 2838 Matth.
868 2818 906 2843 vt,
924 2809 964 2837 l5.
1003 2809 1024 2824 7'
1041 2808 1111 2836 l’sal.
1128 2816 1218 2842 um,
1242 2809 1286 2836 ω.
