1886 3052
102 110 114 137 1
119 111 175 138 389

445 113 600 141 SELECTA
618 114 652 141 IN
671 113 839 142 PSALMOS.
860 129 895 134 —
911 113 1027 141 IIOMIL.
1048 113 1059 140 I
1076 112 1111 141 IN
1127 112 1224 141 PSAL.
1243 111 1364 140 XXXVII

1652 113 1720 140 ηιτο

100 170 190 205 ευχῆς
203 170 244 203 τὸ,
262 181 271 196 t
284 171 330 207 Μὴ
349 172 536 209 ὲγκαταλίπῃς
560 182 604 209 με,
621 173 706 210 Κύριε
725 175 739 200 ὸ
751 174 817 206 Θεός
828 183 889 210 μου,
905 178 928 205 Α
942 174 1014 201 dium
1028 178 1070 200 est

942 174 1014 201 dium
1028 178 1070 200 est
1085 172 1150 200 illqu
1167 181 1174 199 :
1194 171 1234 199 Ne
1256 171 1421 207 derelinquas
1443 179 1494 205 me,
1518 171 1628 199 Domine
1652 172 1720 199 Deus

103 215 143 250 μὴ
159 216 282 252 ἀποστῇς
297 217 343 244 ἀπ’
352 217 419 253 ἐμοῦ
427 226 434 233 δ
446 219 562 254 πρόσεχε
578 220 617 251 εις
629 220 679 255 τὴν
691 219 814 255 βοήθειάν
826 228 887 255 μου,

100 259 191 296 Κύριε
216 261 266 296 τῆς
287 262 423 298 σωτηρίας
439 271 489 298 μου
500 271 508 280 ·
530 273 539 289 ι
555 263 611 300 ἔχει
624 264 679 300 γὰρ
695 266 724 291 ἐν
742 264 829 300 ἐαυτῷ
842 265 888 292 καὶ

98 305 152 341 τὴν
167 306 249 340 ἁγίαν
264 307 375 342 Τριὰδα.

941 228 1025 252 meus,
1041 227 1073 246 ne
1095 218 1246 245 discesseris
1265 225 1281 243 rt
1304 225 1361 249 me;
1387 217 1491 244 intende
1512 218 1540 244 in
1560 217 1720 252 adjutorium

941 274 1037 299 meum,
1053 265 1163 293 Domine
1180 265 1247 292 Deut
1260 263 1354 291 salutis
1371 272 1434 291 mete
1446 273 1456 292 :
1468 264 1549 292 habet
1559 264 1632 291 enim
1648 263 1673 290 in
1691 271 1721 290 se

941 311 1023 338 etiam
1042 316 1163 338 sanctam
1179 310 1353 338 Trinitatem.

558 453 847 500 ORIGENIS
883 455 1269 503 EXPLANATIO

185 551 284 591 Super
306 551 464 592 psalmum
487 551 687 584 tricesimum
710 551 897 592 septimum,
921 551 978 592 qui
1002 551 1122 585 dicitur
1144 562 1152 582 :
1175 554 1315 592 Domine,
1339 563 1377 585 ne
1390 545 1429 586 ὑπ’
1439 555 1558 593 furore,
1581 557 1639 585 etc.

356 727 496 756 HOMILIA
522 728 639 757 PRIMA.

139 775 152 802 Ι
159 774 282 803 .Creator
289 775 468 802 humanorum
477 783 619 809 corporum
628 775 698 803 Deus
709 776 810 804 sciebat
818 778 889 811 quod

99 821 168 848 talis
185 825 257 848 esset
269 820 401 854 fragilitas
413 820 523 847 hutuani
544 821 677 856 corporis,
692 830 751 856 qua:
771 822 889 856 languo-

54 863 64 871 ‘
98 875 149 894 res
164 867 288 893 diversos
306 871 397 900 posset
411 866 541 900 recipere,
557 870 584 894 et
597 867 754 895 vulneribus
775 868 890 903 aliisque

98 912 293 939 debilitatibus
305 916 378 938 esset
394 912 511 938 obnoxia
529 920 537 939 :
554 916 580 939 et
608 912 668 940 ideo
682 914 804 940 venturis
827 922 888 948 pas-

100 957 231 985 siouibns
245 958 402 992 providens.
415 958 497 984 etiam
515 959 714 986 medicAmenta
737 960 889 993 procreavit

99 1010 137 1030 ex
157 1008 242 1035 terra,
255 1007 281 1029 et
308 1003 452 1030 medicina:
475 1003 586 1030 tradidit
610 1004 791 1038 disciplinam,
814 1009 842 1031 ut
866 1005 888 1032 si

100 1048 244 1075 accideret
267 1049 398 1083 aegritudo
423 1049 541 1082 corpori,
567 1056 619 1076 nou
645 1049 751 1077 deesset
775 1050 887 1077 medela.

99 1095 164 1127 Quo
185 1094 263 1121 nobis
279 1094 365 1120 tendit
383 1093 432 1121 ista
458 1094 603 1128 prafatio?
624 1094 663 1122 Ad
689 1095 806 1122 animam
831 1095 889 1122 sine

100 1140 188 1167 dubio
208 1143 354 1166 revocatur
374 1139 519 1173 :quoniam
536 1144 563 1166 et
579 1140 663 1173 ipsam
688 1147 748 1167 cum
775 1139 890 1167 Creator

99 1185 227 1213 omnium
241 1185 418 1215 condidisset,
438 1185 542 1212 sciebat
557 1185 626 1219 quod
646 1185 736 1212 futura
759 1190 830 1212 esset
847 1185 890 1212 vi-

100 1231 204 1258 tiorum
221 1238 318 1265 capax,
336 1235 363 1257 et
378 1231 412 1258 ob
435 1230 486 1257 huc
511 1231 618 1258 subdita
643 1235 724 1265 atque
742 1230 888 1257 ohonerata

100 1276 233 1311 peccatis.
248 1276 281 1303 Et
296 1277 355 1304 ideo
368 1276 439 1303 sicut
454 1276 562 1310 corpori
578 1276 773 1303 medicamenta
786 1283 890 1310 przepa-

101 1321 178 1348 ravit
196 1328 229 1348 ex
250 1321 342 1348 herbis
357 1325 415 1348 arte
439 1321 637 1355 disciplinaque
666 1321 832 1356 compositis,
853 1321 890 1348 ita

102 1368 189 1395 etiam
205 1367 302 1394 anima:
320 1367 515 1394 medicamenta
534 1367 699 1401 praeparavit
721 1367 746 1394 in
771 1367 812 1393 Itis
830 1374 888 1393 ser-

903 735 925 763 B
939 732 1003 766 quid
1018 731 1072 759 tale
1088 731 1160 758 ultra
1177 731 1334 759 committat
1352 738 1360 757 :
1377 735 1403 758 et
1420 735 1562 765 propterea
1591 735 1657 765 puto
1676 738 1723 758 su-

940 776 1118 811 perscriptttnt
1136 783 1195 803 esse
1208 776 1293 811 ipsum
1306 775 1437 809 psalmum
1455 775 1488 807 ⁸³,
1505 773 1626 801 l‘salmus
1639 774 1723 802 David

940 824 966 850 in
988 823 1207 849 recordationem.
1218 821 1285 854 Quid
1298 821 1332 848 sit
1348 825 1437 848 autent
1455 821 1482 847 in
1500 822 1720 854 recordationem,

941 875 989 902 per
1009 872 1093 895 toturn
1111 867 1197 901 ipsius
1211 866 1307 901 psalmi
1323 873 1423 900 corptts
1439 871 1560 893 enarrat.
1580 865 1723 892 Videamus

941 920 1004 947 ergo
1029 921 1078 940 nos
1104 919 1199 940 omnes
1228 917 1398 946 peccatores,
1412 911 1434 938 si
1460 912 1486 938 in
1511 912 1603 946 aliquo
1625 911 1723 938 delicto

940 957 1075 985 fuerimus
1096 957 1211 990 inventi,
1227 958 1270 984 vel
1287 958 1352 992 quid
1366 958 1470 990 dicere,
1486 958 1527 984 vel
1549 958 1612 992 quid
1635 957 1724 983 facere

940 1004 1098 1035 debeamus,
1111 1008 1141 1030 ut
1158 1011 1218 1030 cum
1234 1002 1292 1030 haec
1307 1003 1333 1030 in
1347 1002 1487 1038 Scriptura
1504 1010 1579 1030 sacra
1596 1002 1727 1030 didiceri-

942 1057 1011 1082 mus,
1028 1049 1110 1077 etiam
1123 1049 1257 1076 medelam
1271 1049 1392 1076 vulneris
1414 1049 1499 1076 nostri
1520 1048 1648 1083 censequi
1667 1055 1724 1075 me-

943 1102 1061 1121 reamur.
1077 1094 1181 1121 Bonum
1197 1095 1305 1128 quidem
1324 1100 1384 1122 erat
1399 1102 1505 1128 semper
1515 1102 1624 1127 Corpus,
1642 1099 1671 1121 ut
1687 1093 1723 1120 ita

942 1141 1068 1174 dixerim,
1084 1141 1182 1168 anitum
1195 1146 1293 1168 nostrae
1311 1141 1336 1168 in
1352 1141 1468 1167 sanitate
1481 1141 1626 1171 durare,et
1643 1140 1725 1167 artnis

942 1187 989 1214 Dei
1006 1187 1202 1213 circuuulatum
1222 1187 1255 1214 ab
1282 1187 1408 1213 omnibus
1421 1186 1482 1213 telis
1502 1185 1593 1219 ignitis
1619 1185 1722 1212 diaboli

942 1232 1052 1265 maligni
1066 1231 1263 1260 invulnerabile
1276 1239 1446 1268 permanere,
1459 1231 1559 1258 nullius
1574 1231 1723 1267 languoris,

943 1278 1042 1305 nullius
1072 1277 1242 1313 a‘gritudinis
1270 1277 1420 1312 quidquam
1444 1277 1571 1311 experiri,
1604 1275 1725 1310 nihilqttc

943 1323 1098 1350 interiorem
1111 1327 1232 1349 nostrum
1247 1322 1382 1349 hominem
1398 1321 1456 1348 vitii
1478 1321 1618 1356 morbique
1639 1320 1725 1348 susci—

943 1375 1019 1403 pere.
1034 1367 1109 1400 Quod
1135 1368 1159 1395 si
1185 1376 1234 1403 per
1259 1367 1453 1403 negligentiam
1473 1367 1513 1394 sui
1539 1372 1620 1401 atque
1643 1367 1724 1393 animi

103 1413 234 1439 monibus
259 1419 327 1446 quos
356 1419 405 1447 per
428 1412 535 1439 divinas
566 1411 720 1447 Scriplttras
746 1412 888 1439 seminavit
903 1412 926 1443 C
942 1414 1073 1441 desidiam
1090 1414 1236 1441 incurrerit
1251 1414 1277 1440 in
1300 1418 1452 1448 peccatum,
1475 1412 1538 1446 quid
1560 1413 1645 1446 ipsum
1661 1420 1727 1439 cou-

102 1463 189 1492 atque
200 1457 326 1492 dispersit
341 1466 349 1485 :
365 1461 394 1484 ut
406 1457 433 1484 hi
453 1457 497 1492 qui
514 1457 604 1492 aliqua
616 1458 777 1492 aegritudine
789 1457 888 1485 iuerint

100 1503 242 1539 oppressi,
255 1504 346 1531 statim
362 1507 391 1530 ut
405 1503 458 1529 vim
479 1503 566 1530 morbi
585 1504 719 1530 senserint
743 1507 822 1538 atque
838 1503 890 1530 ali-

100 1549 184 1583 cujus
200 1549 320 1576 vulneris
334 1548 473 1576 stimulum
491 1548 667 1584 doloremque
691 1550 888 1584 perspexerint,

99 1596 130 1623 id
151 1599 204 1628 est,
221 1602 283 1622 cum
301 1595 418 1622 viderint
434 1594 553 1621 animam
573 1594 676 1628 aliquid
695 1599 796 1629 praeter
808 1599 890 1621 natu-

100 1648 165 1668 ram
182 1645 331 1675 gerentem,
357 1641 498 1675 requirant
514 1646 604 1674 aptam
631 1645 657 1667 et
682 1641 888 1668 convenientem

99 1687 158 1715 sibi
177 1687 367 1715 rationabilem
388 1686 571 1722 disciplinam,
589 1694 649 1721 quae
665 1687 706 1714 eis
726 1693 759 1713 ex
785 1693 889 1721 prazce-

99 1732 161 1767 ptis
178 1731 224 1759 Dei
246 1733 331 1766 possit
353 1733 454 1760 mederi
470 1740 477 1758 :
494 1739 555 1758 nam
572 1732 683 1759 tradidit
704 1736 731 1759 et
748 1732 889 1759 medicinze

101 1776 176 1804 artis
198 1776 372 1808 industriam,
387 1777 466 1811 cujus
479 1776 632 1804 arrhiatros
649 1781 688 1804 est
709 1776 835 1804 Salvator
849 1776 890 1803 di-

99 1830 172 1850 cens
185 1822 218 1849 de
233 1830 261 1849 se
275 1822 307 1855 ",
326 1823 390 1856 quia
402 1822 459 1850 Non
482 1831 546 1856 opus
566 1823 661 1849 habent
682 1822 728 1856 qui
746 1823 805 1849 sani
829 1826 889 1849 sunt

99 1867 217 1898 "redito,
232 1867 276 1893 sed
299 1869 345 1901 qui
365 1867 432 1893 male
454 1867 560 1894 habent.
583 1867 616 1894 Et
633 1867 678 1895 ille
695 1867 803 1902 quidem
827 1872 890 1895 erat

100 1912 260 1940 archiatros
277 1913 321 1947 qui
341 1917 434 1946 posset
449 1920 545 1940 curare
561 1920 668 1940 omnem
690 1912 847 1948 languorem
863 1917 891 1940 et

100 1965 217 1986 omnem
243 1957 448 1989 infirmitatem;
475 1958 602 1993 discipuli
626 1965 692 1986 vero
720 1958 778 1992 ejus
795 1957 891 1986 Petrus

100 2004 149 2030 vel
163 2002 272 2035 Paulus,
289 2002 336 2030 sed
351 2007 377 2030 et
392 2003 530 2038 propheta:
543 2003 640 2031 metliei
655 2008 728 2036 sunt,
742 2009 769 2031 et
791 2004 816 2031 hi
830 2011 890 2031 om-

103 2057 158 2077 nes
171 2049 216 2083 qni
235 2054 296 2083 post
310 2049 446 2083 apostolos
463 2050 489 2076 in
505 2049 625 2076 Ecclesia
641 2050 721 2084 positi
737 2054 810 2082 sunt,
828 2050 890 2084 qui-

102 2097 214 2129 busque
233 2095 414 2122 curandorum
433 2095 571 2122 vuluerunt
589 2096 730 2130 disciplina
743 2096 889 2124 commissa
905 2087 928 2115 Ῑ)

103 2146 163 2173 est,
179 2149 247 2175 quos
261 2142 347 2169 voluit
361 2141 430 2169 Deus
443 2142 469 2168 in
491 2140 611 2168 Ecclesia
624 2148 672 2168 sua
690 2148 750 2168 esse
773 2141 893 2169 medicos

103 2187 275 2221 animarum,
289 2187 351 2222 quia
371 2195 425 2215 non
440 2188 497 2215 vult
511 2187 580 2215 Deus
595 2191 687 2214 noster
699 2191 814 2214 mortem
830 2194 892 2222 pec-

102 2231 219 2262 catoris,
238 2232 285 2259 sed
301 2232 488 2266 pcenitentiam
505 2237 533 2260 et
548 2232 698 2259 orationem
719 2231 776 2266 ejus
793 2239 892 2266 exspe-

104 2281 178 2305 ctat.
199 2277 301 2305 Deinde
323 2283 351 2306 et
374 2278 424 2305 iste
440 2277 559 2313 psalmus
583 2278 628 2312 qui
651 2285 722 2305 nunc
739 2277 825 2304 lectus
839 2282 892 2310 est,

104 2324 189 2352 nobis
213 2323 340 2356 ostendit,
368 2329 397 2352 ut
417 2324 439 2352 si
462 2324 533 2351 forte
548 2323 694 2358 aliquando
714 2323 893 2358 praevertimur

103 2371 136 2398 in
163 2371 281 2404 delictis,
297 2371 412 2407 qualiter
426 2378 475 2398 nos
489 2375 517 2398 et
533 2377 594 2397 cum
611 2377 664 2404 quo
690 2369 786 2397 aﬂ'ectu
813 2376 893 2397 orare

103 2421 234 2452 oporteat
258 2422 285 2445 et
314 2417 420 2444 medico
443 2416 596 2451 supplicare
622 2423 671 2451 pro
688 2415 827 2443 doloribus
849 2414 893 2442 vel

102 2463 313 2490 inﬁrmitatibus
331 2462 443 2490 nostris.
467 2461 495 2488 Si
517 2461 628 2496 quando
638 2468 704 2495 ergo
720 2468 894 2496 praeoccupa-

102 2507 182 2535 verit
198 2515 247 2534 nos
265 2508 390 2535 iniuticus
401 2511 429 2534 et
443 2507 536 2542 ignitis
550 2505 649 2541 iaculis
662 2506 719 2534 suis
733 2506 893 2534 vulnerave—

104 2554 143 2581 rit
159 2553 278 2580 animam
294 2557 427 2586 nostram,
445 2552 535 2587 primo
548 2551 598 2579 hoc
611 2559 660 2579 nos
671 2552 748 2580 docet
764 2552 807 2579 hic
822 2552 893 2587 psal-

105 2607 182 2632 mus,
196 2600 268 2634 quod
285 2599 410 2627 convenit
424 2603 485 2634 post
503 2603 645 2632 peccatum
659 2598 781 2625 conllteri
797 2605 893 2633 pecca-

105 2651 177 2678 tum,
191 2649 219 2672 et
243 2645 271 2672 in
289 2645 450 2671 memoriam
477 2643 616 2670 recordari
641 2643 782 2675 delictum,
799 2648 828 2669 ut
845 2651 893 2678 per

105 2690 326 2717 recordationem
343 2689 430 2724 culpa:
445 2689 611 2716 stimulatum
623 2696 672 2716 cor
688 2694 713 2716 et
727 2689 891 2716 concitatum

106 2742 159 2767 pro
179 2734 279 2763 delicto
308 2741 368 2767 suo,
382 2735 492 2762 interim
509 2734 631 2761 refrenet
656 2741 688 2761 ac
714 2738 832 2767 revocet,
858 2741 893 2762 ne

942 1464 1074 1494 sequatur
1101 1465 1240 1494 agnoscat.
1261 1459 1346 1493 Argoi
1371 1459 1413 1485 vel
1435 1458 1534 1492 corripi
1557 1462 1598 1484 est
1626 1457 1726 1484 doletis

942 1512 1033 1539 pcena.
1051 1506 1187 1532 cruciatus
1200 1510 1228 1532 et
1249 1505 1285 1532 ita
1310 1504 1402 1540 gravis
1417 1509 1469 1536 est,
1487 1504 1610 1530 utetiam
1637 1503 1661 1530 hi
1680 1504 1724 1538 qui

942 1550 1036 1578 fideles
1060 1555 1088 1578 et.
1113 1551 1232 1584 religiosi
1254 1551 1392 1583 videntur,
1415 1551 1437 1577 si
1459 1550 1529 1577 forte
1551 1555 1580 1576 ut
1600 1549 1726 1577 homines

943 1595 1092 1630 aliquando
1109 1597 1135 1623 in
1153 1596 1254 1624 delicto
1271 1597 1362 1631 aliquo
1380 1596 1547 1624 incurreriut
1566 1600 1591 1622 et
1607 1602 1725 1630 arguan-

942 1647 998 1674 tur,
1014 1642 1191 1676 indignentur
1205 1642 1335 1669 adversus
1348 1650 1394 1669 eos
1411 1642 1455 1676 qui
1474 1646 1601 1676 arguunt,
1618 1645 1645 1667 et
1658 1639 1725 1666 ode-

941 1689 996 1716 rint
1021 1696 1078 1715 eos.
1099 1688 1258 1723 Corripiunt
1289 1689 1359 1716 cuitu
1387 1693 1416 1715 ut
1433 1689 1589 1715 etuendent.
1614 1686 1646 1713 Et
1675 1685 1726 1712 hoc

942 1733 1042 1761 malum
1055 1733 1105 1760 fuit
1119 1734 1145 1760 in
1159 1741 1253 1767 causa,
1269 1738 1297 1760 ut
1315 1734 1397 1761 etiam
1425 1741 1439 1759 a
1467 1732 1549 1767 priori
1575 1730 1673 1766 popttlo
1697 1731 1723 1756 in

943 1778 1037 1806 odium
1052 1780 1219 1806 haberentur
1230 1779 1377 1814 prophetae,
1393 1778 1630 1813 pcrsecutiouibus
1641 1777 1727 1811 agita-

941 1828 1046 1851 rentur.
1063 1823 1119 1850 Iloc
1140 1823 1193 1850 fuit
1215 1831 1304 1851 causa:
1324 1824 1395 1858 quod
1420 1822 1520 1850 Isaiam
1545 1823 1633 1849 secari
1653 1822 1726 1853 ret-it,

941 1867 1013 1903 quod
1028 1867 1188 1894 Zachariam
1208 1867 1278 1895 inter
1294 1867 1421 1901 templum
1443 1872 1470 1894 et
1493 1867 1579 1895 altare
1594 1865 1726 1900 compulit

943 1912 1081 1944 trucidari,
1099 1911 1245 1939 Jeremiam
1261 1912 1287 1939 in
1305 1912 1392 1939 lacum
1411 1913 1480 1939 cteui
1499 1911 1629 1946 demergi.
1647 1911 1679 1937 Et
1694 1910 1726 1936 ad

941 1956 1067 1983 ultimum
1081 1957 1137 1984 hare
1154 1956 1205 1983 iuit
1221 1963 1304 1983 causa
1314 1964 1374 1991 quae
1389 1956 1530 1983 Dotniuuut
1544 1961 1665 1982 nostrum
1683 1953 1727 1981 Je-

941 2010 999 2030 sum
1009 2002 1146 2030 Christum
1155 2002 1210 2036 egit
1221 2002 1247 2029 in
1257 2010 1379 2029 crucem.
1390 2002 1486 2030 Omnia
1499 2002 1571 2029 enim
1579 2009 1637 2036 qua:
1645 2008 1726 2035 supra

941 2048 1021 2083 681
1038 2048 1255 2075 euumeravimus
1269 2048 1372 2075 scelera
1384 2053 1464 2082 atque
1478 2047 1589 2081 ﬂagitia,
1605 2054 1656 2073 non
1672 2046 1726 2073 alia

943 2101 976 2120 ex
992 2101 1073 2120 causa
1093 2094 1237 2121 commissa
1251 2098 1329 2126 sunt,
1347 2094 1398 2121 nisi
1415 2093 1486 2128 quod
1504 2095 1567 2120 dum
1588 2099 1684 2119 otuues
1697 2092 1725 2118 in

945 2139 1098 2166 tnedicinali
1112 2138 1253 2174 disciplina
1270 2139 1389 2166 resecari
1404 2146 1452 2173 per
1467 2137 1665 2172 correptionem
1680 2137 1726 2162 de-

944 2184 1122 2220 linquentium
1138 2186 1242 2217 nolunt,
1255 2192 1328 2212 cura:
1343 2184 1486 2219 impatiens
1503 2183 1616 2218 populus
1629 2187 1657 2209 et
1671 2189 1727 2209 me-

944 2231 1011 2258 delte
1027 2231 1053 2257 in
1068 2231 1215 2265 perniciem
1232 2231 1365 2258 medentis
1379 2230 1494 2257 exarsit.
1509 2229 1585 2256 Beati
1603 2235 1666 2264 ergo
1681 2235 1727 2255 sa-

943 2276 1048 2311 pientes
1069 2277 1125 2311 jam
1140 2283 1173 2303 ex
1198 2277 1255 2311 ipsa
1269 2276 1410 2311 Scriptura
1426 2275 1596 2310 appellantur
1611 2276 1638 2303 hi
1651 2295 1658 2307 ,
1680 2275 1726 2310 qui

944 2329 1005 2349 cum
1018 2321 1190 2357 deliquerint,
1206 2323 1228 2349 si
1241 2326 1398 2357 arguantur,
1412 2329 1464 2349 nou
1478 2323 1593 2349 oderunt
1607 2329 1726 2356 arguen—

944 2371 996 2395 tes.
1013 2367 1051 2394 Ita
1069 2368 1139 2395 enim
1162 2369 1228 2396 dicit
1244 2369 1383 2403 Scriptura
1394 2368 1437 2396 3‘:
1457 2369 1521 2396 Noli
1542 2376 1651 2404 arguere
1668 2376 1727 2394 nm-

943 2413 982 2440 los
997 2421 1027 2440 ne
1039 2414 1140 2441 oderint
1156 2418 1190 2447 te,
1200 2422 1279 2450 argue
1291 2416 1434 2449 sapientem
1447 2420 1470 2442 et
1485 2415 1583 2442 amabit
1599 2419 1634 2440 te.
1647 2413 1728 2440 Vides

943 2460 1078 2494 quomodo
1094 2460 1243 2495 sapientem
1267 2461 1413 2496 appellavit
1436 2461 1575 2495 Scriptura
1597 2467 1659 2487 eutn
1679 2457 1726 2492 qui

944 2506 1109 2540 correptioui
1124 2507 1257 2534 obnoxius
1272 2512 1325 2539 est,
1345 2514 1397 2533 non
1415 2511 1503 2534 tamen
1519 2505 1586 2538 odit,
1606 2505 1653 2532 sed
1668 2511 1728 2531 ma-

944 2552 985 2587 gis
998 2552 1084 2588 diligit
1104 2553 1282 2588 arguentem?
1297 2552 1376 2580 Tales
1391 2556 1470 2579 erant
1490 2552 1526 2579 illi
1541 2551 1587 2586 qui
1605 2552 1639 2578 ab
1654 2551 1727 2584 Apo-

943 2597 1012 2624 stolo
1025 2598 1219 2633 arguebantur,
1232 2603 1258 2626 et
1273 2598 1403 2626 coniutati
1418 2605 1470 2625 non
1485 2598 1598 2625 oderant
1613 2604 1726 2632 arguen-

944 2647 996 2670 tes.
1013 2643 1090 2671 Unde
1102 2649 1130 2672 et
1140 2652 1190 2679 ego
1204 2645 1324 2672 arbitror
1337 2644 1411 2672 illum
1422 2644 1468 2679 qui
1482 2644 1507 2671 in
1521 2642 1655 2670 Corintho
1666 2650 1726 2677 grao

944 2689 1056 2716 vissime
1073 2689 1224 2725 deliquerat
1235 2690 1270 2724 ",
1282 2691 1382 2719 idcirco
1399 2689 1613 2718 misericordiam
1629 2695 1724 2716 conse-

945 2739 1055 2767 cututn,
1084 2737 1211 2770 quoniam
1237 2742 1378 2772 correptus
1405 2737 1439 2765 ab
1459 2736 1606 2772 Apostolo.
1638 2740 1664 2763 et
1689 2739 1725 2762 tta

142 2819 164 2833 "
179 2817 274 2846 Matth.
294 2826 331 2852 tx,
349 2819 391 2847 I2.
429 2819 451 2835 ³³
467 2819 538 2847 I'sal.
556 2827 659 2855 xxxv”,
675 2820 696 2848 l.
734 2820 756 2836 “
772 2820 850 2849 Prov.
872 2829 908 2854 Ix,
924 2823 949 2848 δ.
987 2821 1031 2848 "l
1053 2821 1113 2849 Cor.
1136 2827 1161 2847 v.
