1869 3052
233 67 299 95 1571

229 129 328 156 acerbe
340 136 494 168 correptus.
511 138 542 162 ut
557 141 572 162 a
588 140 722 164 conventu
737 136 943 168 abscinderctur
963 142 1017 169 Ec-

229 173 330 206 clesiae,
344 182 397 202 non
415 181 504 204 tamen
520 178 582 206 odio
597 179 691 207 habuit
706 188 862 217 arguentem
874 206 882 217 ,
894 186 942 214 sed
957 189 1017 216 aui-

228 219 444 249 madversionem
467 224 602 258 patienter
632 227 737 262 accepit
764 235 792 256 et
816 230 923 259 fortiter
941 234 1014 262 tulit.

229 265 285 299 Ego
297 267 414 295 arbitror
427 271 498 304 quod
511 271 594 298 etiam
609 272 738 306 majorem
750 275 878 305 affectum
891 281 1014 316 concepit

228 318 291 346 erga
307 312 418 340 Paulum
431 333 438 346 ,
454 319 534 349 atque
547 323 611 352 erga
625 325 719 346 oruues
741 321 787 355 qui
812 325 920 352 statutis
936 312 1011 354 Pauli

227 356 253 383 iu
270 357 328 391 ejus
343 359 577 388 animadversione
597 371 752 397 paruerunt.
771 367 848 396 Unde
870 376 897 398 et
913 371 1016 402 Paulus

224 403 385 430 sententiam
408 411 537 439 revocat,
553 413 580 435 et
594 409 710 443 ejectum
733 413 902 450 reconjungit
918 417 1011 446 Eccle—

224 446 280 478 siae,
297 453 323 474 et
341 450 416 477 addit
432 451 526 480 dicens
541 453 564 470 '°
577 463 584 481 :
599 456 759 490 Con/innate
778 461 805 487 in
817 470 875 488 eum
893 464 1013 492 charita-

221 495 283 520 lem.
303 492 374 521 Vidit
391 496 461 524 enim
482 505 543 525 eum
569 507 629 534 post
653 503 915 536 animadversionem
943 519 1009 538 con—

221 544 348 566 servasse
368 540 529 569 charitatetu
552 553 559 570 :
582 550 608 571 et
633 545 693 573 ideo
716 549 786 576 dixit
810 554 930 580 utetiam
948 560 1009 589 post

220 587 360 615 peccaturo
385 591 506 613 nontam
528 588 693 616 tribueretur
709 592 733 618 ei
757 593 895 628 charitas,
919 598 1007 627 iuerat.

219 627 302 660 enim,
320 630 366 655 sed
383 635 411 656 ut
424 631 458 658 ab
473 633 601 661 erunibus
612 643 642 662 ea
656 630 722 670 qua:
739 638 825 667 inerat
839 641 1004 672 lirmaretur.

217 671 335 701 Necesse
349 680 391 702 est
412 683 478 710 ergo
491 686 552 706 eum
578 682 624 716 qui
649 689 744 717 peccat
758 687 834 720 argui
854 695 861 714 :
879 689 924 715 sed
936 697 1003 724 quo-

217 717 290 744 niam
306 720 397 754 gravis
411 722 489 750 nobis
509 724 715 760 infirmioribus,
734 733 859 764 quamvis
877 733 912 760 sit
931 736 1004 764 utilis

216 761 265 789 ista
278 767 425 800 correptio,
440 767 509 796 ferre
521 778 581 799 eam
596 773 646 800 sub
659 777 781 804 omnium
797 781 940 812 praesentia
956 782 1002 809 de-

215 808 341 838 vilamus.
356 812 387 839 Et
401 814 464 849 quid
476 816 535 844 dico
549 820 669 847 omnium
688 824 828 856 prmseotia
842 826 1000 857 ?lnterdum

215 861 249 880 ne
269 855 337 883 duos
353 859 461 892 quidem
477 869 539 889 cum
552 866 691 899 arguimur
710 869 805 897 adesse
825 873 946 906 patimur
960 879 1000 902 tc-

213 905 268 927 stcs
280 920 289 933 ,
303 903 349 929 sed
365 903 505 938 culpamus
534 915 692 943 arguentem
718 919 745 941 et
767 903 882 945 dicimus
897 920 998 954 :Opor—

213 950 302 973 Inerat
319 952 344 975 te
360 949 408 976 soli
433 951 498 978 mihi
522 953 613 983 dicere
638 964 697 992 quae
714 961 798 994 velis,
819 968 846 990 et
869 949 997 995 non-sub

211 992 358 1020 multorum
371 999 512 1029 prmseutia
525 1000 615 1029 facere
627 1003 692 1032 mihi
707 1007 843 1036 ruborem.
857 1011 996 1048 Dolcmus,

857 1034 996 1048 _-.-.......,

208 1034 355 1073 iactamur,
373 1040 573 1073 effervescimus
585 1067 591 1078 ,
607 1052 633 1075 et
653 1049 679 1076 in
702 1051 878 1084 interioribus
897 1059 996 1088 anima:

209 1082 334 1111 sensibus
349 1087 513 1117 cruciamur.
530 1090 605 1124 Quod
621 1094 643 1121 si
659 1096 717 1123 talis
735 1101 869 1135 correptio
885 1109 925 1130 est
941 1113 993 1139 qua

210 1126 241 1139 ..Ι-
259 1127 372 1139 ιιημλμξιν
460 1133 465 1139 ι
589 1137 595 1139 μ

803 1126 866 1135 γη-
886 1126 925 1130 --.
961 1126 993 1133 ....

208 1126 242 1152 ab
258 1127 410 1158 hominibus
426 1133 466 1159 vel
482 1141 573 1162 coram
588 1137 742 1169 hominibus
757 1146 907 1180 arguimur,
929 1126 993 1185 qi,“

209 1171 336 1185 [....ὶη-η.-
354 1176 372 1185 ,2
391 1176 409 1185 ιι

207 1171 337 1202 faciemus
350 1176 372 1202 si
390 1176 459 1206 Deus
473 1188 521 1208 nos
536 1187 646 1217 arguat,
663 1186 685 1213 si
705 1188 761 1222 ipse
780 1191 851 1220 Deus
871 1171 993 1226 confidet

206 1222 232 1244 et
248 1225 344 1254 arguat
359 1221 385 1249 in
401 1223 512 1254 furore?
528 1227 583 1256 Nos
595 1231 639 1265 qui
656 1234 775 1270 episcopi
789 1241 926 1273 arguentis
939 1243 992 1271 ira-

205 1264 329 1292 cundiam
348 1266 420 1296 ferre
436 1277 487 1297 nou
504 1264 663 1309 possumus,
687 1279 734 1308 sed
750 1264 928 1317 indignanter
945 1295 991 1315 ac-

204 1308 332 1345 cipimus,
356 1312 429 1341 illum
454 1315 572 1345 furorem
595 1321 640 1354 qui
659 1321 705 1350 Dei
730 1332 791 1354 esse
811 1308 928 1364 dicitur,
944 1340 990 1360 ar-

203 1359 329 1386 Kllentem
346 1365 395 1385 nos
417 1363 554 1394 quomodo
577 1365 751 1397 tolerabimus
769 1372 780 1398 ‘3
802 1373 898 1403 Sciens
923 1385 989 1414 ergo

203 1401 330 1414 fis-Anhnc-
361 1411 383 1414 _.
399 1412 407 1414 ᾗ
431 1413 434 1414 ,
460 1406 466 1414 ι
505 1408 510 1413 ι

199 1401 332 1434 propheta
358 1406 571 1440 quamplurimas
586 1419 647 1439 esse
663 1414 829 1446 differentias
845 1401 985 1456 arguendi,

202 1450 225 1456 ιι.
245 1452 267 1456 ...
280 1446 284 1456 l
296 1455 300 1456 ν
328 1455 332 1456 ν
423 1450 429 1456 ⁸
449 1452 454 1456 ¹

849 1446 852 1447 ,
897 1446 985 1456 .._.._.,

200 1450 227 1471 et
245 1446 337 1475 volens
352 1450 429 1483 quasi
448 1452 530 1481 homo
541 1463 590 1490 pro
604 1458 709 1488 delictis
721 1463 828 1496 quidem
840 1446 928 1502 argui,
944 1478 985 1498 ve-

202 1497 263 1518 rens
277 1499 366 1522 autem
379 1503 412 1523 ne
427 1499 546 1533 graviori
560 1504 690 1537 pondere,
700 1507 725 1534 id
740 1515 791 1543 est,
805 1519 838 1538 ne
851 1513 876 1540 in
891 1515 984 1546 furore

202 1535 235 1546 ,μ
269 1538 276 1544 .
300 1539 305 1544 .

561 1535 567 1536 γ
684 1535 688 1537 _
805 1535 837 1538 ..-
891 1535 983 1546 .....,...

201 1535 305 1565 Domini
323 1547 495 1577 argueretur,
509 1547 556 1578 ait.
573 1549 644 1577 sicut
658 1551 713 1586 jam
727 1560 755 1582 et
769 1556 796 1583 in
812 1558 864 1586 alio
878 1562 983 1595 psalmo

201 1584 373 1595 n......a:..___-
500 1591 504 1595 '
519 1591 524 1595 '
554 1592 575 1595 ‘—

198 1587 261 1610 autc
272 1584 386 1618 dixerat,
400 1588 481 1616 etiam
499 1591 575 1619 hic-'7
592 1603 600 1621 :
620 1596 740 1631 Domine,
752 1607 783 1627 ne
794 1601 820 1628 in
833 1584 923 1636 furore
937 1611 982 1634 tuo

198 1636 294 1663 arguar
309 1639 359 1659 me.
378 1632 508 1663 Similiter
520 1643 609 1667 autem
625 1641 691 1669 dicit
706 1650 734 1672 et
754 1649 826 1680 quod
846 1651 979 1685 sequitur:

197 1683 277 1710 neque
300 1678 384 1706 inira
409 1685 455 1708 tua
479 1686 608 1719 corripias
632 1696 682 1716 me.
706 1690 820 1726 Oportet
842 1703 908 1730 ergo
931 1706 980 1727 nos

196 1721 285 1756 aliqua
301 1728 327 1750 et
341 1724 374 1752 de
389 1729 560 1762 correptione
575 1732 666 1762 dicere
677 1755 686 1768 ,
701 1737 733 1763 de
747 1744 799 1772 qua
817 1743 981 1775 generaliter

195 1774 244 1794 nos
258 1767 404 1802 Apostolus
424 1773 504 1802 docet
520 1775 614 1805 dicens
629 1779 653 1795 ⁸⁸
669 1789 676 1807 :
695 1781 786 1810 Omnis
799 1767 902 1820 quidem
925 1797 980 1816 car-

194 1813 275 1847 reptia
292 1815 326 1842 ad
340 1824 455 1850 prauam
469 1828 521 1847 non
540 1823 644 1851 videtur
655 1828 746 1861 gaudii
761 1813 814 1857 esse
826 1850 834 1864 ,
859 1834 903 1860 sed
920 1843 979 1863 mw-

193 1862 278 1895 rorir,
297 1870 387 1899 postea
405 1873 492 1895 autem
514 1869 630 1904 fructum
654 1876 850 1907 pacatissimam
870 1880 910 1908 Itis
933 1883 978 1917 qui

191 1915 237 1939 per
252 1917 310 1936 eam
332 1914 468 1941 exercitati
489 1921 568 1949 sunt,
594 1920 685 1946 reddet
701 1921 819 1953 iustitiw.
836 1925 868 1952 Et
889 1914 977 1957 videte

191 1953 272 1981 etiam
286 1962 396 1990 pueros,
408 1962 632 1993 quemadmodum
642 1973 702 1993 cum
718 1969 904 2004 corripiuntur
914 1981 976 2000 ver-

192 1999 299 2029 beribus
317 2010 331 2029 a
354 2005 507 2042 paedagogis
519 2027 526 2039 ,
543 2009 584 2036 vel
599 2017 613 2036 a
637 2012 793 2044 doctoribus
807 2017 972 2053 excitantur,

189 2047 301 2076 moleste
314 2050 422 2084 quidem
438 2054 584 2089 accipiunt,
597 2061 624 2084 et
636 2065 770 2088 summum
786 2063 883 2091 malum
898 2065 973 2099 judi-

188 2097 251 2120 cant
265 2094 384 2123 dolorem
400 2097 491 2133 illum,
506 2102 551 2135 qui
571 2104 610 2132 eis
625 2113 706 2133 causa
723 2109 882 2138 eruditionis
899 2112 970 2140 inlli-

938 80 983 108 EX
1004 79 1154 112 ORIGENE

1760 99 1802 128 l5?!

1030 145 1055 174 Α
1070 151 1180 173 necesse
1187 153 1248 174 eum
1259 149 1459 185 correptionem
1467 155 1587 187 paterna
1593 155 1743 185 austeritatis
1749 167 1803 193 agno.

1068 196 1162 225 scere,
1177 200 1237 226 quae
1251 201 1284 221 ex
1308 196 1479 230 gravioribus
1500 198 1607 228 delictis
1621 208 1653 228 ac
1666 202 1801 237 ﬂagitiosiss-

1065 235 1117 263 bus
1133 243 1303 270 provocatur.
1320 240 1349 268 Si
1365 243 1529 277 corripiatur
1540 253 1555 273 a
1571 246 1678 283 doctore
1692 235 1801 283 poeninon

1065 281 1101 308 ita
1116 289 1241 311 austerus
1255 286 1307 313 erit
1328 288 1456 323 magister
1472 292 1542 318 sicut
1565 281 1643 327 pater
1665 301 1716 323 esse
1734 303 1801 331 potest,

1063 327 1086 354 si
1108 329 1200 362 gravia
1218 331 1314 359 delicta
1331 333 1356 360 in
1374 334 1428 363 filio
1443 339 1610 372 cognoverit.
1631 339 1658 367 Si
1671 327 1802 371 enim-corri-

1062 372 1118 406 piat
1131 378 1206 408 pater
1221 383 1269 410 pro
1281 378 1429 412 majoribus
1441 383 1664 419 gravioribusque
1677 389 1801 420 peccatis.et

1062 422 1165 446 tantum
1191 421 1227 448 sit
1250 425 1424 452 commissum
1449 427 1498 454 filii
1524 430 1596 463 quod
1621 431 1654 458 ad
1675 432 1800 462 iracundiam

1059 465 1237 495 concitaverit
1249 474 1363 504 patrem,
1378 473 1437 500 sine
1452 475 1533 502 dubio
1548 482 1610 510 post
1623 479 1752 512 cruciatus,
1761 489 1801 516 post

1058 510 1188 545 supplicia
1210 514 1291 541 etiam
1316 515 1497 546 abdicationis
1517 528 1598 555 poena
1627 525 1752 552 metuenda
1761 510 1801 554 ἀι.

1058 556 1087 583 Si
1103 557 1260 588 intellexisti
1281 563 1500 600 similitudinem,
1518 569 1603 596 transi
1618 571 1680 598 mihi
1694 572 1723 599 ab
1737 580 1801 600 exem-

1057 601 1100 636 plo
1114 603 1146 629 ad
1162 611 1235 638 rem,
1249 610 1276 633 et
1290 607 1409 643 intelligo
1427 611 1460 638 de
1477 613 1554 648 nobis
1568 615 1690 642 omnibus
1709 623 1756 650 qua
1772 617 1800 644 di-

1056 651 1166 675 cuntur.
1198 649 1298 679 Omnes
1321 653 1440 690 episcopi
1466 661 1547 692 atque
1571 667 1666 688 omnes
1684 649 1799 698 presbyteri

1055 693 1096 720 vel
1122 694 1228 723 diaconi
1252 698 1380 726 erudiunt
1395 709 1444 729 nos
1456 721 1465 734 ,
1480 707 1506 730 el
1528 693 1692 734 erudientes-
1705 708 1802 736 adhibeat

1053 742 1248 776 correptiones,
1262 750 1289 772 et
1301 746 1391 775 verbis
1406 749 1605 779 austerioribus
1620 752 1755 789 increpant.
1768 755 1801 783 Est

1053 791 1143 814 autem
1157 789 1265 823 quando
1278 792 1419 820 erudimur
1433 793 1515 822 etiam
1530 803 1545 822 a
1559 800 1770 833 procuratoribus,
1782 806 1801 829 et

1051 833 1200 866 actoribus,
1213 835 1237 861 id
1249 841 1291 864 est
1308 838 1341 865 ab
1356 838 1398 866 his
1413 841 1518 875 angelis
1533 842 1633 877 quibus
1647 845 1744 873 creditae
1755 854 1802 874 sunt

1050 877 1238 912 dispensandae
1263 887 1289 909 et
1311 885 1434 917 regenda:
1456 886 1552 914 anima:
1566 893 1685 917 nostra}:
1700 892 1801 926 quemad-

1049 923 1157 952 modum
1173 926 1335 956 describitur
1350 930 1377 957 in
1399 933 1516 965 quodam
1540 933 1599 962 loco
1612 923 1718 970 angelus
1737 939 1800 971 peni-

1048 969 1153 1002 tentiae,
1167 972 1212 1005 qui
1235 980 1284 1000 nos
1300 975 1412 1010 suscipit
1434 979 1624 1013 castigandus,
1649 981 1712 1010 sicut
1727 981 1800 1010 Pastor

1046 1016 1167 1050 exponit,
1185 1018 1208 1045 si
1224 1020 1266 1046 cui
1287 1024 1376 1048 tamen
1394 1021 1500 1063 libellus
1514 1024 1558 1051 illc
1572 1026 1733 1061 recipiendus
1746 1028 1799 1056 vide-

1046 1064 1100 1088 tur.
1124 1061 1234 1091 Interim
1259 1065 1373 1093 diversis
1404 1061 1603 1098 eruditionibus
1630 1073 1797 1101 succumbimus

1045 1114 1094 1134 nos
1108 1108 1231 1137 hornines
1246 1111 1442 1147 castigantibus
1453 1134 1460 1146 ,
1476 1123 1527 1143 nos
1547 1121 1574 1143 et
1597 1118 1797 1152 corripientibus:

1044 1154 1161 1181 nondum
1183 1160 1270 1183 tamen
1293 1158 1326 1184 ab
1348 1159 1405 1193 ipso
1427 1162 1628 1195 patrefamilias
1650 1166 1797 1200 castigamur,

1042 1198 1088 1225 sed
1116 1207 1131 1226 a
1156 1203 1380 1235 procuratoribus
1398 1207 1524 1241 angelis,
1543 1209 1588 1243 qui
1615 1198 1799 1246 uniuscujusque

1024 1244 1129 1271 .nostri
1145 1246 1292 1281 castigandi
1312 1253 1394 1283 atque
1417 1253 1579 1280 emendandi
1600 1244 1743 1283 sortiuntur
1752 1256 1797 1284 atd-

1041 1289 1124 1322 ciuut,
1138 1295 1166 1318 et
1179 1297 1219 1319 est
1238 1293 1407 1323 tolerabilius
1422 1304 1483 1324 cum
1496 1298 1530 1325 ab
1547 1298 1641 1334 aliquo
1655 1301 1741 1328 horum
1753 1309 1798 1329 cor-

1040 1336 1163 1370 ripimur.
1178 1338 1223 1366 Sic
1235 1346 1342 1375 quoque
1355 1341 1490 1370 interdum
1504 1344 1584 1372 etiam
1597 1347 1736 1382 paedagogo
1746 1355 1797 1374 com-

1039 1382 1119 1409 missa
1136 1388 1177 1410 est
1188 1389 1280 1412 nostra
1293 1387 1437 1421 correptio.
1453 1388 1520 1416 Nam
1536 1392 1693 1428 quicunque
1704 1395 1747 1421 sub
1756 1393 1799 1428 lege

1037 1433 1126 1460 erant,
1142 1429 1268 1462 quoniam
1291 1431 1333 1458 lex
1349 1432 1511 1468 paedagogus
1526 1441 1622 1464 noster
1636 1437 1685 1465 fuit
1700 1439 1722 1465 in
1736 1437 1795 1466 Chri-

998 1489 1019 1518 ο
1036 1476 1095 1505 sto,
1113 1472 1300 1508 delinquentes
1314 1475 1340 1502 in
1360 1476 1419 1512 lege
1438 1484 1451 1503 a
1471 1479 1617 1516 paedagogo
1637 1482 1796 1517 corripieban-

1037 1521 1097 1551 tur,
1117 1525 1177 1545 cum
1195 1520 1377 1553 puniebantur
1397 1529 1430 1550 ex
1446 1523 1516 1558 lege.
1540 1524 1724 1554 Punicbantur
1741 1528 1796 1554 enim

1034 1564 1075 1590 vel
1091 1572 1151 1592 cum
1174 1565 1380 1601 lapidabantur,
1395 1568 1436 1596 vel
1459 1577 1520 1597 cum
1535 1571 1639 1606 aliquid
1655 1581 1741 1602 eorum
1752 1581 1797 1608 quae

1032 1609 1137 1646 Moyses
1157 1612 1304 1647 scripserat
1324 1614 1506 1649 perferebant.
1524 1616 1622 1646 Nullus
1641 1626 1704 1654 ergo
1723 1627 1795 1647 eorum

1032 1655 1065 1683 de
1080 1657 1178 1690 quibus
1203 1659 1328 1693 superius
1343 1659 1463 1689 diximus
1484 1662 1518 1689 ab
1542 1662 1602 1698 ipso
1626 1664 1797 1698 patrefamilias

1031 1701 1202 1735 puuiebatur.
1220 1701 1278 1729 Non
1294 1703 1366 1730 enim
1383 1710 1443 1732 erat
1454 1707 1653 1740 paterfamilias
1667 1709 1718 1742 lex,
1729 1716 1796 1742 neque

1030 1747 1142 1781 angelus
1156 1749 1330 1781 pteniteutim.
1347 1749 1399 1777 Sed
1415 1756 1478 1778 sunt
1495 1752 1547 1779 alia
1566 1760 1681 1787 peccata
1695 1762 1738 1789 pro
1753 1755 1798 1788 qui-

1029 1791 1079 1818 bus
1093 1797 1247 1826 peccantem
1263 1795 1320 1829 ipse
1335 1796 1532 1831 paterfamilias
1550 1799 1641 1833 punit.
1668 1807 1726 1827 eum
1740 1801 1795 1827 vidc-

1028 1835 1091 1865 licct.
1104 1837 1186 1873 682
1207 1839 1253 1874 qui
1266 1847 1420 1869 mensuram
1441 1842 1593 1871 facinorum
1613 1852 1794 1880 supergressus

1028 1882 1097 1910 ultra
1113 1889 1245 1912 creaturae
1267 1888 1459 1916 contumeliam
1484 1890 1600 1918 sceleris
1619 1892 1661 1918 sui
1679 1892 1795 1926 impietate

1027 1927 1151 1955 tetendit.
1172 1928 1227 1956 Nec
1249 1935 1336 1958 tamen
1359 1933 1429 1961 alius
1443 1935 1504 1969 quis
1524 1936 1601 1962 novit
1616 1941 1714 1973 prmter
1727 1936 1793 1963 Deum

1026 1975 1123 2008 solum,
1139 1976 1186 2010 qui
1202 1977 1244 2004 vel
1259 1980 1369 2012 quando
1387 1982 1614 2015 procuratoribus
1630 1984 1699 2010 tradi
1716 1983 1793 2010 debeat

1024 2022 1210 2058 castigandus,
1228 2023 1269 2049 vel
1280 2024 1325 2058 qui
1342 2026 1530 2060 corripiendus
1542 2029 1694 2062 actoribus,
1705 2027 1795 2063 quando

1024 2067 1105 2094 etiam
1120 2069 1164 2102 qui
1179 2069 1276 2104 subjici
1293 2070 1388 2097 debeat
1401 2072 1564 2108 pardagogo,
1585 2075 1633 2102 cui
1645 2075 1724 2102 etiam
1739 2073 1792 2101 infe-

1023 2113 1110 2140 riores
1127 2113 1182 2140 sint
1203 2114 1300 2141 borum
1326 2116 1447 2144 omnium
1474 2119 1683 2154 correptiones,
1705 2119 1725 2147 si
1746 2118 1791 2153 qui!

929 2138 954 2140 γ,
1024 2138 1109 2140 ,,e._-
1127 2138 1180 2140 _....
1203 2138 1300 2141 -ν---η-
1328 2138 1447 2144 -....-.-η-
1475 2138 1683 2154 ιν-ιννιινιιυδ,
1705 2138 1725 2147 a-
1746 2138 1791 2153 1"-

187 2138 259 2173 είίυτ
271 2148 277 2166 ε
293 2145 320 2168 ει
335 2144 460 2175 (Ιηεηηνίε
481 2147 619 2179 Ιποΐθειυε
642 2158 708 2180 suos
732 2153 758 2180 in
785 2154 969 2189 hujuscemodi
987 2167 1009 2196 ῃ
1023 2159 1127 2188 scilicet
1142 2159 1202 2188 talis
1215 2165 1257 2188 est
1271 2161 1316 2196 qui
1333 2162 1430 2197 ipsam,
1450 2167 1479 2190 ut
1494 2163 1532 2191 ita
1546 2164 1677 2198 dixerim.
1693 2166 1792 2193 divinam

187 2184 381 2198 n....l:.:....:r...-
419 2197 434 2198 η
455 2190 461 2198 1
594 2195 600 2198 .
643 2197 657 2198 η

187 2184 395 2220 eruditionibus,
419 2190 461 2217 vel
483 2195 700 2229 correptionibus
720 2206 779 2227 esse
795 2202 899 2234 pesitos
917 2211 970 2232 non

185 2229 321 2264 ignorent,
338 2237 426 2262 tamen
443 2237 556 2267 moleste
577 2246 658 2277 atque
677 2243 852 2278 impatienter
867 2247 967 2278 ferunt.

185 2273 263 2307 Quod
278 2276 302 2304 si
316 2279 432 2308 eruditio
451 2289 595 2317 puerorum
613 2273 807 2323 hujuscemodi
829 2298 889 2327 est,
904 2296 969 2330 quid

184 2321 286 2349 sentire
307 2323 435 2355 debemus
462 2329 495 2357 de
517 2331 595 2360 nobis
612 2321 743 2369 senibus,
768 2338 874 2372 qualem
891 2341 968 2372 nobis

185 2366 225 2393 vel
238 2369 427 2406 eruditionem,
444 2374 484 2401 vel
501 2378 699 2412 correptionem
717 2381 859 2412 imminere
872 2393 968 2417 cense-

183 2420 254 2446 mus,
272 2422 332 2450 qua:
345 2424 397 2445 non
415 2426 429 2446 a
445 2420 690 2458 dispensatoribus,
706 2434 794 2462 neque
809 2438 822 2456 a
839 2432 965 2468 pedago-

180 2459 223 2495 gis
236 2461 350 2490 infertur
362 2464 374 2491 ?
385 2464 462 2494 Novit
478 2468 576 2504 quippe
594 2469 733 2506 Scriptura
748 2459 965 2511 padagogumuet

180 2507 392 2541 dispensatorem
407 2516 435 2539 et
451 2513 659 2548 procuratorem
676 2507 780 2554 parvuli
794 2530 800 2550 :
815 2507 879 2557 q-uid
891 2544 899 2556 ,
918 2524 962 2552 iu-

179 2559 258 2586 quam
271 2574 278 2587 ,
302 2556 480 2591 existimare.
499 2561 540 2588 vel
564 2564 666 2592 sentire
681 2556 831 2600 debemus
847 2576 907 2599 cum
929 2572 963 2601 ab

178 2596 237 2630 ipso
250 2601 444 2634 patrefamilias
459 2607 576 2636 eruditio
588 2615 678 2638 nostra
689 2611 760 2640 facta
776 2612 857 2642 fuerit
878 2621 961 2651 atque

176 2647 312 2679 correptio
323 2648 335 2674 τ
348 2647 446 2678 lterum
463 2653 605 2683 redeamus
619 2657 653 2683 ad
668 2657 874 2688 similitudinem
891 2669 943 2696 pue
953 2677 959 2682 -

178 2695 279 2720 rorum.
296 2692 323 2719 Si
338 2695 501 2730 corripiatur
522 2707 589 2734 puer
606 2709 621 2727 λ
640 2704 784 2740 paedagogo
796 2726 803 2739 ,
831 2692 956 2735 non-crit

1022 2212 1130 2233 manum
1148 2206 1267 2234 insuam
1290 2214 1418 2242 provocet
1438 2209 1576 2238 ultionem.
1601 2211 1632 2239 Si
1655 2210 1791 2239 intellexisti

1020 2259 1078 2287 qua:
1091 2252 1162 2280 dicta
1177 2258 1250 2286 sunt.
1267 2254 1288 2282 si
1303 2255 1426 2283 altiorem
1446 2261 1556 2285 secutus
1578 2265 1610 2287 es
1631 2257 1790 2288 intellectum.

1019 2299 1126 2327 intuere
1150 2308 1222 2328 nunc
1242 2301 1359 2336 qualiter
1384 2303 1441 2331 hinc
1458 2304 1593 2339 Propheta
1621 2306 1789 2341 prosequitur.

1016 2351 1078 2371 cum
1093 2344 1159 2372 dicit
1178 2355 1186 2373 :
1202 2347 1286 2374 Etiam
1302 2348 1324 2375 si
1347 2349 1461 2384 corripis
1474 2357 1517 2377 me
1528 2370 1535 2383 ,
1550 2349 1625 2378 Deus
1635 2372 1642 2382 ,
1658 2352 1710 2379 noli
1725 2358 1760 2379 me
1771 2351 1789 2377 in

1021 2389 1060 2417 ira
1078 2391 1226 2425 corripere.
1245 2391 1297 2419 Sed
1321 2400 1372 2420 nos
1396 2401 1446 2422 nec
1467 2396 1566 2430 corrigi
1587 2396 1732 2428 volumus.
1753 2402 1790 2423 nec

1017 2435 1192 2472 paedagogum
1206 2437 1324 2471 patimur
1334 2445 1563 2474 commoneutem,
1578 2449 1672 2477 neque
1683 2449 1791 2477 procura-

1019 2484 1107 2508 torum
1117 2481 1158 2510 vel
1169 2487 1289 2511 actorum
1306 2485 1494 2519 correptiones
1508 2485 1629 2515 libenter
1646 2488 1788 2523 accipimus

1016 2530 1044 2553 et
1055 2531 1198 2561 propterea
1214 2529 1248 2556 ab
1263 2529 1319 2564 ipsa
1340 2530 1378 2557 ira
1393 2530 1439 2558 Dei
1453 2531 1659 2565 correptionem
1676 2532 1746 2560 nobis
1756 2531 1788 2558 in-

1017 2574 1078 2603 duci
1095 2583 1204 2603 necesse
1217 2580 1268 2604 est.
1283 2576 1415 2612 Propheta
1428 2577 1499 2605 enim
1513 2578 1579 2606 dicit
1600 2587 1608 2606 :
1631 2579 1751 2611 Domine,
1765 2585 1789 2627 re

1014 2621 1041 2646 in
1063 2620 1151 2655 furore
1175 2625 1218 2648 tuo
1240 2630 1336 2657 arguas
1361 2630 1412 2656 me,
1435 2630 1515 2658 neque
1536 2624 1564 2652 in
1587 2624 1632 2652 ira
1653 2629 1699 2652 tua
1721 2623 1788 2652 corriv

1012 2666 1069 2700 pias
1085 2675 1133 2694 mc.

1047 2711 1073 2737 2.
1093 2711 1144 2740 Sed
1163 2713 1208 2748 qui
1226 2713 1276 2742 hoc
1292 2714 1372 2748 dicit,
1384 2714 1463 2743 debet
1480 2715 1609 2750 proferre
1630 2718 1743 2754 aliquam
1757 2723 1786 2743 nr

211 2779 232 2794 "‘
249 2780 267 2806 Il
281 2781 341 2809 Cor.
358 2791 375 2810 tt
390 2805 396 2816 ,
411 2786 436 2812 8.
475 2788 495 2805 ⁸⁷
516 2789 559 2817 Ps.
576 2799 680 2826 χιιι-ιι,
701 2793 727 2821 2.
765 2794 788 2810 ⁸⁵³
800 2794 881 2822 llebr.
896 2804 950 2828 xu.
966 2797 1007 2826 11.
