1886 3052
219 97 288 124 1575

928 95 973 122 EX
991 94 1142 123 OlllGENE

1787 98 1845 125 4576

217 161 321 187 sanitas
347 160 376 187 in
399 168 478 188 carne
503 168 560 187 mea
586 169 602 187 α
629 160 698 194 [acie
717 160 765 187 ine
783 164 844 186 ιιιαί.
865 159 902 186 De
913 166 945 186 eo
963 159 1008 194 qui
1024 158 1146 186 Aemori
1168 165 1230 186 eam
1255 158 1368 193 faceret,
1393 164 1536 195 antequatr
1558 162 1685 197 perfecte
1703 163 1846 190 mortiﬁca-

219 208 290 241 apud
315 206 477 234 Corinthum
503 211 666 240 peccaverat
694 206 823 232 indicavit
849 205 1006 241 Apostolus,

218 253 313 280 dicens
336 253 359 269 "
380 261 388 280 :
415 252 532 279 Tradere
552 251 706 286 hujusmodi
731 252 864 278 hominem
899 251 1007 279 Saturne

217 299 244 325 in
259 299 393 325 interitum
403 299 501 325 carnis.
518 296 804 333 Nunquidputandum
816 302 859 325 est
872 299 943 332 quod
955 299 1007 325 ini-

217 352 299 378 quum
314 344 371 371 ﬁeri
384 343 489 370 volebat
500 351 580 378 quem
591 343 697 370 dicebat
707 344 775 370 tradi
790 344 889 371 debere
899 344 1006 371 Satanm

217 391 244 417 in
258 390 396 417 interitum
412 390 525 417 carnis?
544 390 614 423 Quin
628 390 717 425 potius
733 394 856 425 apparet,
877 391 1004 424 quoniam

215 444 264 471 pro
280 436 365 463 salute
388 436 446 470 ejus
466 437 588 463 tradebat
611 444 719 464 carnem
740 437 797 471 ejus
811 436 837 463 itt
852 436 1001 464 interitum.

215 483 336 516 Denique
344 483 534 510 additdicens:
547 482 657 509 Tradidi
666 483 794 518 ejusmodi
803 483 934 510 hominem
949 483 1003 510 Sa-

214 534 283 556 tamc
303 529 331 556 in
343 529 478 556 interitum
487 530 585 560 carnis,
599 534 625 555 ut
636 530 744 563 spiritus
759 529 846 556 salvus
861 529 907 563 ﬁat
922 530 948 556 in
961 530 1003 556 die

214 574 331 608 Domini,
351 576 500 603 ostendens
514 584 566 603 non
587 583 666 610 posse
681 575 780 603 salvari
797 575 933 610 spiritum,
950 576 1001 603 nisi

213 629 277 648 caro
291 622 317 649 in
330 623 468 650 interitum
482 623 646 650 traderetur.
662 622 728 656 Quis
744 629 809 656 ergo
822 623 859 649 sit
874 622 1001 650 interitus

212 669 317 700 carnis,
330 669 403 695 audi.
425 668 493 701 Quia
511 668 584 702 quod
603 668 747 700 interierit,
760 667 819 695 sine
831 667 913 695 dubio
929 675 1002 694 mor-

212 718 287 739 tnutn
313 718 365 740 est.
383 713 455 740 Vivit
468 719 558 740 autem
579 721 644 741 caro
671 713 697 740 in
721 719 874 748 peccatore,
892 720 998 741 tnortua

211 763 251 786 cst
270 767 334 787 caro
348 759 374 786 itt
389 759 593 794 homincjusto.
611 759 725 795 Propter
741 761 812 796 quod
831 765 858 788 et.
872 759 938 794 justi
958 761 999 788 tli-

209 811 274 832 cunt
296 806 319 822 "
342 813 348 831 :
374 805 482 839 Semper
510 807 737 841 mortiﬁcationem
760 807 825 834 Iesu
851 807 950 835 Christi
970 809 997 834 in

209 860 318 883 corpore
332 858 421 880 nostra
435 853 660 887 circumferentes,
677 859 704 881 ut
719 859 743 881 et
760 855 813 881 vita
824 853 888 880 Jesu
898 854 997 881 Clariin

210 897 392 932 mttnlfeslelur
415 899 442 925 in
470 907 550 925 carne
581 904 670 926 nostra
697 900 814 927 mortali.
842 899 876 926 Et
899 900 996 927 iterum

209 944 364 970 mandatum
385 944 540 978 accepimus
562 945 655 972 dicens
671 945 694 961 “
711 954 719 972 :
737 946 897 979 Morti/irate
916 954 996 972 ntem-

210 987 256 1013 bra
269 994 354 1014 vestra
366 997 425 1023 qua:
434 994 494 1016 sunt
505 997 583 1022 super
594 994 701 1016 terram.
716 989 748 1016 Et
760 990 855 1016 beatus
867 990 912 1024 qui
927 998 996 1017 mor-

208 1037 270 1059 tuus
285 1038 326 1060 est
342 1040 463 1067 peccato,
483 1035 631 1062 secundum
658 1035 730 1070 quod
756 1036 859 1063 dictum
882 1041 924 1063 est
944 1037 968 1053 θ’
986 1047 993 1064 :

206 1078 309 1113 Corpus
324 1080 427 1115 quit/em
448 1086 581 1107 mortuum
600 1086 638 1108 est
660 1087 765 1116 propter
781 1088 928 1116 peccatum,
944 1084 995 1117 spi-

207 1125 272 1151 ritus
288 1131 374 1151 autem
388 1126 440 1152 rita
452 1126 513 1153 vivi!
527 1132 632 1160 propter
651 1127 885 1162 justiﬁcationem.
911 1129 993 1156 Tradi

205 1176 270 1203 ergo
286 1169 311 1196 in
325 1170 462 1197 interitum
476 1172 566 1198 carnis
582 1173 634 1198 tale
650 1177 700 1203 est,
719 1176 748 1199 ut
767 1174 917 1200 emoriatur
930 1181 994 1201 sen-

205 1223 251 1242 sus
270 1215 386 1242 carnalis
406 1216 431 1243 in
445 1217 531 1249 nobis,
549 1221 576 1243 et
598 1225 651 1245 non
670 1217 742 1244 vivat
755 1220 848 1245 carnis
859 1220 993 1253 cupiditas

204 1260 231 1287 in
247 1268 288 1288 ea.
305 1261 344 1288 Ex
357 1269 390 1288 eo
404 1262 476 1289 enim
503 1262 575 1297 quod
592 1263 707 1290 moritur
731 1271 829 1292 sensus
845 1265 947 1297 carnis,
963 1269 993 1293 ut

205 1314 257 1332 non
277 1308 424 1333 secundum
451 1315 561 1335 carnem
588 1309 736 1342 sapiamus,
761 1309 874 1343 spiritus
899 1310 992 1338 salvus

204 1351 328 1378 ellicitur.
344 1352 469 1386 Alioquin
482 1352 543 1378 dum
560 1352 623 1379 vivit
641 1360 741 1380 sensus
757 1354 782 1380 in
797 1354 875 1382 nobis
887 1355 990 1389 carnis,

202 1401 227 1423 et
243 1404 306 1423 caro
326 1397 404 1427 vivit.
420 1405 474 1424 non
490 1405 634 1432 possumus
649 1399 682 1426 de
695 1399 865 1434 spiritalibus
883 1409 989 1435 sapere.

203 1442 259 1470 Hoc
291 1451 355 1477 ergo
379 1443 458 1470 modo
479 1443 624 1478 Apostolus
657 1445 769 1472 tradidit
794 1446 820 1473 in
848 1447 989 1475 interitum

1013 839 1034 866 Β

1061 208 1147 237 retur,
1164 205 1239 239 prius
1251 205 1318 233 dixit
1331 206 1463 235 inlirmari
1477 215 1588 236 carnem
1602 215 1702 241 suam;
1723 213 1754 236 et
1772 209 1846 237 donec

1060 250 1250 278 inﬁrmabatur
1262 251 1370 286 quidem
1385 260 1459 286 caro,
1472 253 1600 287 spiritum
1618 259 1784 288 promptum
1797 261 1846 281 esse

1059 295 1182 329 dicebat;
1205 303 1266 324 cum
1288 305 1353 325 vero
1380 299 1454 326 cruci
1474 306 1534 325 eain
1560 300 1645 326 tradit
1677 304 1707 326 et
1736 299 1845 334 perlecta

1059 345 1146 368 morte
1163 347 1345 375 consummat,
1358 347 1422 370 tunc
1441 351 1493 370 non
1509 344 1565 378 jam
1589 349 1754 379 promptum
1775 346 1847 380 spiri-

1060 391 1127 420 tum,
1141 387 1188 414 sed
1204 387 1230 414 in
1245 388 1371 415 manibus
1393 388 1481 415 Patris
1506 388 1626 423 positum
1642 396 1711 416 esse
1727 394 1846 416 testatur.

1058 431 1121 460 Haec
1136 437 1223 460 autem
1236 433 1280 460 ille
1297 434 1324 460 in
1343 440 1372 460 se
1386 434 1543 462 describens
1562 435 1669 461 nostris
1690 435 1846 462 eruditioni-

1057 480 1108 507 bus
1123 480 1259 514 prazbebat
1273 480 1438 515 exemplum.
1461 481 1576 515 Propter
1595 488 1647 508 nos
1663 481 1742 508 enim
1761 486 1789 508 et
1803 489 1847 508 no—

1056 525 1097 553 bis
1113 526 1236 554 inﬁrmus
1249 531 1319 553 erat.
1343 525 1405 554 Ideo
1422 527 1626 554 consideremus
1654 529 1846 562 nosmetipsos,

1055 571 1078 598 si
1091 571 1198 598 inﬁrma
1212 576 1254 599 est
1264 579 1328 599 caro
1344 577 1447 605 nostra.
1465 573 1488 601 si
1507 580 1559 600 non
1589 573 1703 601 deliciis
1729 573 1845 600 luxuria-

1054 624 1106 652 que
1122 617 1277 651 resolvitur,
1293 618 1350 646 hinc
1368 619 1391 645 ei
1409 619 1504 646 vitiosa
1526 620 1634 647 sanitas
1658 625 1769 654 ιιι-εειο
1791 625 1845 647 est:

1055 664 1113 690 vide
1124 663 1146 690 si
1159 671 1207 698 per
1217 665 1410 694 abstinentiam
1427 665 1617 702 quotidianam
1634 665 1755 692 inﬁrma
1770 665 1846 693 elﬁci-

1054 716 1099 739 tur
1119 719 1195 744 caro,
1207 712 1228 740 si
1242 721 1289 748 per
1299 713 1493 741 continentiam
1510 713 1645 741 desideria
1660 712 1845 745 refrenanttrr,

1052 759 1134 787 libido
1145 762 1345 796 comprimitur,
1353 761 1417 788 vitia
1430 761 1647 795 conquiescunt:
1662 765 1731 787 tunc
1743 759 1844 787 etiamsi

1052 809 1170 833 nondum
1195 812 1321 834 emortua
1343 812 1397 840 est,
1424 811 1513 834 tanten
1538 814 1591 834 non
1620 811 1666 834 est
1691 806 1801 834 sanitas
1822 805 1844 832 in

1050 859 1132 879 carne
1145 857 1200 885 tua,
1211 853 1257 880 sed
1270 853 1353 880 etiam
1364 853 1485 881 membra
1495 858 1540 880 tua
1554 853 1665 880 interim
1678 852 1843 879 mortiﬁcata

1049 902 1111 925 sunt
1122 905 1203 932 super
1217 903 1329 926 terram.
1345 898 1415 932 Quid
1432 904 1473 925 est
1486 903 1576 926 autem
1592 898 1667 932 quod
1691 897 1760 925 facit.
1773 898 1843 925 saui-

1049 948 1132 971 tatem
1149 945 1175 971 in
1193 952 1275 972 carne
1290 953 1341 972 non
1353 945 1432 972 esse?
1451 944 1479 972 Si
1503 944 1658 971 sentiamus
1677 944 1778 972 faciem
1799 946 1842 971 ira:

1047 989 1106 1016 Dei.
1140 989 1223 1017 Deum
1253 990 1324 1018 enim
1352 990 1527 1017 recordamur
1551 990 1619 1017 iram
1638 989 1700 1022 Dei,
1726 995 1755 1016 et
1786 996 1842 1017 ante

1045 1034 1138 1061 oculos
1160 1034 1262 1061 vultum
1285 1035 1343 1069 ejus
1362 1035 1520 1061 adducimus
1546 1041 1579 1061 ex
1602 1034 1665 1069 ipsa
1696 1034 1841 1061 intuitione

1045 1079 1121 1113 ejus,
1150 1088 1210 1114 quia
1236 1085 1345 1115 propter
1359 1080 1409 1107 hoc
1436 1079 1520 1107 facies
1543 1080 1590 1106 iraa
1623 1079 1765 1114 appellata
1791 1084 1839 1110 est,

1045 1125 1207 1152 conturbata
1226 1130 1253 1153 et
1272 1125 1403 1153 exterrita
1422 1133 1485 1153 caro
1516 1125 1676 1153 inﬁrmatur
1690 1130 1774 1160 atque
1787 1124 1840 1152 lan-

1045 1172 1133 1206 guesci
1139 1177 1158 1200 t.
1319 1170 1325 1174 ’

1080 1219 1108 1246 5.
1127 1218 1189 1245 Non
1201 1223 1240 1245 est
1257 1226 1310 1253 pax
1323 1219 1425 1246 ossibus
1450 1218 1513 1245 meis
1541 1226 1558 1245 α
1582 1217 1658 1252 [acie
1670 1224 1836 1252 peccatorum

1044 1273 1172 1294 meorum.
1188 1265 1276 1292 Etiam
1296 1265 1354 1292 haec
1370 1265 1449 1292 debet
1473 1265 1566 1292 dicere
1586 1265 1632 1299 qui
1662 1265 1797 1300 peccavit,
1811 1269 1835 1291 et

1043 1316 1104 1346 post
1131 1315 1270 1345 peccatum
1291 1318 1421 1345 peccasse
1441 1318 1470 1338 se
1488 1310 1660 1341 recordatur,
1687 1311 1760 1338 sicut
1783 1311 1834 1344 ipse

1044 1358 1127 1384 David
1139 1358 1247 1384 dicebat
1260 1357 1285 1384 in
1299 1357 1525 1391 quinquagesimo
1543 1357 1649 1392 psalmo
1665 1356 1689 1372 "
1705 1366 1713 1384 :
1732 1355 1765 1383 Et
1781 1365 1834 1390 pec-

1043 1410 1131 1430 catum
1150 1411 1237 1430 meum
1262 1411 1351 1429 coram
1367 1411 1407 1429 me
1430 1409 1469 1429 eu
1487 1410 1599 1437 sentper.
1625 1402 1698 1429 Sunt
1729 1403 1831 1437 quidam

1041 1451 1088 1486 qui
1108 1458 1168 1477 cuin
1181 1450 1353 1485 peccaverint
1371 1449 1460 1476 securi
1473 1453 1536 1475 sunt
1557 1455 1685 1483 prorsus,
1711 1456 1763 1475 nec
1788 1455 1832 1474 co-

201 1489 293 1516 carnis
321 1497 382 1516 eum
415 1490 460 1524 qui
490 1491 637 1517 secundum
671 1498 781 1518 carnem
815 1492 932 1526 vixerat,
961 1498 990 1521 ιιι
1004 1506 1026 1535 c
1043 1497 1130 1532 gitant
1142 1498 1174 1523 de
1191 1501 1304 1530 peccato
1319 1502 1378 1526 suo,
1396 1501 1446 1521 nec
1470 1495 1545 1522 venit
1562 1495 1596 1521 ad
1612 1502 1727 1521 sensum
1743 1501 1830 1522 eorum

201 1542 281 1562 sensu
302 1535 394 1562 carnis
412 1540 536 1562 emortuo
556 1536 668 1570 spiritus
684 1537 712 1565 in
729 1537 772 1564 die
799 1538 902 1566 Domini
935 1540 989 1566 sal-

200 1585 321 1607 varetur.
343 1580 370 1608 Si
392 1581 548 1608 intellexisti
573 1581 751 1615 apostolicum
771 1590 937 1616 sermonem,
954 1585 988 1612 ad

201 1626 226 1652 id
239 1626 311 1661 quod
327 1626 494 1661 propositum
506 1632 548 1654 est
564 1632 744 1655 revertamur.
761 1627 868 1656 Utinam
885 1630 911 1656 in
929 1637 987 1656 cor-

200 1679 265 1706 pore
278 1680 337 1699 meo
353 1673 375 1700 si
390 1673 497 1708 quando
512 1673 650 1707 delinquo,
667 1678 694 1701 et
713 1674 840 1702 delictum
858 1682 890 1702 ex
907 1683 987 1703 sensu

199 1721 289 1748 carnis
301 1720 391 1754 venit,
418 1721 645 1756 superduceretur
672 1722 801 1749 interitus
825 1723 931 1756 carnis,
957 1728 989 1757 ιιι

198 1766 309 1800 spiritus
323 1767 483 1794 salvaretur.
509 1767 537 1794 Si
559 1768 632 1795 enim
658 1776 722 1796 caro
744 1769 911 1803 inﬁrmatur,
930 1770 988 1797 sine

197 1813 279 1840 dubio
293 1813 434 1848 proﬁciens
445 1813 590 1841 inﬁrmitas
607 1815 687 1841 etiam
702 1814 736 1842 ad
751 1815 986 1843 mortiﬁcationem

197 1861 319 1894 pervertit
342 1861 432 1887 carnis
451 1869 458 1887 :
478 1865 504 1887 et
526 1866 588 1887 tunc
613 1864 656 1888 est
680 1860 752 1895 quod
777 1864 852 1888 recte
877 1861 985 1894 dicitur,

197 1906 323 1939 quoniam
337 1914 386 1932 non
400 1910 436 1933 est
450 1907 550 1933 sanitas
567 1907 593 1933 iu
616 1914 694 1933 carne
714 1914 782 1933 mea.
802 1906 829 1933 Si
847 1914 910 1934 vero
932 1914 984 1934 non

199 1953 351 1979 inlirmatur
380 1952 488 1986 quidem
514 1960 587 1986 caro,
612 1952 658 1979 sed
686 1951 756 1979 redit
782 1952 814 1979 ad
841 1953 984 1980 sanitatem

197 2006 284 2032 suam,
298 1998 323 2025 id
339 2003 392 2030 cst,
407 2003 436 2025 ut
453 1998 540 2032 sapiat
555 2006 614 2033 quae
633 2003 696 2025 sunt
715 1998 816 2032 carnis,
832 2005 864 2026 ac
880 1999 986 2026 deside-

198 2049 238 2071 ret
257 2044 368 2076 malum,
383 2050 447 2071 tunc
463 2045 564 2071 sanitas
584 2048 627 2071 est
642 2045 668 2070 in
693 2052 787 2077 carne,
804 2045 875 2079 quod
893 2045 985 2079 utique

195 2091 303 2125 spiritui
320 2098 372 2117 non
388 2095 428 2118 est
443 2091 555 2118 bonum.
581 2091 632 2117 Iste
653 2099 719 2126 ergo
742 2092 787 2126 qui
808 2092 941 2124 arguitur,
958 2096 985 2119 et

197 2141 304 2164 recusat
321 2144 368 2170 per
387 2137 505 2164 furorem
527 2137 631 2164 Dotniui
654 2138 730 2171 argui
745 2143 826 2172 atque
843 2138 982 2165 iracundia

195 2182 252 2216 ejus
266 2182 377 2217 corripi,
393 2182 559 2216 justissimas
571 2190 667 2210 causas
689 2182 769 2217 hujus
794 2185 981 2212 excusationis

194 2229 322 2260 ostendit,
343 2237 469 2257 asserens
496 2237 525 2257 se
552 2230 658 2265 sagittis
685 2231 829 2258 verborum
852 2231 899 2259 Dei
921 2239 982 2259 esse

194 2274 340 2308 conﬁxum,
358 2281 385 2302 et
400 2276 436 2303 ita
451 2277 584 2303 turbatum
611 2281 692 2311 atque
703 2277 878 2311 perterritum
893 2285 907 2305 a
923 2278 979 2306 sola

194 2321 266 2348 facie
283 2322 330 2349 irze
350 2323 466 2353 Domini.
492 2327 521 2349 ut
539 2323 611 2349 nulla
628 2331 740 2358 prorsus
767 2324 794 2350 in
817 2331 900 2352 carne
920 2325 979 2360 ejus

193 2368 308 2400 sanitas,
326 2368 351 2395 id
367 2373 408 2396 est
435 2369 535 2396 nttllutn
557 2370 686 2404 peccandi
715 2370 785 2397 ultra
813 2370 976 2399 desiderium

193 2415 333 2442 manserit.
360 2414 470 2441 Memini
495 2421 537 2440 me
562 2414 708 2449 aliquando
735 2415 768 2443 de
794 2415 840 2443 illo
857 2417 978 2450 capitulo

194 2460 328 2496 Evangelii
339 2460 531 2494 disputantem,
548 2460 574 2487 in
590 2468 643 2494 qtto
659 2461 789 2496 scriptum
806 2466 848 2489 est
860 2463 903 2489 πε
918 2462 978 2497 Spi-

193 2507 259 2532 ritus
272 2505 377 2540 quidem
392 2511 530 2540 promptus
543 2511 592 2538 est,
604 2515 666 2533 caro
681 2512 767 2533 autem
786 2507 903 2541 infirma,
924 2508 976 2536 tale

194 2550 292 2585 aliquid
322 2551 450 2584 sensisse,
477 2551 547 2586 quod
574 2557 718 2585 antequam
737 2550 863 2578 Salvator
886 2557 979 2579 noster

193 2597 297 2624 veniret
315 2597 347 2623 ad
364 2604 484 2635 crucem,
503 2601 531 2624 et
553 2596 727 2631 cruciﬁgerct
756 2603 878 2629 carnem,
895 2602 975 2632 atque

241 2658 264 2673 θ’
279 2657 287 2683 l
305 2657 366 2684 Cor.
392 2666 419 2690 v,
440 2657 466 2684 5.
519 2657 573 2683 "ll
593 2656 659 2684 (lor.
684 2664 718 2689 tv,
740 2657 784 2684 ιο.
837 2657 860 2673 ’⁸
890 2657 994 2686 Coloss.

192 2692 213 2707 ’⁷
230 2691 300 2719 Psal.
317 2700 343 2724 ι,
360 2693 386 2719 5.

228 2750 282 2785 (l7)
297 2749 347 2783 Qui
360 2751 428 2777 enim
443 2759 488 2778 nec
502 2751 601 2784 dolent,
617 2756 670 2778 etc.
685 2751 787 2778 Catena
804 2751 926 2779 Corderii
943 2757 969 2779 ct

191 2785 250 2812 alia:
264 2786 452 2819 manuscripta:
466 2787 559 2814 Graeca
575 2787 655 2814 verba
681 2786 796 2814 all'cruut
823 2795 882 2820 quae
909 2795 969 2814 tanta

192 2822 241 2847 hoc
268 2821 326 2848 loco
355 2822 469 2849 multum
497 2822 596 2850 habent
621 2821 760 2850 atlinitatis
783 2830 790 2849 :
818 2823 874 2850 οὐκ
897 2822 968 2850 ἔστιν

998 2173 1020 2200 D

1042 1542 1106 1578 quid
1123 1541 1193 1569 male
1206 1542 1349 1576 gesserint,
1365 1542 1411 1569 sed
1431 1542 1468 1568 ita
1484 1541 1581 1567 vivunt
1596 1540 1677 1574 quasi
1695 1540 1765 1567 nihil
1779 1547 1831 1567 om-

1042 1593 1107 1619 nino
1133 1590 1322 1618 commiserint
1338 1597 1345 1616 :
1361 1589 1405 1616 isti
1428 1596 1494 1624 ergo
1509 1596 1562 1614 non
1588 1591 1709 1621 possunt
1732 1587 1829 1618 dicere,

1041 1637 1104 1672 quia
1129 1642 1263 1672 peccatum
1293 1643 1377 1662 meum
1401 1642 1489 1662 coram
1504 1641 1545 1660 me
1570 1638 1608 1660 εει
1633 1641 1751 1667 semper.
1769 1632 1829 1660 Cum

1041 1691 1104 1710 vero
1119 1687 1178 1717 post
1192 1682 1293 1709 dictum
1314 1681 1376 1715 quis
1399 1680 1568 1708 consumitur
1585 1683 1612 1705 et
1630 1679 1764 1714 amigitur
1785 1686 1830 1713 pro

1041 1728 1143 1755 delicto
1156 1735 1205 1755 suo
1219 1732 1246 1754 et
1257 1727 1432 1754 conscientiae
1444 1726 1562 1753 stimulis
1575 1726 1709 1761 agitatur,
1725 1725 1829 1752 morde-

1040 1778 1083 1800 tur
1103 1774 1162 1801 sine
1187 1773 1389 1800 intcrmissione
1415 1777 1498 1806 atque
1524 1772 1640 1799 occultis
1664 1771 1831 1799 confutatis-

1039 1821 1120 1848 nibus
1134 1820 1320 1854 impugnatur,
1335 1821 1386 1847 iste
1404 1821 1501 1847 merito
1517 1819 1583 1846 dicit
1599 1827 1607 1845 :
1629 1818 1694 1846 Non
1715 1824 1754 1846 est
1779 1827 1827 1854 pa:

1039 1866 1139 1892 auibus
1162 1866 1225 1891 meis
1241 1873 1258 1891 a
1273 1864 1342 1899 [acie
1352 1870 1518 1899 peccatorum
1539 1871 1669 1890 meorum.
1691 1863 1743 1890 Est
1769 1870 1830 1890 sane

1039 1912 1122 1939 facies
1139 1913 1261 1946 qumdaiu
1277 1913 1360 1938 etiam
1379 1915 1563 1945 peccatorum,
1577 1915 1615 1944 et,
1632 1915 1664 1937 ut
1689 1911 1729 1938 ita
1758 1911 1828 1938 dixe-

1038 1958 1099 1991 rim,
1115 1958 1190 1985 color
1205 1957 1313 1992 quidam
1330 1962 1358 1983 et
1372 1957 1488 1990 species.
1507 1964 1556 1991 per
1577 1963 1663 1990 quam
1688 1956 1828 1984 recordari

1037 2008 1064 2030 et
1081 2003 1236 2038 recognosci
1259 2002 1346 2030 solent
1361 2009 1392 2029 ea
1414 2010 1474 2036 qua:
1499 2001 1648 2036 aliquando
1675 2003 1823 2029 commissa

1037 2053 1110 2076 sunt.
1125 2050 1192 2076 Cum
1210 2057 1274 2076 vero
1290 2053 1351 2075 ante
1363 2048 1456 2076 oculos
1482 2048 1572 2087 cordis
1592 2048 1681 2074 nostri
1700 2048 1827 2075 statueri-

1036 2102 1097 2121 mus
1120 2099 1230 2129 peccata
1256 2098 1358 2125 nostra,
1383 2097 1411 2120 et
1436 2094 1648 2127 unumquodque
1677 2093 1824 2125 intuentes,

1037 2144 1263 2175 recognoscentes
1284 2139 1469 2168 erubescimus
1497 2139 1618 2173 factique
1648 2141 1824 2173 pmnilemus,

1037 2193 1100 2215 tunc
1113 2188 1266 2215 conturbali
1277 2192 1305 2214 et
1315 2187 1438 2214 exterriti
1452 2186 1548 2213 merito
1563 2185 1685 2213 dicimus
1701 2194 1754 2213 nos
1777 2194 1824 2213 non

1036 2234 1137 2261 habere
1150 2241 1245 2268 pacem
1271 2233 1297 2260 in
1313 2233 1420 2260 ossibus
1447 2233 1548 2260 nostris
1566 2240 1580 2259 ει
1597 2231 1670 2260 facie
1698 2238 1824 2268 peccato-

1036 2286 1095 2305 1⁵11111
1109 2283 1276 2306 nostrorum.

1071 2323 1098 2350 4.
1114 2323 1202 2349 Addat
1214 2324 1295 2349 etiam
1311 2323 1367 2350 ltarc
1379 2323 1425 2357 qui
1438 2323 1551 2357 poenitet
1565 2331 1614 2358 pro
1625 2325 1752 2358 peccatis
1763 2325 1821 2355 suis,

1035 2373 1062 2396 el
1075 2369 1146 2395 dicat
1159 2375 1166 2395 :
1184 2368 1252 2401 Quia
1270 2369 1420 2402 iniquitates
1435 2376 1497 2395 met:
1507 2368 1591 2404 684
1600 2376 1821 2404 ιιιρει-ροειιεηυιι

1033 2421 1111 2451 caput
1131 2424 1228 2448 meum,
1246 2416 1313 2443 sicut
1335 2424 1401 2442 onus
1423 2423 1502 2449 grave
1518 2420 1637 2450 gravata:
1666 2421 1732 2442 sunt
1750 2424 1822 2450 super

1032 2473 1082 2491 me.
1096 2464 1147 2497 Qui
1160 2464 1231 2491 enim
1245 2472 1296 2491 nec
1312 2463 1404 2490 dolent
1428 2463 1498 2497 (47),
1523 2470 1573 2490 nec
1600 2468 1757 2497 gravantur
1777 2470 1821 2496 pro

1033 2510 1153 2544 peccatis
1169 2510 1236 2543 suis,
1255 2510 1302 2537 sed
1321 2509 1407 2536 securi
1421 2513 1484 2536 sunt
1500 2513 1582 2543 atque
1597 2511 1624 2535 in
1641 2508 1755 2536 deliciis
1767 2508 1820 2534 ﬁui-

1033 2559 1101 2588 tant,
1116 2556 1172 2582 haec
1199 2555 1289 2582 dicere
1313 2562 1365 2582 nou
1382 2559 1504 2589 possunt,
1530 2561 1580 2581 nec
1609 2554 1738 2581 sentiunt
1755 2554 1819 2588 quod

1033 2601 1189 2635 iniquitates
1209 2600 1317 2635 quidem
1333 2607 1389 2627 sua:
1407 2604 1585 2632 excrescunt,
1604 2604 1633 2627 et
1653 2600 1729 2627 ultra
1750 2601 1818 2634 capi~

1170 2660 1192 2676 ⁸⁵
1209 2659 1286 2687 Rom.
1308 2666 1374 2692 'vtu,
1398 2659 1440 2686 lt).
1493 2658 1516 2674 "
1546 2657 1646 2686 Matth.
1681 2666 1758 2691 xm,
1776 2658 1814 2685 41.

1025 2667 1064 2692 ιιι,
1092 2661 1117 2689 5.

1024 2754 1110 2779 simia
1123 2752 1210 2778 ταῦτα.
1223 2756 1285 2783 τους
1297 2751 1333 2786 μὴ
1343 2751 1396 2777 τῶν
1413 2750 1485 2777 ἰδίων
1497 2750 1713 2786 ἁμᾳρτημάτων
1730 2750 1814 2777 c.1361-

1025 2787 1163 2821 νομένους·
1181 2787 1254 2818 τινὲς
1269 2786 1333 2819 γοῦν
1358 2787 1402 2812 καὶ
1427 2785 1616 2819 ἐκκαυχῶνται
1646 2787 1697 2812 καὶ
1713 2786 1811 2820 ἦδιιντιι

1024 2824 1078 2854 τοῖς
1098 2822 1187 2851 αὑτῶν
1205 2821 1444 2857 πλημμελήμαπιν,
1463 2821 1500 2852 ὡς
1512 2821 1600 2856 ἡδέως
1621 2821 1810 2856 1:521:13;-
