1886 3052
221 135 290 164 1379

926 132 973 159 EX
989 130 1142 160 ORIGENE

1788 135 1847 162 ΕΜ

220 203 281 223 nem
296 194 409 230 geritur.
420 193 504 228 lli-jus
513 199 629 228 namque
639 200 708 228 opus
715 200 760 220 res
769 198 812 220 est
822 193 960 228 illa’quam
971 193 1003 219 Α·
1024 195 1046 223 Α
1060 193 1084 220 ei
1100 193 1186 227 major
1209 200 1290 228 pmna
1308 194 1445 222 recordari
1462 201 1522 230 quze
1547 194 1682 230 perdidit,
1699 201 1784 229 quam
1798 197 1845 230 pati

220 240 345 276 postolus
362 239 434 267 inter
442 241 528 274 prima
538 239 679 274 sacrilegia
691 239 856 272 designavit,
873 238 984 266 dicens'
998 248 1005 265 :

219 286 302 323 ωε
317 286 421 314 Tollens
431 294 492 320 ergo
512 286 629 312 membro
647 284 747 312 Christi
770 285 870 319 faciam
890 285 1008 312 membro

219 333 364 360 meretricis
373 333 386 358 .’
405 331 477 359 Absit
487 332 498 359 !
510 332 578 359 Cum
591 339 655 366 ergo
669 332 730 367 quis
742 332 906 366 propensius
920 335 947 358 et
959 331 1004 357 in-

221 378 403 406 coutiucntius
431 377 457 405 in
498 378 685 413 hujuscemodi
714 378 852 405 lasciviam
877 377 1007 409 ﬂuxerit,

223 429 287 451 tunc
310 430 390 450 renes
403 423 473 456 ejus.
490 423 531 450 vel
547 423 630 451 lumbi
648 423 741 458 repleti
759 430 819 450 esse
835 422 1008 450 illusionibus

219 475 390 497 asseruntur.
406 469 499 496 lllusio
511 469 583 496 enim
599 473 641 496 est
657 468 757 496 diaboli
772 467 908 495 illudentis
922 468 1009 495 homi-

220 523 282 542 nem
317 519 400 548 atque
427 514 614 549 hujuscemodi
645 514 747 548 peccati
781 514 1008 541 incontinentiam

220 560 405 594 provocantis.
435 559 492 586 Non
517 567 582 593 ergo
606 559 706 586 mirum
725 564 767 586 cst
791 559 813 586 si
838 562 1008 593 peccatorum

221 605 361 631 hominum
379 611 458 632 renes
482 604 652 630 illusionibus
676 603 772 638 repleti
796 607 869 634 sunt,
889 610 950 630 cum
981 606 1009 629 et

219 649 270 676 Job
286 650 319 677 de
334 651 451 676 dracone
476 649 533 683 (49)
557 649 603 683 qui
625 648 747 675 diabolus
775 648 944 682 intelligitur,
971 648 1008 674 ita

220 695 315 722 dicat‘
330 704 337 722 :
362 693 451 721 Virtus
467 694 524 728 ejus
543 693 626 720 omnis
639 695 667 720 in
678 693 773 720 lumbis
784 697 833 725 est,
847 696 873 719 et
892 692 1009 727 potentia

219 740 276 774 ejus
296 740 323 766 in
347 739 479 766 umbiculo
505 739 602 766 ventris
626 739 695 773 ejus.
713 739 805 766 Virtus
823 745 889 772 ergo
902 738 1007 765 diaboli

220 785 354 820 praecipue
369 785 442 812 circa
456 785 561 812 lumbos
579 785 696 812 hominis
709 788 762 816 est,
779 785 850 812 unde
865 784 1009 812 fornicatio

220 831 407 866 adulteriaque
428 831 592 865 procedunt,
605 831 676 857 unde
692 837 836 864 puerorum
850 830 1006 864 corruptio,

220 878 290 904 unde
317 877 406 904 omnis
433 877 563 911 spurcitia
590 881 747 911 generatur.
767 876 805 902 lla
833 883 899 903 sane
923 876 1006 903 etiam

221 923 366 950 mulierum
392 922 465 949 circa
480 921 638 949 umbilicum
656 922 759 948 ventris
775 926 817 949 est
832 921 919 956 culpa,
934 921 1006 956 quod

221 967 378 995 honestiore
395 967 481 994 voluit
498 967 622 994 indicare
638 973 774 998 sermone,
798 967 824 993 in
851 967 949 1000 quibus
964 967 1006 993 vi-

220 1014 317 1042 delicet
342 1014 467 1048 utrisque
489 1013 616 1041 draconis
641 1013 741 1041 diaboli
767 1013 892 1040 virtutem
910 1019 1006 1047 poten-

220 1060 341 1094 tiamque
355 1067 415 1088 esse
428 1060 561 1095 designat.
584 1058 618 1086 Et
632 1068 684 1087 non
707 1065 744 1087 est
768 1060 870 1087 sonitus
888 1068 914 1087 tn
929 1068 1007 1087 carm:

218 1113 286 1133 mea.
311 1105 339 1133 In
367 1106 417 1134 hoc
438 1105 590 1141 profectum
615 1113 694 1134 suum
718 1107 849 1139 ostendit,
870 1111 897 1133 et
913 1106 1007 1141 proxi-

219 1157 291 1176 mum
307 1157 369 1177 esse
382 1150 416 1177 ad
438 1150 677 1178 mortiﬁcationem
694 1151 786 1178 carnis
808 1150 911 1178 indicat
926 1155 1007 1186 atque

219 1196 362 1224 interitum
385 1195 452 1230 ejus.
471 1196 538 1224 Nam
563 1196 623 1224 ideo
639 1197 694 1224 hoc
710 1202 739 1224 et
757 1197 801 1223 hic
816 1196 938 1224 secundo
964 1203 1008 1223 reo

218 1245 300 1280 petit,
315 1248 344 1270 ut
358 1244 510 1271 adhibitum
534 1243 589 1278 jam
613 1251 674 1271 esse
701 1243 851 1270 remedium
880 1242 1007 1270 tentatio-

218 1298 282 1317 num
310 1289 442 1317 molestiis
457 1289 622 1317 declararet.
641 1289 760 1324 Aﬁliclus
780 1297 848 1320 sum,
869 1293 892 1315 et
917 1288 1006 1314 humi—

218 1336 300 1363 liatus
311 1343 370 1363 sum
383 1336 469 1363 cattle.
487 1335 696 1362 Festivitatibus
712 1334 815 1361 Domini
838 1333 894 1368 (50)
910 1340 1006 1367 panem

219 1388 270 1408 nos
286 1380 439 1408 alﬂictionis
451 1381 533 1407 edere
546 1381 686 1415 iubemur,
700 1384 727 1407 et
746 1382 772 1406 in
787 1379 853 1414 ipsis
876 1378 1007 1405 festivita-

219 1427 292 1454 tibus
308 1426 420 1458 dicitur,
438 1432 469 1453 ut
482 1425 606 1453 humilict
626 1426 707 1452 homo
723 1425 844 1452 animam
862 1431 938 1451 suam
956 1431 963 1450 :
979 1427 1007 1450 et

218 1480 281 1500 cum
307 1472 670 1506 festivitasjpropitiationis
694 1471 832 1504 indicitur,
857 1469 1006 1497 dicitur":

1060 246 1121 274 qum
1137 240 1275 274 perferat?
1287 240 1328 268 Ad
1346 241 1427 276 hujus
1442 241 1795 276 exemplisimililudinen
1812 243 1845 271 in-

1061 292 1138 314 tuere
1158 287 1223 314 mihi
1248 287 1332 315 etiam
1354 295 1419 315 eum
1443 296 1491 323 qut
1507 288 1594 316 vitam
1615 289 1644 315 in
1659 289 1812 316 sobrietate
1826 295 1847 316 et

1058 333 1186 360 castitate
1196 333 1357 367 iustitiaque
1367 335 1512 368 transegit,
1539 334 1585 368 qui
1605 334 1633 361 in
1650 333 1764 361 actibus
1789 333 1847 361 bene

1059 379 1110 406 sibi
1126 379 1253 406 conscius
1266 384 1326 406 erat
1342 387 1349 406 :
1362 379 1418 406 iste
1434 380 1457 406 si
1471 380 1579 407 decidat
1595 379 1630 406 de
1646 381 1740 413 patria
1753 387 1815 411 sua,
1827 380 1846 407 id

1058 428 1102 451 est
1129 424 1162 451 do
1190 422 1321 457 Ecclesia,
1353 424 1379 451 in
1411 424 1527 451 insulam
1547 425 1697 458 quamdam
1719 427 1846 460 atquein

1058 471 1202 498 horrentes
1219 470 1347 504 scopulos
1357 477 1418 505 quas
1442 471 1547 505 peccati
1561 471 1644 498 sedes
1657 475 1701 498 est
1713 471 1846 506 propella-

1060 518 1117 546 tur,
1140 519 1169 541 et
1192 522 1226 541 ex
1256 514 1433 541 facultatibus
1449 521 1482 541 ac
1495 513 1602 542 divitiis
1618 513 1679 541 suis
1696 521 1759 547 qua
1777 519 1850 541 erant

1058 560 1083 587 ei
1099 561 1125 587 in
1143 560 1271 588 omnibus
1292 560 1422 594 operibus
1446 560 1503 586 suis
1529 560 1621 591 bonis,
1637 559 1813 590 devolvatnr,
1826 565 1849 585 et

1060 606 1150 633 videat
1176 613 1204 633 se
1228 607 1255 633 in
1283 606 1379 633 ultima
1407 610 1567 640 paupertate
1589 605 1738 640 positum:
1759 613 1849 632 omnes

1060 653 1133 680 enim
1157 651 1215 686 ejus
1238 650 1353 685 iustitia:
1369 659 1439 686 quas
1467 651 1532 678 fecit
1559 659 1613 679 non
1640 651 1850 678 reminiscentttr

1061 702 1171 732 propter
1196 702 1339 730 peccatum
1355 706 1362 723 ε
1377 697 1399 724 si
1424 704 1456 724 se
1480 704 1548 731 ergo
1571 696 1598 723 in
1624 696 1731 724 talibus
1752 697 1849 728 videat,

1060 744 1161 778 quibus
1186 743 1338 778 gemitibus,
1354 743 1508 778 quibusque
1530 742 1669 777 rugitibus
1694 743 1849 776 proclama-

1060 790 1109 822 bit,
1126 785 1219 817 dicens
1234 798 1241 816 :
1259 788 1401 824 Rugiebam
1413 798 1428 816 a
1441 789 1537 823 gemitu
1561 789 1651 816 cordis
1661 789 1735 816 mei?
1763 789 1850 816 Darni-

1061 843 1104 867 ne,
1117 836 1144 862 in
1156 840 1298 870 conspectu
1313 840 1358 861 tuo
1381 842 1457 861 omne
1469 834 1633 861 desiderium
1645 843 1747 867 meum,
1769 840 1796 862 et
1809 843 1850 870 ge-

1058 882 1139 908 mitus
1151 889 1223 908 metu
1235 890 1250 908 a
1264 885 1288 908 te
1300 889 1352 908 non
1368 885 1406 908 est
1419 881 1601 909 absconditus.
1619 880 1721 908 Omnia
1736 888 1806 916 ergo
1821 889 1848 907 ex

1057 934 1113 961 quo
1129 927 1244 962 deliqui,
1260 928 1318 954 sive
1331 927 1476 962 concupivi
1491 927 1748 961 concupiscentiam
1763 934 1847 954 saeu-

1056 973 1152 1004 larem,
1167 973 1224 1000 sive
1236 973 1302 1008 quid
1320 973 1394 1000 aliud
1406 974 1546 1006 commisi,
1561 974 1654 1000 omnia
1668 978 1735 999 ante
1749 977 1777 1000 te
1790 980 1848 1006 pro-

1057 1017 1126 1051 fero,
1141 1023 1168 1045 et
1181 1018 1208 1045 in
1226 1018 1397 1045 orationibus
1411 1018 1482 1045 meis
1497 1019 1522 1045 in
1542 1023 1690 1052 conspectu
1710 1023 1757 1044 tuo
1772 1024 1849 1052 pono.

1056 1063 1091 1090 Et
1100 1064 1212 1098 gemitus
1231 1072 1303 1090 meus
1314 1073 1330 1090 a
1343 1067 1367 1090 te
1379 1071 1430 1090 non
1442 1068 1479 1090 est
1492 1063 1674 1090 absconditus.
1688 1063 1767 1090 Nosti
1780 1063 1848 1090 enim

1056 1112 1120 1145 quia
1135 1116 1243 1144 semper
1259 1109 1418 1144 ingemisco.
1435 1109 1488 1136 Cor
1503 1117 1589 1136 meum
1602 1109 1792 1136 conturbatum
1800 1114 1848 1140 est,

1056 1160 1081 1182 et
1103 1155 1222 1182 deseruit
1246 1163 1287 1183 me
1311 1155 1394 1182 uirtus
1412 1163 1481 1183 mea.
1498 1154 1538 1182 Tu
1556 1154 1630 1188 vide,
1645 1154 1773 1186 Domine.
1802 1162 1847 1181 cor

1057 1207 1159 1233 meum,
1175 1200 1238 1234 quia
1254 1201 1447 1228 conturbatum
1466 1205 1508 1228 est
1524 1208 1574 1233 pro
1587 1199 1710 1234 peccatis
1726 1200 1808 1227 meis.
1819 1200 1848 1226 Et

1057 1252 1259 1280 consequenter
1272 1253 1357 1273 exoro
1373 1253 1408 1273 ne
1428 1246 1455 1273 in
1470 1245 1565 1273 furore
1587 1253 1703 1280 arguar,
1720 1252 1811 1279 neque
1823 1245 1846 1270 in

1057 1290 1097 1318 ira
1113 1291 1257 1326 corripiar.
1274 1291 1350 1324 Quod
1365 1291 1386 1318 si
1410 1298 1468 1318 mea
1493 1298 1537 1318 me
1562 1289 1698 1317 fortitudo
1714 1289 1845 1320 deseruit.

1059 1336 1124 1363 sine
1146 1336 1229 1363 dubio
1244 1336 1282 1363 l'ui
1299 1337 1445 1371 aliquando
1460 1335 1538 1363 l'ortis
1551 1335 1620 1370 (51).
1637 1340 1665 1362 et
1677 1335 1847 1362 conversatio

1057 1388 1117 1408 mea
1135 1381 1185 1408 luit
1211 1381 1293 1414 bona,
1319 1386 1412 1416 postea
1436 1389 1503 1409 vero
1525 1382 1625 1414 cecidi,
1650 1381 1716 1415 quia
1734 1381 1844 1407 deseruit

1057 1434 1098 1453 me
1119 1426 1247 1461 fortitudo
1263 1435 1331 1459 mea,
1347 1433 1370 1454 et
1383 1427 1470 1454 lumen
1493 1428 1631 1454 oculorum
1655 1434 1776 1454 meorum
1800 1434 1847 1452 non

1057 1477 1095 1498 est
1117 1481 1228 1499 mecum.
1260 1473 1323 1500 llmc
1337 1481 1390 1500 vox
1406 1472 1481 1500 illius
1498 1473 1607 1500 videtur
1631 1480 1695 1500 esse
1715 1472 1765 1506 qui
1790 1477 1845 1506 post

220 1518 369 1546 Humiliate
389 1519 492 1545 animos
505 1523 615 1545 vestras.
630 1517 762 1550 Quoniam
780 1525 844 1552 ergo
861 1516 904 1551 qui
919 1516 1005 1552 pmni-
1019 1538 1042 1568 ο
1060 1517 1300 1551 illuminationem,
1324 1523 1386 1552 post
1410 1517 1588 1545 traditionem
1616 1517 1765 1548 doctrina,
1791 1520 1846 1550 post

221 1569 261 1593 tet.
286 1573 334 1600 pro
353 1565 461 1592 delictis
487 1564 544 1592 suis
565 1565 683 1598 seipsum
709 1563 804 1598 all'ligit
823 1568 850 1590 et
873 1563 1007 1596 humiliat,

220 1612 293 1639 sicut
307 1616 334 1638 et
356 1611 400 1638 ille
418 1611 590 1646 publicanus,
607 1612 639 1638 de
662 1618 715 1645 quo
737 1611 860 1644 superius
880 1610 1007 1643 diximus,

219 1661 366 1692 propterea
389 1660 416 1682 et
439 1660 638 1691 consequenter
659 1655 725 1682 dicit
738 1655 766 1682 in
782 1663 814 1682 eo
830 1656 903 1689 quod
922 1662 952 1682 se
975 1661 1009 1682 ex

219 1703 303 1730 corde
320 1702 451 1737 pmuitere
468 1702 618 1737 cognoscit,
643 1701 791 1729 obsecrans
813 1709 848 1728 ne
863 1701 891 1728 in
916 1701 1009 1728 furore

221 1747 327 1773 Domini
348 1751 490 1782 arguatur,
515 1753 603 1780 neque
630 1745 669 1772 ira
694 1745 753 1780 eius
776 1745 955 1779 corripiatur,
973 1752 1007 1772 ex

219 1793 271 1821 hoc
292 1792 363 1828 quod
389 1792 454 1819 dicit
473 1801 479 1819 :
496 1791 612 1827 Animus
629 1799 697 1823 sum,
720 1795 744 1817 et
768 1790 924 1817 humiliatus
950 1798 1008 1817 sum

220 1839 304 1866 ualde.
321 1837 379 1865 Non
392 1839 463 1865 enim
479 1839 565 1864 solum
588 1837 706 1864 alllictus
729 1843 799 1867 sum,
817 1843 904 1870 neque
921 1835 1008 1863 solum

219 1884 379 1912 humiliatus
397 1891 468 1916 sum,
493 1883 570 1916 dicit,
597 1882 644 1910 sed
662 1882 739 1909 valde
753 1880 866 1908 aﬂlictus
881 1889 951 1913 sum,
979 1884 1009 1908 et

220 1929 300 1956 valde
322 1928 481 1956 humiliatus
501 1935 571 1955 sum.
592 1927 625 1954 Ut
641 1926 757 1961 exempli
774 1926 861 1960 gratia
877 1925 1008 1957 dixerint,

220 1975 242 2002 si
278 1975 353 2002 dives
382 1974 482 2009 aliquis
519 1973 669 2000 secundum
706 1971 836 1999 saeculum
868 1971 895 1997 in
924 1969 1007 1997 multa

219 2019 355 2047 aﬂluentia
380 2020 492 2054 positus,
511 2024 538 2046 et
565 2018 610 2045 hic
635 2017 727 2045 subito
752 2016 862 2044 decidat
884 2015 1007 2050 atquein

221 2072 370 2102 egestatem
396 2066 519 2093 ultimam
544 2065 697 2099 redigatur,
717 2065 799 2092 domo
815 2071 923 2098 quoque
949 2062 1008 2097 pul-

221 2120 269 2140 sus
292 2117 319 2139 et
345 2112 445 2146 patria,
468 2112 571 2138 insulis
588 2118 620 2137 ac
633 2110 756 2145 scopulis
769 2110 905 2144 relegatus
925 2115 1009 2143 squa-

223 2158 323 2185 lentem
338 2163 420 2192 atque
445 2156 581 2184 infelicem
596 2156 622 2184 in
640 2156 787 2183 solitudine
802 2156 894 2191 exigat
910 2155 1007 2187 vitam,

1059 1563 1226 1598 agnitionem
1251 1563 1374 1591 veritatis
1396 1563 1425 1590 in
1450 1563 1570 1590 tenebris
1593 1562 1711 1590 decidit.
1728 1561 1768 1589 Ne
1788 1567 1846 1595 ergo

1059 1614 1087 1636 et
1104 1616 1154 1636 nos
1168 1609 1264 1637 eadem
1280 1609 1426 1644 patiamur,
1442 1610 1490 1637 sed
1510 1611 1602 1644 potius
1626 1613 1659 1636 ut
1681 1609 1775 1636 lumen
1803 1615 1846 1634 no.

1059 1661 1144 1684 strum
1159 1656 1194 1684 sit
1209 1664 1317 1692 semper
1331 1657 1356 1683 in
1366 1657 1444 1684 nobis
1459 1661 1487 1684 et
1500 1663 1582 1690 opera
1597 1655 1668 1683 lueis
1680 1660 1797 1690 agentes
1806 1654 1848 1681 ba-

1059 1702 1170 1729 beamus
1182 1702 1306 1729 liduciam
1321 1707 1451 1737 tanquam
1463 1701 1511 1729 lilii
1527 1701 1596 1729 lucis
1610 1702 1638 1728 in
1649 1701 1765 1728 Christo
1775 1700 1846 1732 Jesu.

1059 1755 1166 1782 semper
1184 1756 1305 1781 oremus,
1318 1752 1345 1775 et
1359 1748 1444 1775 Deum
1457 1747 1566 1774 Patrem
1583 1746 1791 1774 incessabiliter
1804 1746 1846 1773 de-

1058 1801 1214 1828 precemur,
1229 1793 1272 1820 cui
1286 1797 1328 1820 est
1342 1792 1428 1827 gloria
1450 1797 1478 1820 et
1491 1795 1615 1827 potestas
1638 1791 1668 1819 in
1682 1791 1787 1820 saecula
1799 1798 1847 1818 sa-

1058 1838 1191 1865 culorum.
1208 1837 1305 1865 Amen.

1353 1893 1497 1921 HOMI’L‘IA
1514 1893 1547 1921 ll.

1092 1941 1132 1968 De
1145 1940 1234 1967 eodem
1247 1938 1349 1974 psalmo
1360 1940 1391 1965 ob
1406 1939 1456 1979 illo
1466 1944 1543 1980 parte
1556 1939 1566 1955 ⁸
1579 1946 1588 1965 .'
1604 1948 1614 1965 ι
1628 1939 1718 1966 Amici
1729 1940 1782 1967 arei
1792 1945 1817 1966 α

1337 1981 1455 2006 proximi
1469 1982 1530 2001 met.
1551 1983 1561 1999 ι

1094 2020 1120 2047 Ι.
1136 2020 1187 2054 Qui
1206 2028 1255 2055 pro
1271 2019 1390 2054 peccatis
1403 2020 1461 2047 suis
1474 2020 1622 2047 conﬁtetur
1634 2019 1706 2053 Deo,
1716 2023 1747 2048 et
1759 2020 1845 2047 animo

1058 2065 1133 2093 dolet
1159 2065 1221 2092 dum
1249 2065 1374 2099 ptenitet,
1398 2064 1488 2091 sciens
1513 2068 1574 2098 post
1590 2064 1699 2091 exitum
1715 2065 1780 2092 vita
1793 2072 1846 2099 qua

1057 2119 1138 2147 pinna
1165 2111 1306 2138 immineat
1333 2109 1488 2145 peccatori,
1512 2109 1570 2137 haec
1595 2109 1685 2142 dicit,
1712 2117 1845 2143 exponens

1058 2163 1160 2193 quanta
1181 2157 1235 2192 pati
1262 2163 1375 2184 necesse
1397 2155 1434 2183 sit
1460 2163 1522 2184 eum
1546 2156 1641 2190 quise
1659 2156 1694 2182 ad
1712 2157 1844 2190 poeniten-

223 2207 288 2230 tunc
303 2202 401 2230 deinde
422 2202 579 2230 recordatus
591 2201 689 2236 patria:
703 2209 735 2229 ac
751 2206 908 2235 parentum,
927 2200 1005 2227 nobi-
1022 2205 1046 2233 ι)
1062 2204 1126 2231 nam
1152 2202 1425 2236 emendationemque
1448 2202 1595 2233 convertit,
1611 2202 1753 2236 quomodo
1778 2202 1845 2228 dere-

221 2249 306 2276 litatis
317 2269 324 2281 ,
339 2248 467 2281 familizc,
486 2248 619 2275 bonorum
637 2247 797 2275 substantiae
810 2267 816 2279 ,
848 2246 1005 2274 divitiarum

221 2295 407 2326 abundantiae,
434 2301 467 2321 ac
495 2294 578 2321 totius
606 2294 678 2321 illius
701 2293 764 2320 vitae
778 2299 832 2327 qua
859 2292 886 2318 in
902 2291 1007 2318 deliciis

221 2340 339 2372 vixerat,
357 2339 456 2374 quibus
484 2339 536 2367 iste
560 2339 722 2374 planctibus,
745 2338 844 2372 quibus
859 2336 1006 2371 mugitibus

220 2385 436 2413 recordationem
453 2385 550 2420 priscae
572 2385 748 2413 beatitudinis
778 2382 890 2414 recolet,
916 2387 945 2409 ut
969 2383 1006 2409 sit

255 2452 267 2469 ⁸
287 2451 297 2479 Ι
313 2451 376 2480 Cor.
390 2460 428 2485 vr,
445 2452 491 2480 15.
528 2452 539 2468 ⁸
553 2451 612 2478 Job.
631 2460 675 2481 ιι..
699 2450 743 2478 Η.

257 2514 314 2550 (49)
329 2513 395 2542 Cum
415 2519 437 2542 et
452 2513 509 2550 έοῤ
523 2513 555 2540 de
573 2513 697 2550 dracone,
709 2516 761 2550 etc.
775 2511 881 2550 _Caten_a
899 2510 1004 2550 portio:

224 2544 341 2577 ria‘na'et
354 2550 412 2577 alia:
427 2558 433 2575 :
452 2548 544 2583 Τούτῳ
566 2547 758 2583 παραπλῄσλιόιέ
769 2547 831 2583 Δὲαῐξτῖτ.
847 2545 876 2583 "cf;
899 2546 928 2572 ὲν
942 2544 1006 2583 nos

222 2584 366 2619 λεγόμενον
385 2584 460 2619 περὶ
472 2580 631 2619 δράιὶονταζ·
656 2580 728 2619 Eoi)
745 2580 788 2619 eq
802 2580 896 2619 ζσχὶίς
915 2581 1007 2607 αὑτοῦ

220 2614 368 2654 ἐν’όὸφύῖ,
391 2614 465 2653 νῆ’δὲ
488 2614 726 2654 δύναμιςηιιρτοῦ
744 2614 936 2654 creperum)
958 2623 1009 2654 χιιι-

221 2650 321 2687 στρόςῖ
333 2650 460 2689 Μάλεα-τᾳ
474 2653 528 2689 γὰρ
544 2650 701 2689 ὅδιᾴῦῄιος
715 2652 782 2686 πρὸς
793 2651 855 2689 -τὰς
881 2650 1007 2689 πορνείας

225 2685 319 2723 ισάὺεἱ.
338 2688 465 2723 Προκοπὴ
480 2685 573 2715 δὲ’ὲπὶ
587 2688 631 2713 τὸν
645 2685 753 2722 δλεθρολι
776 2686 823 2720 τῆς
846 2685 956 2718 σαρκὸς,
973 2685 1003 2711 τὸ

222 2722 413 2759 ἢδήνπδεύεερον
427 2722 562 2759 λέγεσθαιτ

259 2754 314 2792 (Κο)
331 2754 529 2785 Ὲεὶιὸυὶιαὶἰιιιη
555 2757 671 2788 Domini,
687 2760 739 2792 etc.
758 2755 857 2792 Catena
883 2754 1001 2792 Daniclis

224 2789 336 2819 Barbari
356 2801 362 2819 ε
380 2803 388 2818 ι
404 2792 475 2819 Festi
491 2792 535 2818 Dei
548 2792 604 2818 dies
616 2798 642 2818 et
659 2791 778 2818 celebres
792 2790 905 2817 instituti
924 2789 1001 2816 aiunt

223 2831 349 2861 oportere
364 2834 447 2862 panes
468 2826 619 2854 aliiictionis
635 2826 784 2858 comedere,
803 2830 830 2852 et
850 2824 998 2852 'humiliare

1060 2249 1185 2282 linquant
1206 2254 1267 2274 eum
1293 2246 1374 2274 amici
1400 2251 1427 2273 et
1450 2246 1567 2281 proximi
1589 2247 1644 2278 sui,
1660 2251 1688 2274 et
1705 2247 1787 2282 longe
1798 2246 1844 2274 eii-

1059 2293 1182 2324 ciantur,
1195 2299 1244 2326 pro
1266 2299 1299 2319 eo
1315 2292 1387 2326 quod
1400 2291 1457 2326 ipse
1480 2298 1510 2320 se
1523 2292 1556 2319 ad
1569 2292 1780 2326 exornologesin
1794 2299 1844 2326 ραι

1060 2338 1113 2364 cati
1131 2337 1172 2364 sui
1188 2343 1388 2370 meeroremquc
1401 2336 1547 2363 convertit.
1563 2335 1638 2362 Dicit
1655 2343 1725 2371 ergo
1743 2345 1751 2362 :
1765 2336 1842 2362 Ama"

1060 2383 1110 2410 mei
1124 2388 1146 2409 et
1159 2382 1273 2417 proximi
1287 2382 1337 2408 ntei
1351 2383 1491 2408 adversum
1509 2389 1550 2408 me
1570 2381 1842 2416 oppropinquomm

781 2450 790 2466 ⁷
806 2449 894 2476 Levlt.
911 2457 990 2482 nm,
1003 2449 1048 2477 27.
1086 2450 1096 2466 ⁸
1111 2449 1183 2478 Psal.
1206 2457 1308 2482 xxxv“,
1336 2449 1379 2475 l2.

1058 2513 1164 2539 animas
1175 2516 1293 2543 nostras,
1307 2510 1373 2538 licet
1384 2508 1547 2537 festivitates
1564 2509 1755 2537 nominentur.
1774 2510 1841 2537 Deci-

1063 2555 1104 2573 ma
1124 2548 1195 2574 enim
1211 2547 1392 2580 expiatiouum
1407 2545 1461 2575 die,
1479 2544 1669 2576 humiliabitis,
1682 2545 1785 2579 inquit.
1796 2545 1842 2571 lui-

1059 2590 1117 2608 mus
1145 2579 1255 2608 vestras.
1281 2581 1311 2608 Et
1325 2581 1369 2615 qui
1390 2587 1438 2614 pro
1456 2580 1574 2615 patratis
1593 2579 1748 2606 sceleribus
1765 2580 1841 2615 peni-

1063 2618 1174 2644 tentiam
1190 2617 1256 2651 agit,
1270 2613 1390 2651 seipsum
1415 2619 1444 2641 ut
1466 2613 1634 2647 publicanus
1659 2613 1839 2649 evangelicuz‘.

1065 2651 1189 2678 humiliat
1207 2656 1233 2678 et.
1246 2650 1348 2685 aﬂligit.
1373 2656 1383 2676 ν

1095 2687 1152 2721 (5i)
1167 2685 1232 2713 Sine
1244 2681 1325 2712 dubio
1338 2685 1377 2719 fui
1395 2684 1541 2721 aliquando
1555 2684 1645 2721 fortis,
1663 2688 1721 2721 etc.

1056 2716 1159 2747 Cratere
1186 2716 1395 2754 tnanuscripta:
1410 2716 1504 2754 Ἠμην
1519 2716 1598 2750 me,
1617 2719 1716 2754 meiat,

1055 2756 1130 2790 ἀρει,
1143 2775 1150 2786 ,
1168 2755 1215 2781 καὶ
1227 2750 1358 2781 πέπτωὶια
1371 2763 1405 2781 τα
1425 2750 1527 2789 ξηξθὲὶς,
1549 2754 1598 2780 καὶ
1613 2750 1656 2788 ἦν’
1667 2752 1741 2788 εἶχον
1753 2750 1838 2779 ante

1055 2757 1255 2817 σαςᾌήθειαν.
1273 2790 1332 2816 ἀντὶ
1348 2763 1436 2817 totuth
1453 2790 1548 2817 σκότος
1563 2788 1708 2816 ἀνέλαϐον.

1055 2763 1120 2790 αρε..
1143 2775 1150 2786 ,
1168 2763 1215 2781 και
1227 2763 1358 2781 πεπτωκα
1371 2763 1405 2781 τα
1425 2763 1527 2789 αχυεις,
1549 2763 1598 2780 και
1613 2763 1649 2788 ην
1667 2763 1708 2788 ει]

1055 2763 1255 2825 σαςᾟλήθειαν,
1273 2790 1332 2816 ἀντὶ
1348 2763 1436 2823 (ptati;
1453 2790 1548 2820 σκότος
1563 2788 1708 2816 ἀνέλαϐον.
