1886 3052
81 89 144 116 1585

78 157 133 175 rum
148 156 206 184 qua:
222 150 309 181 docet,
325 149 391 186 agit.
412 151 458 178 Isti
473 160 538 187 ergo
552 153 605 180 tale
620 153 683 186 quid
700 154 790 180 dicant
809 161 854 180 ue—
869 155 890 181 Α

77 203 149 223 cesso
161 201 202 223 est
221 203 228 222 :
254 196 323 222 Dum
346 202 540 225 commoventur
564 199 640 232 pedes
664 200 713 226 mei
727 208 803 233 super
817 208 856 226 me

77 249 167 274 ntagna
178 242 258 267 locuti
274 246 345 270 sunt.
361 243 439 269 Alius
451 248 540 270 autern
556 243 606 271 hoc
619 244 714 271 melior
727 250 854 278 quantum

76 287 106 313 ad
119 294 248 320 personas
273 288 390 322 pertinet
405 297 465 323 quae
490 290 655 316 inducuntur
677 298 691 316 a
708 291 855 325 prophetis,

77 332 117 359 vel
133 332 198 366 ipsae
213 333 265 360 sibi
289 339 494 368 comparantur,
513 334 576 362 illud
599 335 666 362 dicit
678 336 698 351 ’⁸
715 345 722 363 :
738 336 790 362 Mei
807 345 856 363 au-

76 384 123 405 tem
145 378 224 412 paulo
248 379 335 406 minus
359 381 424 407 moti
449 386 509 407 sunt
536 382 624 415 pedes.
657 382 731 409 Illius
747 383 854 416 quidem

76 424 137 450 moti
157 428 217 450 sunt
230 424 320 458 pedes,
340 425 392 453 mei
402 431 492 453 autem
507 427 588 460 paulo
605 427 693 454 minus
704 427 769 454 moti
782 432 854 456 sunt.

76 469 208 496 Fortassis
224 474 314 496 autem
329 470 364 497 sit
389 471 457 498 alius
475 471 584 505 aliquis,
604 472 680 506 cujus
698 480 746 499 nec
759 480 854 506 parum

75 515 188 549 quidem,
215 522 265 542 nec
280 515 362 549 paulo
380 515 471 542 mintts
495 517 560 543 moti
580 522 643 544 sunt
667 518 758 552 pedes,
784 517 855 544 illius

75 560 168 594 opinor
189 561 236 595 qui
264 561 331 588 dicit
344 562 364 577 “
392 569 399 588 :
423 561 524 589 Statuit
551 571 628 597 super
652 568 752 597 petram
776 565 853 598 pedes

74 613 149 631 nicas.
167 605 213 632 ille
228 606 294 632 nihil
308 614 419 640 prorsus
434 607 467 634 de
483 608 663 635 commotione
677 610 774 643 pedum
792 617 854 637 suo-

75 658 143 682 rum,
157 651 203 678 sed
218 651 251 678 de
275 651 422 679 stabilitate
443 657 569 681 testatur.
591 653 665 680 Beati
682 662 745 689 ergo
760 662 854 683 sumus

74 695 95 722 si
111 696 180 722 nulla
196 696 308 724 omnino
323 698 469 725 commotio
483 699 509 725 in
526 700 625 727 nostris
641 700 755 733 pedibus
771 708 852 727 accu—

74 745 155 772 satur,
176 741 222 768 sed
237 742 394 777 sunteas
409 748 515 771 stantes
533 751 615 779 super
630 750 745 779 petram,
762 746 787 773 id
801 751 851 778 est,

73 793 151 820 super
175 786 260 820 ipsum
278 787 420 815 Dominum
438 788 529 816 Jesum
553 790 704 818 Christum.
733 791 809 824 Quod
829 791 850 819 si

74 832 107 858 ita
122 833 230 861 stabiles
245 841 306 861 esse
324 842 375 861 non
392 842 551 869 possumus,
575 838 711 864 secundus
724 845 775 865 nos
801 839 851 865 iste

73 877 162 904 saltem
179 884 208 905 et
229 878 343 906 inferior
367 881 498 915 suscipiat
524 882 635 916 gradus,
660 887 690 909 ut
704 883 745 910 vel
769 883 850 918 paulo

74 923 158 950 minus
176 929 337 951 moveantur
347 933 458 959 gressus
472 926 567 954 nostri.

103 967 130 995 5.
145 968 276 1001 Quoniam
297 977 344 1004 ego
369 970 395 996 in
408 971 513 1005 ﬂagella
530 976 640 1005 paratus
664 980 733 1000 sum.
763 973 849 1000 Etiam

73 1013 125 1040 haec
138 1021 188 1040 vox
204 1014 266 1041 boni
288 1019 316 1042 et
331 1016 437 1049 optimi,
455 1021 483 1043 ut
501 1018 536 1044 ita
552 1017 677 1050 dixerim,
700 1019 850 1052 peccatoris

72 1063 119 1090 est,
133 1059 176 1092 qui
193 1058 338 1093 deliquerit
348 1061 468 1094 quidem,
486 1067 721 1096 exspectettamen
736 1064 848 1091 delicto-

73 1111 126 1129 rqu
153 1102 273 1138 ﬂagella,
306 1105 403 1138 quibus
433 1106 459 1132 in
487 1107 613 1141 praesenti
649 1112 724 1141 optet
757 1115 850 1134 emen-

72 1148 136 1181 dari,
151 1157 182 1175 ne
195 1151 326 1184 puniatur
339 1155 366 1178 et
380 1156 473 1185 pereat
500 1152 525 1178 in
543 1151 644 1179 futuro.
663 1152 786 1188 Propone
801 1154 848 1182 tibi

73 1199 131 1221 ante
154 1195 249 1222 oculos
273 1200 444 1230 peccatorem
465 1196 599 1224 dicentem
622 1198 654 1224 ad
680 1198 846 1227 Dominum:

70 1240 123 1276 Ego
137 1242 263 1276 quoniam
277 1244 397 1277 peccavi,
411 1243 467 1278 jam
490 1251 561 1271 nunc
577 1245 602 1271 in
620 1244 722 1280 ﬂagella
738 1251 849 1281 paratus

72 1293 137 1319 sum,
157 1286 208 1314 noli
223 1295 267 1315 me
281 1295 421 1315 reservare
438 1288 492 1323 igni
506 1293 617 1323 :eterno,
635 1290 689 1318 noli
703 1298 745 1318 me
761 1299 849 1320 reser-

72 1337 130 1358 vare
155 1332 336 1360 exterioribus
349 1333 477 1360 tenebris.
509 1333 575 1360 Dum
591 1333 616 1361 in
639 1335 689 1362 hac
703 1335 757 1362 vita
775 1343 846 1370 sum,

71 1376 147 1404 redde
164 1378 228 1404 mihi
243 1384 354 1413 peccata
370 1386 439 1410 mea,
461 1379 588 1413 quoniam
604 1378 723 1414 ﬂagellas
740 1389 848 1409 onmem

71 1419 147 1448 ﬁlium
171 1429 252 1456 quem
277 1422 385 1457 recipis.
403 1422 458 1450 Oro
483 1427 520 1456 te,
540 1422 645 1459 ﬂagella
661 1431 704 1452 me
727 1433 846 1461 quoque,

69 1472 94 1494 et
108 1468 160 1494 noli
174 1475 217 1495 me
232 1475 376 1495 reservare
392 1476 453 1495 cum
472 1469 513 1496 his
527 1469 571 1504 qui
594 1477 646 1496 non
668 1469 846 1505 ﬂagellantur,
860 1484 881 1513 ο

70 1513 112 1546 qui
125 1514 151 1540 in
167 1514 300 1541 laboribus
315 1514 447 1541 hominum
461 1522 512 1542 non
526 1519 597 1547 sunt,
616 1520 640 1542 et
659 1524 717 1542 cum
732 1517 845 1544 homini-

70 1557 113 1583 bus
127 1565 176 1584 non
199 1558 406 1592 ﬂagellabunlur
418 1558 452 1590 '°,
479 1559 505 1586 id
523 1564 574 1591 est,
589 1560 634 1594 qui
649 1561 757 1594 penitus
768 1560 847 1588 derc-

69 1601 220 1636 linqunntnr
236 1611 252 1629 a
268 1608 302 1635 te,
319 1611 433 1638 quorum
457 1605 670 1632 emendationem
697 1606 847 1640 correptio-

69 1653 179 1682 nemque
195 1655 247 1675 non
263 1649 372 1683 quaeris.
393 1649 488 1676 Sciens
511 1657 577 1684 ergo
591 1657 651 1685 qua
671 1651 706 1677 sit
720 1650 847 1678 dilferen-

70 1692 103 1718 tia
120 1700 180 1719 cum
198 1693 351 1728 ﬂagellatur
363 1699 489 1728 peccator
506 1695 539 1721 ab
553 1702 585 1722 eo
600 1695 645 1729 qui
658 1695 775 1729 ﬂagellat
788 1704 845 1723 ont-

71 1745 123 1763 nem
144 1738 230 1772 ﬁlium
256 1747 331 1774 quem
359 1739 447 1774 recipit
462 1741 495 1772 ¹¹,
514 1745 540 1767 et
566 1749 626 1775 quze
640 1742 677 1769 sit
691 1742 845 1771 differentia

67 1782 122 1816 ejus
134 1785 177 1818 qui
200 1784 300 1818 dignus
315 1792 366 1812 non
381 1785 494 1813 habetur
509 1784 628 1820 ﬂagellis,
650 1787 687 1814 ait
702 1788 736 1815 ad
752 1787 844 1815 Domi-

68 1836 126 1856 num
141 1839 147 1857 :
165 1830 218 1864 Ego
231 1830 258 1856 in
278 1830 379 1865 ﬂagella
396 1837 506 1865 paratus
519 1839 590 1864 sum,
609 1833 635 1860 id
650 1838 702 1866 est,
717 1834 739 1861 si
754 1834 844 1861 volue-

68 1875 102 1901 ris
116 1876 297 1910 superducere
312 1876 456 1911 languores
473 1876 500 1903 in
522 1885 575 1909 me,
601 1879 709 1906 mittere
733 1879 844 1914 aegritu-

66 1919 148 1952 dines,
166 1920 344 1948 tolerabiliter
369 1921 454 1948 feram
477 1930 484 1948 :
504 1922 562 1950 scio
584 1923 647 1957 quia
674 1924 771 1959 dignus
784 1932 843 1952 sum

67 1971 93 1992 ut
105 1974 156 1994 non
171 1967 259 1994 solum
273 1974 321 2001 per
342 1967 517 2002 wgritudines
537 1973 648 2002 peccata
664 1977 721 1996 mea
734 1970 843 1997 solvan-

66 2015 115 2044 tttr,
141 2012 187 2039 sed
211 2019 262 2047 per
284 2019 379 2038 omnes
402 2011 560 2040 alliictiones
583 2014 692 2048 purgari
708 2015 841 2049 desidero,

65 2061 164 2084 tantum
181 2063 210 2085 ut
226 2057 338 2085 aeternis
352 2058 440 2092 pcenis
455 2063 483 2085 et
506 2059 674 2087 cruciatibus
687 2068 740 2088 non
755 2068 844 2089 roser-

67 2108 120 2129 t'er.
141 2102 169 2130 Si
194 2103 285 2137 placet
307 2102 407 2130 inferre
423 2102 531 2135 damna,
553 2104 691 2137 sustineo;
717 2106 738 2132 si
754 2106 842 2139 placet

63 2155 154 2175 Omnes
166 2148 310 2175 facultates
326 2148 425 2183 perire,
441 2148 599 2183 depereant,
615 2154 719 2177 tantum
733 2158 767 2178 ne
782 2151 841 2178 ani-
857 2143 878 2171 Ῑ)

64 2201 103 2219 tua
120 2198 211 2228 pereat
239 2193 312 2228 apud
337 2198 375 2220 te.
397 2193 425 2220 Si
442 2200 489 2227 per
514 2198 627 2220 mortem
650 2194 795 2222 charorum
814 2200 841 2223 et

63 2240 269 2274 propinquorum
287 2239 326 2266 vis
337 2247 379 2266 me
391 2238 510 2273 purgari,
521 2240 673 2265 moriantur
683 2240 765 2267 etiam
778 2241 841 2275 ipsi,

62 2290 87 2311 ut
101 2290 127 2312 et
141 2285 190 2320 ipsi
201 2293 234 2312 ex
247 2285 398 2319 huiusmodi
411 2285 525 2313 vinculis
545 2283 702 2318 liberentur,
715 2285 841 2313 auferan-

62 2336 102 2356 tur
115 2330 173 2363 lilii,
190 2331 253 2357 dum
267 2331 354 2358 adhuc
369 2332 444 2365 pueri
462 2336 534 2363 sunt,
548 2336 575 2357 et
589 2330 614 2357 in
632 2330 744 2357 rudibus
760 2331 839 2357 annis

61 2376 136 2409 positi
166 2377 285 2404 nondum
313 2376 482 2410 gravioribus
517 2380 688 2411 peccatorum
713 2376 839 2404 sordibus

61 2423 183 2450 maculati
207 2427 280 2450 sunt.
309 2422 440 2450 Omnibus
457 2423 538 2458 igitur
551 2422 663 2457 ﬂagellis
687 2423 837 2455 emendari,

60 2469 249 2503 verberarique
265 2474 374 2503 paratus
387 2476 456 2499 sum,
475 2473 503 2495 et
525 2468 593 2495 nihil
611 2468 706 2495 horum
732 2475 838 2500 recuso,

61 2519 160 2541 tantum
179 2519 207 2541 ut
227 2514 357 2548 supplicia
371 2513 464 2540 aeterni
485 2513 555 2548 ignis
570 2512 705 2547 effugiam.
727 2513 783 2548 Ego
795 2520 839 2540 er-

59 2567 90 2592 go
103 2561 129 2586 in
142 2559 249 2595 ﬂagella
265 2564 371 2594 paratus
387 2566 455 2590 sum,
471 2563 495 2584 et
518 2558 593 2585 dolor
607 2566 677 2584 meus
692 2566 782 2584 caram
800 2566 839 2584 me

59 2611 92 2631 est
104 2613 213 2639 semper.
232 2605 302 2632 Ante
313 2604 405 2632 oculos
416 2611 490 2631 meos
503 2604 589 2631 habeo
602 2603 724 2630 dolorem
738 2609 836 2632 meum.

60 2655 87 2676 ut
112 2651 217 2679 futuros
243 2657 383 2684 prunarum
408 2649 515 2676 dolores
539 2648 720 2683 prmscutibus
736 2647 835 2681 possim

59 2695 192 2724 doloribus
206 2702 393 2730 compensare.

92 2787 112 2802 "
123 2786 197 2814 Psal.
212 2794 296 2814 vnn.
312 2786 339 2812 2.
380 2785 401 2801 "
417 2784 490 2810 hat.
501 2788 594 2814 xxxix,
608 2780 634 2807 5.

192 2833 330 2862 PATROL.
354 2831 413 2861 Gn.
436 2829 506 2860 ΧΠ.

376 90 528 119 SELECTA
550 92 580 119 ΙΝ
598 92 768 121 PSALMOS.
791 109 823 113 ——
843 93 958 121 liOillL
980 95 998 121 Il
1020 95 1052 122 ΙΝ
1068 95 1165 123 PSAL.
1188 96 1319 124 XXXVII.

673 2783 694 2798 ’θ
707 2780 777 2809 Psal.
791 2786 875 2811 Lxxn,

1623 99 1692 126 1580

941 154 966 180 6.
983 154 1112 187 Quoniam
1125 155 1287 190 iniquitatem
1299 163 1383 182 meam
1394 157 1546 190 pronuntio.
1567 157 1690 185 Pronun-

911 199 1049 226 tiationcm
1068 200 1230 235 iniquitatis,
1258 201 1284 227 id
1300 206 1340 228 est
1361 202 1558 230 c0nfessionem
1574 205 1690 238 peccati,

908 244 1078 277 frequentius
1103 245 1231 271 diximus.
1261 245 1328 272 Vide
1352 253 1416 280 ergo
1441 247 1504 281 quid
1523 249 1617 275 edocet
1641 257 1692 276 nos

907 287 1049 321 Scriptura
1063 288 1163 318 divina,
1177 288 1238 324 quia
1253 293 1359 324 oportet
1382 296 1520 324 peccatum
1534 299 1585 318 non
1602 294 1691 319 celare

906 334 1081 361 intrinsecus.
1103 334 1240 362 Fortassis
1255 335 1326 362 enim
1344 335 1414 362 sicut
1438 336 1454 362 ii
1473 337 1517 370 qui
1533 336 1633 364 habent
1649 337 1689 364 in-

908 383 950 406 tus
974 379 1105 406 inclusam
1129 387 1219 407 cscam
1243 379 1416 414 indigestam,
1442 386 1490 408 aut
1511 382 1632 410 humoris
1649 383 1689 410 vel

906 424 1067 458 phlegmatis
1083 425 1223 452 stomacho
1237 425 1357 460 graviter
1368 431 1394 453 et
1407 427 1518 455 moleste
1538 427 1684 456 immaneu-

907 469 940 497 tis
965 470 1171 502 abundantiam,
1198 471 1220 497 si
1247 472 1409 504 vomuerint,
1437 472 1589 500 relevantur
1619 484 1624 500 :
1651 474 1686 501 ita

904 515 986 542 etiam
1003 515 1029 542 hi
1047 516 1092 550 qui
1117 521 1309 550 peccaverunt,
1335 516 1357 544 si
1376 518 1484 551 quidem
1496 518 1635 545 occultant
1661 523 1687 545 et

905 561 1021 587 retinent
1037 561 1106 588 intra
1130 569 1159 588 se
1177 566 1329 595 peccatum,
1356 563 1520 590 intrinsecus
1546 569 1685 599 urgentur,

903 611 930 633 et
947 607 1141 641 propemodum
1167 607 1336 635 sulfocantur
1359 615 1375 635 a
1397 609 1560 644 phlegmate,
1578 610 1619 637 vel
1636 611 1686 637 hu-

904 658 978 678 more
1004 652 1120 686 peccati.
1152 652 1181 679 Si
1205 657 1296 679 autem
1323 653 1380 687 ipse
1405 654 1445 680 sui
1470 659 1612 682 accusator
1628 655 1684 688 ﬁat,

903 698 967 724 dum
984 702 1095 726 accusat
1115 699 1289 733 semetipsum
1314 703 1342 726 et
1359 700 1513 733 conﬁtetur,
1531 701 1609 728 simul
1623 708 1685 729 evo-

904 743 952 769 tnit
969 747 995 770 et
1009 743 1148 777 delictum,
1174 749 1256 778 atque
1279 752 1386 772 omnem
1401 741 1602 782 tnorbi'digerit
1619 754 1684 774 can-

904 796 971 816 sam.
992 789 1190 817 Tantummodo
1203 791 1385 825 circumspice
1399 791 1564 827 diligcntins,
1580 793 1622 820 cui
1639 794 1685 820 de-

866 824 887 851 B
903 835 966 862 beas
979 835 1102 862 conliteri
1121 840 1261 871 peccatum
1287 840 1373 863 tuum.
1403 824 1489 864 Proba
1507 839 1582 873 prius
1600 839 1684 866 medi-

901 888 973 912 cum,
987 881 1030 907 cui
1050 880 1149 908 debeas
1173 889 1282 909 causam
1309 881 1446 917 languoris
1469 890 1614 917 exponere,
1637 884 1683 919 qui

900 927 969 953 sciat
994 926 1125 954 inﬁrmari
1151 934 1212 954 cum
1237 927 1402 960 inlirmante,
1426 928 1490 956 ﬂere
1507 937 1567 955 cum
1592 929 1683 963 ﬂente,

900 972 946 1006 qui
963 972 1124 999 comlolendi
1137 977 1164 1000 et
1177 973 1357 1007 compatiendi
1373 974 1481 1000 noverit
1496 974 1683 1009 disciplinam:

901 1022 929 1043 ut
944 1017 982 1043 ita
1000 1017 1105 1044 demtun
1131 1018 1153 1045 si
1170 1018 1234 1052 quid
1260 1018 1305 1046 ille
1319 1019 1431 1052 dixerit,
1455 1019 1502 1054 qui
1520 1027 1550 1048 se
1569 1021 1643 1055 prius
1657 1026 1684 1048 et

900 1063 1033 1090 eruditum
1051 1063 1184 1090 medicum
1209 1064 1355 1091 ostenderit
1375 1069 1403 1092 et.
1418 1064 1634 1098 misericordem,
1660 1066 1682 1093 si

900 1108 963 1143 quid
979 1108 1084 1135 consilii
1099 1108 1212 1142 dederit,
1231 1109 1324 1141 facias,
1348 1114 1375 1136 et
1389 1110 1522 1144 sequaris,
1537 1111 1559 1137 si
1576 1110 1683 1137 intelle-

900 1152 970 1179 xerit
993 1156 1022 1179 et
1049 1152 1201 1186 praeviderit
1230 1153 1310 1180 talem
1333 1161 1394 1180 esse
1422 1153 1579 1189 languorem
1605 1157 1680 1181 tuum

900 1197 944 1231 qui
960 1197 986 1224 in
1002 1202 1134 1225 conventu
1160 1198 1241 1225 totius
1257 1198 1385 1226 Ecclesia:
1410 1199 1507 1233 exponi
1531 1199 1627 1226 debeat
1653 1204 1681 1227 et

899 1243 999 1275 curari,
1014 1250 1045 1270 ex
1062 1251 1114 1277 quo
1128 1243 1249 1270 fortassis
1261 1247 1289 1270 et
1301 1243 1390 1270 caeteri
1404 1243 1530 1271 aediﬁcari
1543 1249 1680 1278 poterunt,

899 1294 926 1316 et
949 1295 976 1316 tu
991 1289 1046 1324 ipse
1064 1289 1142 1316 facile
1167 1289 1269 1323 sanari,
1295 1289 1377 1316 multa
1395 1289 1446 1317 hoc
1472 1290 1680 1323 deliberatione,

898 1339 925 1361 et
944 1334 1011 1361 satis
1024 1334 1112 1369 perito
1135 1334 1230 1361 medici
1249 1333 1319 1361 illius
1342 1334 1456 1362 consilio
1481 1335 1680 1369 procurandum

898 1384 948 1408 est.
979 1380 1110 1412 Quoniam
1131 1381 1296 1415 iniquitatem
1317 1387 1401 1406 meam
1427 1388 1474 1414 ego
1495 1380 1680 1414 pronuntiabo,

898 1429 923 1452 et
946 1425 1064 1459 cogitabo
1084 1432 1131 1458 pro
1156 1429 1262 1458 peccato
1287 1433 1353 1451 meo.
1386 1424 1545 1459 Quicunque
1561 1429 1680 1452 vestrum

898 1469 1023 1498 conscius
1044 1469 1095 1497 sibi
1111 1473 1153 1496 est
1176 1469 1202 1495 in
1220 1469 1312 1503 aliquo
1335 1474 1458 1503 peccato,
1470 1473 1500 1496 et
1514 1470 1551 1496 ita
1569 1476 1682 1496 securus

898 1518 939 1542 cst
962 1514 1038 1549 quasi
1055 1513 1122 1541 nihil
1145 1513 1208 1541 mali
1233 1514 1338 1546 fecerit,
1355 1519 1559 1541 commoveatur
1573 1522 1606 1541 ex
1629 1514 1680 1540 hoc

897 1568 1023 1588 sermone
1035 1560 1080 1595 qui
1098 1559 1163 1587 dicit
1180 1568 1187 1586 :
1204 1559 1329 1593 Cogitabo
1351 1567 1399 1593 pro
1423 1565 1527 1593 peccato
1542 1567 1608 1586 meo.
1629 1559 1681 1586 Bo-

897 1613 961 1632 num
976 1610 1018 1632 est
1033 1612 1094 1631 eum
1111 1604 1156 1639 qui
1173 1604 1305 1639 delinquit
1320 1612 1371 1630 non
1389 1612 1450 1632 esse
1474 1612 1612 1638 securum,
1631 1613 1680 1632 nec

898 1651 971 1678 velut
983 1650 1028 1685 qui
1043 1650 1110 1677 nihil
1124 1650 1278 1685 deliquerit,
1294 1650 1394 1677 nullam
1407 1650 1616 1677 sollicitudinem
1632 1658 1679 1684 ge-

898 1705 968 1729 rere,
994 1704 1043 1725 nec
1069 1696 1190 1731 cogitare
1216 1695 1351 1729 quomodo
1375 1695 1462 1729 possit
1485 1703 1563 1722 suum
1589 1695 1680 1722 delere

897 1747 1048 1776 peccatum.
1070 1740 1098 1768 Si
1116 1741 1141 1767 in
1157 1746 1271 1774 corpore
1283 1744 1328 1765 tuo
1344 1738 1447 1766 macula
1463 1739 1553 1774 aliqua
1567 1740 1608 1766 vel
1623 1740 1680 1766 vul-

897 1794 946 1813 nus
963 1786 1078 1818 oriatur,
1102 1789 1149 1811 aut
1171 1791 1204 1810 ex
1228 1783 1367 1810 collisione
1390 1782 1478 1817 aliqua
1504 1783 1678 1816 intumeScat,

895 1831 1027 1859 sollicitus
1044 1837 1074 1858 es
1092 1835 1121 1857 et
1146 1829 1279 1864 perquiris
1305 1828 1371 1863 quid
1396 1835 1467 1855 cura:
1483 1828 1582 1855 debeat
1600 1830 1678 1856 adhi-

895 1877 964 1909 beri,
990 1876 1126 1911 quomodo
1150 1875 1257 1909 corpori
1283 1873 1387 1900 sanitas
1404 1873 1513 1907 antiqua
1538 1874 1678 1901 reddatur.

896 1922 924 1950 Si
941 1922 1012 1949 circa
1024 1921 1116 1949 oculos
1132 1927 1161 1948 se
1174 1920 1271 1954 aliquis
1285 1919 1399 1946 acerbus
1423 1918 1520 1945 humor
1537 1918 1677 1951 infuderit,

894 1967 1026 1994 sollicitus
1049 1973 1089 1998 es,
1113 1970 1140 1993 et
1162 1964 1299 2000 perquiris
1323 1963 1457 1998 quomodo
1479 1971 1624 1991 succurras
1651 1970 1679 1991 et

895 2011 1044 2046 prmvenias
1064 2010 1230 2039 caecitatem.
1260 2008 1327 2036 Cum
1350 2007 1438 2034 anima
1454 2014 1497 2034 tua
1513 2012 1637 2042 aegrotet,
1653 2014 1680 2034 et

893 2059 1067 2090 peccatorum
1082 2052 1256 2086 languoribus
1269 2057 1409 2087 urgeatur,
1423 2059 1536 2079 securus
1550 2059 1590 2084 es.
1612 2059 1679 2079 cou-

895 2101 992 2129 tetnnis
1005 2101 1158 2136 gehennam
1176 2104 1258 2134 atque
1282 2099 1353 2133 ignis
1369 2098 1464 2126 aeterni
1482 2098 1612 2132 supplicia
1633 2099 1679 2126 de-

894 2146 976 2180 spicis
1001 2149 1028 2172 et
1052 2144 1171 2172 irrides?
1194 2143 1327 2170 Judiciunt
1355 2142 1401 2169 Dei
1431 2142 1621 2177 parvipendis,
1653 2147 1680 2170 et

894 2195 1109 2217 commonenlem
1123 2195 1148 2217 te
1162 2188 1309 2216 Ecclesiam
1321 2187 1456 2221 despicis?
1470 2188 1677 2217 Communicare

894 2245 946 2264 non
965 2237 1042 2263 times
1055 2243 1153 2270 corpus
1164 2234 1264 2262 Christi
1280 2233 1412 2260 accedetts
1423 2233 1455 2259 ad
1469 2233 1675 2270 Eucharistiam,

894 2283 972 2319 quasi
993 2283 1108 2310 mundus
1123 2286 1150 2308 et
1174 2288 1268 2316 purus,
1284 2280 1361 2313 quasi
1387 2279 1454 2306 nihil
1471 2279 1498 2305 in
1517 2284 1542 2305 te
1557 2279 1592 2306 sit
1606 2280 1673 2306 indi-

892 2336 989 2364 gnum,
1012 2332 1038 2354 et
1051 2327 1076 2354 iu
1093 2327 1135 2354 his
1148 2326 1274 2353 omnibus
1288 2329 1366 2357 putas
1383 2323 1454 2358 quod
1473 2322 1586 2358 ellugias
1606 2324 1677 2359 judi-

891 2375 963 2402 cium
991 2372 1056 2400 Dei?
1087 2371 1144 2399 Non
1171 2371 1325 2398 recordaris
1351 2369 1416 2396 illud
1447 2369 1517 2403 quod
1545 2369 1676 2403 scriptmn

892 2420 976 2450 est",
997 2419 1058 2452 quia
1073 2405 1215 2451 Propterea
1239 2416 1266 2442 in
1295 2415 1366 2442 vobis
1382 2414 1493 2448 inﬁrmi,
1513 2418 1537 2440 et
1555 2415 1630 2448 wgri,
1651 2420 1675 2440 et

892 2465 1025 2492 dormiunt
1038 2463 1133 2490 multi?
1146 2462 1235 2496 Quare
1248 2461 1323 2488 multi
1339 2460 1459 2487 infirmi?
1475 2459 1608 2492 Quoniam
1622 2467 1674 2486 non

893 2512 996 2546 seipsos
1018 2509 1178 2544 dijtulicant,
1205 2515 1292 2542 neque
1317 2506 1420 2540 seipsos
1433 2505 1601 2538 examinant,
1624 2512 1675 2531 nec

893 2556 1044 2591 intelligunt
1058 2555 1121 2589 quid
1133 2559 1174 2582 est
1188 2552 1388 2581 communicare
1403 2550 1541 2582 Ecclesia),
1556 2549 1595 2576 vel
1610 2549 1675 2583 quid

891 2606 932 2628 est
947 2600 1076 2628 accedere
1100 2599 1134 2626 ad
1159 2603 1233 2626 tanta
1258 2602 1285 2625 et
1301 2601 1354 2624 tam
1372 2595 1471 2624 eximia
1489 2599 1672 2622 sacramenta.

894 2646 1036 2673 Patiuntur
1054 2645 1104 2671 hoc
1127 2644 1197 2678 quod
1216 2642 1402 2669 febricitantes
1419 2638 1476 2674 pati
1494 2638 1596 2671 solent,
1611 2646 1672 2666 cum

890 2696 1015 2715 sanorum
1032 2687 1108 2714 cibos
1134 2690 1310 2721 pne-sumunt,
1334 2683 1511 2718 sibimetipsis
1526 2683 1674 2710 inferentes

953 2776 977 2793 ’ί
988 2775 1066 2802 Prov.
1083 2781 1124 2807 nt,
1140 2775 1181 2801 t2.
1218 2776 1239 2792 "
1251 2775 1259 2802 l
1271 2776 1332 2804 Cor.
1348 2783 1385 2807 xi,
1397 2774 1441 2803 50.

1498 2820 1537 2849 1th

888 2778 914 2804 5.
