1869 3052
225 86 293 113 17587

912 83 956 111 EX
977 84 1072 112 ORIGi
1082 85 1126 112 NE

1769 91 1809 116 ιλςε

223 143 346 170 exiliunt.
365 141 427 169 litae
441 142 474 169 de
489 148 521 170 eo
536 144 608 177 quod
624 141 725 169 dictum
741 146 782 170 est
801 151 807 169 :
825 140 951 178 Cogitatio
964 151 1011 177 pro
1026 145 1048 174 Α
1065 150 1126 169 cum
1156 142 1218 170 odio
1245 143 1366 176 habear,
1391 148 1420 170 ut
1441 143 1509 171 sciat
1522 144 1684 171 conscientia
1704 152 1755 172 mea
1768 155 1804 180 quo

222 192 329 221 peccato
344 195 411 214 meo.

260 255 285 282 ’1.
303 255 434 289 Sequitur
448 264 455 282 :
471 254 577 281 Inimici
589 259 677 281 atticus
697 256 747 282 mei
760 255 858 288 uiuunt,
874 261 897 282 et
912 256 1011 290 con/ir-

224 301 286 326 mati
297 304 359 327 sunt
373 307 450 333 super
463 306 513 325 me.
535 298 574 325 Ati
591 306 651 333 qua:
668 299 760 326 omnia
780 300 929 327 subsouare
947 300 1011 327 illud

224 345 304 372 debet
326 353 332 371 :
353 343 409 378 Ego
435 348 522 370 autent
545 344 665 378 cogitabo
688 353 735 380 pro
761 350 867 379 peccato
890 353 956 372 meo.
979 345 1012 372 Et

222 389 346 424 quamvis
362 389 478 420 videam,
503 389 661 424 frequenter
688 391 760 418 enim
779 399 827 418 nos
854 397 1010 426 peccatores

221 435 242 462 si
262 434 403 461 videamus
418 433 543 461 inimicos
559 439 666 462 nostros
682 435 803 462 viventes
813 435 935 462 ausiores
951 443 1011 463 con-

222 481 375 514 tristamur,
391 484 418 507 et
434 480 562 514 querelas
577 481 708 508 adversus
731 482 849 508 divinam
864 482 1009 516 pr0viden-

222 527 285 553 tiam
310 526 458 553 fundimus.
489 526 539 559 Qui
568 532 658 554 autem
683 527 782 553 salvari
808 527 874 559 vult,
899 528 932 554 ad
952 528 1009 556 ilch

220 572 311 598 omnia
327 578 436 606 semper
456 571 508 598 hoc
533 571 582 599 sibi
603 572 774 606 respondeat.
791 572 897 599 etiamsi
909 572 1009 598 inimici

219 617 303 654 689
317 617 367 644 ηιεί
383 618 483 649 uiuunt,
507 622 529 643 et
553 617 704 651 conﬁrmati
725 622 786 644 sunt
804 625 883 652 super
895 626 944 649 me,
960 624 1009 652 ego

221 667 311 689 tamen
329 662 449 696 cogitabo
472 670 520 696 pro
544 668 650 696 peccato
676 670 743 689 meo.
774 662 807 689 Et
831 662 955 697 quamvis
971 661 1010 688 \‘i-

219 710 297 735 deam
327 715 369 735 me
402 714 575 742 peccatorem
606 716 676 741 esse,
709 708 887 736 considerans
919 712 1008 735 tamen

219 754 300 780 etiam
330 757 492 781 creterorum
518 758 629 787 peccata
654 761 713 788 qua:
738 753 862 780 fortassis
884 753 1008 788 graviora

219 804 294 831 sunt,
312 800 406 826 videtis
422 807 531 833 quoque
548 807 596 826 eos
613 807 661 833 pro
677 799 795 833 peccatis
811 798 868 826 suis
883 807 935 826 non
948 806 1008 826 esse

219 845 361 878 sollicitos,
378 853 541 880 comparans
558 852 601 872 me
624 845 678 872 illis
701 846 746 880 qui
762 846 874 873 omnino
889 846 922 873 de
944 853 1007 881 gra-

220 892 339 919 vissimis
363 891 470 919 delictis
494 892 550 918 suis
578 891 644 918 nihil
672 891 806 926 cogitant,
835 896 864 920 et
885 892 1008 926 cogitans

219 945 267 972 pro
282 942 395 972 peccato
409 944 480 970 meo,
497 945 573 972 spem
585 937 673 965 habeo
685 937 711 965 in
729 942 764 965 te.

254 1017 279 1044 8.
299 1015 331 1043 Et
357 1015 524 1049 multiplicati
552 1021 612 1043 sunt
637 1018 682 1052 qui
706 1017 816 1044 oderunt
842 1024 882 1043 me
907 1016 1005 1050 inique.

218 1062 390 1098 lmpossibile
407 1067 448 1089 est
469 1062 495 1089 in
521 1062 574 1089 hac
589 1062 644 1088 vita
662 1063 778 1097 positum
796 1061 859 1089 odio
881 1069 932 1088 non
954 1061 1005 1088 ha-

219 1107 286 1134 beri.
307 1106 434 1134 Christus
449 1105 527 1134 Jesus
546 1107 609 1134 odio
628 1107 736 1134 habitus
750 1111 800 1135 est.
818 1107 849 1134 Et
863 1107 926 1141 quid
944 1106 1005 1133 dico

217 1153 385 1188 impossibile
401 1157 442 1180 est
460 1153 485 1180 in
509 1153 560 1180 hac
587 1153 640 1180 vita
666 1154 784 1189 positum
806 1154 869 1181 odio
884 1161 936 1180 non
953 1153 1005 1180 ha-

217 1198 294 1225 beri?
316 1199 386 1225 Deus
406 1198 465 1233 ipse
479 1198 526 1232 qui
544 1198 570 1225 in
586 1198 655 1226 hanc
674 1199 757 1226 vitam
777 1206 829 1225 non
846 1198 929 1230 venit,
941 1197 1005 1225 odio

217 1244 330 1272 habetur
348 1244 382 1271 ab
400 1244 544 1278 aliquibus.
560 1245 589 1272 Si
605 1245 677 1272 enim
694 1252 747 1272 non
764 1244 912 1272 haberetur
930 1244 1003 1277 odio,

217 1297 386 1324 nequaquam
404 1290 507 1317 diceret
517 1290 654 1324 Propheta
667 1290 689 1306 ⁸³
705 1298 712 1317 :
727 1289 823 1316 Nonus
840 1289 957 1316 odientes
968 1293 1003 1322 te,

218 1335 328 1362 Domine
345 1355 352 1366 ,
384 1336 491 1362 oderam
504 1355 511 1366 ,
537 1340 560 1362 et
580 1343 660 1369 super
679 1335 801 1361 inimicos
817 1340 874 1361 tuos
889 1334 1004 1361 tabesce-

215 1381 297 1407 bnm?
319 1379 440 1414 Perfecto
459 1381 521 1407 odio
545 1380 651 1406 oderam
675 1380 744 1406 illos.
763 1379 960 1411 Marcionistm.
977 1383 1005 1407 et

215 1425 357 1457 Basilides,
376 1430 403 1453 et
428 1425 565 1453 Valentini
597 1426 714 1452 oderunt
743 1426 844 1458 Deum,
870 1430 898 1453 et
920 1425 1003 1453 verba

214 1470 274 1504 t-jus
301 1471 425 1498 oderunt.
453 1471 521 1498 Cum
537 1479 602 1506 ergo
631 1471 701 1498 Deus
729 1471 792 1498 odio
811 1471 955 1502 habeatur,
976 1474 1003 1497 et

214 1517 338 1544 Christus
354 1524 440 1552 usque
462 1517 488 1543 in
507 1517 668 1544 hodiernum
695 1517 766 1544 diem
788 1524 802 1544 a
820 1515 921 1544 Iudaeis
936 1523 1003 1542 ana-

216 1562 306 1589 thema
325 1562 381 1594 ﬁat,
406 1570 466 1589 cum
491 1562 611 1597 Spiritus
631 1566 743 1590 sanctus
757 1562 803 1597 qui
820 1561 846 1589 iu
863 1561 1002 1597 prophetis

219 1609 324 1636 lorutus
340 1612 382 1635 est
401 1608 434 1635 ab
448 1608 585 1635 haereticis
597 1607 659 1635 odio
677 1607 819 1641 habeatur,
840 1613 866 1634 tu
887 1607 927 1634 vis
939 1607 1002 1635 odio

215 1661 268 1681 non
282 1654 389 1684 haberi,
403 1654 449 1681 sed
465 1654 499 1680 ab
517 1654 643 1681 omnibus
655 1654 730 1688 diligi
742 1658 769 1681 et
786 1653 922 1681 benedici?
935 1653 1001 1680 Vitle

214 1708 246 1726 ne
265 1705 290 1726 te
308 1699 428 1726 inveniat
450 1699 494 1726 illa
515 1699 649 1726 sententia
663 1707 723 1734 qua:
737 1699 801 1726 dicit
815 1699 838 1714 “
853 1707 859 1725 :
879 1697 925 1725 Va:
941 1706 999 1724 cum

213 1746 390 1773 betirdixcrint
403 1746 472 1772 vobis
487 1753 576 1772 omnes
596 1745 724 1772 homines.
741 1745 810 1778 Quin
829 1744 918 1779 potius
935 1743 1000 1770 illud

214 1791 401 1818 tantummodo
414 1791 591 1818 observemus
601 1811 607 1823 ,
632 1795 660 1817 ut
682 1795 708 1818 et
723 1798 772 1817 uos
787 1790 920 1822 dicamus,
933 1796 999 1823 quo-

213 1839 283 1864 niani
304 1836 472 1872 multiplicati
493 1841 554 1863 sunt
571 1838 615 1872 qui
632 1836 743 1863 oderunt
758 1844 797 1862 me
813 1835 912 1870 inique.
929 1833 999 1869 Opto

442 1937 602 1965 PSALMUS
624 1935 768 1964 XXXVI".

250 1985 330 2011 Vsus.
342 1984 369 2011 5.
383 1983 516 2010 Obsurdui
533 1987 558 2010 et
573 1983 731 2010 humiliatus
750 1990 826 2015 sum,
846 1987 870 2009 et
895 1982 956 2009 si.ui
982 1991 999 2009 ιι

213 2031 298 2063 bonis,
309 2034 364 2057 etc.
379 2029 408 2056 in
423 2029 621 2057 tentatiouibus
637 2028 742 2064 fugiunt
752 2029 821 2056 bona
835 2035 850 2054 a
866 2028 956 2061 nobis,
972 2033 1000 2056 et

213 2076 274 2103 silet
289 2075 380 2102 anima
400 2075 434 2102 ab
453 2075 516 2102 illis.
540 2075 576 2102 De
601 2074 654 2102 illis
673 2074 745 2102 enim
770 2074 889 2109 loquitur
908 2075 998 2102 anima

212 2128 272 2155 qua:
289 2121 439 2155 cognoscit,
457 2125 484 2148 et
503 2120 564 2148 silet
583 2120 616 2148 de
632 2120 684 2147 illis
698 2127 758 2154 quae
774 2128 828 2147 non
849 2120 997 2155 cognoscit.

214 2167 286 2193 iiuna
303 2171 393 2193 autem
407 2165 458 2193 hoc
473 2166 532 2194 loco
546 2165 614 2193 dixit
626 2166 742 2193 virtutes
755 2171 783 2193 et
796 2166 924 2194 scientias
938 2173 998 2200 quae

214 2213 240 2239 in
255 2217 374 2247 tempore
387 2212 543 2240 tentatiouis
557 2219 572 2239 a
587 2215 690 2239 tentato
704 2211 819 2246 fugiunt.

249 2301 328 2328 Vens.
350 2301 377 2328 4.
392 2300 531 2328 Concaluit
549 2307 594 2327 cor
608 2308 695 2327 meum
711 2300 780 2328 intra
796 2309 846 2333 ms,
864 2306 918 2328 etc.
930 2300 998 2328 Cttm

212 2348 258 2374 ima
273 2348 377 2375 daemon
395 2347 497 2378 instat,
517 2346 647 2380 possibile
668 2351 709 2374 est
734 2354 786 2374 nou
817 2347 909 2380 irasci,
930 2347 1000 2374 forte

211 2397 301 2420 autem
319 2391 485 2426 impossibile
501 2399 553 2418 non
572 2392 771 2420 concalescere.

245 2438 323 2466 Vens.
333 2438 360 2466 5.
371 2437 471 2465 Notum
482 2437 523 2472 {ac
534 2438 611 2471 nti/ti.
622 2438 741 2473 Domine,
751 2439 828 2473 ﬁnem
838 2448 933 2472 meum.
943 2446 996 2468 etc.

246 2509 269 2525 ’³
281 2507 353 2536 Psal.
367 2516 498 2542 cxxxvnt,
518 2509 563 2536 2i.
612 2510 634 2525 “
659 2509 723 2537 Luc.
737 2518 773 2543 vt,
789 2510 834 2538 26.

247 2579 303 2613 (55)
323 2578 356 2606 In
372 2578 424 2605 alio
437 2579 542 2611 quidem
560 2578 674 2613 psalmo,
693 2584 748 2606 etc.
769 2579 871 2606 Catena
895 2579 997 2607 Corde-

212 2617 285 2640 riana
299 2619 327 2641 et
343 2614 419 2641 alite:
434 2614 477 2640 ‘Ev
489 2613 561 2648 ἄλλῳ
575 2613 676 2648 ψαλμῷ
688 2622 754 2649 φησι
764 2623 770 2629 ·
786 2615 841 2641 Καὶ
859 2614 892 2640 τὸ
903 2614 996 2641 Πνεῦυ

209 2649 249 2684 μᾷ
270 2657 327 2676 σου
350 2648 382 2684 τὸ
406 2648 491 2684 ἅγιον
510 2649 554 2682 μὴ
580 2648 749 2682 ἀπανέλῂς
775 2649 827 2684 άπῖ
849 2649 932 2684 ἐμοῦ.
964 2650 995 2675 Εἰ

213 2683 330 2720 aduehat
359 2683 512 2720 ἀπέρῤιψάγ
538 2684 637 2720 podis;
668 2684 762 2720 νεκρὸν
788 2683 994 2720 ὲὸδελῡγμένρνλ

211 2717 279 2754 diu
294 2717 325 2743 σὺ
343 2717 475 2754 ganea:
492 2717 550 2754 iure
565 2718 615 2754 τὴν
628 2717 761 2754 κραταὶάν
783 2727 828 2745 anu
845 2717 934 2753 χεῖρὰ.
945 2719 995 2745 Σοῦ

212 2727 279 2743 usu
294 2727 325 2743 συ
343 2727 426 2744 axe-tre
443 2727 475 2753 με
498 2727 550 2745 υπο
565 2727 615 2754 την
628 2727 761 2778 apertam:
783 2727 828 2745 σηυ
845 2727 934 2753 χειρα.
945 2727 993 2745 LOU

212 2752 273 2794 ῖέιρ,
289 2752 423 2794 napovvog
452 2752 593 2794 ςὶνίοςχυρρι
617 2761 654 2794 βα
695 2754 872 2794 ἁσθξνεζςήθς
891 2754 993 2794 ι-χθροξ.

212 2761 266 2786 γαρ
291 2761 423 2786 napovrog
454 2761 548 2787 ανισχυ
584 2762 593 2779 ι
619 2761 665 2779 και
695 2761 816 2785 aerisvng
842 2761 866 2780 at
891 2761 993 2794 ι-χυροι.

212 2786 348 2821 Ιζρόσχες
366 2787 408 2818 εις
429 2786 486 2821 τὴν
500 2761 644 2820 ,Βίιιῗὲειάν
658 2797 727 2822 you,
744 2789 804 2815 ἐπεὶ
828 2788 932 2824 ὲχθρων
948 2796 995 2814 πε-

885 2512 909 2528 ¹¹
920 2511 993 2539 Psal.
1011 2520 1036 2544 1.,
1058 2512 1099 2539 15.

1064 187 1136 214 niam
1155 188 1254 222 injuste
1272 189 1365 216 odium
1382 190 1482 224 palior.
1501 189 1570 217 0dio
1588 189 1671 217 habiti
1686 195 1742 217 sunt
1757 193 1810 218 etis».

1063 233 1211 268 prophetas,
1230 235 1277 262 sed
1296 235 1416 269 injuste;
1436 235 1499 262 odio
1518 235 1627 263 habitus
1644 240 1685 263 est
1708 236 1812 266 Christian

1063 278 1109 306 sed
1121 280 1218 314 gratis.
1235 279 1263 307 Si
1276 285 1368 308 autem
1386 288 1435 315 pro
1460 286 1574 315 peccato
1591 289 1652 309 meo
1663 281 1721 309 odio
1731 282 1811 311 habeor.

1062 332 1114 352 non
1130 332 1239 359 possum
1258 326 1361 359 dicere,
1380 327 1444 361 quia
1460 327 1630 361 multiplicati
1643 332 1702 355 sunt
1717 330 1756 364 qui
1770 330 1809 355 οάε-

1062 378 1122 398 rum
1141 379 1181 399 me
1197 372 1304 407 injuste.
1322 372 1397 400 Juste
1423 373 1496 400 enim
1517 375 1578 401 odio
1603 375 1717 406 habeor.
1735 377 1754 403 si
1771 384 1811 410 pet-

1061 424 1125 445 osus
1141 417 1219 446 fuero
1235 424 1346 454 propter
1360 419 1519 447 inhonestos
1530 425 1606 447 actus
1619 428 1692 448 meos
1705 426 1729 448 et
1739 427 1813 456 turpes-

1061 462 1118 490 Nun
1134 471 1243 498 possum
1260 465 1361 496 dioere.
1377 465 1440 499 quia
1455 465 1573 493 oderunt
1591 474 1635 494 me
1652 468 1739 501 gratis.
1751 469 1812 503 Atque

1060 509 1163 536 utinam
1182 514 1257 536 tanta
1275 511 1442 538 conlideulia
1468 511 1560 538 dicere
1584 513 1717 546 possimus
1737 518 1758 540 et
1772 521 1811 545 nos,

1060 555 1124 590 quia
1142 556 1311 590 multiplicati
1325 561 1386 583 sunt
1403 557 1448 592 qui
1470 557 1580 584 oderunt
1599 566 1641 585 me
1655 558 1750 593 injuste.

1095 601 1121 628 9.
1143 601 1194 634 Qui
1209 602 1354 629 retribuam
1373 601 1437 629 mihi
1459 603 1529 628 mala
1547 610 1596 637 pro
1613 603 1695 630 bonis.
1715 604 1761 639 Ego
1772 606 1811 638 qui<

1060 645 1120 673 dem
1135 647 1204 673 bona
1220 654 1281 673 cum
1297 647 1336 674 eis
1356 647 1486 682 agebam,
1510 648 1547 675 illi
1576 655 1641 675 vero
1662 649 1732 676 obliti
1753 650 1812 676 botto-

1060 699 1118 718 rum
1137 699 1257 719 meorum
1285 693 1433 720 reddebant
1451 693 1519 720 mala
1537 702 1586 729 pro
1604 695 1692 726 bonis,
1716 695 1812 722 ctiininr

1059 737 1159 764 bantur
1179 745 1235 770 me,
1261 738 1389 773 quoniam
1417 739 1552 773 sequebar
1579 740 1720 774 justitiam.
1741 741 1812 768 Crimi-

1059 787 1160 809 nantur
1175 790 1219 810 me
1242 788 1269 810 et
1293 784 1458 818 exprobrant
1489 785 1591 812 inimici
1621 787 1672 813 mei
1698 794 1741 820 pro
1759 786 1811 813 iissi

1024 825 1045 853 Β
1060 834 1113 862 qua
1125 828 1190 855 mihi
1205 829 1354 864 aliquando
1367 830 1513 858 commissa
1527 835 1600 864 sunt,
1620 839 1669 858 nec
1682 833 1812 859 erubescunt

1061 881 1104 901 me
1115 873 1248 907 justitiam
1267 875 1489 911 subsequentem,
1511 884 1560 904 nec
1573 877 1641 904 dant
1656 878 1750 905 veniam
1764 885 1812 913 pre-

1060 919 1150 947 teritis
1171 920 1252 948 malis
1272 929 1321 956 pro
1347 923 1527 956 praesentibus
1555 923 1647 951 bonis.
1676 923 1763 951 Verum
1786 930 1812 956 tu,

1060 965 1183 999 Domine,
1197 967 1322 1000 quoniam
1338 968 1514 1002 subsequebar
1530 968 1674 1001 iustitiam,
1687 977 1716 996 ne
1728 971 1811 996 ἀσειὶιι

1058 1020 1124 1047 quas
1134 1021 1185 1045 me,
1201 1012 1313 1040 Damius
1328 1013 1397 1041 Deus
1409 1022 1493 1042 meas.
1510 1015 1542 1043 Et
1555 1016 1614 1043 haec
1628 1024 1677 1043 vox
1690 1016 1811 1045 conﬁtentis

1058 1062 1099 1085 est
1124 1063 1152 1086 et
1177 1059 1392 1087 misericordiam
1416 1061 1581 1095 postulantis
1602 1070 1609 1088 :
1627 1061 1666 1089 Ne
1681 1062 1810 1095 derelinquas

1058 1111 1109 1136 me.
1123 1103 1236 1132 Domine
1252 1105 1321 1132 Deus
1335 1114 1419 1138 meus,
1434 1114 1466 1133 ne
1476 1107 1634 1135 discesseris
1647 1116 1662 1134 ιι
1678 1116 1722 1135 me.
1737 1107 1759 1134 In
1775 1107 1810 1133 alia

1058 1151 1166 1184 quidem
1183 1151 1288 1186 psalmo
1305 1151 1361 1187 (55)
1373 1152 1486 1180 dicit":
1500 1152 1631 1186 Spiritum
1643 1158 1809 1181 sanciunt-sn

1057 1203 1088 1222 ne
1105 1196 1213 1230 auferas
1225 1206 1242 1224 a
1263 1205 1312 1224 me.
1332 1197 1361 1225 in
1377 1199 1428 1226 hoc
1443 1199 1508 1226 dicit
1522 1200 1555 1226 ad
1574 1200 1663 1232 ipsum
1683 1199 1770 1227 Deum:
1783 1199 1810 1226 Νι

1056 1241 1208 1269 discesseris
1233 1251 1249 1269 α
1278 1251 1327 1270 me.
1345 1243 1383 1270 Ex
1411 1248 1465 1278 qbo
1486 1246 1670 1273 ostenditura
1684 1246 1808 1280 quibusdam

1056 1286 1163 1314 meritis
1177 1287 1234 1315 suis
1247 1287 1387 1316 discedere
1401 1289 1497 1322 Deum,
1511 1295 1540 1318 et
1554 1291 1629 1325 apud
1649 1291 1711 1319 alios
1725 1298 1764 1325 pro
1772 1297 1809 1318 suis

1058 1331 1164 1359 meritis
1179 1340 1353 1367 permanere.
1372 1333 1468 1362 infelix
1482 1340 1574 1362 tamen
1591 1336 1673 1364 homo
1689 1337 1727 1364 ille
1743 1344 1755 1363 ι
1774 1344 1809 1370 quo

1056 1376 1214 1404 discesserit
1231 1378 1317 1411 Deus,
1342 1379 1438 1407 beatus
1454 1386 1545 1408 autem
1574 1386 1618 1409 est
1644 1382 1687 1410 ille
1711 1390 1761 1409 cum
1774 1390 1808 1416 quo

1055 1428 1198 1456 permanet
1218 1423 1300 1451 Deus.
1324 1425 1435 1452 Attende
1452 1426 1480 1453 in
1500 1428 1667 1461 adjuton‘um
1681 1435 1762 1459 meum,
1774 1427 1808 1453 Do-

1055 1468 1141 1502 mine,
1167 1467 1236 1496 Deus
1253 1470 1346 1497 salutis
1369 1478 1444 1498 mete.
1469 1471 1503 1499 Et
1529 1480 1579 1500 nos
1603 1480 1667 1509 ergo
1687 1480 1776 1502 oremus
1791 1478 1808 1500 tt

1056 1513 1178 1541 dicamus
1196 1522 1204 1540 :
1220 1513 1336 1542 Attende
1362 1515 1389 1542 in
1414 1515 1580 1550 adiutorium
1607 1525 1694 1545 meum
1716 1517 1807 1552 quoniam

1057 1559 1168 1594 grandis
1182 1564 1226 1587 est
1240 1568 1340 1595 pugna,
1358 1565 1385 1588 et
1407 1567 1532 1595 potentes
1547 1567 1613 1590 sunt
1627 1562 1768 1590 adversarii.
1782 1561 1808 1588 ln-

1056 1604 1141 1632 iestus
1155 1610 1197 1632 est
1215 1606 1314 1638 hostis,
1335 1607 1482 1635 invisibilis
1497 1608 1628 1637 inimicus
1639 1616 1686 1644 per
1700 1609 1756 1636 istos
1766 1608 1807 1634 risi-

1054 1649 1123 1678 biies
1149 1650 1299 1685 impugnat.
1327 1651 1443 1679 Attende
1465 1660 1529 1688 ergo
1553 1653 1580 1681 in
1606 1654 1754 1688 adjutorium
1776 1659 1800 1679 no

1055 1699 1153 1728 strum,
1174 1700 1201 1723 et
1226 1697 1323 1730 adjuva
1352 1704 1401 1724 nos
1426 1705 1475 1732 per
1501 1704 1630 1727 sanctum
1658 1700 1743 1727 Filium
1758 1705 1807 1726 tuum

1055 1740 1199 1768 Dominutn
1217 1747 1341 1769 nostrum
1355 1741 1449 1770 Jesum
1464 1743 1618 1778 Christum,
1635 1753 1681 1780 per
1694 1753 1760 1780 quem
1769 1753 1807 1771 om-

1054 1793 1102 1813 nes
1120 1794 1169 1813 nos
1184 1786 1335 1819 redemisti,
1353 1795 1400 1822 per
1417 1796 1497 1822 quem
1521 1790 1568 1817 tibi
1584 1791 1671 1826 gloria
1684 1796 1709 1818 et
1719 1794 1806 1826 potestas

1053 1831 1080 1860 in
1094 1832 1192 1860 saecula
1206 1832 1379 1860 saeculorum.
1393 1834 1491 1861 Amen.

1338 1937 1482 1964 ΨΑΛΜΟΣ
1499 1939 1564 1966 ΑΠ’.

1094 1980 1273 2015 Ὲιιωφώθην
1294 1982 1344 2008 καὶ
1373 1983 1577 2018 ἐταπεινώθην
1596 1985 1646 2012 καὶ
1667 1984 1804 2020 cuimodi:

1053 2027 1181 2062 ἀγαθῶν,
1197 2036 1224 2054 κ.
1241 2036 1266 2054 τ.
1279 2028 1303 2055 ἐ.
1324 2028 1368 2054 ‘Ev
1383 2030 1438 2061 τοῖς
1454 2033 1618 2066 πειρασμοῖς
1632 2031 1686 2066 (56)
1702 2031 1776 2066 φεύγει
1784 2032 1804 2056 τὲ

1054 2073 1143 2107 ἀγαθὰ
1159 2073 1188 2105 ὲξ
1200 2073 1288 2108 ἡμῶν,
1306 2074 1351 2100 καὶ
1363 2075 1480 2110 σιωπᾷὴ
1495 2075 1567 2112 ψυχὴ
1583 2077 1614 2109 ἐξ
1630 2077 1804 2104 αὑτῶν.Ἑκεῑνι

1016 2106 1038 2134 D
1052 2118 1106 2154 γὰρ
1127 2106 1274 2152 eoi-enim
1292 2120 1308 2154 ἡ
1323 2119 1396 2155 ψυχὴ
1414 2106 1587 2154 ἃπγιλιῶσξεί,
1605 2106 1657 2150 aut
1675 2123 1751 2158 ειωπᾷ
1762 2122 1802 2148 ibi

1051 2164 1190 2199 γινώσκει.
1215 2165 1316 2199 Ἀγαθὰ
1337 2166 1365 2192 δὲ
1387 2164 1448 2192 εἷπε
1470 2166 1517 2193 νῦν
1536 2167 1587 2200 τὰς
1611 2169 1708 2205 ἀρετὰς
1727 2167 1802 2197 καὶτὰ

1050 2210 1165 2246 γνώσεις
1194 2211 1295 2244 αἵτινες
1316 2213 1344 2239 ὲν
1369 2211 1458 2247 καιρῷ
1483 2215 1639 2250 πειρασμοῦ
1669 2215 1802 2249 Superum

1049 2257 1112 2288 τοὺς
1129 2265 1162 2283 πε
1167 2257 1354 2292 ιραςομένους.

1090 2303 1268 2338 Ἑθερμάγθη
1292 2305 1312 2338 ἡ
1330 2304 1436 2338 καρδία
1448 2314 1509 2340 μου
1526 2307 1616 2339 ἐντός
1627 2315 1695 2342 μου,
1710 2312 1732 2332 ι.
1752 2313 1770 2330 τ.
1786 2304 1799 2328 ὲ.

1048 2348 1165 2375 Δυνατὺν
1183 2349 1231 2383 μὲν
1248 2348 1304 2384 (57)
1321 2349 1368 2375 τοῦ
1385 2351 1433 2386 τῆς
1447 2350 1531 2386 ὀργῆς
1540 2351 1700 2384 ἐπιστάντος
1713 2351 1800 2386 δαίμπὰ

1052 2393 1089 2429 μὴ
1104 2394 1273 2429 ὀργισθῆναι,
1287 2395 1415 2422 ἀδύνατον
1427 2397 1455 2423 δὲ
1470 2398 1540 2432 τάχα
1556 2399 1594 2434 μὴ
1612 2398 1779 2434 θερμανθῆνιι-

1088 2440 1242 2474 Γνὼρισόν
1262 2450 1327 2476 μοι,
1345 2443 1448 2477 Κύριε,
1472 2445 1506 2471 τὸ
1525 2445 1620 2480 πέρας
1634 2454 1707 2480 μου,
1721 2453 1743 2470 κ.
1756 2451 1773 2468 τ.
1785 2441 1797 2466 l.

1070 2580 1244 2617 tsquotwy,
1269 2580 1422 2617 ᾀνθρώπων
1444 2592 1473 2610 τε
1500 2593 1551 2611 πον

1049 2589 1244 2642 ἓιεστηκοτων,
1270 2589 1422 2617 ανυρωπων
1444 2592 1473 2610 τε
1500 2593 1532 2611 πε

1056 2614 1341 2652 γυνάμςωνιβρηθεὶας
1356 2616 1459 2652 δέομαι.
1476 2619 1532 2645 Οὐκ

1049 2650 1184 2695 ἔπαιτγῷ(
1195 2650 1388 2695 ῆν-παξᾲγσρῦ,
1403 2650 1491 2695 Κιξριε
1502 2662 1509 2669 ·
1526 2655 1558 2695 ei)
1573 2655 1610 2695 γᾲ

1049 2664 1173 2682 uisuntur,
1197 2664 1211 2685 tt
1235 2664 1310 2685 παρα
1330 2664 1388 2683 σου,
1406 2664 1509 2695 Αυριε·
1526 2664 1558 2681 συ
1573 2664 1628 2717 fg:

1049 2685 1185 2746 ἓῗέῑὲξίας
1204 2693 1254 2719 μου
1271 2687 1422 2721 τυγχάνεις.
1440 2688 1580 2724 Σωτηρίας

1166 2755 1214 2782 Ἐν
1232 2756 1294 2790 τοῖς
1311 2758 1501 2792 πειρασμοῖς,
1515 2764 1568 2786 etc.
1585 2759 1696 2787 Schedae
1708 2757 1784 2785 Grahii.

1086 2790 1141 2825 (57)
1159 2791 1294 2818 Διινατὸν
1305 2790 1373 2827 μέν,
1388 2790 1440 2821 etc.
1456 2790 1548 2821 Codex
1561 2794 1741 2822 Coisliuianus.

1571 2585 1694 2656 ὅίεέενκὲὲ

1645 2656 1689 2682 καὶ
1703 2654 1756 2684 θεὸς
1766 2654 1795 2683 τῆς

1637 2690 1699 2721 Θεὸς
1706 2690 1719 2715 ὁ
1729 2688 1795 2717 ταύτης
