1886 3052
208 94 269 121 1591

908 86 1123 122 ex-omcexe

1765 92 1818 118 (ΞΜ

662 234 952 280 ORIGENIS
973 232 1359 279 EXPLANATIO

540 313 642 351 Super
668 311 824 351 psalmum
849 310 1055 349 trigesimum
1075 313 1242 346 octavum,
1263 310 1317 349 qui
1349 309 1493 340 dicitur:

810 360 1054 389 Dixi:Custodiam
1066 361 1121 388 vias
1139 368 1219 387 nicas.

986 431 1022 440 ..-

408 498 488 534 691
506 496 644 525 IIOMILIA
660 496 777 524 PRIMA.

239 545 315 572 Sicut
337 552 408 572 unus
432 545 512 572 homo
538 544 645 579 prolicit
674 543 821 570 secttudum
847 543 948 578 Deum,
963 549 989 571 et

203 591 323 618 studium
347 590 398 618 sibi
416 590 549 617 adhibens
572 589 668 616 melior
690 589 778 623 seipso
801 589 934 622 edicitur,
953 589 988 616 ita

202 637 284 664 etiam
309 636 407 671 popqu
424 635 549 662 universo
573 635 724 662 accidebat.
739 634 853 669 Propter
873 635 945 669 quod
962 639 989 661 et

214 689 262 715 pso
277 681 454 716 proliciente,
472 681 554 707 etiam
576 679 641 715 legis
662 680 687 706 ei
703 680 784 706 ﬁebat
801 684 987 715 augmentum.

205 729 326 763 Denique
348 729 484 764 quomodo
506 728 532 755 in
557 728 615 762 lege
637 728 766 763 scriptum
781 733 838 761 est,
855 734 989 764 praecepta

203 775 325 809 quaedam
347 774 534 802 sacerdotibus
550 778 612 802 sunt
629 779 656 801 et
676 774 779 802 Levitis
798 775 831 802 de
846 775 990 803 sacrificiis

203 820 363 854 ueterisque
373 820 541 847 solemnibus
556 828 562 845 :
588 827 681 846 verum
701 827 761 847 cum
778 820 922 854 proﬁceret
940 828 988 855 po-

204 865 282 899 pulus
296 872 327 892 eo
345 870 467 899 tempore
482 872 535 899 quo
554 864 641 891 inerat
654 865 677 891 ei
694 865 781 892 virtus
802 866 890 893 adhuc
906 866 990 899 proﬁ-

205 910 305 943 ciendi,
319 917 372 937 non
393 910 467 937 stetit
481 917 525 937 res
538 910 564 936 in
579 910 624 936 illo
639 910 726 944 primo
738 911 848 943 ordine,
866 912 912 938 sed
931 912 991 939 alli—

203 961 272 990 gata:
285 961 348 983 sunt
368 956 419 983 illis
438 956 631 983 eminentiores
653 956 776 990 quaedam
804 957 989 991 legislationes

204 1001 324 1027 secundo
345 1005 372 1027 et
391 1001 479 1028 tertio.
499 1001 530 1027 Et
550 1002 572 1028 si
591 1001 653 1035 quis
677 1002 733 1029 vult
759 1003 830 1031 scire
846 1011 906 1038 quae
927 1008 990 1031 sunt

205 1045 255 1072 ista
269 1053 329 1080 quae
343 1046 376 1072 de
397 1047 583 1074 sacerdotibus
608 1055 640 1075 ac
658 1047 762 1076 Levitis
785 1049 892 1082 adjecta
921 1050 988 1082 sint,

205 1091 273 1125 legat
290 1091 404 1125 primum
422 1091 521 1119 librum
543 1092 768 1128 Paralipomenon
780 1114 788 1126 ,
805 1098 832 1121 et
855 1095 990 1128 patienter

205 1137 448 1172 inspiciatomnem
464 1137 537 1164 illum
559 1139 709 1174 catalogum
728 1139 884 1172 nominum,
904 1146 931 1167 et
947 1139 989 1166 in-

203 1185 294 1211 veniet
308 1184 343 1212 ibi
354 1184 543 1212 admirandum
556 1186 701 1219 qttemdam
715 1186 839 1213 ordinem
855 1190 882 1214 et
894 1186 987 1213 distri-

203 1230 340 1257 bnlimiem
357 1230 474 1257 tribuum
491 1237 540 1265 pro
556 1238 604 1258 suo
626 1239 734 1266 quoqtte
753 1231 861 1259 nomine
880 1236 907 1259 et
929 1232 988 1259 loco

202 1275 367 1308 praecipuum
388 1275 452 1309 quid
472 1276 498 1303 in
514 1276 628 1303 solemni
650 1277 746 1304 ordine
769 1283 829 1304 esse
850 1276 986 1304 sortitam.

200 1320 257 1347 Sed
272 1325 299 1347 et
312 1320 418 1347 Levitas
431 1325 458 1347 et
472 1323 631 1349 sacerdotes
655 1321 774 1349 inveniet
797 1322 914 1349 diversis
930 1321 988 1349 olli-

202 1366 253 1393 ciis
267 1370 347 1400 atque
361 1366 504 1394 ordinibus
523 1366 685 1394 distributos
698 1367 721 1383 "
736 1385 744 1399 ,
765 1371 795 1393 ut
814 1367 858 1394 alii
877 1367 985 1401 quidem

204 1410 259 1437 sint
273 1411 306 1437 ad
319 1410 478 1444 aperiendas
491 1410 590 1445 jannas
603 1411 693 1445 templi
706 1412 856 1446 praepositi,
871 1412 916 1438 alii
928 1412 989 1446 qui-

204 1456 255 1482 bus
281 1455 372 1483 claves
397 1456 544 1483 creduntur
556 1477 564 1490 ,
581 1456 642 1483 aliis
665 1457 860 1485 sacriﬁciorum
876 1461 903 1485 el
920 1457 986 1484 alta-

203 1500 273 1527 rium
286 1507 349 1527 cura
366 1500 553 1527 committitur.
579 1500 611 1528 Et
634 1501 718 1528 multa
735 1506 797 1529 sunt
813 1510 873 1537 qua:
895 1510 927 1530 ex
954 1503 987 1529 il-

203 1546 256 1573 lius
269 1545 328 1573 libri
346 1545 458 1573 historia
475 1552 618 1581 possumus
641 1546 733 1574 dicere
753 1547 786 1574 de
807 1548 986 1576 sacerdotali-

203 1591 254 1619 bus
282 1591 422 1619 institutis.
443 1591 471 1618 Si
500 1592 562 1626 quis
577 1599 644 1627 ergo
667 1591 801 1627 inspicere
817 1598 904 1628 potest
917 1602 986 1629 quo-

203 1638 282 1664 modo
303 1637 448 1672 exemplari
464 1657 470 1669 ,
487 1642 514 1664 et
537 1638 639 1665 umbrae
654 1638 806 1666 caelestium
829 1639 986 1668 deserviunt

202 1682 286 1710 Judmi
304 1683 343 1715 ",
365 1683 492 1710 ascendat
508 1683 541 1710 ab
558 1683 681 1711 inferiori
700 1684 775 1711 verbi
795 1685 932 1720 crepidine
952 1687 985 1713 ad

203 1728 308 1755 summa
325 1727 381 1762 ejus
396 1736 428 1755 ac
443 1729 583 1763 superiora
597 1729 704 1764 fastigia
715 1749 723 1762 ,
742 1734 769 1757 et
787 1730 986 1765 contempletur

201 1781 233 1800 ex
250 1773 280 1801 iis
305 1773 387 1801 futuri
402 1774 548 1802 sacerdotii
568 1779 669 1802 statum
686 1778 712 1802 et
732 1774 893 1802 electionem
912 1776 984 1803 illam

201 1818 356 1851 ccelestem,
372 1825 454 1853 atque
468 1819 533 1846 inibi
552 1820 778 1854 contemplabitur
802 1821 846 1855 qui
863 1825 926 1847 sunt
941 1821 983 1848 isti
998 1834 1019 1863 ε

199 1864 309 1891 ordines
337 1865 537 1897 sacer-letales,
559 1865 600 1892 vel
622 1873 681 1900 qua:
698 1866 752 1892 sint
774 1865 860 1892 ofﬁcia
878 1865 984 1892 Levita-

201 1917 258 1936 rum
274 1917 334 1944 qua:
357 1909 383 1936 in
398 1909 556 1938 coelestibus
581 1911 740 1938 ministeriis
755 1910 920 1938 exhibentur
931 1930 940 1944 ,
957 1915 985 1938 et

200 1956 292 1982 omnia
307 1956 333 1982 in
350 1955 426 1982 ctelis
443 1960 534 1983 mente
547 1956 690 1991 conjicict,
707 1964 766 1990 qua:
781 1956 902 1991 deposita
919 1956 985 1984 vidit

201 2001 226 2026 in
245 2001 335 2027 terris.
350 2000 408 2027 Erit
433 2001 504 2028 enim
528 2005 554 2028 et
577 2001 612 2028 ibi
629 2001 760 2036 populus,
788 2007 814 2028 ct
829 2009 862 2028 ex
885 2000 983 2036 populo

201 2047 246 2073 Dei
275 2046 355 2073 electi
373 2045 522 2079 chitae,et
541 2053 574 2074 ex
594 2047 636 2074 his
659 2055 766 2074 rursum
786 2047 864 2074 electi
877 2052 904 2074 et
925 2047 984 2074 exi-

201 2091 247 2118 ntii
272 2092 441 2125 sacerdotes,
465 2096 492 2118 et
515 2092 686 2119 sacerdotum
711 2091 886 2119 nihilominus
909 2090 984 2118 diffe-

200 2137 295 2164 rentia:
316 2137 536 2171 quamplurimae:
553 2138 622 2164 sicut
646 2137 672 2164 in
690 2137 776 2172 primo
796 2137 866 2165 libro
880 2137 982 2164 Parali-

201 2190 334 2217 pomenon
350 2182 486 2210 indicatur
499 2183 592 2218 viginti
606 2188 722 2217 quatuor
734 2191 795 2211 esse
811 2183 922 2210 ordines
938 2190 984 2210 sa-

201 2229 338 2254 cerdotum
350 2249 358 2262 ,
373 2229 441 2256 alios
469 2228 578 2262 quidem
599 2229 648 2256 sub
664 2228 806 2262 Eleazaro,
824 2228 892 2256 alios
918 2236 983 2256 vero

200 2273 249 2299 sub
272 2273 393 2308 principe
411 2273 542 2307 Ithamar,
559 2281 672 2308 quorutn
690 2279 716 2302 et
739 2274 905 2309 Ephenteria‘.
921 2281 982 2302 esse

199 2318 335 2346 dicuntur.

234 2363 260 2390 2.
276 2363 328 2391 Sed
353 2365 425 2392 dicat
448 2365 545 2400 aliquis
572 2365 694 2393 fortassis
715 2366 886 2393 auditorum:
913 2365 982 2400 Quid

198 2409 255 2436 inec
270 2410 406 2443 pertinent
417 2410 449 2437 ad
465 2411 617 2445 psalmum?
633 2410 794 2438 Plurimum.
810 2410 875 2438 Nam
888 2419 982 2446 snper-

198 2454 314 2488 scriptio
341 2460 383 2482 est
406 2455 485 2490 hujus
506 2455 616 2490 psalmi.
640 2455 674 2482 In
689 2455 767 2489 ﬁnem
791 2464 838 2490 pro
863 2455 981 2483 ldithum

1003 499 1026 527 Α
1040 503 1100 524 esse
1115 503 1146 523 ex
1161 495 1203 523 his
1213 494 1312 530 quibus
1332 494 1494 529 hymnorum
1516 491 1639 519 studium
1658 490 1708 518 Dei
1730 497 1761 518 ac
1774 490 1815 517 sol-

1039 542 1149 570 licitudo
1163 540 1307 568 commissa
1322 544 1373 567 est.
1390 538 1516 573 Oportuit
1534 545 1600 572 ergo
1613 544 1665 564 nos
1688 537 1821 564 invenien-

1040 593 1079 616 tes
1095 589 1146 615 hoc
1159 595 1256 615 nomen
1275 585 1370 621 psalmi
1386 583 1581 619 superscripti,
1598 582 1749 610 ostendere
1767 583 1818 616 quit

1039 633 1120 661 fuerit
1134 633 1185 660 iste
1197 632 1313 659 ldithum
1323 651 1331 663 ,
1347 636 1374 659 et
1385 629 1520 665 quomodo
1532 628 1722 664 postpdmam
1732 627 1820 661 legem.

1039 678 1156 707 secunda
1171 677 1239 704 facta
1253 677 1290 703 sit
1304 677 1337 704 de
1352 675 1587 704 observationibus
1607 672 1822 702 sacerdotalibus

1038 724 1182 752 ordinatio.
1205 723 1281 758 Apud
1305 721 1414 750 GI'lECOS
1434 721 1588 755 quicunque
1620 719 1765 750 carmina,
1785 719 1822 744 vel

1039 778 1120 799 sonos
1151 771 1268 797 musicos
1299 767 1524 800 conscribebant,
1545 767 1646 801 quibus
1674 766 1717 793 eis
1742 766 1822 792 visum

1039 816 1133 844 fuisset
1151 816 1178 842 in
1192 822 1276 850 agone
1299 821 1330 841 ea
1353 813 1472 841 canenda
1486 813 1674 848 praestabant:
1693 817 1722 839 et
1745 811 1824 839 ﬁebat

1039 867 1068 889 ut
1080 862 1148 889 alius
1166 861 1275 896 quidem
1289 865 1468 888 coronaretttr
1482 859 1508 886 in
1529 865 1633 893 agone.
1651 858 1723 885 alius
1735 862 1823 884 autem

1039 908 1136 936 victori
1154 907 1338 935 conscriberet
1360 912 1482 933 carmen.
1498 903 1527 931 In
1547 904 1663 931 Psalmis
1680 911 1746 938 ergo
1768 903 1823 937 (66)

1039 954 1136 980 divina:
1155 953 1301 987 Scriptura:
1315 952 1470 986 quicunque
1483 949 1659 984 superscripti
1675 949 1822 976 secundum

1040 998 1217 1034 Septuaginta
1227 990 1388 1034 interpretes
1398 1017 1405 1030 ,
1419 997 1448 1024 in
1459 997 1548 1031 finem,
1569 995 1639 1030 apud
1656 995 1726 1022 alios
1743 995 1823 1022 uicto-

1039 1045 1129 1076 riales,
1144 1045 1186 1072 vel
1200 1045 1234 1071 ad
1245 1044 1388 1076 victoriam,
1402 1043 1444 1070 vel
1458 1042 1551 1070 victori
1563 1041 1740 1068 attitulantur
1752 1060 1761 1073 ,
1776 1048 1823 1075 pro

1039 1098 1071 1118 eo
1086 1091 1210 1118 videlicet
1231 1090 1303 1125 quod
1315 1090 1387 1117 velut
1408 1089 1528 1116 victoriae
1549 1088 1607 1115 laus
1632 1088 1659 1114 in
1675 1087 1745 1123 ipsis
1760 1086 1822 1114 inle-

1041 1140 1127 1162 ratur.
1156 1134 1231 1163 Fecit
1257 1142 1322 1170 ergo
1346 1134 1429 1162 David
1448 1134 1541 1161 divino
1568 1133 1671 1168 Spiritu
1703 1131 1819 1167 repletus

1039 1181 1170 1216 psalmum
1186 1181 1276 1215 hunc,
1291 1185 1319 1208 et
1333 1181 1406 1208 dedit
1426 1180 1543 1208 ldithum
1556 1200 1563 1212 ,
1581 1180 1623 1207 cui
1640 1178 1761 1206 ofﬁcium
1778 1186 1822 1206 cs-

1040 1226 1121 1253 nendi
1150 1226 1204 1253 Deo
1233 1225 1351 1261 hymnos
1379 1224 1468 1252 fuerat
1498 1225 1664 1259 injunctum,
1695 1228 1822 1258 tanquam

1038 1273 1146 1307 pollenti
1166 1273 1192 1300 in
1206 1273 1359 1308 hujusmodi
1376 1272 1533 1307 disciplina.
1561 1271 1594 1298 Et
1615 1271 1678 1299 ideo
1692 1279 1761 1306 ergo
1775 1279 1821 1298 su-

1038 1319 1229 1353 perscribitur:
1250 1318 1282 1345 In
1298 1318 1377 1352 ﬁnem
1393 1326 1440 1352 pro
1458 1317 1577 1344 ldithum
1595 1317 1715 1351 psalmus
1730 1317 1821 1343 Dauid.

1073 1365 1099 1392 3.
1117 1365 1170 1393 Sed
1189 1372 1260 1392 nunc
1277 1365 1332 1399 jam
1364 1364 1505 1391 videamus
1529 1363 1595 1398 quid
1622 1370 1676 1391 vos
1704 1363 1822 1398 proferat

1036 1411 1122 1446 justi,
1141 1415 1168 1439 et
1181 1411 1302 1438 videntes
1320 1415 1449 1444 tanquam
1466 1410 1493 1437 in
1516 1409 1625 1444 speculo
1643 1409 1822 1443 nosmetipsos

1040 1456 1196 1483 intueamur
1220 1455 1241 1483 si
1260 1456 1394 1490 possimus
1418 1455 1485 1482 tales
1503 1461 1580 1488 esse,
1600 1459 1647 1482 aut
1670 1455 1694 1482 si
1710 1454 1821 1481 multum

1037 1502 1115 1529 nobis
1132 1502 1224 1534 deest,
1248 1506 1294 1528 aut
1318 1505 1391 1529 certe
1412 1500 1468 1535 jam
1495 1501 1609 1535 proximi
1633 1500 1823 1533 sumus,licet

1037 1547 1153 1574 nondum
1166 1547 1245 1581 plene
1256 1547 1373 1574 assecuti
1389 1553 1492 1573 sumus.
1507 1546 1640 1579 Queniam
1656 1546 1742 1580 igitur
1756 1545 1823 1572 mul-

1038 1597 1126 1620 torutn
1137 1593 1194 1628 (67)
1205 1597 1376 1628 peccatorum
1389 1592 1496 1619 initium
1513 1593 1645 1618 humanus
1659 1597 1702 1618 est
1720 1598 1821 1623 sermo,

1036 1642 1063 1666 et
1086 1646 1117 1666 os
1144 1643 1266 1665 nostrum
1292 1637 1382 1664 multis
1409 1636 1490 1664 malis
1513 1637 1648 1664 ministrat
1662 1656 1670 1668 ,
1694 1642 1723 1664 et
1746 1637 1823 1664 valde

1036 1684 1144 1711 difﬁcile
1154 1689 1196 1712 est
1209 1683 1324 1711 inveniri
1341 1683 1481 1710 hominem
1493 1703 1501 1714 ,
1513 1683 1559 1717 qui
1574 1690 1626 1709 una
1642 1682 1741 1710 saltem
1758 1684 1823 1710 hora

1035 1737 1066 1757 os
1082 1737 1160 1757 suum
1173 1734 1200 1756 et
1215 1730 1331 1764 linguam
1346 1735 1421 1756 suam
1436 1730 1564 1757 observet
1581 1736 1596 1756 a
1612 1733 1726 1763 peccato
1738 1747 1747 1761 ,
1767 1729 1823 1755 ait:

1036 1775 1271 1803 Dixi:Custodiam
1288 1777 1344 1803 vius
1358 1784 1445 1808 mens,
1460 1781 1489 1803 ut
1505 1784 1557 1803 non
1571 1784 1674 1810 peccem
1689 1777 1717 1803 in
1733 1777 1826 1811 lingua

1036 1829 1104 1848 mea.
1125 1821 1191 1848 Mihi
1214 1821 1264 1856 ipsi
1284 1822 1357 1854 dixi,
1372 1825 1400 1848 et
1419 1822 1490 1849 intra
1519 1829 1562 1849 me
1580 1822 1689 1849 loeutus
1705 1830 1787 1855 sum,
1800 1827 1827 1849 ct

1036 1868 1094 1894 haec
1118 1867 1228 1894 addidi:
1255 1866 1300 1895 Sic
1318 1867 1380 1895 volo
1401 1874 1514 1895 servare
1535 1867 1594 1895 vias
1611 1874 1704 1899 meas.
1724 1873 1755 1894 ut
1772 1875 1825 1895 non

1035 1918 1144 1946 peccem
1155 1931 1164 1945 ,
1181 1912 1232 1940 hoc
1260 1913 1340 1940 modo
1368 1920 1478 1940 servare
1502 1920 1610 1947 possum
1627 1912 1651 1939 si
1668 1914 1825 1941 custodiam

1035 1956 1153 1990 linguam
1166 1964 1264 1984 meam.
1282 1955 1324 1983 Ea:
1333 1958 1416 1984 verbis
1431 1957 1512 1990 enim,
1526 1957 1663 1992 inquit”,
1681 1958 1737 1984 tuis
1745 1957 1826 1992 inti-

1034 2002 1154 2034 ﬁraberis
1166 2022 1173 2035 ,
1194 2006 1218 2028 et
1237 2009 1269 2029 etr-
1284 2002 1366 2029 verbis
1390 2002 1444 2029 tuis
1467 2002 1696 2029 condemnaberis.
1713 2003 1748 2030 Et
1772 2003 1823 2029 ite-

1034 2054 1093 2074 rum
1108 2048 1146 2071 ":
1168 2047 1250 2074 Amen
1264 2048 1323 2074 dico
1341 2047 1422 2080 vobis,
1437 2048 1469 2074 de
1481 2048 1551 2075 omni
1565 2048 1650 2075 otioso
1665 2050 1748 2075 uerbo
1768 2049 1826 2075 red-

1034 2092 1101 2119 detis
1127 2093 1256 2120 rationem
1279 2093 1306 2120 in
1329 2093 1372 2120 die
1390 2093 1499 2127 judicii.
1520 2093 1577 2120 Non
1597 2094 1706 2126 solum,
1723 2094 1825 2129 inquit.

1033 2136 1067 2164 de
1090 2144 1123 2164 eo
1145 2137 1216 2171 quod
1238 2137 1308 2165 tnale
1327 2137 1408 2165 locuti
1435 2137 1559 2170 fueritis,
1575 2137 1623 2165 sed
1639 2137 1716 2172 quod
1735 2139 1825 2165 otiose

1033 2181 1116 2208 locuti
1137 2181 1263 2216 fueritis,
1283 2182 1345 2216 quia
1362 2181 1448 2210 malus
1460 2189 1550 2210 sermo
1564 2189 1617 2209 non
1641 2187 1685 2209 est
1705 2183 1824 2214 otiosus,

1033 2231 1161 2261 operatur
1182 2227 1254 2254 enim
1275 2234 1343 2262 opus
1359 2227 1470 2254 malum.
1492 2227 1601 2255 Otiosus
1623 2232 1718 2255 autem
1733 2234 1826 2255 sermo

1033 2276 1076 2299 est
1098 2272 1144 2307 qui
1168 2280 1255 2308 neque
1282 2274 1344 2301 boni
1372 2281 1460 2309 neque
1481 2273 1546 2301 mali
1570 2273 1675 2308 aliquid
1698 2274 1769 2309 agit.
1798 2273 1823 2301 Si

1033 2325 1098 2353 ergo
1111 2320 1137 2345 in
1153 2318 1196 2346 die
1211 2318 1306 2353 judicii
1324 2320 1458 2347 rationem
1477 2319 1641 2352 reddemus,
1659 2327 1716 2346 non
1735 2319 1823 2346 solum

1033 2371 1082 2398 pro
1099 2364 1178 2391 malis
1193 2364 1283 2393 verbis
1294 2386 1302 2399 ,
1318 2365 1365 2393 sed
1380 2366 1461 2393 etiam
1483 2373 1532 2400 pro
1553 2365 1669 2397 otiosis,
1687 2366 1754 2401 quis
1769 2365 1825 2400 glo-

1034 2409 1146 2436 riabitur
1166 2415 1271 2437 castum
1298 2417 1328 2437 se
1345 2410 1446 2438 habere
1463 2411 1532 2437 cor?
1548 2411 1601 2437 Aut
1621 2410 1686 2444 quis
1709 2410 1824 2438 caulidit

1033 2455 1268 2484 dicensﬂiundus
1291 2464 1348 2484 Sum
1366 2464 1380 2483 a
1404 2456 1536 2491 peccato?
1559 2456 1764 2484 Verumtamen
1789 2457 1824 2483 ait

198 2501 314 2531 psalmus
338 2499 431 2527 David.
462 2500 538 2527 l'lune
565 2499 681 2527 ldithum
712 2500 863 2528 invenimus
897 2508 978 2528 unum
996 2497 1018 2525 Ι)
1029 2501 1140 2535 justus:
1158 2501 1221 2529 Dixi
1233 2502 1401 2530 :Custodiam
1413 2503 1467 2530 via:
1479 2511 1550 2529 meus
1570 2508 1597 2529 ut
1611 2511 1665 2529 non
1678 2510 1785 2537 pecces-
1800 2502 1823 2527 il

233 2567 256 2582 ¹⁶
275 2565 382 2593 lParal.
402 2574 443 2598 ix,
461 2566 512 2599 ΞΑ,
526 2565 571 2597 25,
585 2566 630 2592 26.
667 2566 689 2581 ¹⁷
707 2565 772 2592 Heli.
790 2573 840 2598 vn,
856 2566 882 2593 5.
919 2567 942 2583 "
955 2567 978 2593 M

1068 2576 1118 2602 xu,
1134 2569 1179 2596 5⁵1.
1217 2570 1239 2585 ¹⁹
1255 2569 1320 2596 ibid.
1340 2569 1384 2598 56.

233 2623 288 2659 (66)
306 2624 337 2651 In
351 2622 465 2651 Psalmis
478 2628 606 2659 ergo,el(-.
626 2623 728 2651 Catena
743 2623 855 2651 Barbari
872 2632 878 2650 :
895 2623 977 2658 Illud,

198 2659 224 2684 in
239 2660 337 2690 linem,
352 2659 495 2685 secundum
521 2659 587 2685 alios
609 2659 762 2691 interpretes
788 2666 836 2694 pro
855 2660 978 2693 victoria,

199 2694 224 2719 in
241 2694 385 2725 victorem,
398 2699 424 2719 et
441 2694 560 2720 victoria:
571 2694 676 2720 auctori
692 2693 853 2720 inscribitur.

234 2727 288 2762 (67)
308 2728 437 2760 Quoniam
459 2729 539 2762 igitur
559 2729 697 2754 nmllorttm
720 2734 772 2756 etc.
797 2729 896 2755 Catena
914 2728 978 2756 Cor-

200 2762 265 2799 dcrti
278 2774 282 2787 ς
294 2762 369 2799 Ἑπεὶ
386 2763 478 2799 σχεδρν
496 2762 590 2799 πάσης
605 2763 738 2798 ἁμαρτίας
755 2763 827 2799 ἀρχὴ
840 2764 886 2799 ῥιὰ
899 2764 978 2797 λόγου

199 2786 321 2830 xtl/seat:
333 2786 356 2822 δή
365 2786 486 2831 seu...
500 2786 677 2833 saepte;
687 2786 738 2830 EE;
751 2786 976 2833 ἆὲιλξᾶῖῖλὸῖὠῦ

1033 2627 1110 2659 ὀδοὺς
1128 2627 1211 2663 αὑτοῦ
1223 2647 1230 2658 ,
1247 2627 1391 2654 ἀκόλουθον
1402 2627 1457 2660 ἕξει
1472 2628 1502 2654 τὸ
1513 2628 1684 2663 καθαρεῦσαι
1697 2629 1755 2655 ἀπὸ
1771 2628 1823 2654 τῶν

1033 2663 1091 2698 καις*
1103 2662 1247 2698 νὲνέργειαν
1263 2663 1480 2698 ἁμαρτημάτων.
1502 2662 1566 2690 Cum
1582 2662 1638 2697 fere
1655 2664 1743 2690 omnis
1761 2671 1821 2696 plt-

1031 2697 1085 2723 catt'
1099 2697 1205 2724 initium
1220 2697 1267 2731 ﬁat
1281 2706 1297 2723 ιι
1311 2705 1445 2729 sermone,
1467 2698 1489 2724 is
1507 2698 1553 2732 qui
1567 2699 1664 2724 statuit
1684 2699 1821 2725 custodire

1031 2732 1084 2758 vias
1100 2739 1161 2757 suas
1185 2732 1211 2758 in
1229 2732 1391 2758 sermonibus
1406 2752 1412 2763 ,
1429 2739 1618 2766 consequenter
1628 2734 1710 2759 etim
1729 2742 1747 2759 α
1761 2741 1819 2766 ρπ-

1029 2767 1094 2793 catis
1108 2774 1166 2801 qua:
1182 2774 1259 2799 opere
1272 2767 1472 2793 ronuniunnlur
1484 2787 1491 2800 ,
1508 2768 1624 2794 mundus
1639 2769 1700 2794 erit.
