1869 3052
72 144 132 170 1593

407 141 561 169 SELECTA
581 141 613 168 IN
632 140 842 168 I'SAI..\lOS.—
862 139 977 168 llOillL.
997 140 1006 166 l
1023 141 1057 167 ΙΝ
1073 140 1169 168 PSAL.
1185 141 1318 169 XXXVIII

1620 143 1686 170 13TH

68 204 153 238 lingua
178 211 247 229 mea.
267 201 349 229 Posui
371 203 411 229 ori
433 210 489 229 meo
514 203 672 229 custodiam.
698 201 768 229 Alibi
789 202 848 236 qui—
864 203 885 230 A
901 200 999 228 fectum
1016 209 1077 229 esse
1095 202 1166 237 quod
1183 202 1265 229 dicit:
1281 202 1348 229 Dum
1365 203 1481 229 constitit
1500 209 1621 237 peccator
1638 205 1686 230 ait-

67 249 123 275 dem
134 248 639 282 scriptumest":Omnicustadiaserva
647 256 691 274 cor
705 252 789 279 tuum,
806 248 848 274 hic

67 299 154 321 autem
177 304 184 322 :
204 294 285 321 Posut'
312 294 352 322 ori
381 301 437 319 meo
456 293 612 320 custodiant.
629 292 661 320 Et
677 293 773 320 iterum
786 292 848 320 alibi

67 341 194 374 scriptum
204 344 245 366 est
255 338 292 365 "z
307 338 380 371 Vide.
389 339 536 366 circunuluc
542 348 626 373 sepem
635 340 768 370 spinarum
778 339 848 365 circa

66 386 249 418 possessionem
270 391 351 411 luam.
378 385 408 412 Et
430 384 526 412 iterum
550 385 590 411 ":
611 384 752 411 Pecuniam
776 390 848 411 tuam

65 431 180 466 21692
192 438 286 457 aurum
302 434 376 456 tuum
392 429 489 464 alliga,
503 434 528 456 et
544 429 585 456 ori
600 435 645 456 luo
661 430 741 464 facito
753 430 848 456 ostium

64 483 85 505 et
95 485 180 504 seram
191 497 199 510 ,
215 481 239 503 et
254 476 336 503 uerbis
351 477 403 502 tuis
410 474 505 510 jugum
516 480 539 502 et
553 481 689 503 stateram.
707 476 762 510 Ego
777 477 849 504 arbi-

66 529 120 550 Iror
140 523 212 558 quod
238 522 394 549 observatio
425 522 522 549 horum
543 524 732 550 mandatorum
755 524 848 551 obser-

64 575 171 597 vantem
185 574 213 597 et
226 573 396 597 mansuetum
413 568 495 596 faciat
513 573 540 595 et
554 568 660 596 beatum
670 588 679 602 ,
694 577 746 596 non
761 570 847 597 solum

65 623 152 642 rerum
167 615 274 648 exitus,
292 623 387 643 verum
401 617 485 644 etiam
501 616 558 651 ipsa
579 615 763 643 observantia.
780 617 847 643 Dum

61 660 133 687 enim
149 667 257 695 semper
268 661 395 689 observat
408 669 440 690 os
452 669 547 695 suum,
569 667 597 689 et
618 661 736 696 linguam
756 667 849 689 custo-

62 706 111 738 dit,
134 712 168 733 ne
191 706 266 740 prius
289 713 443 734 sermonem
463 707 583 742 proferat
605 715 686 742 quam
708 707 847 740 discutiat,

61 757 88 778 et
103 756 252 786 pertractet
269 751 340 786 apud
357 753 533 787 semetipsum
557 753 579 780 si
594 757 717 787 oporteat
737 753 806 787 dici,
825 754 847 782 si

64 805 155 825 sermo
170 797 232 825 talis
243 802 284 825 est
298 798 345 833 qui
361 798 459 825 debeat
475 798 607 833 proferri,
621 799 643 826 si
659 806 774 834 persona
787 799 849 827 talis

61 849 103 870 est
114 851 176 878 qua:
197 848 244 870 aut
262 843 379 877 debeat,
398 849 443 871 aut
459 844 545 879 possit
565 845 676 879 audire,
698 846 720 873 si
742 850 847 880 tempus

60 894 245 924 opportunum
264 894 305 916 est
316 888 473 923 proferendi
488 890 622 917 sermonis
635 899 641 917 :
665 891 729 917 dum
743 891 846 926 singula

59 934 109 961 ista
121 933 282 969 perpendit,
295 933 449 960 excluditur
460 935 550 961 omnis
563 935 699 963 iracundia
712 941 738 964 et
757 936 848 968 timor,

57 984 85 1005 ct
101 979 245 1006 inconsulti
261 979 360 1007 furoris
383 979 499 1014 impetus
521 981 660 1016 mitigatur
671 1002 678 1014 ,
694 987 775 1017 atque
791 990 848 1010 om-

59 1032 120 1051 nem
134 1025 243 1059 penitus
258 1024 479 1052 deliberationem
502 1024 564 1052 talis
586 1026 737 1058 abscindit;
759 1032 786 1054 et
812 1028 847 1054 ita

57 1070 168 1097 demum
193 1071 266 1098 velut
281 1078 313 1097 ex
330 1071 526 1105 tranquillitate
540 1072 657 1107 quadam
682 1078 708 1100 et
729 1073 845 1100 convicti

57 1117 143 1144 animi
168 1124 214 1150 per
235 1117 469 1145 mansuetudinem
490 1125 580 1144 sermo
600 1119 766 1152 procedens,
786 1127 848 1154 pro-

57 1161 211 1189 ferentibus
238 1162 354 1198 gratiam
378 1167 488 1198 praestat
510 1166 537 1190 et
566 1163 738 1192 audientibus
764 1165 848 1192 medi-

55 1213 162 1235 ειιιιιιι.

89 1253 118 1280 4.
138 1253 239 1280 Verum
259 1253 385 1287 quoniam
405 1253 431 1280 in
449 1253 494 1281 illo
508 1254 627 1282 maxime
646 1259 768 1290 tempore
785 1264 847 1291 pec-

55 1306 168 1330 camus,
185 1298 293 1333 quando
315 1303 443 1332 peccator
466 1300 594 1327 consistit
620 1300 762 1328 adversum
786 1310 845 1335 nos,

54 1344 192 1378 instigaus
207 1348 234 1371 et
249 1351 399 1379 provocans
415 1349 444 1371 ut
457 1344 558 1379 aliquid
572 1345 625 1373 tale
640 1347 796 1374 emittamus
812 1355 844 1375 ex

53 1397 116 1422 ore,
139 1390 167 1416 in
195 1397 249 1424 quo
269 1389 307 1417 rei
327 1394 469 1417 teneamur
495 1391 520 1416 in
541 1390 633 1417 futuro
654 1391 774 1426 judicio,
795 1392 845 1420 hoc

53 1435 218 1462 describens
240 1438 352 1462 sanctus
369 1434 504 1470 Propheta
527 1435 611 1463 dicit:
638 1436 706 1463 Dum
727 1439 844 1464 constitit

51 1485 179 1514 peccator
199 1481 337 1508 adversum
351 1489 408 1514 me,
431 1481 549 1508 obmutui
563 1486 587 1508 et
606 1483 772 1510 humilitatus
787 1492 844 1510 sum

50 1533 75 1553 et
90 1527 156 1554 silui
179 1535 196 1553 a
210 1527 294 1554 bonis.
315 1527 344 1554 Si
368 1527 477 1562 quando
495 1533 624 1563 peccator
647 1529 734 1556 astitit
752 1530 845 1556 adver-
858 1541 880 1571 ρ

50 1580 111 1600 sum
126 1580 170 1600 me
183 1577 211 1600 et
233 1573 393 1607 loquebatur
413 1573 446 1600 de
465 1580 509 1600 me
526 1574 612 1606 male,
630 1580 657 1602 et
672 1576 843 1603 obtrectabat

49 1622 133 1652 atque
150 1617 278 1644 irritabat
296 1624 341 1644 me
356 1622 384 1644 ut
397 1617 496 1644 similia
514 1618 537 1645 ei
555 1619 695 1646 redderem
708 1640 715 1651 ,
726 1625 753 1647 et
768 1621 842 1654 paria

49 1664 83 1691 de
96 1670 160 1690 meo
172 1670 223 1690 ore
236 1662 384 1697 proferrem
395 1683 402 1695 ,
417 1670 466 1698 ego
478 1663 504 1690 in
514 1663 560 1691 illo
571 1669 693 1699 tempore
705 1665 840 1693 silentium

48 1709 208 1737 meditabar
219 1728 225 1740 ,
241 1713 269 1736 ut
282 1708 347 1735 nihil
359 1709 464 1743 penitus
480 1711 682 1745 responderem.
697 1711 841 1746 Propterea

46 1762 114 1790 ergo
138 1755 226 1782 dicit:
249 1755 316 1781 lium
341 1756 458 1782 constitit
477 1761 599 1790 peccator
625 1757 764 1784 adversum
790 1766 840 1790 me,

47 1800 171 1827 obmutui
194 1804 218 1827 et
241 1800 406 1827 humilitatus
431 1809 491 1827 sum
515 1807 539 1829 et
563 1802 626 1828 silui
646 1810 662 1828 α
685 1802 768 1829 bonis.
789 1802 842 1830 Nos

46 1854 113 1874 vero
131 1846 283 1880 aliquando
307 1846 329 1873 si
348 1846 473 1874 nolumus
493 1846 648 1879 humiliari,
665 1847 716 1874 alia
734 1848 838 1882 cogita-

45 1900 108 1919 mus
124 1897 153 1919 et
173 1891 290 1919 dicimus
307 1892 376 1926 apud
401 1893 596 1927 nosmetipsos:
614 1892 683 1926 Quid
708 1893 759 1920 hoc
781 1894 841 1921 est?

45 1938 100 1965 Iste
119 1945 166 1965 me
186 1937 351 1972 contemptui
374 1938 469 1965 habuit
489 1943 517 1966 et
535 1946 617 1965 ausus
631 1944 672 1965 est
687 1939 749 1965 talia
767 1939 792 1966 in
810 1947 841 1967 os

45 1983 198 2017 ingerere,
217 1987 244 2010 et
263 1982 299 2009 ita
316 1983 459 2011 adversum
479 1991 522 2010 me
545 1991 653 2010 morere
676 1991 840 2016 sermonem,

43 2036 139 2055 nonne
157 2033 188 2056 et
198 2036 248 2063 ego
264 2028 326 2056 huic
339 2029 437 2056 similia
449 2050 456 2062 ,
469 2034 515 2056 aut
529 2030 610 2056 etiam
626 2031 752 2064 graviora
773 2030 842 2058 infe-

44 2082 103 2101 ram
116 2094 124 2107 ,
138 2079 172 2102 ut
187 2080 215 2102 et
229 2075 285 2109 ipse
296 2075 388 2102 audiat
400 2075 491 2110 pejora
503 2083 582 2110 quam
592 2076 676 2103 dixit?
689 2076 741 2104 Sed
753 2077 841 2111 justus

43 2128 98 2147 non
114 2120 155 2147 ita
174 2121 246 2154 agit,
261 2120 325 2154 quin
341 2120 433 2154 potius
447 2120 572 2147 humiliat
588 2128 617 2147 se
628 2140 636 2152 ,
652 2121 759 2148 etiamsi
781 2129 841 2148 ser-

43 2174 94 2192 vus
111 2166 150 2193 sit
171 2165 217 2192 ille
232 2165 278 2199 qui
301 2165 438 2192 obtrectat
465 2169 492 2193 et
519 2166 640 2193 convicia
659 2166 775 2200 ingerit,
795 2171 841 2194 aut

900 255 999 273 versant
1016 255 1073 280 me,
1090 248 1208 274 obmutui
1223 255 1247 274 et
1262 247 1418 274 humiliatus
1431 257 1487 275 smn
1503 254 1525 274 et
1536 249 1599 275 silui
1616 258 1629 275 (ι
1642 251 1687 275 bo-

900 293 962 319 uis?
975 297 1020 319 aut
1036 293 1172 326 profectus
1190 294 1298 327 quidem
1312 298 1369 328 est,
1387 294 1505 320 nomium
1522 299 1611 321 tamen
1630 302 1687 329 pcr-

901 337 991 365 fcctio.
1005 337 1067 364 Tria
1085 346 1201 371 namque
1215 338 1241 365 in
1260 339 1311 365 hoc
1328 338 1388 366 loco
1403 339 1435 366 de
1456 338 1606 374 Scripturis
1623 345 1687 374 puto

900 389 979 416 posse
990 383 1138 418 assignari,
1155 384 1181 410 in
1198 391 1252 418 quo
1268 384 1333 411 dicit
1349 388 1422 411 stare
1444 388 1615 418 peccatorem
1640 385 1687 410 ad-

900 435 1007 455 versum
1022 435 1067 460 se,
1085 434 1112 456 et
1127 429 1199 464 loqui
1220 430 1246 456 in
1269 430 1379 457 auribus
1391 430 1447 457 suis
1463 437 1492 456 ea
1506 431 1605 465 quibus
1624 431 1686 457 irri-

901 475 950 501 tari
969 481 996 502 et
1016 476 1176 503 exacerbari
1201 476 1287 511 possit
1311 478 1343 503 ad
1371 477 1587 503 retribuendum.
1611 476 1644 503 Et
1664 476 1687 502 si

899 521 1008 555 quidem
1025 529 1075 557 ego
1103 529 1202 556 parvus
1224 530 1300 553 sum,
1318 522 1433 554 similia,
1457 526 1483 549 et
1508 522 1616 548 oculum
1637 529 1685 556 pro

898 567 977 594 oculo
993 569 1121 602 requiro,
1137 568 1246 595 dentem
1263 575 1311 602 pro
1324 568 1404 595 dente
1416 588 1423 599 ,
1439 573 1466 595 et
1480 568 1621 595 maledicta
1638 576 1685 602 pro

900 613 1050 640 maledictis
1065 621 1176 648 repono.
1193 614 1221 640 Si
1235 621 1298 641 vero
1310 614 1366 649 jam
1383 614 1550 648 aliquantum
1568 613 1684 648 profeci,

900 659 1017 685 nondum
1031 663 1119 686 tamen
1134 659 1268 694 perfectus
1283 667 1358 693 sum,
1373 664 1400 687 et
1413 664 1488 687 taceo
1502 664 1529 686 ct
1551 660 1608 687 fero
1624 667 1687 686 con-

898 704 967 731 vicia
978 705 1125 739 patienter,
1150 713 1200 732 nec
1221 705 1369 740 quidquam
1391 706 1503 732 omnino
1524 705 1685 739 respondeo.

900 750 928 778 Si
946 759 1010 778 vero
1032 752 1082 778 sim
1101 751 1255 786 perfectus,
1280 760 1332 779 non
1348 757 1439 784 taceo,
1458 753 1506 779 sed
1524 759 1584 779 cum
1603 751 1687 778 male-

899 796 990 829 dicor,
1005 795 1136 823 benedice
1149 816 1156 830 ,
1171 796 1245 824 sicut
1260 802 1286 823 et
1302 795 1404 823 Paulus
1421 796 1528 823 dicebat
1543 796 1582 824 aa:
1603 795 1687 822 Male-

899 841 1013 868 dicimur
1036 845 1059 867 et
1084 841 1279 874 benedicimus,
1299 842 1503 876 persecutionem
1530 842 1646 876 patimur
1663 847 1686 868 et

901 887 1078 919 sustinemus,
1103 886 1273 919 blasphemati
1297 887 1480 920 deprecamur.
1502 887 1535 914 Et
1557 888 1685 921 quoniam

901 933 946 966 qui
957 932 1013 959 hmc
1028 936 1122 966 agunt,
1134 931 1158 958 id
1173 936 1224 964 est,
1234 932 1278 966 qui
1292 940 1341 966 pro
1350 932 1587 960 maledictionibus
1604 933 1685 960 benc—

900 976 1032 1004 dietiones
1042 978 1156 1004 reddunt
1169 997 1177 1010 ,
1189 978 1234 1012 qui
1248 985 1296 1012 pro
1308 978 1482 1011 blasphemiis
1495 979 1685 1012 deprecantur,

900 1022 1024 1050 videntur
1048 1022 1203 1050 hominibus
1221 1023 1304 1049 Velut
1323 1024 1442 1057 pecudes
1456 1028 1484 1050 et
1496 1029 1685 1059 purgamenta.

901 1072 1027 1102 tanquam
1044 1069 1090 1101 qui
1102 1076 1211 1096 sensum
1227 1069 1332 1103 injuria:
1349 1077 1401 1096 non
1413 1069 1511 1096 habent
1523 1089 1530 1101 ,
1542 1074 1685 1104 propterea

898 1121 962 1148 ergo
979 1113 1082 1141 addidit
1098 1113 1192 1141 dicens
1207 1113 1246 1140 ":
1261 1113 1398 1148 Tanquam
1413 1120 1585 1149 purgamenta
1606 1115 1685 1148 huius

898 1160 990 1186 mundi
1005 1160 1071 1194 facti
1088 1168 1179 1186 sumus
1196 1160 1313 1186 omnium
1328 1160 1483 1194 peripsema.
1508 1160 1560 1187 Sed
1574 1169 1623 1187 nos
1638 1169 1687 1187 no-

898 1205 986 1232 lumus
998 1213 1060 1232 cum
1073 1206 1205 1241 apostolis
1219 1209 1398 1240 purgamenta
1412 1204 1493 1238 hujus
1505 1206 1596 1233 mundi
1615 1206 1685 1239 fieri,

897 1252 944 1278 sed
958 1251 1081 1278 volumus
1100 1259 1151 1278 non
1167 1251 1303 1278 contemni
1322 1251 1355 1278 ab
1373 1251 1545 1284 hominibus,
1563 1253 1618 1279 imo
1635 1260 1684 1287 po-

898 1298 950 1325 tius
961 1302 988 1325 et
1001 1297 1099 1329 timeri.
1110 1302 1136 1324 et
1149 1297 1214 1325 satis
1224 1297 1328 1331 agimus
1341 1296 1452 1324 reddere
1464 1297 1505 1324 liis
1516 1298 1560 1331 qni
1575 1298 1683 1330 lmdunt,

896 1349 923 1371 et
938 1344 1090 1378 praevenire
1106 1343 1252 1370 vindictam
1274 1350 1355 1377 quam
1375 1343 1426 1370 sibi
1449 1343 1578 1370 Dominus
1596 1351 1685 1371 reser—

897 1390 968 1416 vavit
985 1389 1106 1416 dicens"
1120 1397 1127 1417 :
1148 1388 1213 1415 Milli
1239 1389 1352 1415 vindicta
1363 1408 1371 1421 ,
1389 1397 1436 1423 ego
1451 1389 1606 1421 retribuam,
1621 1390 1684 1416 dicit

897 1435 1034 1461 Dominus.
1051 1435 1152 1461 Verum
1170 1434 1192 1461 si
1211 1442 1263 1460 non
1281 1441 1425 1468 possumus
1446 1435 1472 1462 in
1494 1439 1599 1462 tantum
1622 1443 1684 1469 pro-

896 1481 975 1507 licere
987 1499 994 1512 ,
1016 1485 1044 1507 et
1059 1480 1093 1507 ad
1109 1480 1182 1506 istud
1205 1479 1313 1507 culmen
1335 1480 1457 1507 veritatis
1473 1480 1640 1512 ascendere,
1656 1485 1684 1506 nl

896 1525 1020 1552 dicamus
1037 1533 1097 1552 cmn
1119 1525 1219 1552 Paulo:
1243 1525 1430 1552 Maledicimur
1452 1530 1475 1552 et
1497 1526 1683 1557 benedicimus,

896 1570 1098 1603 persecutionem
1126 1571 1243 1604 patimur
1264 1576 1287 1597 et
1308 1572 1483 1603 sustinemus,
1508 1571 1681 1606 blaspltemati

896 1616 1077 1649 deprecantur,
1090 1616 1132 1643 vel
1145 1616 1195 1643 hoc
1215 1617 1287 1651 quod
1303 1617 1392 1644 adhuc
1406 1625 1454 1652 per
1462 1615 1624 1652 Prophetam
1635 1617 1683 1643 do-

896 1669 1006 1693 cemur,
1024 1662 1162 1689 dicamus:
1183 1661 1251 1688 Dum
1270 1663 1387 1690 constitit
1407 1667 1529 1696 peccator
1544 1663 1686 1689 aduersum.

896 1715 945 1739 me,
959 1708 1076 1734 obntutui
1088 1714 1112 1735 et
1127 1708 1282 1735 humiliatus
1295 1716 1352 1734 sum
1366 1728 1373 1740 ,
1390 1713 1414 1735 et
1429 1709 1492 1735 silui
1504 1717 1519 1735 α
1533 1709 1615 1735 bonis.

931 1752 957 1778 5.
975 1752 1006 1779 Et
1019 1752 1084 1786 quid
1094 1753 1198 1779 addidit
1217 1752 1280 1779 bis?
1296 1751 1328 1778 Et
1345 1752 1432 1784 dolor,
1445 1753 1544 1788 inquit,
1558 1761 1630 1779 meus
1647 1761 1684 1779 re:

897 1804 1006 1826 novatus
1017 1804 1065 1826 est.
1086 1799 1116 1826 Ili
1130 1799 1174 1833 qui
1190 1799 1215 1824 in
1228 1799 1324 1832 agonis
1335 1798 1485 1826 certamine
1497 1799 1598 1825 mutuis
1612 1799 1682 1825 inter

897 1853 926 1872 sc
940 1844 1098 1872 verberibus
1112 1849 1212 1878 agunt,
1227 1845 1253 1871 in
1276 1844 1318 1871 his
1343 1850 1451 1878 semper
1468 1850 1620 1878 prmparare
1634 1851 1681 1870 co-

896 1895 1012 1924 nantur,
1033 1894 1062 1917 ut
1083 1890 1157 1917 illata
1170 1889 1221 1917 sibi
1235 1890 1270 1917 ab
1287 1888 1453 1916 adversariis
1470 1889 1586 1915 verbera
1602 1888 1681 1914 forti-

896 1943 937 1964 ter
951 1936 1054 1970 ferant,
1074 1944 1123 1964 nec
1137 1943 1248 1967 sensum
1266 1935 1367 1963 doloris
1381 1934 1533 1968 accipiant,
1546 1939 1574 1961 et
1592 1939 1632 1962 est
1643 1935 1683 1962 eis

896 1989 1000 2010 summa
1015 1983 1118 2009 virtus:
1135 1982 1300 2009 lacertorum
1316 1981 1385 2008 ictus
1397 1980 1437 2008 vel
1450 1980 1563 2008 caleium
1578 1980 1681 2014 absque

895 2029 987 2056 dolore
1007 2029 1154 2063 suscipere.
1175 2028 1204 2055 in
1220 2028 1318 2062 quibus
1335 2027 1380 2054 ille
1394 2030 1434 2054 est
1450 2026 1615 2061 perfectior,
1634 2027 1680 2060 qui

896 2075 928 2102 ad
949 2075 1031 2102 ictum
1047 2074 1169 2101 vulneris
1183 2094 1190 2106 ,
1207 2074 1311 2100 nullum
1334 2073 1431 2107 recipit
1448 2073 1589 2100 stimulum
1606 2073 1683 2099 dolo-

897 2121 944 2148 ris.
955 2120 1095 2148 Secundus
1110 2127 1174 2147 vero
1188 2124 1230 2146 est
1246 2120 1268 2146 is
1283 2119 1328 2154 qui
1345 2119 1420 2146 dolet
1431 2119 1552 2154 quidem,
1570 2118 1618 2145 sed
1632 2125 1680 2144 ne-

895 2173 1029 2200 quaquam
1052 2165 1189 2192 doloribus
1218 2165 1301 2191 cedit.
1331 2164 1397 2192 Tale
1426 2164 1527 2199 aliquid
1557 2163 1681 2198 intelligi:

37 2209 60 2236 si
90 2210 210 2238 humilis
234 2215 261 2236 et
282 2215 410 2245 peccator
432 2211 466 2237 sit
488 2215 515 2237 et
535 2210 670 2246 indignus.
686 2211 731 2238 Ille
757 2212 839 2239 dicit:
858 2209 880 2235 Ι)
893 2212 975 2238 etiam
996 2211 1023 2237 in
1046 2211 1123 2238 nobis
1136 2231 1144 2243 ,
1158 2218 1220 2238 cum
1235 2210 1438 2243 maledicimur,
1454 2214 1482 2238 et
1503 2209 1609 2237 assistit
1632 2210 1680 2236 ad-

42 2257 114 2284 Dum
131 2256 254 2283 constitit
265 2263 386 2290 peccator
398 2256 536 2283 adversum
553 2265 603 2289 me,
621 2257 738 2284 obmutui
754 2262 777 2284 et
791 2258 841 2284 Itu-

39 2305 167 2330 miliatus
191 2311 249 2330 sum
265 2307 288 2330 et
312 2302 374 2329 silui
397 2311 412 2329 a
438 2302 521 2329 battis.
542 2301 598 2329 Non
620 2302 686 2329 dixit
707 2311 714 2328 :
736 2308 764 2330 et
780 2304 841 2331 silui

40 2349 257 2381 tantummodo,
271 2348 317 2376 sed
328 2357 344 2375 α
357 2348 430 2375 bonis
442 2348 522 2380 silui;
537 2348 562 2374 in
576 2356 629 2383 quo
640 2349 758 2376 ostendit
769 2350 841 2384 quod

36 2403 102 2422 cum
119 2395 183 2422 sint
201 2395 227 2421 in
249 2402 292 2421 me
308 2395 395 2426 bona,
418 2398 445 2421 et
461 2395 576 2421 edoctus
598 2399 678 2428 atque
702 2394 842 2422 institutus

37 2442 90 2467 sim
107 2440 196 2468 bonis
209 2440 379 2475 dogmatibus
402 2445 484 2474 atque
505 2440 675 2475 disciplinis,
689 2445 716 2467 et
736 2441 838 2475 possim

36 2487 127 2514 etiam
144 2488 264 2514 caeteros
279 2487 377 2513 docere
396 2493 456 2520 qute
469 2485 538 2513 bona
551 2491 629 2520 sunt,
649 2493 738 2515 tamen
762 2488 789 2514 in
806 2495 839 2515 eo

36 2538 171 2567 tempore
184 2538 238 2565 quo
254 2537 380 2565 peccator
393 2530 497 2559 assistit
512 2531 656 2559 adversum
675 2541 717 2561 me
730 2537 757 2560 et
772 2541 838 2560 con-

35 2579 121 2605 viciis
138 2576 255 2603 lacessit
268 2583 299 2604 ac
309 2576 407 2611 jurgiis
419 2595 427 2608 ,
443 2583 492 2611 ego
503 2577 583 2603 etiam
603 2580 671 2604 bona
684 2578 766 2604 verba
780 2585 838 2604 mea

32 2623 160 2650 cohibeo
175 2626 205 2648 et
220 2623 337 2657 reprimo
350 2631 356 2648 :
375 2630 409 2649 ne
423 2621 464 2649 vel
479 2622 516 2648 illi
534 2622 621 2658 ignem
640 2630 695 2650 suos
708 2624 838 2657 perditio-

33 2669 77 2696 nis
94 2667 272 2696 inllammem
284 2688 291 2700 ,
305 2668 368 2695 dum
386 2676 438 2695 non
450 2672 539 2703 potest
553 2668 653 2703 pariter
667 2676 763 2708 parere
778 2677 838 2696 ma-

31 2715 66 2742 lis
77 2734 86 2747 ,
104 2719 134 2741 et
148 2713 313 2748 conspicere
329 2715 400 2741 bona
411 2735 418 2746 ,
436 2715 476 2742 vel
492 2722 646 2741 sermonum
663 2722 782 2742 meorum
799 2715 838 2741 fa-

31 2762 110 2787 ciam
128 2758 342 2786 detrimentum.
356 2759 424 2792 Quid
440 2761 527 2795 ergo?
552 2761 606 2789 lloe
624 2761 758 2788 videbitur
776 2769 838 2796 pcr-

69 2849 94 2864 ³⁹
110 2848 204 2875 ιἰον.
223 2854 258 2880 IV,
277 2848 320 2875 55.
358 2849 378 2864 ³¹
396 2848 476 2876 Eccli.
494 2857 587 2882 xum,
603 2851 647 2878 '28.
686 2851 706 2866 ³⁸
723 2852 840 2878 ibid.‘29.

895 2264 1001 2283 versum
1024 2264 1073 2284 nos
1095 2257 1284 2290 autagonista,
1299 2255 1322 2283 si
1338 2256 1446 2289 quidem
1471 2255 1541 2282 bene
1565 2255 1680 2282 instituti

894 2309 1004 2335 sumus,
1027 2307 1054 2329 et
1076 2302 1166 2329 animo
1188 2302 1266 2337 longa
1295 2302 1471 2329 meditatione
1496 2301 1636 2332 roborati.
1653 2301 1679 2327 in

895 2347 968 2375 nullo
983 2348 1089 2382 penitus
1102 2355 1135 2374 ex
1149 2347 1232 2374 illatis
1247 2347 1397 2374 maledictis
1409 2347 1452 2374 vel
1464 2347 1596 2375 conviciis
1615 2353 1681 2373 con-

896 2393 1052 2425 tristamur,
1067 2393 1113 2420 sed
1135 2400 1229 2419 sumus
1244 2399 1294 2426 pro
1308 2392 1390 2419 nimia
1407 2393 1507 2419 mentis
1527 2392 1682 2419 constantia

894 2445 925 2464 ac
951 2437 1082 2472 patientia
1106 2437 1179 2465 velut
1200 2445 1280 2465 sensu
1299 2437 1401 2464 doloris
1424 2442 1549 2464 carentes
1563 2456 1569 2468 ,
1587 2441 1612 2462 et
1633 2443 1681 2470 per

894 2484 1005 2510 multam
1019 2483 1249 2510 mansuetudinem
1262 2503 1269 2515 ,
1286 2487 1315 2509 ut
1330 2483 1444 2510 audeam
1463 2481 1498 2508 ita
1525 2481 1679 2513 nominare,

894 2531 966 2558 velut
989 2531 1139 2557 imitatores
1161 2529 1292 2557 ellicimur
1308 2528 1507 2562 quodammodo
1528 2526 1593 2554 Dei:
1611 2526 1681 2553 Deus

894 2579 966 2605 enim
993 2577 1162 2605 maledicitur
1192 2578 1225 2604 ab
1249 2575 1401 2607 Inereticis,
1418 2575 1622 2609 blasphematur
1647 2573 1681 2599 ab

894 2624 935 2651 bis
950 2624 995 2659 qui
1015 2623 1211 2658 providentiam
1227 2622 1285 2656 ejus
1302 2626 1420 2655 negant,
1443 2620 1567 2654 culpatur
1587 2618 1621 2645 ab
1638 2618 1680 2645 his

892 2671 938 2705 qui
957 2670 1098 2696 thesauros
1115 2668 1257 2703 sapientia:
1273 2667 1329 2701 ejus
1345 2668 1484 2701 ignorant:
1498 2670 1525 2692 et
1541 2665 1583 2692 die
1603 2665 1679 2695 mihi,

893 2715 1013 2749 mtuqnid
1031 2719 1108 2748 potes
1124 2714 1174 2740 hoc
1190 2713 1326 2748 cogitare,
1340 2712 1410 2746 quod
1427 2719 1476 2746 pro
1494 2712 1535 2738 his
1551 2711 1681 2738 erunibus

892 2759 999 2793 injuriis
1026 2758 1116 2786 doleat
1149 2758 1258 2792 quidem
1284 2757 1374 2791 Deus,
1399 2757 1446 2784 sed
1471 2758 1590 2792 patiatur
1610 2756 1678 2783 sicut

1161 2850 1184 2866 ”
1199 2848 1263 2877 ibid.
1282 2851 1323 2878 15.
1363 2850 1384 2866 ⁸⁸
1402 2851 1478 2878 ltotn.
1498 2858 1545 2882 xu,
1563 2850 1605 2878 19.

882 2852 903 2868 ³³
918 2851 928 2878 ι
944 2851 1005 2879 Cor.
1023 2859 1060 2885 tv,
1080 2849 1121 2877 [2.
