1886 3052
71 142 138 169 1397

399 138 555 166 SELECTA
570 137 602 165 IN
618 137 786 165 PSALMOS.
808 152 841 157 —
858 135 975 164 HOMIL.
998 137 1004 163 Ι
1030 137 1063 164 lN
1079 139 1176 167 PSAL.
1196 140 1337 168 XXXVI".

1629 146 1694 174 1338

73 201 154 227 etiam
170 199 241 234 quod
260 199 287 227 in
300 199 411 228 Actibus
425 200 607 235 apostolorum
624 199 781 231 refertur”,
797 206 857 226 cum
872 199 896 228 Α
911 206 975 227 cens
987 200 1008 216 "'
1026 208 1032 226 :
1048 200 1146 228 Deinde
1157 202 1220 236 ﬁnis
1235 211 1293 229 cum
1308 203 1449 230 tradiderit
1476 213 1583 240 regnum
1601 205 1654 234 ltro
1673 213 1698 234 et

71 246 136 274 dicit
157 247 222 281 quia
236 247 301 273 visae
315 251 379 273 sunt
398 247 438 274 eis
460 247 555 274 divisa:
578 246 678 281 lingua:
694 246 764 273 sicut
775 246 858 281 ignis,

70 298 97 320 el.
110 293 269 321 consedis<e
283 300 365 327 super
382 292 530 326 apostolos,
549 299 597 326 pro
612 300 644 320 eo
663 293 769 320 scilicet
786 293 858 327 quod

72 340 212 375 Evangelii
230 340 341 367 verbum
362 339 535 374 prmdicaturi
558 345 585 367 et
608 340 679 375 ignei
695 340 797 375 vigoris
811 341 860 368 de-

73 385 166 413 berem
182 386 269 420 gratia
295 386 430 418 roborari,
449 390 478 412 ut
494 387 648 413 auditorum
669 387 766 413 anima:
782 386 859 413 ﬂatu-

72 439 140 458 mam
166 439 216 466 per
234 431 367 458 sermonis
388 432 528 459 traducem
552 436 700 459 sumerent.
720 432 773 460 Sed
789 432 860 460 unde

74 476 138 503 mihi
151 476 202 503 hoc
217 480 246 503 ut
259 476 357 511 lingua
373 477 443 512 ignis
458 477 550 504 veniat
562 478 588 504 iu
604 485 651 504 eor
664 486 763 511 meum,
783 483 810 506 et
824 479 859 506 de

71 522 161 556 lingua
184 520 263 555 ignea
286 528 336 555 ego
352 529 461 556 quoque
485 522 619 556 proferam
643 530 811 556 sermonem,
830 528 859 551 ut

71 573 101 593 ex
118 574 160 593 me
176 566 253 594 velox
269 567 442 594 sermonibus
465 568 532 595 meis
553 569 720 596 accendatur
739 569 809 604 ignis
831 570 857 598 in

72 613 200 640 cordibus
221 613 386 646 auditorum,
406 613 490 650 694,
504 619 531 641 et
548 620 645 648 arguat
656 623 717 642 eum
731 617 777 650 qui
793 624 858 652 pec-

70 659 150 690 cavit,
169 663 197 685 et
218 658 352 686 eﬂiciatur
375 660 401 687 ei
427 668 518 687 sermo
538 669 615 688 meus
639 663 811 696 supplicium,
829 667 858 690 ut

70 705 180 732 adustus
195 709 222 732 et
243 704 426 733 inﬂammatus
446 708 618 736 sermonibus
642 710 708 738 meis
723 711 815 738 veniat
830 711 855 738 in

70 751 271 784 pmnilenliam,
288 759 349 786 qua:
372 752 488 779 salutem
519 754 643 782 stabilem
667 760 797 790 operatur
822 765 855 784 cx

72 796 178 823 tristitia
202 804 263 831 qua:
285 798 434 825 scentulum
460 799 544 825 Deum
563 804 613 831 est,
632 808 714 834 quam
730 807 763 827 ex
781 801 856 828 verbi

71 841 117 868 Dei
139 841 327 877 increpatione
357 845 493 878 suscepit?
511 845 599 879 Atque
624 846 728 873 utinam
753 847 855 880 possim

72 888 106 914 ita
125 888 276 916 accendere
289 897 399 916 omnem
415 890 533 917 auiimtm
558 891 726 925 auditorum,
746 897 775 920 ut
796 893 858 927 qui-

71 941 174 967 ruuque
193 934 244 962 sibi
261 935 388 962 conscius
400 941 452 967 est,
466 944 519 963 non
536 936 627 964 ferens
649 938 735 965 nostri
755 945 858 966 sermo-

72 980 111 1006 nis
125 980 293 1012 incendium,
315 981 361 1008 sed
375 982 504 1010 omnibus
523 983 593 1010 intra
610 990 639 1011 se
654 984 806 1012 visceribus
818 986 858 1013 in-

72 1024 235 1059 ﬂammatus,
251 1028 373 1055 velocius
392 1034 565 1056 consumeret
591 1029 705 1056 latentes
725 1030 858 1058 intrinse-

71 1080 117 1099 cus
130 1072 259 1100 vitiorum
280 1075 397 1102 sordes:
414 1080 443 1102 ut
464 1080 643 1110 posteaquam
671 1076 857 1104 interemisset

71 1125 147 1146 oume
165 1120 298 1155 quidquid
320 1121 413 1149 carnis
431 1126 460 1149 et
486 1122 609 1149 materia:
634 1123 780 1151 crassioris
796 1131 858 1157 pro-

72 1166 157 1199 prium
173 1171 216 1194 est
240 1172 267 1194 et
288 1169 417 1201 amicum,
432 1175 497 1196 tunc
512 1168 568 1203 jam
583 1169 653 1204 ignis
668 1169 719 1197 iste
734 1170 813 1198 ﬁeret
829 1170 855 1198 in

71 1219 102 1238 eo
119 1211 164 1239 lux
177 1217 204 1239 et
220 1212 333 1240 lucerna
348 1214 447 1242 ardens
461 1221 468 1241 :
483 1222 544 1249 qua:
562 1223 613 1242 non
628 1215 678 1242 sub
694 1216 796 1249 modio,
809 1216 856 1243 sed

72 1265 148 1292 snper
168 1260 362 1287 candelabrum
389 1261 455 1294 poni
482 1262 603 1293 deberet,
634 1265 663 1288 ut
692 1261 859 1289 illuminaret

73 1310 163 1332 omnes
188 1306 234 1339 qui
262 1306 288 1332 in
319 1306 399 1333 domo
422 1307 526 1334 sunt“.
543 1306 572 1334 Si
604 1315 668 1342 ergo
688 1309 814 1336 acCendit
831 1313 858 1336 te

72 1357 158 1377 sermo
187 1352 306 1386 auditus,
331 1357 360 1379 et
381 1353 543 1381 intellexisti
568 1354 632 1389 quid
656 1354 725 1381 dixit
741 1355 858 1390 Aposto-

72 1396 111 1424 lus
122 1397 143 1413 "
161 1407 168 1425 τ
185 1398 220 1425 Et
236 1400 295 1433 quis
321 1401 415 1435 estqui
435 1409 475 1428 me
491 1401 616 1435 leiﬁcel,
630 1403 680 1429 nisi
696 1403 741 1438 qui
757 1404 858 1430 contri-

73 1448 155 1470 statur
173 1453 205 1472 ea:
227 1445 288 1472 me?
307 1445 440 1479 Quoniam
459 1447 541 1474 verba
569 1447 652 1481 ipsius
674 1454 753 1476 erant
774 1449 856 1484 ignis,

72 1493 95 1514 et
111 1488 255 1517 laetabatur
274 1490 418 1525 Apostolus
436 1492 525 1519 sicubi
550 1492 659 1520 videbat
675 1494 792 1528 aliquem
809 1502 856 1521 au-

911 244 998 274 Patri.
1018 247 1058 273 Ad
1077 254 1156 281 quem
1184 248 1265 274 linem
1282 249 1376 283 utique
1401 249 1582 277 festinandum
1599 257 1651 284 est,
1670 257 1694 278 ut

910 291 945 319 sit
963 300 1052 325 operze
1080 294 1196 327 pretium
1219 294 1270 322 hoc
1295 295 1382 330 ipsum
1405 297 1477 331 quod
1499 304 1513 322 a
1539 297 1592 324 Deo
1612 298 1695 324 creati

909 345 1014 366 sumus.
1033 339 1066 366 Et
1095 348 1199 373 rursus,
1225 342 1295 368 sicut
1320 344 1443 377 corporis
1459 345 1545 370 nostri
1565 352 1696 379 compago

910 391 994 417 parva
1010 386 1134 419 quaedam
1148 393 1174 414 et
1187 388 1282 422 exigua
1308 388 1341 415 ab
1364 389 1441 416 initio
1461 390 1620 423 nativitatis,
1635 398 1700 417 con-

909 430 998 458 festim
1025 436 1114 460 tamen
1138 438 1216 468 urget
1237 439 1264 461 et
1283 435 1368 462 tendit
1386 435 1419 462 ad
1446 436 1525 463 linem
1551 437 1695 470 quemdam

910 477 1082 510 proceritatis
1106 486 1161 506 sua:
1186 487 1235 514 per
1257 481 1343 507 aetatis
1367 487 1520 516 augmenta,
1536 486 1562 509 et
1586 482 1694 514 iterum,

909 522 980 550 sicut
997 524 1088 550 anima
1111 529 1201 552 nostra
1219 526 1367 553 secumlum
1382 526 1434 554 hoe
1449 528 1522 562 quod
1539 528 1565 554 in
1581 536 1695 562 corpore

911 568 962 595 hoc
979 569 1062 604 degit,
1076 569 1188 597 festinat
1205 571 1292 605 primo
1305 572 1440 606 loquelam
1462 573 1584 608 recipere
1598 574 1694 601 balbu-

911 613 1034 646 tientem,
1063 615 1183 642 secundo
1204 616 1300 643 deinde
1323 617 1479 652 clariorem,
1507 623 1562 645 tum
1586 619 1694 646 demum

910 659 944 685 ad
958 660 1170 693 disputationem
1186 661 1332 695 perfectam
1346 667 1428 697 atque
1444 664 1576 698 integram
1598 672 1694 698 perve-

910 705 988 731 nire:
1005 706 1055 733 hoc
1071 707 1149 734 modo
1162 708 1244 734 etiam
1266 709 1354 736 omnis
1377 710 1431 736 vita
1456 717 1546 737 nostra
1566 711 1696 738 imbuitur

909 751 1018 784 quidem
1033 759 1104 780 nunc
1117 752 1189 780 velut
1201 753 1354 782 balbutiens
1367 755 1437 783 inter
1452 756 1577 784 homines
1591 757 1618 784 in
1641 763 1696 785 ler-

909 798 946 824 ris
961 806 967 824 ε
986 805 1190 827 consummatur
1212 808 1276 828 vero
1294 805 1321 829 et
1336 803 1369 829 ad
1382 809 1514 831 summum
1533 805 1656 839 pervenit
1670 805 1696 832 iu

909 844 1066 872 cmlestibus
1077 847 1148 880 apud
1166 846 1261 874 Deum.
1279 847 1436 883 Cupitergo
1449 850 1581 885 propheta
1599 851 1648 878 ista
1664 852 1696 878 de

911 898 991 918 causa
1009 899 1155 928 agnoscere
1179 893 1260 920 tinem
1278 901 1356 921 suum
1374 900 1484 929 propter
1510 903 1591 931 quem
1607 897 1696 924 factus

909 943 966 970 est,
994 944 1023 966 ut
1048 939 1155 968 intuens
1178 941 1257 968 tinem
1275 946 1302 969 et
1326 941 1384 969 dies
1405 950 1468 970 suos
1485 943 1654 978 perspiciens
1670 948 1697 971 et

909 985 1088 1013 considerans
1102 987 1309 1021 perfectionem.
1329 988 1421 1015 videat
1435 994 1566 1023 quantum
1585 989 1635 1017 sibi
1650 990 1697 1017 de-

910 1036 952 1059 est
979 1033 1011 1059 ad
1037 1032 1111 1059 illum
1138 1033 1218 1061 linem
1238 1042 1293 1069 quo
1310 1036 1406 1063 tendit.
1422 1036 1503 1064 Verbi
1518 1037 1615 1071 gratia,
1631 1042 1660 1064 ut
1673 1037 1695 1064 si

910 1084 1044 1111 portaturus
1055 1079 1172 1112 aliquem
1189 1080 1306 1108 artificio
1322 1082 1464 1114 traditum,
1479 1087 1503 1109 et
1519 1083 1590 1110 hunc
1606 1083 1696 1110 dicere

909 1124 943 1149 ad
961 1123 1119 1158 magistrum
1132 1124 1298 1155 suum,Volo
1314 1126 1384 1152 scire
1400 1134 1460 1161 qtae
1473 1127 1510 1153 sit
1529 1127 1596 1154 artis
1614 1127 1693 1160 hujus

910 1168 1049 1202 perfectio,
1065 1174 1093 1197 et
1114 1178 1194 1198 nosse
1209 1171 1254 1205 qui
1275 1172 1309 1198 sit
1325 1171 1401 1199 faber
1417 1172 1553 1207 perfectus
1569 1173 1610 1201 vel
1624 1178 1696 1201 stru-

909 1219 988 1241 ctor:
1006 1220 1108 1243 etcum
1127 1216 1178 1244 hoc
1194 1217 1333 1250 didicerit,
1353 1219 1475 1252 requirat
1489 1224 1621 1253 quantum
1643 1219 1694 1246 sibi

909 1260 985 1287 deest
1005 1261 1039 1288 ab
1061 1261 1106 1288 illa
1130 1261 1309 1296 perfectione,
1333 1263 1375 1290 vel
1396 1268 1527 1298 quantum
1551 1263 1697 1297 profecerit

909 1305 937 1332 in
958 1306 1025 1333 artis
1047 1306 1202 1341 disciplina,
1220 1312 1249 1334 ut
1271 1316 1334 1335 cum
1351 1313 1496 1343 ulrmnque
1524 1309 1695 1344 cognoverit,

908 1350 979 1378 sciat
995 1351 1058 1385 quid
1077 1351 1186 1385 habeat,
1205 1357 1232 1380 et
1251 1353 1316 1388 quid
1339 1353 1496 1388 perfectioni
1522 1354 1590 1381 desit
1612 1361 1696 1388 agno-

909 1402 983 1430 scat;
1010 1398 1048 1425 ita
1070 1398 1153 1425 etiam
1175 1403 1202 1425 et
1230 1407 1302 1426 nunc
1317 1400 1450 1433 propheta
1472 1405 1564 1426 orata
1583 1400 1639 1427 Deo
1652 1400 1696 1427 di-

909 1451 985 1470 scere
1009 1448 1037 1470 ut
1060 1443 1213 1472 innotescat
1235 1445 1286 1472 sibi
1308 1444 1381 1478 linis,
1398 1451 1426 1472 et
1444 1453 1573 1473 numerus
1589 1447 1696 1474 dierum

909 1497 1019 1517 suormn
1038 1490 1082 1524 qui
1107 1490 1150 1518 sit.
1171 1490 1198 1517 ln
1214 1498 1267 1525 quo
1279 1498 1332 1518 non
1348 1496 1389 1519 est
1410 1493 1559 1525 putandum
1574 1493 1645 1526 quod
1661 1493 1696 1519 de

72 1535 126 1562 dito
147 1543 275 1564 sermone
294 1545 344 1565 suo
368 1539 558 1567 contristatum
573 1546 600 1567 et
614 1546 806 1576 compunctum

949 1535 1043 1569 ~porali
1066 1541 1188 1570 tempore
1214 1541 1242 1564 et
1269 1538 1348 1565 annis
1370 1538 1450 1572 hujus
1469 1539 1531 1566 vita:
1558 1538 1693 1579 loquatur,

73 1582 113 1609 his
129 1590 188 1617 quas
209 1584 345 1617 audierat,
368 1585 488 1620 qundam
510 1587 684 1614 conscientia:
712 1595 768 1615 suae
795 1588 856 1622 igne

72 1635 228 1658 succensum
241 1639 274 1658 ex
292 1632 480 1659 recordatione
501 1633 604 1665 delicti.
621 1638 766 1668 propterea
782 1634 857 1661 dicc-

73 1675 135 1702 bat:
149 1675 181 1703 Et
200 1678 259 1712 quis
274 1683 313 1704 est
327 1678 371 1712 qui
386 1686 425 1705 me
443 1679 570 1713 lwtiﬁcet,
585 1680 636 1706 nisi
651 1681 696 1714 qui
713 1681 858 1707 contrista-

73 1726 112 1747 tur
126 1730 158 1749 ex
182 1723 242 1750 me?
259 1723 296 1750 ita
312 1731 377 1759 ergo
397 1729 424 1751 et
442 1733 491 1752 nos
514 1725 694 1760 satisagamus
709 1732 737 1753 ut
757 1726 783 1754 in
801 1734 857 1754 me-

73 1769 245 1798 ditationibus
271 1771 371 1798 nostris
393 1772 560 1799 accendatur
584 1773 665 1807 ignis,
678 1774 722 1808 qui
738 1781 787 1800 nos
802 1774 858 1808 pri-

73 1822 113 1842 mo
128 1821 234 1849 exurat,
255 1821 283 1843 et
302 1818 491 1845 recordatione
509 1823 536 1845 et
560 1819 728 1846 conscientia
753 1827 855 1854 pecca-

74 1866 166 1896 torum,
186 1869 281 1895 postea
297 1871 361 1891 vero
372 1869 540 1899 expurgatos
554 1864 610 1898 jam
633 1865 706 1893 vitiis
722 1865 858 1892 illuminet

72 1914 94 1934 et
110 1909 236 1937 illustret.

104 1954 129 1982 8.
149 1954 266 1983 Locutus
293 1964 362 1988 sum,
383 1955 480 1990 inquit,
498 1957 524 1983 in
545 1956 636 1991 lingua
658 1958 725 1982 nico.
740 1955 808 1988 Quid
822 1956 859 1982 lo-

72 2006 147 2029 cutus
171 2003 207 2030 sit
235 2003 261 2030 in
284 2003 375 2037 lingua
394 2010 456 2035 sua,
480 2003 689 2030 consideremus
713 2011 720 2028 :
748 2003 857 2030 videtur

72 2046 138 2072 enim
156 2047 220 2074 mihi
240 2055 286 2081 per
302 2048 359 2074 luce
375 2048 521 2083 mysticum
537 2047 640 2081 aliquid
660 2047 792 2073 indicare.
813 2046 858 2073 Ait

72 2093 269 2126 ergo:Notum
292 2093 335 2127 [ac
359 2094 434 2126 mihi,
463 2093 587 2124 Domine,
614 2093 694 2127 ﬁnem
720 2100 818 2124 meum,
833 2097 858 2119 et

72 2145 204 2165 numerum
229 2138 333 2165 dierum
352 2146 467 2165 meorum
493 2139 552 2174 quis
579 2143 626 2169 est,
648 2142 676 2164 ut
693 2137 774 2164 sciam
795 2137 858 2172 quid

72 2183 133 2209 desit
148 2184 222 2211 mihi.
245 2185 286 2215 Si.
313 2184 409 2218 inquit,
429 2189 522 2211 notum
544 2183 643 2211 feceris
666 2184 747 2210 linem
768 2190 856 2210 meum

74 2228 145 2260 mihi,
160 2234 188 2256 et
203 2233 322 2263 quantus
347 2229 384 2256 sit
406 2236 535 2256 numerus
547 2229 651 2256 dierqu
669 2235 792 2255 meorum
810 2235 857 2255 no-

73 2277 123 2300 tum
139 2274 236 2303 feceris
252 2276 327 2307 mihi,
348 2280 444 2310 potero
459 2283 507 2310 per
520 2275 576 2302 haic
590 2276 672 2302 etiam
691 2275 757 2302 illud
770 2282 856 2310 agno-

72 2326 152 2353 scere,
171 2322 236 2355 quid
264 2321 335 2348 desit
355 2321 431 2348 mihi.
458 2322 511 2348 Ant
535 2321 604 2348 forte
628 2329 676 2356 per
696 2321 753 2349 haec
774 2321 857 2348 etiam

73 2365 135 2392 illud
153 2367 289 2394 videbitur
306 2367 433 2398 indicari,
449 2367 513 2402 quia
534 2367 606 2394 sicut
628 2368 717 2395 omnis
734 2367 801 2394 artis
816 2371 859 2395 est

72 2409 167 2443 aliquis
185 2411 258 2443 linis,
271 2411 347 2438 verbi
366 2411 451 2446 gratia
469 2411 630 2439 structionis
650 2412 722 2444 linis,
743 2412 854 2440 domum

74 2452 169 2486 facere,
185 2455 322 2490 naupagii,
340 2463 436 2483 navem
454 2461 612 2483 construere
627 2464 688 2491 quae
706 2458 791 2491 possit
806 2452 857 2485 lbi-

74 2505 129 2527 cuts
146 2502 228 2528 maris
243 2509 372 2537 superare
387 2507 414 2529 et
436 2501 507 2529 ferre
523 2502 639 2536 impetus
651 2507 807 2535 ventorum,
830 2508 858 2531 et

75 2545 281 2581 uniuscujusque
304 2547 372 2574 artis
391 2551 431 2575 est
451 2547 552 2582 aliquis
574 2547 636 2574 talis
651 2547 723 2580 linis,
742 2553 854 2583 propter

75 2597 150 2624 quem
171 2599 216 2620 ars
238 2593 294 2627 ipsa
323 2593 431 2620 videtur
453 2599 582 2628 reperta:
599 2594 635 2621 ita
661 2593 785 2622 fortassis
814 2599 858 2623 est

76 2637 134 2664 vita:
151 2642 251 2666 nostra:
267 2639 309 2666 vel
328 2640 411 2667 totius
426 2640 517 2667 mundi
531 2639 592 2667 linis
607 2640 729 2674 quidam,
747 2646 858 2675 propter

77 2692 152 2717 quem
171 2693 303 2720 geruntur
320 2688 411 2715 omnia
427 2695 487 2722 qua:
500 2691 631 2722 geruntur
645 2687 671 2714 in
682 2687 735 2714 vita
753 2693 857 2721 nostra,

78 2731 116 2755 wl
131 2737 240 2766 propter
255 2741 334 2767 quem
352 2734 467 2760 nmndus
483 2734 540 2767 ipse
551 2733 593 2760 vel
609 2733 750 2761 institutus
763 2738 803 2761 est
818 2734 858 2760 vel

78 2782 192 2804 constat.
206 2777 289 2813 Cujus
317 2779 377 2806 linis
400 2780 482 2807 etiam
505 2779 650 2814 Apostolus
671 2779 795 2806 metninit
819 2779 859 2806 di-

111 2867 132 2882 ”
145 2869 202 2896 Act.
221 2878 249 2897 ιι.

288 2871 309 2886 ⁸⁰
323 2871 417 2899 Matth.
431 2880 456 2904 v,
472 2871 514 2899 15.
554 2872 573 2887 ³¹
590 2869 611 2897 ιι
628 2871 691 2900 Cor.
706 2880 735 2905 tl,
751 2871 778 2898 2,

818 2872 839 2887 δ’
856 2874 874 2901 ll
889 2874 951 2902 Cor.
968 2879 1012 2904 xv,
1028 2870 1073 2897 2L

909 1583 956 1608 sed
969 1589 1077 1609 omnem
1094 1590 1236 1609 numerum
1250 1582 1354 1610 dierum
1375 1584 1448 1612 Scire
1465 1584 1533 1618 vult,
1549 1585 1594 1618 qui
1615 1584 1698 1612 fuerit

910 1627 936 1654 in
952 1628 1039 1662 prima
1061 1627 1128 1660 vita,
1144 1629 1189 1662 qui
1211 1628 1295 1657 fuerit
1316 1630 1342 1656 in
1368 1632 1485 1658 secundo
1507 1631 1636 1662 incolatu,
1650 1631 1696 1666 qui

910 1675 936 1701 iu
953 1675 1042 1702 tertio.
1065 1674 1180 1702 Multum
1195 1675 1277 1707 enimI
1301 1676 1432 1710 inquit“.
1451 1677 1539 1704 ittrola
1567 1678 1618 1711 fuit
1638 1678 1697 1703 nni-

909 1729 952 1747 ma
966 1729 1034 1748 mea.
1048 1721 1126 1748 Velut
1139 1721 1161 1748 si
1178 1721 1299 1748 dicerent
1311 1721 1347 1748 illi
1361 1723 1407 1756 qui
1420 1723 1547 1750 exierunt
1563 1732 1594 1750 ex
1610 1724 1696 1759 Egy-

909 1771 955 1801 pto
968 1776 975 1794 :
989 1766 1089 1794 Notum
1112 1767 1154 1801 [ac
1169 1768 1246 1800 mihi,
1263 1768 1384 1801 Domine,
1402 1768 1480 1802 ﬁnem
1499 1769 1622 1800 meum“,
1636 1777 1697 1803 qua:

909 1817 949 1840 est
968 1817 1040 1839 terra
1063 1813 1133 1839 bona
1149 1818 1176 1839 et
1192 1817 1266 1840 terra
1285 1817 1392 1844 sancta,
1406 1818 1430 1839 et
1445 1821 1580 1839 nnnierum
1595 1813 1696 1839 dierum

908 1866 1026 1885 meorum
1043 1858 1068 1885 in
1087 1857 1184 1892 quibus
1202 1857 1320 1888 ambulo,
1341 1861 1369 1884 ιιι
1382 1858 1465 1884 sciam
1481 1858 1546 1892 quid
1567 1858 1634 1884 desit
1646 1859 1697 1884 mi-

908 1904 946 1936 hi,
959 1909 1090 1938 quantum
1114 1907 1199 1930 restat
1213 1911 1354 1937 usquequo
1368 1903 1524 1937 perveniam
1547 1904 1580 1929 ad
1597 1907 1697 1930 terram

909 1954 1031 1976 sanctam
1045 1948 1285 1983 repromissionis:
1301 1948 1339 1975 ita
1362 1952 1390 1975 et
1414 1948 1458 1975 hic
1478 1948 1534 1975 vult
1551 1955 1632 1975 nosse
1647 1956 1698 1975 nu-

909 2003 1014 2023 merum
1032 1995 1139 2022 dierum
1166 1995 1191 2021 in
1211 1994 1311 2029 quibus
1328 1994 1379 2021 iter
1392 1993 1457 2029 agit.
1475 1993 1610 2020 Habemus
1624 1994 1696 2020 enim

909 2043 967 2069 dies
986 2042 1119 2076 quosdam
1135 2041 1243 2075 quidem
1261 2041 1287 2067 in
1310 2041 1361 2068 hoc
1379 2040 1489 2072 mundo,
1504 2040 1634 2073 quosdam
1651 2047 1698 2066 au-

911 2092 964 2114 tem
982 2092 1008 2114 et
1020 2092 1098 2115 extra
1115 2088 1187 2114 hunc
1205 2088 1346 2114 mundum.
1360 2086 1450 2113 Alium
1465 2086 1538 2113 enim
1550 2085 1613 2112 facit
1626 2086 1697 2112 diem

910 2133 975 2160 solis
990 2133 1043 2160 iste
1060 2141 1157 2160 cursus
1171 2133 1256 2160 nostri
1274 2133 1355 2167 hujus
1372 2132 1433 2160 caeli
1457 2131 1551 2166 spatiis
1568 2131 1699 2158 termina-

912 2184 964 2211 tus,
980 2178 1065 2206 alium
1084 2178 1164 2205 habet
1184 2179 1254 2205 diem
1268 2177 1312 2205 ille
1324 2178 1368 2212 qui
1386 2178 1418 2204 ad
1432 2177 1545 2205 secundi
1561 2177 1622 2204 caeli
1636 2185 1698 2212 per-

914 2224 1006 2251 venire
1028 2229 1149 2251 meretur
1174 2231 1330 2251 ascensum.
1347 2224 1434 2251 Multo
1458 2224 1531 2251 enim
1555 2223 1698 2250 clariorem

913 2270 982 2297 diem
995 2270 1071 2297 ducit
1081 2269 1127 2297 ille
1141 2270 1187 2304 qui
1201 2277 1285 2305 usque
1298 2270 1331 2297 ad
1348 2271 1457 2298 tertium
1472 2269 1570 2297 C(BIIIIII
1587 2269 1628 2296 vel
1642 2269 1699 2303 rapi

913 2317 954 2343 vel
967 2317 1109 2351 pervenire
1125 2318 1257 2352 potuerit,
1273 2317 1317 2344 ubi
1330 2325 1385 2344 non
1402 2318 1488 2345 solum
1509 2316 1645 2344 inelhbile
1660 2317 1700 2342 lu-

913 2371 974 2390 men
995 2363 1126 2396 inveniet,
1144 2371 1239 2390 verum
1260 2363 1342 2390 etiam
1362 2363 1443 2390 verba
1463 2371 1522 2398 qum
1545 2363 1647 2390 homini
1663 2363 1700 2389 lo-

912 2409 958 2443 qui
980 2415 1031 2435 non
1055 2408 1144 2440 liceat,
1159 2409 1260 2435 audiet.
1281 2408 1346 2434 Novi
1368 2413 1395 2435 et
1411 2407 1478 2435 alios
1496 2408 1563 2439 dies,
1584 2414 1698 2441 quorum

909 2440 1058 2481 innuerum
1078 2453 1202 2481 fortassis
1218 2453 1349 2488 propheta
1374 2454 1471 2480 merito
1491 2452 1615 2486 requirit.
1633 2451 1699 2479 Nam

912 2501 982 2529 sicut
1008 2501 1034 2529 in
1051 2501 1102 2528 hoc
1123 2500 1192 2528 ctelo
1213 2501 1252 2528 sol
1269 2506 1379 2527 exortus
1401 2505 1428 2527 et
1444 2499 1600 2526 universum
1622 2506 1701 2525 mun-

913 2549 977 2575 dum
1000 2548 1140 2575 illustrans
1162 2547 1233 2574 diem
1256 2546 1345 2573 facit:
1363 2546 1399 2572 ita
1422 2549 1451 2572 et
1471 2545 1496 2571 in
1519 2545 1602 2572 corde
1622 2544 1699 2580 justi,

912 2595 983 2630 quod
1002 2601 1049 2628 pro
1065 2593 1217 2621 constantia
1232 2596 1260 2619 et
1277 2591 1403 2618 ﬁrmitate
1426 2591 1471 2618 Dei
1498 2591 1699 2618 ﬁrmamentum

913 2641 1011 2667 merito
1034 2639 1197 2676 appellatur,
1215 2638 1238 2666 si
1257 2638 1397 2665 exoriatur
1422 2636 1461 2664 sol
1488 2636 1599 2670 justitiee
1620 2636 1701 2663 Iesus

912 2686 1040 2713 Christus
1062 2685 1193 2712 Dominus
1208 2688 1311 2715 noster,
1329 2687 1355 2710 et
1373 2682 1506 2710 illuminet
1521 2689 1582 2709 eum
1600 2681 1701 2708 lumine

912 2732 1033 2759 scientiae
1053 2735 1080 2758 et
1100 2731 1233 2762 veritatis.
1249 2731 1319 2757 diem
1339 2729 1404 2757 facit
1426 2729 1452 2756 in
1478 2729 1560 2756 corde
1575 2729 1655 2764 ejus:
1673 2732 1700 2756 et

912 2783 1017 2813 quanto
1042 2777 1210 2809 frequentius
1239 2777 1362 2805 exoritur
1392 2782 1419 2804 et
1450 2775 1595 2809 illuminat,
1627 2781 1700 2803 tanto

1112 2870 1133 2886 "
1145 2869 1216 2898 Psal.
1232 2877 1306 2903 cm,
1321 2870 1346 2896 6.
1387 2869 1408 2885 “
1425 2868 1493 2895 ltsul.
1511 2876 1625 2898 urvut.
1639 2867 1668 2894 5.
