1869 3052
201 147 268 174 1299

895 144 939 172 EX
956 143 1105 172 ORIGENE

1767 140 1823 166 “90

199 205 326 239 majorem
343 206 393 233 sibi
411 206 503 233 talium
521 205 624 232 dierum
645 211 785 231 numerum
801 206 976 239 computahit.
995 207 1018 234 Α
1033 205 1120 238 ipsum
1145 205 1216 238 quod
1243 202 1320 236 dixit,
1343 202 1405 237 quia
1430 203 1578 231 substantia
1606 211 1667 230 mea
1700 206 1821 236 tanqua-

199 251 284 284 Dignc
304 259 368 286 ergo
392 252 516 278 conscius
532 251 583 277 sibi
600 250 729 284 propheta
746 250 779 277 de
795 249 980 284 hujuscemodi

198 295 397 323 illuminalione
410 296 491 323 dicit:
506 294 606 321 Notum
625 295 667 328 [ac
679 296 753 326 mihi,
767 294 887 328 Domine,
902 295 980 328 ﬁnem

198 348 294 373 meum,
320 345 344 367 et
373 348 510 367 numerum
540 340 642 367 dierum
669 348 785 367 meorum
811 340 869 375 quis
888 345 936 374 ert,
953 345 980 366 ut

197 386 276 413 sciam
289 385 353 421 quid
366 386 433 412 desit
447 386 522 412 mihi.

232 431 258 458 9.
278 431 309 457 Et
336 431 514 458 addit2Ecce
542 434 639 457 veteres
669 431 781 464 posuisti
810 433 865 460 dies
897 441 978 460 meos.

197 475 223 501 lu
253 475 347 503 Graeco
373 476 511 506 scribitur.
541 476 711 509 παλαιστάς,
739 478 813 512 quod
845 478 981 513 signiﬁcat

197 529 353 548 mensuram
371 527 488 556 quatuor
505 522 661 555 digitorum.
693 522 790 550 Volens
817 530 884 558 ergo
898 524 979 560 695

196 567 292 594 dat-ere
319 574 368 593 nos
397 567 441 601 qui
470 567 525 602 jam
543 568 568 594 in
596 568 647 595 hac
671 569 725 595 vita
745 569 840 595 breves
863 575 890 596 et
916 578 980 605 per—

196 621 296 648 paucos
310 613 433 640 ducimus
448 611 513 646 dies,
530 614 599 642 dixit
612 616 683 642 hunc
700 616 864 644 versiculmn
880 618 913 644 de
926 625 979 652 quo

195 667 277 693 supra
291 660 420 687 diximus.
445 659 483 687 Ex
507 668 561 695 quo
576 661 739 696 intelligitur
760 662 823 696 quia
843 663 928 696 possit
952 668 981 690 et

196 704 266 733 alius
279 705 381 738 dicere,
398 705 459 740 quia
468 706 530 733 Dies
545 713 618 733 meos
631 707 745 741 posuisti
759 715 840 734 unum
855 708 977 743 digitum,

195 749 269 776 velut
295 757 465 785 consequens
490 751 524 778 de
541 752 669 786 temporis
689 752 839 784 brevitate,
861 758 887 780 et
911 753 980 780 alius

195 794 264 821 duos
279 794 376 829 digitos
389 794 429 822 vel
445 799 510 824 tres.
527 796 624 829 Quaero
640 802 730 824 autem
745 797 768 825 si
784 803 872 832 potest
883 798 979 832 aliquis

195 839 334 866 hominum
355 839 447 867 dicere
463 841 526 874 quia
540 841 603 868 Dies
617 842 669 869 mei
693 844 785 870 decem
810 844 884 877 digiti
905 849 978 878 sunt,

195 888 242 911 aut
257 884 363 918 viginti,
392 886 532 911 autetiam
548 886 676 920 amplius.
693 887 726 914 Et
742 887 807 922 quia
830 889 889 916 loca
910 889 977 916 didi-

194 930 254 957 cilia
273 930 448 964 incurrimus,
463 932 541 959 velim
557 933 696 967 requirere
710 934 797 962 sicubi
813 935 840 961 in
856 935 978 970 Scriptur-

194 977 232 1003 ris
261 977 314 1004 tale
330 977 432 1012 aliquid
449 978 611 1012 invenimus,
636 987 669 1006 ex
693 987 747 1014 quo
770 981 855 1015 possit
877 981 976 1016 aperiri

194 1022 299 1057 planius
317 1023 342 1049 id
354 1024 424 1058 quod
436 1024 543 1052 videtur
557 1024 712 1052 obscurum.
728 1025 756 1052 In
772 1026 837 1053 Isaia
847 1027 975 1061 scriptum

194 1069 323 1095 recordor
336 1069 359 1085 ⁸⁸
377 1077 384 1096 :
400 1069 465 1102 Quis
475 1072 580 1097 metitus
595 1075 647 1102 est,
667 1072 765 1106 inquit,
776 1080 857 1098 manu
869 1080 975 1107 aquam.

193 1119 215 1140 et
230 1115 322 1141 calum
332 1114 430 1148 palmo,
442 1121 464 1142 et
479 1124 580 1143 omnem
593 1121 689 1143 terram
701 1117 799 1151 pugillo
808 1118 821 1144 7
831 1117 868 1144 Ex
880 1118 977 1152 quibus

192 1159 346 1187 consideret
368 1160 490 1195 quisquis
517 1161 562 1188 ille
578 1166 620 1188 est
645 1162 804 1196 prudentior
821 1162 974 1189 auditorum

191 1212 239 1238 per
249 1205 351 1240 singula
369 1206 427 1233 loca
443 1206 610 1234 ditl‘erentias
626 1215 825 1240 mensurarum,
842 1209 976 1243 quomodo

191 1257 285 1276 eorum
302 1251 410 1285 quidem
424 1252 469 1286 qui
485 1252 585 1280 caelum
606 1257 744 1280 merentur
760 1253 898 1288 appellari,
913 1262 976 1288 pars

191 1295 252 1321 vita:
268 1303 327 1330 quae
348 1296 468 1323 caelestis
489 1301 540 1329 est,
557 1298 646 1332 palmo
672 1298 717 1325 Dei
746 1298 834 1325 metiri
863 1299 974 1331 dicitur,

190 1341 343 1375 quicunque
366 1341 410 1368 ille
434 1346 476 1368 est
493 1342 539 1369 Dei
556 1342 659 1377 palmus
676 1352 683 1370 :
700 1348 727 1370 et
740 1351 834 1371 eorum
858 1352 974 1380 quorum

191 1385 244 1411 rita
262 1385 350 1412 adbttc
372 1389 478 1413 terrena
502 1392 561 1418 est.
592 1387 692 1422 pugillo
714 1388 759 1415 Dei
783 1389 836 1416 vita
852 1390 972 1418 metitur.

191 1430 243 1457 Sed
266 1431 358 1466 pugilli
383 1431 467 1458 divini
492 1431 671 1460 diﬂerentiam
693 1442 764 1461 nunc
782 1435 930 1469 requirere.
948 1440 975 1464 et

191 1482 312 1505 nostrum
329 1485 481 1506 sermonem
504 1483 532 1506 et
558 1479 679 1506 auditum
702 1485 822 1508 vestrum
849 1481 972 1510 fortassis

189 1523 313 1559 excedat.
332 1522 524 1551 Verumtamen
537 1524 605 1551 sicut
627 1524 663 1551 ibi
683 1532 763 1551 manu
780 1533 876 1560 aquam
891 1527 971 1554 meti-

190 1573 233 1596 tus
245 1573 297 1600 est,
318 1568 407 1603 palmo
421 1569 529 1602 cmlum,
543 1575 571 1597 et
581 1577 688 1597 omnem
704 1575 804 1598 terram
821 1572 931 1607 pugillo.
945 1579 972 1601 ct

191 1615 320 1648 appendit
335 1620 440 1643 montes
453 1615 479 1642 in
497 1620 612 1648 statera,
632 1621 659 1644 et
678 1616 762 1644 colles
780 1617 807 1644 in
826 1617 912 1652 jngo;
934 1619 971 1646 ita

190 1661 271 1688 etiam
289 1662 333 1688 hic
352 1661 500 1689 secundum
517 1663 639 1690 eamdem
657 1664 881 1697 consequentiam
897 1672 972 1692 men-

190 1713 253 1732 sura
277 1707 328 1733 ista
354 1711 382 1733 et
407 1707 580 1742 intelligenda
603 1712 654 1740 est,
673 1708 801 1743 quoniam
828 1709 893 1736 nihil
918 1709 972 1736 Deo

188 1752 248 1778 sine
263 1759 387 1779 mensura
401 1757 453 1784 est,
470 1753 536 1780 nihil
553 1753 612 1781 sine
629 1754 756 1788 pondere,
772 1755 819 1781 sed
839 1755 929 1782 omnia
946 1755 970 1782 ei

188 1796 216 1822 in
239 1804 351 1824 numero
369 1802 496 1824 constant
516 1802 543 1825 et
561 1806 697 1826 mensura.
723 1799 760 1826 Ita
780 1807 888 1835 quoque
907 1808 972 1835 pro-

188 1842 276 1875 pheta:
293 1842 346 1868 vita
362 1846 389 1869 et
403 1848 543 1870 numerata
559 1849 587 1870 et
607 1844 728 1871 dimetita
749 1844 804 1872 Deo
821 1851 861 1872 est
872 1865 880 1879 ,
905 1847 969 1872 dum

187 1887 363 1921 providenti-.c
377 1887 435 1920 ejus
448 1889 596 1916 rationibus
612 1890 724 1924 regitur.

223 1934 267 1961 i0.
288 1935 367 1962 Addit
381 1934 462 1960 etiam
481 1935 506 1961 in
523 1936 698 1969 sequentibus
710 1941 737 1964 et
749 1936 830 1964 dicit:
844 1937 970 1964 Substan-

186 1979 224 2006 tia
239 1988 295 2006 mea
310 1985 436 2015 tanquam
452 1981 563 2008 nihilum
577 1985 638 2008 ante
653 1986 676 2008 te
687 1987 735 2009 est.
752 1982 808 2010 Nisi
821 1983 970 2010 addidisset

186 2031 250 2051 ante
268 2031 304 2057 te,
320 2026 398 2053 valde
414 2027 606 2059 contristabar,
619 2034 668 2061 pro
687 2034 720 2054 eo
737 2029 809 2062 quod
824 2029 968 2056 humanam

186 2071 366 2098 snbstantiam
390 2072 456 2099 nihil
480 2080 541 2100 esse
565 2073 690 2102 dixisset.
714 2073 791 2101 Nunc
818 2082 882 2102 vero
907 2075 968 2110 quia

186 2116 254 2143 dixit
273 2121 335 2144 ante
349 2121 386 2149 te,
400 2117 475 2145 velut
494 2118 598 2146 diceret
614 2119 648 2145 ad
663 2120 893 2154 comparationem
909 2121 970 2155 qui-~

185 2162 246 2189 dem
266 2162 308 2189 vel
325 2163 482 2197 angelorum
503 2163 544 2191 vel
571 2164 739 2198 reliquarum
767 2170 965 2199 creaturarum,

185 2214 238 2233 non
254 2210 296 2234 est
309 2207 426 2242 abjecta.
442 2216 493 2236 nec
509 2209 619 2236 minima
638 2209 788 2236 substantia
805 2217 873 2237 mea.
888 2210 966 2238 Deui-
982 2211 1005 2240 Ι)

183 2258 236 2284 que
253 2255 280 2278 et
291 2251 314 2278 si
328 2251 398 2279 bene
406 2253 551 2288 egerimus,
570 2257 598 2280 et
612 2254 738 2280 mandata
753 2254 859 2281 Domini
874 2263 967 2282 serva-

184 2297 322 2330 verimus,
348 2299 381 2325 ad
408 2299 574 2326 consortium
612 2299 759 2327 invitanmr
788 2301 965 2336 angelicum:

184 2340 279 2374 Erunt,
294 2342 381 2376 inquit
401 2342 433 2375 δθ,
449 2343 514 2369 sicut
531 2343 617 2378 angeli
632 2344 680 2370 Dei
696 2345 722 2370 in
741 2344 812 2371 εωΙο.
829 2345 870 2372 Ad
892 2353 968 2373 com-

183 2388 348 2422 parationem
364 2388 412 2415 Dei
425 2396 489 2415 vero
502 2388 583 2415 etiam
604 2389 626 2416 si
649 2389 744 2417 Petrus
759 2390 820 2422 sim,
839 2391 969 2420 adversus

183 2440 262 2467 quem
275 2437 361 2467 portae
375 2432 454 2460 inferi
468 2440 523 2459 non
539 2433 734 2467 praevalebunt,
748 2435 896 2462 substantia
909 2443 968 2463 mea

183 2485 246 2506 ante
270 2487 332 2506 eum
355 2479 422 2505 nihil
443 2483 495 2506 est.
509 2479 544 2506 Et
559 2479 624 2507 satis
640 2480 749 2515 proprio
774 2482 904 2509 vocabulo
919 2489 969 2509 na-

184 2528 251 2550 tura:
267 2531 332 2550 usus
348 2527 398 2550 est.
413 2523 485 2550 Nihil
509 2523 581 2550 enim
603 2529 645 2551 est
659 2532 756 2556 omne,
772 2526 895 2559 quamvis
911 2534 969 2553 ma-

183 2577 265 2603 guum
283 2569 327 2600 sit,
342 2569 470 2604 quidquid
485 2577 518 2596 ex
531 2569 615 2597 nihilo
630 2574 681 2602 est,
696 2570 769 2598 solus
785 2571 856 2598 enim
871 2576 912 2599 est
926 2572 970 2599 ille

183 2614 228 2646 qui
249 2618 301 2646 cst,
317 2618 345 2640 et
359 2614 405 2649 qui
420 2622 527 2649 semper
540 2619 591 2641 est.
607 2615 703 2642 Nostra
719 2621 808 2642 autem
821 2617 970 2644 substantia

186 2663 312 2692 tanquam
331 2660 399 2686 nihil
413 2664 455 2687 est
470 2664 533 2687 ante
550 2668 612 2687 eum
632 2669 638 2686 :
653 2661 752 2696 quippe
766 2662 827 2696 quia
843 2663 876 2690 ab
891 2670 923 2690 eo
938 2672 971 2690 ex

186 2704 269 2729 n.hilo
281 2710 420 2739 procreata
434 2711 484 2732 est.

224 2748 265 2774 tl.
295 2750 324 2775 ln
351 2751 526 2784 sequentibus
556 2758 620 2778 vero
651 2752 723 2779 velut
747 2753 894 2787 explanans
920 2754 971 2781 hoc

986 1546 1009 1577 ϐ

226 2828 248 2844 ⁸⁸
265 2829 314 2856 lsa.
332 2838 373 2863 χι,
392 2832 432 2858 12.
479 2833 500 2848 δί’
515 2833 597 2860 Matth
625 2843 689 2867 nn,
705 2837 748 2863 50.

794 2838 813 2852 “7
830 2838 839 2863 l
854 2839 915 2865 (lor.
934 2847 990 2871 λιιι,
1006 2845 1046 2871 It),

1033 249 1143 276 nihilum
1165 254 1225 274 ante
1239 252 1264 274 te
1279 253 1331 279 est,
1347 248 1451 274 addidit
1473 253 1501 276 et
1523 248 1591 275 dicit
1608 256 1617 275 :
1639 246 1822 274 Verumtame-

1033 296 1154 321 universa
1167 294 1272 320 vanitas
1289 294 1373 320 omnis
1386 293 1463 320 homo
1484 294 1578 320 rivenr.
1593 292 1745 326 Quomodo
1759 293 1822 319 aeri-

1032 341 1073 374 pis
1090 340 1196 367 vivens?
1214 339 1346 374 siquidem
1363 347 1454 366 veram
1470 340 1551 366 vitam
1569 340 1727 367 vanitatem
1750 344 1822 372 puta-

1032 393 1102 417 mus,
1126 389 1154 411 ιιι
1175 385 1239 420 quid
1267 385 1444 412 laboramus?
1469 384 1522 412 Sed
1544 385 1607 412 vide
1632 392 1671 412 ne
1689 385 1762 412 forte
1776 385 1822 411 hoc

1031 433 1103 467 quod
1125 433 1202 466 dicit,
1225 433 1314 460 omnis
1338 433 1454 466 vivens,
1479 433 1512 459 de
1537 432 1589 460 hac
1611 432 1745 466 praesenti
1771 432 1822 457 vita

1032 479 1220 513 accipiendum
1240 479 1286 512 sit,
1301 479 1370 506 sicut
1384 478 1516 512 scriptum
1530 482 1586 510 est,
1611 482 1641 505 et
1657 478 1822 504 testimoniis

1032 524 1278 559 comprobabimns.
1298 523 1395 552 Omnia
1410 524 1482 551 enim
1500 531 1560 558 qum
1575 524 1601 550 in
1617 524 1670 550 hac
1688 523 1746 549 vita
1762 529 1822 548 sunt

1031 570 1102 604 apud
1117 569 1251 601 homines,
1278 577 1346 595 vana
1370 573 1442 601 sunt,
1465 568 1571 596 etiamsi
1595 568 1706 603 Moyses
1729 568 1757 594 in
1776 568 1822 594 hac

1030 616 1084 641 vita
1101 615 1146 645 sit,
1160 620 1186 640 et
1200 615 1256 648 ipse
1269 615 1342 641 enim
1358 622 1389 641 ex
1402 619 1478 649 parte
1491 614 1641 648 cognoscit,
1655 618 1685 640 et
1699 621 1732 640 cx
1748 618 1823 648 parte

1031 660 1183 694 prophetat,
1199 665 1226 687 et
1240 667 1287 694 per
1298 659 1439 694 speculum
1457 665 1484 687 et
1507 660 1534 686 in
1561 660 1713 694 aenigmate
1737 659 1821 690 videt,

1030 711 1057 733 et
1075 706 1196 733 umbram
1211 705 1272 737 scit,
1294 712 1326 732 ac
1344 704 1444 740 ﬁguras
1470 705 1594 736 docetur,
1621 709 1646 731 et
1673 704 1822 731 veritatem

1031 752 1147 778 nondum
1162 751 1243 783 videt,
1256 754 1284 777 et
1298 750 1359 778 ideo
1378 755 1419 777 est
1436 749 1544 785 quidem
1562 749 1667 782 vivens,
1682 749 1733 776 sed
1751 749 1826 775 vani-

1032 800 1071 823 tas
1083 801 1123 822 est
1139 795 1191 822 vita
1208 796 1278 830 ejus.
1292 794 1325 822 Et
1348 795 1389 822 vis
1412 795 1504 822 videre
1532 795 1595 829 quia
1622 794 1736 821 vanitas
1759 794 1827 822 est?

1030 841 1095 868 Cum
1119 842 1219 868 venerit
1244 841 1314 874 quod
1329 840 1472 875 perfectum
1491 844 1540 873 est,
1567 841 1745 867 destruantur
1773 841 1826 866 ista

1029 895 1086 921 quae
1097 894 1130 913 ex
1145 891 1219 920 parte
1230 891 1290 913 sunt
1307 885 1338 912 ⁸⁷.
1357 885 1444 913 Omne
1461 890 1552 913 autem
1570 886 1642 920 quod
1664 885 1828 912 destruitur

1027 935 1133 962 vanitas
1145 941 1197 962 est.
1209 934 1241 961 Et
1253 934 1276 962 si
1294 934 1427 969 quidquid
1440 941 1473 961 ex
1495 939 1573 969 parte
1591 939 1633 961 est
1652 935 1825 967 destruitur,

1027 979 1049 1006 si
1060 980 1198 1014 prophetat
1214 987 1246 1006 ex
1263 984 1339 1013 parte
1353 983 1529 1012 cognoscunt,
1553 984 1626 1006 recte
1640 980 1730 1007 etiam
1748 981 1825 1014 ipso-

1029 1033 1086 1051 rum
1114 1025 1168 1052 vita
1194 1025 1302 1052 vanitas
1327 1024 1498 1059 appellatur;
1521 1025 1705 1052 destruuntur
1728 1031 1824 1053 autem

1027 1064 1163 1101 inferiora.
1180 1078 1241 1098 cum
1261 1071 1384 1098 verterint
1399 1078 1431 1098 ea
1462 1078 1522 1104 qua:
1552 1070 1670 1098 meliora
1696 1076 1767 1098 sunt
1796 1079 1824 1098 et

1026 1117 1158 1151 perlecta,
1171 1121 1198 1144 et
1212 1124 1259 1151 per
1273 1117 1324 1144 hoc
1337 1123 1405 1143 vana
1420 1123 1479 1144 esse
1496 1121 1661 1150 arguuntur.
1676 1124 1733 1152 per
1749 1119 1822 1152 quod

1025 1166 1152 1196 tanquam
1173 1169 1205 1189 ex
1221 1167 1299 1196 parte
1317 1166 1344 1189 et
1358 1161 1514 1196 imperfecta
1537 1162 1738 1190 destruuntur.
1757 1162 1823 1189 Uni-

1024 1215 1100 1235 veraa
1120 1215 1185 1242 ergo
1206 1208 1318 1241 vanitas,
1333 1208 1416 1234 omnis
1438 1207 1515 1234 homo
1526 1207 1624 1235 uiuens.
1641 1207 1717 1241 Quia
1731 1213 1822 1236 autem

1026 1251 1058 1278 de
1072 1251 1123 1278 hac
1140 1252 1195 1278 Vita
1219 1252 1372 1285 accipiatur
1394 1251 1445 1278 ista
1466 1252 1614 1284 sententia,
1631 1253 1701 1279 audi
1731 1253 1823 1280 Eccle-

1024 1297 1134 1324 siastem
1148 1301 1341 1331 protestantem
1353 1301 1380 1324 et
1395 1297 1527 1324 dicentem
1538 1297 1577 1322 ⁸⁸ε
1590 1296 1719 1324 Laudari
1736 1307 1823 1326 omnes

1022 1341 1067 1376 qui
1083 1342 1178 1368 mortui
1193 1347 1254 1368 sunt
1277 1349 1355 1373 sititer
1366 1349 1453 1368 omnes
1475 1343 1519 1376 qui
1539 1342 1642 1373 vivunt,
1669 1344 1822 1378 quicunque

1023 1386 1074 1420 ipsi
1090 1386 1181 1413 vivunt
1206 1395 1287 1421 usque
1303 1387 1391 1420 modo,
1411 1392 1434 1414 et
1455 1387 1538 1414 bonus
1554 1395 1635 1421 super
1660 1389 1731 1415 istos
1757 1391 1820 1415 duas

1022 1433 1066 1468 qui
1083 1432 1199 1459 nondum
1220 1438 1297 1460 natus
1318 1437 1365 1459 est.
1392 1432 1496 1459 Laudat
1514 1439 1580 1468 ergo
1598 1439 1732 1462 mortuos
1747 1435 1819 1470 plus-

1023 1484 1103 1511 quam
1117 1476 1204 1509 vivos,
1220 1478 1283 1511 quia
1297 1477 1336 1504 illi
1349 1477 1400 1504 hoc
1412 1476 1508 1504 saltem
1526 1477 1595 1505 lucri
1609 1478 1732 1511 habent.
1748 1480 1818 1513 quod

1023 1522 1058 1550 de
1073 1522 1188 1550 vinculis
1208 1523 1287 1556 hujus
1308 1525 1430 1559 corporis
1450 1525 1559 1553 liberati
1579 1530 1657 1557 sunt.
1682 1533 1735 1552 nec
1751 1525 1821 1551 ultra

1024 1575 1104 1595 carne
1119 1575 1151 1595 ac
1171 1567 1284 1602 pellibus
1300 1569 1385 1595 induti
1402 1573 1475 1602 sunt,
1492 1576 1541 1597 nec
1556 1569 1669 1596 ossibus
1681 1576 1716 1596 ac
1729 1571 1820 1596 nervis

1022 1613 1115 1640 inserti
1132 1619 1204 1646 sunt,
1220 1621 1268 1640 nec
1282 1614 1350 1641 ultra
1368 1615 1510 1648 subiacent
1531 1615 1696 1642 necessitati
1722 1623 1819 1650 corpo-

1023 1659 1070 1686 ris.
1096 1659 1125 1686 Si
1151 1666 1217 1694 ergo
1234 1658 1389 1686 intellexisti
1407 1660 1486 1694 quale
1505 1660 1541 1687 sit
1556 1661 1654 1687 vivere
1682 1662 1711 1687 in
1735 1668 1820 1688 carne

1021 1705 1126 1732 etiamsi
1149 1704 1253 1739 Moyses
1267 1705 1303 1731 sit
1324 1705 1395 1740 quis,
1411 1705 1451 1731 vel
1469 1705 1595 1739 quisquis
1615 1706 1662 1733 ille
1678 1712 1744 1739 est,
1762 1715 1820 1733 rno-

1021 1749 1087 1777 lesta
1108 1750 1132 1776 ei
1161 1754 1202 1777 est
1223 1750 1274 1777 ista
1297 1750 1363 1778 vita.
1395 1749 1452 1778 Non
1484 1751 1556 1778 enim
1588 1758 1605 1778 a
1636 1753 1821 1786 corruptione

1023 1795 1177 1829 resolvitur,
1197 1803 1256 1830 quae
1285 1796 1393 1823 mortali
1420 1804 1536 1832 corpore
1565 1802 1737 1832 terrenoque
1763 1799 1820 1825 cir—

1020 1841 1174 1868 cumdatur.
1206 1841 1273 1868 Vide
1298 1849 1362 1876 ergo
1390 1841 1453 1876 quia
1481 1843 1608 1869 universa
1637 1844 1755 1870 vanitas
1778 1850 1821 1871 est

1020 1885 1108 1912 omnis
1135 1885 1217 1913 homo
1241 1886 1344 1919 vivens,
1370 1890 1575 1914 contemnamus
1605 1895 1707 1914 vanam
1737 1889 1818 1915 istam

1019 1931 1114 1962 vitam,
1133 1934 1160 1957 et
1173 1930 1332 1957 festinemus
1355 1931 1388 1958 ad
1410 1937 1533 1958 sanctam
1554 1932 1637 1959 vitam
1655 1937 1684 1960 et
1706 1933 1819 1960 beatam

1019 1983 1051 2004 ac
1068 1983 1171 2006 veram.
1189 1981 1216 2003 et
1240 1976 1265 2004 in
1287 1976 1358 2003 illam
1383 1978 1474 2004 animo
1499 1982 1526 2004 et
1552 1983 1645 2006 mente
1670 1980 1819 2006 tendamus

1019 2022 1091 2049 omni
1108 2021 1228 2048 vanitate
1242 2022 1374 2050 discussa.
1390 2022 1447 2050 Nec
1460 2023 1583 2050 dicamus
1603 2024 1715 2051 dulcem
1735 2026 1817 2052 istam

1019 2068 1118 2100 lucem,
1136 2075 1191 2102 qua
1206 2075 1278 2094 nunc
1292 2067 1404 2094 utimur.
1421 2068 1478 2095 Hoc
1494 2068 1565 2095 enim
1583 2068 1623 2095 illi
1643 2070 1757 2103 dicunt,
1772 2072 1817 2105 qui

1018 2113 1189 2140 dulcedinem
1211 2120 1282 2140 vera:
1307 2112 1376 2140 lucis
1407 2113 1542 2148 ignorant,
1563 2114 1611 2142 sed
1627 2123 1665 2142 ne
1689 2118 1817 2151 auspicia

1018 2159 1126 2194 quidem
1155 2159 1211 2186 veri
1244 2159 1353 2186 luminis
1384 2159 1437 2186 ulla
1468 2164 1623 2191 senserunt,
1644 2169 1698 2188 nec
1725 2163 1818 2189 sciunt

1019 2204 1171 2237 angelicam
1187 2205 1270 2231 vitam
1293 2204 1454 2239 sperandam
1469 2212 1529 2232 esse
1554 2206 1666 2238 animae.
1691 2215 1759 2234 cum
1783 2215 1817 2234 ex

1020 2251 1140 2277 vanitate
1159 2251 1221 2277 vitae
1242 2250 1322 2284 hujus
1349 2252 1497 2280 evaserint.
1524 2251 1600 2279 Unde
1625 2258 1656 2279 et
1682 2261 1740 2281 nos
1769 2255 1815 2288 qui

1021 2297 1077 2323 hzec
1093 2296 1238 2327 credimus,
1257 2296 1312 2331 jam
1337 2303 1427 2325 mente
1441 2302 1468 2325 et
1483 2298 1535 2325 ﬁde
1550 2300 1759 2327 transferantur
1781 2300 1814 2326 ad

1018 2343 1127 2376 coelum,
1152 2347 1180 2370 et
1206 2343 1233 2370 in
1262 2343 1342 2370 terris
1369 2344 1542 2371 ambulantes
1566 2346 1814 2372 conversationem

1018 2389 1165 2416 habeamus
1181 2389 1206 2416 in
1221 2389 1309 2421 cadis,
1321 2393 1350 2416 ut
1364 2389 1401 2416 ibi
1415 2389 1451 2416 sit
1463 2389 1606 2416 thesaurus
1627 2396 1730 2418 noster
1740 2412 1748 2421 .
1767 2391 1813 2417 ubi

1013 2440 1052 2462 est
1066 2440 1093 2462 et
1103 2442 1151 2462 cor
1167 2440 1288 2462 nostrum
1299 2454 1306 2467 ,
1324 2439 1352 2461 et
1370 2439 1400 2460 ut
1417 2442 1530 2469 regnum
1544 2435 1659 2462 ct'eleste
1679 2436 1813 2470 consequi

1014 2489 1177 2511 mereamur.
1188 2488 1235 2514 per
1246 2479 1336 2507 Jesum
1350 2479 1488 2507 Christum
1504 2480 1652 2508 Dominum
1670 2487 1811 2510 nostrum.

1013 2528 1057 2555 cui
1076 2532 1117 2554 est
1134 2527 1221 2562 gloria
1238 2531 1266 2554 et
1287 2532 1408 2562 potestas
1433 2531 1462 2554 et
1485 2527 1636 2562 imperium
1657 2528 1687 2554 in
1711 2530 1812 2556 secuta

1016 2573 1186 2601 masculorum.
1201 2573 1298 2601 Amen.

1313 2628 1452 2657 HOMILIA
1469 2629 1489 2656 ll

1015 2674 1055 2701 De
1080 2677 1169 2702 eodem
1194 2676 1305 2708 psalmo,
1324 2676 1357 2702 ab
1382 2675 1429 2701 illa
1443 2680 1518 2709 parte
1531 2683 1541 2702 :
1557 2685 1567 2701 ι
1580 2675 1763 2703 Verum-tm-
1780 2676 1808 2700 £-

1198 2711 1311 2745 imagine
1334 2711 1477 2744 pertransit
1503 2710 1594 2737 homo.
1620 2720 1630 2737 ι

1049 2755 1206 2790 Quanquam
1242 2756 1269 2782 in
1306 2756 1417 2791 imagine
1446 2756 1563 2783 ambulet
1597 2757 1688 2784 Itonia.
1719 2756 1807 2789 Imago

1085 2845 1107 2860 δ’
1127 2844 1213 2872 Eccic.
1235 2853 1270 2877 Iv,
1291 2845 1318 2872 ‘2.
