1869 3052
45 136 111 164 HOI

373 134 528 163 SELECTA
543 135 577 162 IN
592 133 761 163 PSALMOS.
783 150 817 154 —
836 133 952 162 IIOMIL.
972 134 980 161 I
996 134 1028 161 IN
1044 133 1141 162 PSAL.
1162 133 1304 162 XXXVIII.

1605 130 1614 155 I
1620 130 1633 155 si
1638 131 1671 157 οξ

44 193 201 222 necessario
222 192 337 228 alicujus
355 198 399 220 est
412 194 510 228 imago.
542 193 609 220 Nam
637 198 665 221 et
690 193 829 228 Scriptura
844 196 868 223 Α
884 199 984 227 torum,
1000 200 1080 227 quam
1093 194 1126 220 ad
1144 194 1259 220 nihilum
1276 193 1380 228 rediget
1405 193 1476 221 Deus
1506 193 1532 220 in
1558 194 1670 221 civitate

43 245 135 268 sancta
150 247 211 267 cum
228 239 375 274 imaginem
400 241 534 273 nominat,
560 240 696 268 interdum
721 240 828 274 quidem

42 286 138 314 definit
159 291 185 313 et
208 285 373 321 dicit696
400 285 478 320 cujus
505 286 541 313 sil.
566 286 666 322 imago,
694 287 830 314 interdum

43 337 135 359 autent
166 332 269 366 absque
295 331 349 358 ulla
378 331 539 359 deﬁnitione
567 332 643 366 ponit
672 332 829 368 imaginem.

44 379 164 414 Denique
178 379 210 406 de
226 378 370 405 Salvatore
384 385 449 406 cum
464 379 530 406 dicit
548 379 593 415 qui
607 384 645 406 est
665 379 763 414 imago,
777 387 830 406 non

44 424 119 450 siluit
134 424 212 458 cujus
223 423 313 458 imago
328 428 410 455 esset,
431 425 477 451 sed
496 425 600 452 addidit
613 425 706 452 dicens
719 424 742 440 ἠ
757 434 764 452 :
778 424 831 457 Qui

42 459 90 495 est‘
98 468 185 501 imago
202 467 249 494 Dei
272 468 414 495 invisibilia
425 468 615 503 primogenita:
628 469 712 495 omnia
727 474 832 496 creatu-

43 522 91 542 m.
110 514 141 540 Et
157 522 264 541 rursum
282 521 345 541 cum
360 514 438 540 docet
455 521 503 540 nos
518 514 551 540 de
575 514 691 542 diversis
705 514 832 549 imagini-

43 559 105 592 bus,
121 559 222 594 etquia
245 558 344 594 singuli
359 557 460 593 quique
473 559 592 593 aliquam
609 559 754 592 imaginetu
768 567 832 594 por-

43 609 111 638 tent,
131 605 197 632 dicit
211 605 234 620 '°
250 613 258 632 :
277 604 351 632 Sicut
371 605 533 640 portavimus
564 605 704 639 imaginem
724 607 834 640 terreni,

42 652 80 677 ita
105 655 239 684 portemus
261 651 402 685 imaginem
429 650 551 677 cwlestis.
572 651 638 678 Cum
669 650 837 685 adiectione,

43 696 85 723 Vel
99 696 211 728 terreni,
227 696 268 723 vel
286 696 406 723 caelestis
424 696 568 730 imaginem
589 697 749 726 nominavit.
764 696 833 723 Alibi

42 748 135 769 antem
161 742 264 776 abSque
280 741 333 768 ulla
357 742 517 770 deﬁnitione
542 743 618 774 dicit,
643 743 713 770 sicut
733 747 761 770 et
784 744 835 770 hoc

41 788 104 815 loco
115 788 173 814 ait:
187 787 344 823 Quanquam
363 789 391 816 in
408 790 524 823 imagine
536 789 652 815 ambulet
672 790 760 816 homo.
781 788 834 816 Sed

40 835 69 862 in
85 832 205 868 imagine
219 833 318 868 cujus?
332 834 388 866 Dei,
403 842 436 861 an
453 835 572 870 imagine
585 835 697 868 terreni,
714 842 748 862 an
766 835 832 862 inta-

38 880 106 916 gine
117 879 260 906 caelestis?
275 879 417 913 Quomodo
427 881 514 908 sciam
527 881 554 908 itt
569 880 619 909 hoc
632 881 694 915 quid
708 885 748 907 est
761 881 831 915 quod
849 870 868 897 Β

37 926 144 951 docere
156 932 205 952 nos
218 925 274 952 vult
292 925 434 961 Scriptura
450 926 554 959 divina,
578 935 638 962 qua:
660 927 762 962 alisque
777 927 830 954 ulla

37 969 196 1003 adjectione
210 970 247 997 ait
263 977 270 997 :
284 969 441 1006 Quanquam
456 973 482 999 in
498 973 612 1007 imagine
626 972 730 1008 (nescio
742 973 830 1009 cujus)

36 1015 160 1042 ambulet
178 1015 276 1042 nerito?
293 1015 326 1042 Et
337 1016 359 1043 si
373 1016 483 1050 quidem
497 1017 624 1052 dejustis
639 1017 704 1045 solis
716 1017 830 1051 diceret,

37 1061 104 1087 sine
116 1060 198 1087 dubio
212 1060 334 1093 dixisset,
347 1061 508 1097 Quanquam
524 1062 550 1088 iu
573 1063 690 1098 imagine
711 1064 831 1092 ctelestis

37 1105 166 1132 ambulet
178 1105 268 1133 homo.
284 1106 337 1133 A‘ut
353 1106 374 1134 si
386 1107 419 1134 de
432 1109 623 1142 peccatoribus
639 1113 744 1136 tantum
758 1109 832 1137 dice-

37 1155 97 1182 ret,
132 1150 244 1178 dixisset
274 1156 358 1183 certe,
386 1153 415 1180 In
449 1153 567 1187 imagine
590 1154 690 1181 terreni
713 1154 833 1182 ambulet

36 1196 138 1222 homo.
167 1196 265 1223 Verum
291 1197 417 1231 quoniam
447 1199 610 1233 generaliter
639 1199 674 1226 de
698 1201 833 1228 universis

37 1241 208 1268 mortalibus
234 1241 437 1276 pronumiatur,
462 1250 577 1278 quorum
609 1245 655 1271 alii
687 1245 832 1279 imaginem

35 1287 166 1315 caelestis
184 1293 303 1322 portattt,
320 1290 476 1324 quicunque
496 1291 643 1317 secundum
672 1292 757 1326 legem
785 1292 832 1320 Dei

35 1334 152 1367 vivunt,
165 1334 210 1360 alii
226 1336 326 1362 terreni
350 1335 494 1370 imaginem
509 1341 630 1371 portant,
651 1338 695 1372 qui
714 1339 832 1365 carnali-

35 1384 85 1406 ter
102 1379 213 1408 vivunt:
229 1384 372 1414 propterea
388 1381 542 1408 necessario
559 1381 668 1408 reticuit
689 1382 833 1416 specialem

36 1425 176 1460 imaginis
200 1426 428 1461 designationem,
452 1432 479 1454 et
502 1428 658 1462 generalem
673 1429 833 1455 sententiam

34 1472 77 1499 de
91 1471 221 1498 onmibus
235 1471 390 1499 hominibus
414 1473 539 1507 protulit,
565 1473 627 1507 quia
650 1474 739 1500 omnis
754 1474 835 1501 homo

33 1517 71 1543 in
98 1516 217 1551 imagine
242 1517 372 1543 ambulet.
400 1517 486 1544 Tuum
509 1523 551 1545 est
569 1518 624 1552 jant
649 1519 783 1547 discutere
808 1525 835 1547 et

33 1563 195 1597 exquirere
216 1570 248 1590 ex
274 1563 486 1598 uniuscujusque
508 1565 562 1591 title
590 1570 618 1592 et
631 1565 779 1599 operibus,
808 1571 836 1594 et

34 1608 260 1635 conversatione
275 1613 303 1635 et
319 1609 425 1636 actibus
437 1629 444 1642 ,
457 1616 490 1637 ex
508 1610 720 1644 cogitationibus
734 1618 761 1638 et
777 1619 836 1639 vcr-

32 1655 98 1685 bis,
117 1659 146 1681 et
165 1654 342 1682 considerare
357 1662 445 1682 utrum
465 1656 491 1682 itt
508 1655 627 1689 imagine
643 1656 765 1683 caelestis
780 1663 839 1683 atu-

34 1701 132 1734 Irulet,
150 1708 184 1727 an
201 1701 227 1727 in
242 1700 359 1736 imagine
375 1702 487 1728 terreni.
508 1701 536 1729 Si
553 1702 708 1728 misericors
725 1709 755 1730 cs
768 1702 838 1729 sicut

33 1748 130 1775 Pater
146 1751 206 1773 tuus
222 1746 344 1774 caelestis
357 1747 512 1774 misericors
524 1752 577 1779 est,
596 1749 654 1774 sine
670 1748 753 1774 dubio
769 1748 795 1774 iu
812 1752 838 1774 te

34 1793 138 1821 Patris
153 1793 273 1820 ctelestis
285 1793 374 1828 imago
390 1798 440 1820 est.
453 1793 481 1820 Si
497 1801 550 1820 non
569 1792 657 1820 solum
675 1793 771 1820 amicis
785 1793 839 1820 tuis

33 1839 196 1871 bettefacis,
212 1839 258 1866 sed
278 1839 360 1866 etiam
377 1839 495 1866 inituicis
518 1839 608 1866 reddis
625 1839 695 1866 bona
712 1847 761 1874 pro
779 1846 838 1865 nta—

34 1887 89 1919 lis,
106 1885 179 1912 sicut
196 1884 276 1912 Pater
290 1884 408 1912 caelestis
422 1884 502 1911 solem
516 1892 592 1911 suum
606 1884 670 1911 oriri
683 1884 746 1919 facit
762 1892 840 1918 super

33 1933 130 1959 bonos
150 1935 174 1957 et
195 1930 281 1956 malos
293 1949 301 1962 ,
320 1934 342 1956 et
366 1929 431 1963 pluit
445 1936 523 1962 super
534 1929 622 1962 justas
636 1933 660 1955 et
675 1928 789 1962 injustas
805 1927 839 1960 “,

32 1979 142 2012 imago
158 1977 184 2004 in
204 1981 230 2003 te
244 1977 363 2003 ctelestis
377 1980 427 2002 est.
450 1975 484 2002 Et
505 1974 530 2002 si
555 1975 581 2002 itt
601 1975 728 2002 omnibus
749 1974 839 2008 perle-

30 2031 109 2054 ctus
141 2031 181 2056 es,
212 2023 283 2051 sicut
308 2022 388 2050 Pater
409 2027 470 2049 tuus
496 2021 618 2049 caelestis
633 2021 770 2056 perfectus
789 2024 839 2053 est,

30 2072 142 2106 imago
157 2070 185 2097 in
201 2075 226 2097 te
241 2069 360 2097 ccelcstis
381 2072 433 2096 est.
460 2068 493 2095 Et
508 2075 615 2095 rursum
632 2067 654 2094 si
669 2075 721 2094 non
735 2075 764 2094 es
781 2067 840 2093 imi-

33 2123 122 2147 ιειιοι·
140 2116 241 2143 Christi
253 2124 304 2142 nec
322 2114 435 2148 apostoli
461 2113 549 2146 Pauli,
563 2113 610 2148 qui
626 2112 693 2140 dicit
707 2113 729 2128 ⁸¹
745 2121 753 2140 :
772 2111 840 2139 Imi-

31 2169 150 2192 tutores
164 2163 213 2189 mei
223 2167 316 2195 estote,
333 2162 400 2189 sicut
414 2169 460 2196 ego
476 2160 585 2193 Christi,
604 2161 651 2187 sed
670 2159 794 2187 imitator
812 2166 842 2186 es

881 247 947 271 sua;
964 240 990 267 id
1007 246 1059 273 est,
1077 240 1099 267 si
1115 241 1176 274 quis
1186 240 1284 267 exierit
1298 241 1333 267 de
1350 240 1401 266 hoc
1419 239 1529 273 tuuudo,
1541 245 1568 266 et
1578 239 1670 266 tulerit

881 293 974 313 secum
992 286 1136 320 imaginem
1153 285 1263 318 terreni,
1279 289 1389 320 propter
1400 285 1584 319 hujuscemodi
1603 286 1670 312 ima-

881 332 972 367 ginem
992 332 1018 358 in
1035 331 1146 359 civitate
1162 331 1206 358 illa
1217 331 1263 358 Dei
1276 331 1309 358 ad
1328 331 1441 358 nihilutn
1458 331 1605 366 redigetur,
1622 338 1671 358 nec

882 381 1065 412 consequetur
1078 382 1183 412 partem
1199 377 1269 404 inter
1284 377 1358 404 cives
1374 377 1494 404 cmlestis
1512 376 1585 403 illius
1602 377 1671 403 civi-

883 424 958 456 tatis,
972 423 1018 457 qui
1034 423 1155 450 ctelestis
1166 422 1295 457 imaginis
1319 430 1372 449 non
1396 426 1520 456 reportat
1543 422 1670 456 insignia.

917 468 946 496 2.
968 468 1022 496 Sed
1036 473 1064 495 et
1079 468 1151 495 aliud
1165 472 1368 495 sacramentum
1389 467 1454 494 mihi
1469 467 1577 494 videtur
1588 467 1673 493 conti-

883 520 950 540 nere
975 514 1025 540 iste
1051 513 1212 544 versiculus,
1240 513 1311 547 quod
1341 512 1422 546 hujus
1442 512 1551 546 quidem
1578 510 1671 538 mundi

883 559 938 586 vita
953 563 980 586 et
990 559 1163 587 conversatio
1176 557 1336 594 imaginaria
1349 557 1471 593 quaedam
1485 558 1521 584 sit
1532 561 1559 584 et
1572 556 1672 591 imago.

883 604 973 633 futura
987 611 1078 633 autem
1093 613 1145 632 non
1162 605 1195 632 sit
1217 604 1390 640 imaginaria,
1416 604 1462 631 sed
1479 611 1557 636 vera;
1579 608 1606 630 et
1623 603 1674 630 hoc

883 652 1008 685 estquod
1023 652 1133 683 dicitur,
1149 652 1213 685 quia
1227 651 1372 686 imaginem
1389 650 1469 677 habet
1487 649 1674 683 unusquisque

883 697 1003 730 virtutis,
1020 704 1073 724 non
1091 702 1180 724 tamen
1199 697 1310 732 proprie
1322 701 1350 723 et
1365 696 1472 723 sittcere
1488 695 1554 722 vivit
1573 695 1601 722 in
1616 695 1673 729 ipsa

884 742 998 769 virtute.
1026 741 1091 769 Tale
1119 748 1208 769 autent
1226 742 1297 776 quod
1320 742 1437 769 dicimus
1452 749 1459 769 :
1477 739 1616 775 Sapientia
1644 745 1673 766 et

884 789 996 816 scientia
1009 796 1071 823 pars
1084 792 1126 815 est
1143 796 1242 823 magna
1261 789 1412 821 virtutum;
1437 787 1484 814 scd
1504 787 1532 814 in
1546 785 1674 820 prasenti

883 836 940 861 vita
955 836 977 862 si
997 834 1058 869 quis
1075 838 1151 869 putat
1166 841 1196 861 se
1210 834 1388 868 cognovisse,
1409 834 1528 860 nominat
1548 832 1676 867 cognovit

881 881 952 908 sicut
964 885 1071 916 oportet
1091 880 1162 908 scire
1174 900 1182 913 ,
1207 882 1252 915 qui
1277 879 1349 907 enim
1368 879 1519 913 cognoscit,
1542 879 1569 905 in
1588 877 1674 911 amig-

881 933 953 955 male
966 926 1115 962 cognoscit.
1142 926 1212 960 Ergo
1230 926 1256 953 in
1272 926 1392 960 imagine
1404 926 1527 952 scientias
1548 923 1672 950 ambula-

883 981 942 1000 mus
960 977 987 1000 et
1007 980 1059 999 non
1084 972 1109 999 in
1139 972 1196 1006 ipsa
1212 971 1346 1002 scicntia,
1371 978 1419 1005 per
1440 977 1521 1004 quam
1548 968 1618 995 faeie
1641 968 1674 995 ad

882 1018 979 1045 facient
1003 1018 1193 1052 cognoscitur.
1224 1017 1262 1044 Ita
1293 1016 1471 1044 nihilominus
1503 1019 1532 1042 et
1563 1014 1590 1041 iu
1617 1014 1675 1048 ipsa

882 1063 1021 1098 sapientia:
1035 1062 1173 1097 imagine,
1194 1066 1222 1089 et
1246 1061 1366 1090 nondum
1398 1061 1423 1088 iu
1455 1060 1513 1094 ipsa
1542 1059 1674 1094 sapientia

883 1109 1063 1140 ambulamus,
1091 1110 1154 1142 quia
1181 1108 1302 1135 nondum
1325 1107 1444 1134 revelata
1465 1106 1535 1133 facie
1562 1105 1674 1140 gloriam

883 1155 990 1182 Domini
1016 1154 1203 1190 speculantur.
1225 1154 1326 1181 Eadem
1351 1153 1439 1180 audeo
1453 1151 1603 1186 dejustitia
1628 1150 1674 1177 Dei

883 1202 985 1233 dicere,
1013 1201 1083 1236 quod
1108 1201 1134 1227 in
1162 1200 1280 1234 imagine
1303 1199 1414 1233 justitia:
1442 1197 1623 1228 ambulamus,
1649 1201 1677 1223 et

885 1248 1003 1275 nondum
1023 1247 1049 1274 in
1067 1246 1110 1274 illa
1126 1245 1237 1280 justilia
1264 1252 1326 1280 qua:
1350 1249 1392 1271 est
1418 1243 1489 1270 facie
1518 1243 1552 1270 ad
1579 1242 1676 1269 faciem

884 1293 1045 1321 incedimus.
1070 1293 1163 1326 Neque
1188 1292 1261 1318 enim
1296 1298 1395 1325 capere
1424 1290 1524 1325 poterit
1556 1291 1675 1316 humana

885 1343 985 1365 natura
999 1337 1114 1372 pellibus
1126 1343 1154 1364 et
1170 1344 1253 1363 carne
1269 1337 1367 1363 vestita
1378 1355 1386 1368 ,
1408 1335 1515 1362 ossibus
1534 1339 1562 1362 et
1587 1335 1678 1361 nervis

886 1386 998 1417 inserta,
1014 1386 1112 1411 nudam
1133 1383 1219 1417 ipsam
1233 1382 1349 1417 justitim
1371 1381 1562 1415 sinceramque
1578 1380 1677 1407 verita-

887 1435 939 1458 tem
956 1430 1027 1458 ferre
1042 1434 1069 1457 et
1081 1429 1200 1457 tolerare
1216 1429 1366 1455 secundum
1381 1432 1487 1454 naturae
1506 1433 1565 1453 sum
1579 1431 1677 1460 poten-

886 1477 950 1504 tiam
983 1484 1014 1504 ac
1044 1476 1182 1503 virtutem.
1213 1474 1240 1501 Si
1261 1474 1370 1508 quidem
1403 1474 1460 1508 ipse
1488 1471 1611 1499 Christus
1636 1476 1679 1499 est

887 1526 982 1548 natura
1006 1522 1136 1547 virtutum
1155 1529 1161 1546 :
1178 1520 1236 1553 ipse
1251 1518 1323 1545 enim
1335 1508 1442 1551 iustitia
1454 1537 1462 1550 ,
1486 1525 1546 1551 qua:
1559 1517 1679 1544 humano

887 1567 981 1604 generi
996 1575 1048 1594 uon
1064 1567 1091 1593 itt
1103 1565 1298 1601 plenitudinem
1314 1563 1467 1602 splendoris
1480 1563 1602 1595 advenit,
1614 1564 1678 1598 quia

887 1612 965 1641 Jesus
988 1613 1113 1640 Christus
1131 1611 1250 1645 seipsutn
1278 1610 1430 1637 exiuanivit
1448 1608 1535 1636 forma
1562 1609 1628 1641 Dei,
1648 1613 1680 1635 ut

887 1659 1002 1687 fortnam
1017 1658 1089 1686 servi
1102 1658 1250 1691 acciperet.
1275 1655 1308 1682 Et
1328 1655 1350 1682 si
1366 1655 1475 1689 quidem
1498 1655 1531 1682 de
1553 1654 1619 1681 solis
1632 1653 1679 1681 Ju—

888 1705 953 1732 datis
965 1712 1055 1731 sermo
1069 1703 1218 1737 Scriptura:
1233 1701 1535 1737 loqtteretur,-dixisset
1549 1700 1678 1732 forsitan,

888 1750 1048 1785 Quanquam
1058 1751 1084 1776 in
1101 1750 1196 1776 umbra
1220 1748 1342 1776 ambulet
1369 1748 1450 1775 homo
1468 1756 1475 1774 :
1491 1747 1537 1774 sed
1558 1747 1633 1780 quia,
1651 1749 1680 1773 ut

890 1796 1019 1828 arbitror,
1039 1796 1072 1822 de
1098 1793 1258 1821 melioribus
1283 1800 1374 1820 sermo
1391 1791 1420 1818 iit
1439 1798 1521 1826 quam
1540 1796 1618 1817 erant
1642 1790 1679 1817 illi

890 1841 934 1875 qui
956 1841 1106 1868 secundum
1133 1840 1257 1866 umbram
1284 1838 1352 1873 legis
1367 1837 1512 1871 Ivivebant,
1537 1841 1680 1870 propterea

891 1886 1020 1921 scriptum
1035 1889 1089 1916 cst,
1106 1884 1265 1919 Quanquam
1279 1883 1306 1910 in
1321 1881 1435 1917 imagine
1453 1881 1567 1908 ambulet
1591 1881 1679 1907 homo.

891 1931 967 1965 Quod
986 1930 1086 1957 clarius
1109 1930 1143 1956 ad
1160 1928 1325 1956 intellectqu
1346 1928 1438 1955 veniet
1460 1934 1493 1954 ex
1506 1926 1680 1954 sermonibus

892 1977 1005 2012 apostoli
1019 1975 1106 2009 Pauli,
1119 1977 1165 2010 qui
1179 1980 1234 2002 tres
1247 1975 1380 2009 quasdam
1390 1973 1494 2008 species
1506 1972 1680 2007 proprietatis

891 2022 1016 2056 designat
1039 2021 1065 2048 in
1091 2020 1147 2055 lege
1158 2039 1166 2052 ,
1196 2019 1320 2046 umbram
1337 2019 1431 2046 dicens
1447 2022 1475 2045 et.
1493 2017 1638 2051 imaginem
1654 2021 1682 2043 et

892 2067 1047 2099 veritatem,
1065 2066 1103 2092 ait
1115 2072 1233 2098 namque
1249 2063 1271 2079 "
1289 2073 1296 2091 :
1312 2062 1438 2090 Umbram
1448 2063 1517 2089 enim
1531 2061 1628 2088 habent
1639 2061 1682 2087 lea:

893 2113 1020 2139 (tonorum
1041 2110 1205 2144 futurorum,
1232 2117 1285 2135 non
1309 2109 1393 2143 ipsum
1417 2107 1558 2142 imaginem
1583 2113 1681 2138 rerum,

892 2166 937 2193 per
947 2156 1065 2192 singulos
1084 2163 1167 2182 annos
1181 2154 1273 2181 iisdem
1295 2154 1357 2189 ipsis
1376 2154 1468 2180 hostiis
1485 2160 1551 2187 quas
1569 2151 1683 2186 offerunt

32 2217 165 2246 operum
186 2209 286 2236 diaboli
313 2208 358 2242 qui
381 2206 515 2234 homicida
531 2206 581 2232 l'uit.
602 2206 635 2232 ab
660 2205 738 2232 initio
754 2213 760 2232 :
775 2209 802 2231 et
819 2204 842 2231 si
859 2210 880 2238 ι)
896 2203 1082 2234 indesinenter,
1095 2209 1230 2236 nunquant
1247 2204 1332 2233 potest
1350 2199 1501 2226 accedentes
1520 2199 1606 2232 facere
1625 2205 1684 2229 per-

32 2263 162 2286 lurrcna
186 2255 288 2289 sapias,
309 2259 334 2280 et
357 2257 466 2280 terrena
488 2252 619 2286 loquaris,
648 2254 676 2278 et
698 2250 840 2277 thesaurus

32 2310 115 2333 tuus
133 2306 161 2328 et
181 2308 228 2328 cor
254 2305 328 2326 lltuttt
348 2300 374 2326 in
398 2302 470 2325 terra
488 2298 532 2331 sit,
566 2297 665 2324 terreni
696 2295 840 2330 imaginem

30 2353 158 2386 portas.
177 2347 275 2374 Verum
294 2345 360 2380 quia
375 2344 401 2371 iu
427 2344 469 2371 Itis
482 2344 549 2371 locis
566 2342 669 2370 inventi
687 2350 799 2374 sutnus,
813 2342 841 2368 in

29 2394 153 2431 quibus
176 2393 209 2419 de
236 2391 354 2426 imagine
369 2397 460 2418 sertuo
473 2394 623 2417 connnotus
638 2393 678 2416 est
693 2408 701 2420 ,
716 2395 842 2415 necessa-

28 2444 124 2471 rium
139 2440 247 2466 videtur
262 2439 343 2466 etiam
366 2436 460 2472 psalmi
476 2435 549 2462 illius
566 2434 728 2463 versiculum
744 2433 770 2460 iu
786 2441 843 2460 nte-

27 2488 130 2516 dintn
144 2486 308 2519 producere,
333 2484 360 2510 in
379 2491 434 2518 qtto
458 2483 491 2511 de
508 2481 697 2517 peccatoribus
713 2481 844 2515 scriptum

28 2538 95 2562 est.
111 2532 155 2558 νε
170 2530 292 2563 Domine,
307 2531 450 2557 incivitate
461 2535 507 2556 tua
524 2529 662 2564 imaginem
675 2528 792 2561 ipsorum
811 2527 844 2553 ad

29 2577 170 2608 nihilum
182 2577 292 2612 rediges.
311 2577 422 2604 Constat
434 2582 499 2611 ergo
514 2575 577 2610 quia
591 2578 764 2608 peccatorum
780 2574 846 2599 inta-

28 2627 148 2663 ginetu
166 2623 318 2651 incivitate
344 2630 393 2649 sua
421 2621 493 2648 Deus
518 2622 550 2648 ad
577 2620 693 2648 nihilum
723 2619 843 2653 redigit:

30 2674 191 2703 iustorum
219 2675 310 2697 autem
341 2669 486 2704 imaginem
511 2669 569 2695 sine
599 2667 680 2694 dubio
707 2671 797 2693 tuetur
819 2669 846 2692 ct

28 2729 75 2748 si:
83 2720 160 2744 rvat.
179 2716 241 2743 llaec
258 2721 298 2744 est
311 2723 377 2751 ergo
393 2717 482 2750 imago
498 2714 616 2746 terreni,
633 2714 658 2740 id
684 2717 726 2739 cst
750 2719 846 2746 pecca-

88 2821 118 2836 δθ
136 2819 241 2846 Culoss.
263 2826 281 2847 I.
299 2818 342 2844 l5,
380 2818 402 2833 ⁵⁰
419 2817 426 2843 |
441 2817 503 2843 (Σον.
527 2823 571 2848 μ’,
593 2815 636 2842 40.

30 2869 78 2892 ι,
114 2858 136 2883 l.
174 2854 219 2880 "I
238 2853 322 2880 l‘aral.
342 2861 415 2886 xxix,
439 2852 478 2878 Ib.

675 2814 695 2829 '“
717 2812 811 2841 Matth.
834 2821 859 2848 v,
882 2814 926 2842 45.

894 2251 986 2285 rector.
996 2249 1067 2284 Ergo
1080 2248 1122 2275 lex
1137 2248 1260 2274 umbram
1273 2246 1355 2273 habet
1370 2244 1522 2272 futurorum
1539 2245 1683 2275 bonorum,

895 2304 948 2324 non
965 2296 1050 2329 ipsam
1067 2293 1216 2328 imaginem
1240 2299 1342 2323 rerum,
1366 2289 1510 2317 ostendens
1527 2287 1586 2315 sine
1603 2288 1684 2314 dubio

895 2341 977 2369 aliam
991 2347 1051 2368 esse
1066 2338 1214 2373 imaginem
1238 2344 1328 2363 rerum
1355 2342 1436 2370 quam
1460 2334 1532 2361 illam
1546 2341 1606 2366 qua:
1619 2332 1685 2367 legis

896 2387 992 2414 umbra
1008 2385 1178 2419 designatur.
1208 2382 1242 2409 Et
1270 2382 1293 2408 si
1324 2381 1387 2416 quis
1418 2384 1508 2415 potest
1531 2378 1686 2406 describere

896 2431 1097 2461 observantiam
1117 2429 1190 2457 illam
1204 2427 1312 2456 .ludaici
1327 2426 1430 2459 cultus,
1448 2425 1603 2453 consideret
1618 2428 1687 2451 tetu-

897 2479 971 2514 plmn
986 2477 1051 2504 illud
1065 2485 1118 2504 non
1136 2474 1267 2503 habuisse
1282 2473 1428 2508 imaginem
1449 2479 1551 2503 rerum,
1563 2470 1610 2497 sed
1626 2477 1686 2496 utn-

898 2526 974 2553 bram
990 2533 996 2551 :
1012 2524 1100 2551 videat
1120 2529 1230 2556 quoque
1244 2520 1333 2548 altare
1351 2518 1474 2545 umbram
1495 2524 1554 2544 esse
1567 2536 1575 2550 ,
1597 2516 1686 2543 videat

897 2575 924 2598 et
945 2571 1035 2598 hircos
1061 2574 1088 2597 et
1108 2569 1209 2596 vitulos
1229 2567 1275 2602 qui
1290 2565 1461 2593 adducutttur
1486 2563 1520 2590 ad
1549 2562 1686 2589 victimam

900 2617 1023 2645 umbram
1055 2623 1115 2643 esse
1143 2615 1187 2642 illa
1216 2613 1319 2644 omnia,
1348 2610 1496 2638 secundum
1528 2609 1592 2636 illud
1615 2608 1688 2642 quod

899 2664 1031 2698 scriptum
1047 2666 1089 2689 est
1102 2661 1126 2676 ⁸⁵
1143 2669 1149 2686 :
1166 2659 1266 2687 Umbra
1289 2658 1362 2686 enim
1379 2660 1416 2683 ett
1435 2657 1488 2682 vita
1507 2661 1596 2681 nostra
1612 2662 1691 2688 super

899 2716 1007 2738 (errant.
1027 2709 1055 2736 Si
1076 2709 1138 2743 quis
1156 2715 1219 2734 vero
1233 2707 1350 2734 transire
1362 2703 1480 2739 potuerit
1504 2702 1539 2730 ab
1556 2701 1607 2728 hac
1628 2708 1689 2727 um-

1565 2799 1586 2813 “
1606 2801 1687 2829 Ilcbr.

966 2813 987 2828 ⁸³
1007 2813 1014 2839 l
1035 2812 1097 2839 Cur.
1121 2818 1158 2842 st,
1179 2810 1203 2837 I.
1243 2809 1265 2825 ’”
1284 2807 1354 2835 Psal.
1373 2814 1459 2839 Lxxtt,
1478 2806 1523 2832 20.
