1869 3052
223 133 291 160 illi?)

916 127 960 155 EX
980 126 1129 154 OlllGENE
1755 130 1792 158 lilii

223 192 282 224 bra,
297 190 387 217 veniat
412 190 445 217 ad
469 190 613 224 imaginem
639 195 729 216 rerttm
751 193 780 215 et
804 187 894 215 videat
912 187 1050 217 adveu-A
1066 186 1140 220 ipsos
1162 186 1279 220 probare
1307 186 1333 214 iu
1360 186 1405 214 illo
1430 195 1513 222 opere.
1540 192 1568 214 et
1591 187 1616 214 in
1643 188 1682 214 illo
1703 196 1794 221 sermone,

225 243 280 263 lttut
307 236 388 271 397
411 236 511 262 Christi
535 236 561 262 iu
580 242 664 262 carne
686 235 806 267 factum,
829 235 921 262 videat
952 243 1013 263 enirn

225 283 390 316 pontiﬁcum,
400 281 557 308 offerentem
566 281 675 315 quidem
687 285 714 308 et
730 289 801 308 nunc
814 281 886 308 Patri
899 282 1013 314 hostias,

224 332 252 353 et
267 326 438 362 postmodum
455 325 608 353 oblaturum
624 333 631 352 :
650 331 678 352 et
700 326 834 361 intelligat
853 327 910 353 tunc
923 327 1013 353 omnia

225 373 356 405 imagines
381 379 440 398 esse
461 370 624 406 spiritalium
646 379 756 402 rerum,
775 376 803 398 ct
827 372 1016 405 corporalibus

225 417 320 444 officiis
329 416 449 444 caelestia
458 417 591 449 designari
598 435 603 442 .
610 416 701 452 imago
708 424 772 452 ergo
781 416 879 444 dicitur
886 417 936 444 hoc
945 418 1016 451 quod

225 463 353 497 recipitur
361 462 393 490 ad
406 471 534 497 praesens,
542 467 569 490 et
580 463 677 490 intueri
687 468 776 497 potest
786 464 1013 491 humauauatura.

226 509 254 534 Si
271 513 347 543 potes
363 514 453 536 mente
469 514 496 535 et
509 509 600 536 animo
611 514 758 543 penetrare
775 509 870 541 caelos,
889 514 918 536 et
940 510 1015 544 sequi

225 553 317 580 Jesum
335 554 380 588 qui
398 553 549 588 penetravit
562 553 657 587 ct‘elos,
673 554 818 581 ctassistit
835 561 907 581 nunc
931 554 1015 580 vultui

227 599 274 626 Dei
286 607 335 633 pro
344 600 430 629 nobis.
440 600 476 626 ibi
490 600 664 628 inveniesilla
679 601 747 627 bona
762 608 879 635 quorum
893 601 1016 628 umbram

227 645 321 672 habuit
336 645 388 678 lex,
399 652 425 672 et
443 645 587 681 imaginem
603 645 728 674 Christus
743 647 860 674 ostendit
878 647 904 673 in
922 654 1015 679 carne,

225 698 286 724 clune
301 697 455 725 purpurata
474 696 540 718 sunt
560 692 658 724 beatis,
677 699 737 726 quae
757 700 806 719 uec
821 692 919 720 oculus
941 692 1016 725 vidit,

227 744 276 763 nec
298 737 373 764 auris
396 737 517 770 audivit,
540 745 590 764 nec
614 737 639 764 in
665 745 714 765 cor
737 738 856 765 hominis
882 739 1016 765 ascendit.

227 783 294 815 Quae
308 791 370 810 cum
384 783 486 811 videris
500 784 635 819 intelliges
650 785 714 819 qttia
730 785 775 819 qui
795 785 821 812 in
843 785 908 820 ipsis
921 785 1017 812 ambu-

227 829 276 862 lat,
290 833 318 856 et
335 829 361 856 iu
380 829 488 856 illorum
506 831 642 858 desiderio
660 837 688 858 et
706 832 855 865 cupiditate
870 831 1016 866 perdurat,

228 875 280 902 iste
295 883 349 901 non
363 875 389 902 iu
406 876 533 910 imagine,
550 876 596 903 sed
622 877 648 903 in
666 877 724 911 ipsa
739 877 795 910 jam
810 877 931 904 ambulat
944 878 1016 904 veri—

229 925 295 948 tate.
313 919 502 948 Verumtamen
522 922 548 948 in
569 922 684 957 imagine
697 923 814 950 ambulat
828 924 915 952 Itonia.
929 923 1017 958 Repe-

229 972 318 1002 tamus
332 973 398 1001 ergo
415 975 569 996 sermonem
586 969 661 996 illum
676 977 757 1004 quem
776 970 846 996 dixit
857 971 1018 1005 Apostolus,

229 1012 256 1039 in
271 1020 325 1047 qtto
338 1014 481 1046 generales
499 1017 568 1042 duas
596 1015 729 1050 imagines
748 1016 914 1051 designavit,
937 1025 1017 1044 uuam

227 1059 338 1092 quidem
355 1064 503 1091 terrenam,
521 1062 602 1089 aliam
622 1069 686 1088 vero
699 1061 850 1093 carlestem,
866 1067 892 1089 et
907 1070 1018 1097 compa-

229 1113 319 1134 remus
332 1106 365 1133 ad
383 1107 444 1139 hoc,
455 1106 613 1142 Quanquam
625 1108 652 1134 in
667 1108 781 1142 imagine
794 1107 911 1135 ambulat
922 1108 1018 1140 homo;

226 1156 253 1178 et
279 1151 332 1180 hoc
360 1153 432 1187 quod
461 1154 628 1188 generaliter
654 1154 758 1181 dictum
774 1159 833 1185 est,
863 1154 890 1180 in
920 1153 1019 1181 multas

227 1199 333 1232 species
344 1199 505 1230 dividamus,
524 1204 553 1226 ut
568 1207 629 1226 eum
645 1199 777 1226 dividitur
792 1205 883 1226 sermo
901 1207 949 1233 per
961 1199 1020 1225 sitt-

226 1245 286 1277 gula
316 1250 398 1279 atque
425 1245 587 1277 discutitur,
607 1246 740 1272 clarescat
759 1245 831 1279 quod
856 1245 1020 1271 intrinsecus

228 1289 303 1318 latet.
319 1290 375 1318 lloc
393 1297 432 1318 est
444 1296 535 1318 autem
555 1292 626 1325 quod
639 1291 755 1319 dicimus
772 1291 886 1318 :Omuis
900 1294 1020 1325 potestas

228 1335 349 1368 iuitnica,
367 1342 394 1361 et
407 1343 577 1370 unaquatque
593 1337 679 1362 virtus
698 1336 789 1363 divina
810 1343 871 1369 qua:
889 1335 1019 1362 auxilium

227 1386 338 1415 przestat
356 1381 399 1408 liis
409 1382 454 1416 qui
473 1381 588 1408 salutem
605 1382 735 1416 consequi
752 1382 867 1416 cupiunt
881 1389 888 1409 :
907 1381 1020 1415 singulae

229 1429 324 1454 harum
333 1428 465 1461 imagines
474 1428 607 1462 quasdam
616 1428 773 1462 exprimunt
785 1427 810 1454 iu
825 1427 912 1453 anima
926 1434 1019 1454 eorum

227 1474 273 1508 qui
291 1481 321 1501 se
338 1475 371 1501 ad
388 1473 591 1507 receptaculum
611 1481 705 1500 earum
722 1473 840 1500 diversis
864 1474 961 1501 studiis
974 1481 1021 1500 ex-

229 1520 332 1547 hibent.
346 1519 428 1546 Verbi
443 1519 542 1554 gratia,
559 1520 630 1546 sicut
646 1520 771 1554 superius
783 1519 912 1552 diximus,
925 1528 1020 1548 omnes
1035 1527 1055 1555 ο

227 1567 337 1600 quidem
361 1566 500 1597 homines,
522 1570 568 1591 aut
591 1565 722 1596 cmlestis,
739 1571 786 1592 aut
803 1567 904 1593 terreni
922 1567 1017 1600 imagio

229 1621 290 1639 ucm
303 1617 455 1646 portamus,
472 1613 519 1639 sed
534 1617 561 1639 et
578 1612 604 1638 in
621 1612 664 1639 his
677 1612 742 1647 ipsis
758 1612 842 1639 multa
862 1613 1016 1640 diversitas.

228 1658 328 1690 lhputa
351 1658 440 1684 ontnis
467 1662 596 1692 peccator
622 1662 712 1692 portat
730 1658 875 1692 imaginem
906 1658 1018 1689 terreni,

228 1704 276 1730 sed
295 1711 348 1730 non
364 1703 452 1730 omnis
470 1703 596 1730 similiter
614 1713 621 1731 :
639 1711 691 1730 non
709 1711 786 1737 asque
800 1704 944 1738 imaginem
963 1709 1018 1730 ter-

229 1751 288 1776 rcui
307 1755 397 1784 portat
426 1750 562 1777 homicida
587 1755 615 1776 et
645 1750 773 1781 mendax,
794 1755 841 1777 aut
864 1750 972 1776 adulter
990 1754 1019 1777 et

229 1796 421 1828 rouviciosas,
455 1801 502 1823 aut
534 1804 678 1830 puerorum
712 1800 858 1830 corruptor
890 1801 917 1824 et
950 1796 1014 1828 fur,

228 1843 353 1878 quamvis
383 1849 478 1869 omnes
509 1842 553 1869 isti
584 1842 683 1869 terreni
716 1843 863 1876 imaginem
893 1847 1019 1876 portent,

231 1890 278 1916 sed
296 1890 379 1916 multa
395 1893 434 1915 est
454 1889 525 1915 inter
542 1889 616 1923 ipsos
629 1888 781 1915 differentia
797 1896 846 1922 pro
861 1888 1020 1915 diversitate

228 1936 343 1970 peccati.
369 1933 526 1961 Secundum
545 1934 593 1959 has
606 1940 672 1968 ergo
695 1933 868 1959 diversitates
893 1932 1021 1967 imaginis

229 1980 342 2013 terreni,
370 1979 555 2013 contemplare
578 1979 660 2005 etiam
679 1978 866 2006 diversitatem
892 1978 1020 2011 imaginis

228 2026 360 2056 caelestis,
383 2029 410 2051 et
431 2024 538 2051 intuere
558 2024 671 2050 Paulum
697 2029 849 2057 portantem
874 2025 1019 2059 imaginem

228 2071 358 2104 rmlesﬁs,
372 2074 399 2096 et
413 2070 597 2097 Timotheum.
612 2070 643 2097 Et
658 2071 742 2104 quid?
759 2075 886 2104 putamus
900 2071 964 2105 quia
978 2071 1017 2098 si-

229 2115 330 2142 tuilitcr
346 2120 374 2141 ιιι
389 2115 414 2141 in
435 2114 527 2146 Paulo,
543 2115 580 2141 ita
601 2119 628 2141 et
649 2115 674 2141 in
695 2114 838 2142 Timotheo
855 2120 913 2142 erat
929 2116 1018 2150 imago

227 2161 367 2188 cmlcstis?
382 2161 452 2188 Nihil
475 2161 607 2196 amplius,
631 2160 695 2187 uiltil
719 2161 876 2195 praeclarius
897 2161 1016 2188 habebat

1067 238 1158 259 utrttm
1173 233 1303 265 cmlestis,
1323 241 1357 260 an
1377 238 1484 260 terrena
1505 234 1592 268 imago
1613 234 1724 261 inanima
1738 243 1794 262 nostri

1067 278 1232 312 depingitur.
1257 278 1309 305 Sed
1331 284 1358 305 et
1374 278 1440 305 illml
1463 279 1609 306 admouere
1622 286 1666 306 vos
1682 280 1756 307 inutile
1765 290 1795 308 neti

1066 325 1209 356 videbitur,
1228 325 1300 359 quod
1319 325 1398 352 multi
1412 325 1437 352 in
1454 325 1506 352 hoc
1519 326 1618 353 mundo
1631 332 1725 361 propter
1736 328 1795 361 imagi-

1067 378 1116 397 nes
1133 371 1266 397 malorum
1284 378 1389 405 regum,
1402 371 1458 398 imo
1472 372 1561 406 potius
1576 376 1733 406 tyrannorum
1742 375 1797 407 petie-

1068 421 1142 448 runt,
1158 424 1207 451 pro
1220 416 1272 444 hoc
1281 417 1469 455 tantummodo
1481 417 1551 451 quod
1566 419 1702 452 tyrannica!
1712 420 1796 452 apudet);

1069 462 1201 496 imagines
1213 463 1388 496 deprehensa
1399 468 1472 495 sunt,
1490 467 1516 489 et
1537 463 1587 490 hoo
1598 464 1678 490 solum
1691 464 1724 491 eis
1731 465 1798 491 suffecit

1068 508 1102 534 ad
1118 508 1231 535 crimen.
1249 508 1442 536 Perscrutelur
1455 516 1521 542 ergo
1536 517 1607 535 nunc
1620 516 1648 536 se
1665 511 1798 544 unusquisque

1068 559 1201 587 vestrum,
1215 559 1242 580 et
1255 554 1347 582 curdis
1360 554 1400 581 sui
1416 561 1516 581 arcana
1534 559 1680 585 recenseat.
1690 562 1716 582 ac
1726 555 1800 589 diligat

1070 605 1110 626 lcr
1128 600 1248 634 inquirat
1263 607 1331 634 quas
1351 600 1388 627 ibi
1412 599 1545 635 imagines
1564 604 1650 633 gerat.
1672 599 1697 627 Si
1719 600 1801 626 inventu

1071 645 1154 672 fueris
1182 645 1282 673 habere
1309 646 1344 672 ibi
1377 645 1478 672 formas
1521 645 1621 673 diaboli
1651 651 1677 673 et
1698 646 1801 680 imaginem

1070 692 1189 724 Satanat,
1205 692 1276 726 quod
1294 692 1341 719 tibi
1360 692 1411 719 erit
1428 692 1490 719 vita:
1505 692 1650 726 refugium,
1662 692 1715 727 quis
1729 692 1803 718 misere

1069 739 1142 765 hitur
1156 738 1205 770 tui,
1217 745 1278 765 cum
1298 737 1331 765 de
1353 737 1449 764 intimo
1464 737 1588 764 conclavi
1602 737 1688 764 cordis
1701 737 1732 763 tui
1744 741 1803 771 tyntr

1070 784 1129 811 nica
1149 784 1238 818 imago
1253 783 1428 818 proferetur?
1444 783 1491 811 Sin
1509 788 1600 810 autem
1622 783 1660 811 vis
1672 787 1698 810 ut
1712 789 1750 816 per
1765 789 1803 816 spe

1069 829 1125 857 cies
1139 830 1186 857 tibi
1205 830 1359 865 huiusmodi
1387 830 1519 865 imagines
1544 829 1688 864 designem,
1701 829 1758 856 Indi.
1773 828 1805 858 In.

1070 876 1160 911 imago
1190 877 1333 911 tyrannica
1359 881 1414 909 est,
1439 876 1566 908 avaritia,
1594 876 1685 908 dolus,
1708 876 1806 909 superbit.

1069 926 1169 952 tumor,
1188 922 1280 957 gloria:
1309 922 1465 954 saecularcs,
1493 923 1613 952 iuvidize,
1637 923 1766 953 ebrietates,
1779 928 1806 947 at-

1070 969 1261 1000 illest-lationes,
1278 973 1305 995 et
1319 968 1361 995 his
1372 969 1482 995 similia.
1495 968 1570 1001 Quas
1583 968 1605 994 si
1621 976 1669 995 non
1685 967 1750 994 citius
1762 966 1808 999 abji-

1069 1014 1140 1040 ccris
1154 1014 1188 1041 de
1202 1014 1283 1041 domo
1300 1019 1358 1045 tua,
1374 1014 1396 1041 si
1410 1021 1462 1040 nou
1475 1013 1630 1040 detraxeris
1647 1018 1671 1039 et
1688 1012 1807 1039 ahrascrisa

1070 1060 1194 1087 sensibus
1213 1059 1265 1086 tuis
1276 1067 1385 1086 omnem
1400 1060 1490 1086 lucum
1506 1059 1632 1092 pessiuue
1646 1059 1716 1093 hujus
1726 1059 1808 1092 pictum

1070 1111 1098 1132 et
1115 1114 1196 1133 omne
1215 1105 1374 1141 figmentum
1400 1105 1526 1132 venenati
1557 1105 1659 1132 coloris
1682 1104 1807 1131 absterseria.

1071 1151 1135 1186 ipsae
1155 1156 1181 1178 te
1200 1152 1331 1185 imagines
1352 1152 1440 1185 perire
1465 1151 1578 1178 facient.
1603 1150 1663 1177 ilice
1679 1151 1707 1177 de
1723 1156 1749 1176 co
1765 1148 1809 1182 quoi

1071 1198 1203 1232 scriptum
1218 1203 1259 1225 est
1275 1206 1282 1224 :
1301 1198 1334 1225 In
1348 1197 1462 1232 imagine
1477 1197 1599 1224 ambulat
1615 1198 1696 1224 Itonia.

1108 1267 1135 1295 5.
1153 1267 1284 1302 Sequitur
1300 1275 1306 1293 :
1324 1266 1496 1294 Thesaurizat
1512 1272 1536 1293 et
1548 1267 1654 1302 ignorat
1668 1267 1810 1298 cuirongngtt

1072 1322 1113 1340 ea.
1125 1314 1275 1348 Oportebat
1287 1314 1361 1340 enim
1380 1313 1480 1348 requiri
1496 1321 1556 1348 quae
1574 1319 1638 1340 suttt
1655 1320 1708 1347 qute
1721 1309 1809 1338 thesauri-

1072 1364 1171 1386 zaulur
1187 1365 1214 1386 et
1231 1359 1393 1394 ignorantur
1409 1360 1453 1386 ctti
1468 1362 1810 1394 congregentur,elqut-sum

1072 1413 1132 1438 (ιιιίιξ
1142 1411 1341 1440 congregantur
1354 1410 1381 1433 et
1397 1414 1450 1432 non
1464 1406 1628 1440 ignorantur
1638 1405 1678 1432 cui
1689 1406 1809 1438 permanent.

1073 1451 1220 1485 Sequitur:
1240 1451 1272 1478 Et
1291 1459 1359 1478 nunc
1382 1460 1441 1485 qua:
1457 1457 1496 1478 est
1513 1452 1672 1483 exspectatio
1686 1449 1810 1476 meafuom

1074 1497 1227 1525 Dominus?
1252 1497 1328 1524 Sicut
1345 1498 1477 1532 sapientia
1503 1503 1598 1525 nostra
1616 1497 1729 1525 Christus
1745 1498 1780 1522 est.
1795 1496 1810 1517 El

1071 1544 1175 1578 justitia
1188 1543 1315 1571 Christus
1328 1548 1379 1576 est,
1389 1544 1539 1571 secundum
1551 1544 1626 1578 quod
1638 1538 1804 1576 scriptumst"

1074 1589 1125 1622 Qui
1143 1589 1230 1623 {actus
1251 1595 1288 1616 est
1309 1590 1439 1621 sapientia
1458 1590 1532 1617 nohis
1547 1598 1565 1616 α
1589 1590 1655 1621 Deo,
1674 1593 1696 1615 et
1708 1587 1784 1623 iustitia
1798 1589 1810 1608 tl

1073 1636 1251 1668 sanctiﬁcatio
1264 1641 1288 1662 et
1307 1636 1466 1667 redemptio;
1481 1637 1517 1662 ita
1538 1640 1566 1663 et
1581 1635 1744 1670 exspectatio.
1759 1632 1776 1658 id
1789 1637 1812 1656 εει

1073 1681 1206 1715 patientia
1229 1686 1322 1708 nostra
1346 1681 1472 1708 Christus
1496 1686 1548 1707 est.
1566 1679 1708 1714 Propterea
1722 1685 1762 1704 non
1779 1675 1811 1709 εἶα·

1074 1728 1159 1754 rietttr
1174 1727 1283 1762 sapiens
1301 1728 1327 1754 iu
1345 1727 1490 1761 sapientia,
1508 1734 1559 1753 ttcc
1575 1727 1655 1753 fortis
1668 1726 1692 1752 in
1703 1721 1813 1751 loriilndin!

1072 1779 1131 1804 sua,
1144 1773 1206 1806 quia
1224 1773 1314 1799 omnia
1329 1773 1462 1800 habemus
1477 1771 1504 1799 in
1531 1772 1656 1800 Christo.
1669 1771 1698 1798 Et
1712 1776 1767 1796 nunc
1775 1774 1813 1800 ειει

1072 1825 1132 1852 qua:
1157 1822 1198 1845 est.
1212 1819 1389 1853 exspectatio,
1411 1818 1436 1846 id
1465 1824 1506 1846 est
1528 1819 1666 1853 patientia
1683 1816 1748 1844 mea?
1761 1814 1814 1841 Dom?

1073 1871 1132 1890 nus.
1154 1863 1187 1890 Et
1204 1865 1353 1892 substantia
1370 1873 1426 1892 utea
1444 1873 1459 1892 a
1477 1869 1501 1891 te
1514 1872 1565 1892 est.
1588 1865 1616 1892 Si
1634 1864 1715 1891 habeo
1732 1862 1814 1888 substan-

1074 1911 1139 1949 tiam
1156 1910 1312 1939 divitiarum
1334 1911 1509 1945 spiritalium,
1534 1919 1550 1938 a
1579 1912 1636 1939 Deo
1653 1916 1700 1938 est.
1717 1907 1813 1941 Iunii“?

1072 1957 1144 1983 enim
1163 1957 1233 1984 Deus
1246 1957 1271 1984 in
1281 1957 1377 1991 faciem
1392 1958 1511 1985 hominis
1523 1958 1650 1993 spiritum
1661 1957 1723 1988 rita,
1735 1954 1813 1986 afaf-'1‘

1072 2001 1195 2029 εειΙιοηιο
1209 2003 1236 2030 in
1256 2003 1375 2030 animum
1390 2003 1473 2030 uiuant
1484 2003 1518 2030 ⁵⁸.

1107 2069 1135 2097 Δ.
1151 2069 1189 2095 Ab
1204 2069 1324 2096 omnibus
1341 2069 1524 2104 iniquitatibus
1540 2069 1607 2096 meis
1621 2068 1688 2101 eripe
1700 2075 1742 2093 me.
1753 2064 1812 2091 Neria—

1072 2116 1145 2142 sario
1169 2114 1274 2141 addidit
1299 2114 1331 2142 ab
1359 2114 1492 2145 omnibus,
1510 2121 1560 2148 pro
1588 2113 1695 2141 scilicet
1716 2110 1771 2138 nulla
1787 2115 1813 2133 mh

1074 2165 1163 2188 teneat
1177 2165 1202 2188 et
1218 2161 1388 2195 constringat
1406 2160 1547 2196 iniquitas.
1564 2160 1621 2187 Sed
1634 2157 1755 2194 quomodo
1773 2153 1813 2180 Dem

229 2207 319 2240 imago
333 2205 407 2232 Pauli
427 2211 525 2241 pra-ter
537 2205 684 2239 imaginem
703 2205 855 2233 Timothei?
871 2206 926 2241 Ego
940 2206 1015 2234 arbi-
1033 2198 1058 2227 Ι)
1075 2206 1109 2233 ab
1128 2206 1321 2241 iniquitatibus
1338 2205 1449 2240 eripiat,
1470 2205 1690 2232 consideremus.
1719 2202 1743 2229 Si
1762 2197 1814 2234 βαιά·

230 2258 287 2279 tror
294 2252 355 2288 quia
365 2252 513 2280 secundum
522 2252 572 2279 hoc
581 2251 651 2286 quod
664 2252 833 2286 praecedebat
842 2253 903 2279 vitae
912 2253 1019 2285 merito,

228 2299 303 2326 verbi
320 2298 452 2334 potentia,
465 2299 688 2333 magnanimitate
709 2299 840 2333 propositi
859 2299 957 2326 Paulus
972 2299 1019 2327 Ti-

229 2346 380 2377 ntotheuut,
396 2346 432 2372 ita
452 2351 479 2371 et
493 2345 519 2371 iu
539 2345 583 2371 illo
603 2344 688 2377 maior
702 2352 734 2371 ac
747 2345 914 2379 splendidior
938 2346 1020 2373 reful-

227 2391 308 2426 gebat
320 2391 410 2426 imago
426 2390 556 2421 caelestis,
571 2390 681 2424 qualem
698 2390 724 2416 iu
748 2390 794 2417 illo
812 2390 929 2418 faciebat
949 2391 1018 2418 ima-

227 2438 316 2471 ginem
331 2436 469 2468 Christus,
488 2443 549 2462 cum
569 2436 596 2462 in
609 2444 641 2462 en
654 2436 811 2470 loqueretur
828 2445 834 2463 :
852 2442 878 2463 ct
895 2437 974 2463 aliam
990 2442 1017 2464 et

225 2483 319 2518 longe,
339 2487 366 2509 ut
384 2490 434 2517 ego
456 2482 586 2512 arbitror,
616 2481 774 2509 inferiorem
801 2483 826 2509 in
842 2482 887 2509 illo
902 2482 1018 2510 faciebat

229 2530 377 2564 imaginem
389 2529 434 2563 qui
452 2529 560 2556 diccbat
572 2529 596 2545 '°
610 2538 618 2556 ε
635 2527 667 2554 Et
682 2529 749 2555 dixit
760 2529 868 2564 angelus
877 2529 1018 2564 quiloque-

229 2575 308 2601 batur
327 2575 354 2601 in
371 2583 419 2607 mc,
433 2579 461 2601 et
471 2575 509 2601 sic
525 2582 573 2610 per
592 2574 696 2608 singula
719 2575 799 2601 etiam
817 2575 888 2609 apud
903 2577 1017 2610 teipsum

226 2622 382 2655 requirens,
398 2622 586 2650 diversitatem
604 2622 724 2650 iuvonics
749 2622 876 2656 imaginis
894 2622 951 2649 sive
964 2626 1018 2649 ter-

226 2672 301 2693 rena:
314 2666 339 2693 in
352 2667 549 2700 peccatoribus,
561 2668 618 2695 sive
635 2667 755 2695 cmlestis
769 2668 796 2694 in
810 2668 920 2694 sanctis.
931 2667 1017 2694 Omne

225 2718 293 2745 ergo
309 2713 381 2746 quod
400 2713 491 2747 agitur
508 2722 522 2740 a
544 2714 622 2741 uoltis
643 2722 692 2748 per
721 2713 841 2748 singulas
867 2713 948 2740 horas
973 2712 1016 2738 vel

228 2762 377 2790 momenta,
390 2759 534 2793 imaginem
549 2760 668 2794 aliquam
683 2759 818 2786 deformat
833 2767 840 2785 :
855 2764 883 2786 et
894 2759 955 2786 ideo
968 2766 1015 2792 per

225 2802 335 2834 {lngula
349 2805 464 2830 scrutari
480 2805 609 2832 dchcmus
623 2811 700 2833 actus
719 2810 837 2837 nostros,
852 2810 879 2833 cl
899 2809 1016 2832 nosmet-

269 2849 290 2864 “
305 2849 387 2876 Zath.
403 2858 423 2882 ι,
443 2852 486 2878 Ν.
523 2853 543 2868 ⁵⁷
560 2852 570 2879 l
587 2855 649 2880 (lor.
663 2863 681 2886 t,
697 2854 740 2881 30.
780 2855 802 2870 ³⁸
817 2854 884 2882 Gott.
900 2861 928 2887 tl,
947 2853 972 2880 7.

1075 2257 1163 2279 lentes
1181 2259 1231 2287 pro
1249 2252 1328 2279 malis
1343 2253 1427 2287 gestis
1438 2258 1637 2280 convertamur
1647 2252 1680 2278 ad
1696 2250 1813 2278 Deum,susr

1074 2298 1177 2332 t-ipieus
1201 2306 1215 2324 a
1238 2299 1314 2325 nobis
1329 2299 1401 2326 Deus
1420 2299 1632 2326 conversionem
1649 2293 1814 2325 nostramdlr"

1073 2343 1204 2370 lationem
1223 2344 1400 2378 iniquitatum
1417 2345 1501 2371 donat
1528 2344 1682 2372 secundum
1707 2343 1810 2368 ιιιριιευηω

1073 2390 1269 2416 conversionis.
1285 2390 1333 2417 Cui
1349 2390 1420 2416 enim
1438 2389 1498 2424 plus
1512 2391 1675 2421 remittitur,
1687 2388 1738 2423 plus
1748 2383 1812 2415 dilitii-

1071 2440 1098 2462 et
1113 2441 1255 2470 propterea
1270 2436 1371 2462 dicitur
1381 2437 1404 2452 "
1417 2436 1479 2470 quia
1490 2436 1601 2463 mulieri
1613 2437 1652 2463 illi
1663 2436 1736 2462 multa
1745 2431 1811 2459 rauim

1071 2486 1144 2512 sunt,
1161 2481 1222 2516 quia
1240 2482 1331 2509 dilexit
1348 2483 1471 2509 multant.
1493 2482 1547 2509 Pro
1561 2490 1690 2509 mensura
1701 2487 1754 2514 ergo
1762 2474 1812 2511 im."

1073 2529 1176 2561 tentias,
1197 2528 1367 2556 remissionis
1384 2529 1522 2563 quantitas
1544 2530 1720 2556 moderatur:
1737 2532 1762 2552 ne
1778 2528 1811 2547 πίεν

1073 2576 1203 2610 metipsos
1227 2575 1401 2607 sedncamus,
1422 2580 1550 2610 putantes
1569 2575 1656 2602 nullis
1671 2575 1723 2601 lure
1743 2567 1811 2603 τριυῦε·

1072 2621 1152 2648 nullis
1163 2621 1315 2656 dispensari
1327 2621 1449 2654 iudiciis.
1461 2620 1546 2656 698
1561 2620 1635 2648 Puto
1648 2620 1715 2647 cuitu
1730 2616 1809 2651 quoii”

1070 2675 1164 2695 omnes
1174 2668 1294 2701 justitias
1304 2667 1465 2702 impleverit,
1484 2668 1528 2694 ille
1541 2675 1644 2695 ontues
1659 2666 1741 2694 abluat
1751 2663 1811 2693 iui‘l‘l‘

1071 2718 1152 2746 tates,
1165 2714 1211 2748 qui
1225 2721 1291 2741 vero
1306 2721 1418 2748 paucas,
1434 2714 1475 2740 vel
1491 2719 1601 2747 partem
1620 2707 1809 2748 aliquamilﬁlil"

1069 2763 1198 2793 operatus
1214 2764 1265 2790 est,
1281 2764 1383 2794 partem
1400 2758 1516 2794 aliquam
1535 2759 1709 2794 iniquitatum
1722 2753 1800 2784 nesci"1

1070 2805 1116 2839 qui
1128 2813 1192 2832 vero
1210 2805 1358 2840 perfectam
1380 2813 1429 2840 pro
1444 2805 1573 2834 clunibus
1591 2806 1671 2833 malis
1685 2809 1709 2831 et
1725 2803 1808 2834 initi”!

1011 2854 1033 2869 "
1048 2853 1113 2883 Lac.
1131 2862 1178 2887 vu,
1193 2853 1236 2880 l7.
