1886 3052
70 133 134 160 I405

383 131 535 159 Sl‘TLlCCTA
555 131 588 159 ΙΝ
608 131 778 160 PSALMOS.
798 147 830 151 —
849 130 966 160 lI0.\IlL.
987 132 995 160 I
1016 132 1049 160 IN
1065 132 1161 160 PSAL
1179 131 1321 159 XXXVIII.

1611 133 1680 160 Milli

67 189 249 224 po-uilentiam
264 189 389 222 gesserit,
411 190 447 216 ita
464 194 493 216 ut
508 198 604 224 pttrum
625 197 673 217 cor
688 190 743 223 jam
753 189 846 218 ollerat
861 191 882 219 A
896 191 1121 217 etconsistentcm
1133 191 1276 218 adversum
1292 198 1340 217 nos
1355 194 1522 224 [teteatorem
1535 190 1659 218 describit
1672 201 1679 219 :

68 237 127 267 Deo,
143 236 192 262 istc
206 235 287 261 simul
304 243 414 261 omnem
433 235 519 263 labent
535 236 793 270 diluitpceratorum
807 238 845 264 :si

67 289 126 308 rero
137 289 170 308 ex
181 286 257 314 parte
273 281 407 314 pmuituit.
418 287 443 307 et
456 289 487 308 ex
501 282 640 315 parteiam
654 283 753 309 meruit
764 282 845 309 abso-

66 327 199 353 lutionem.
210 326 270 353 IIa-c
281 334 346 361 ergo
355 327 446 354 sciens
455 327 596 361 propheta,
604 332 631 354 et
641 328 705 362 quia
715 330 844 362 quosdam

65 373 167 405 quidem
184 373 263 406 eripit
285 373 354 399 Deus
371 374 406 399 ab
420 373 547 400 omnibus
564 374 753 408 iniquitatibus
767 375 825 402 suis
837 394 844 407 .

63 419 188 451 quosdam
215 417 250 443 ab
268 417 406 452 aliquibus
429 418 618 452 iniquitatibus
644 419 757 451 liberat,
781 425 845 455 puto

63 463 129 497 quod
146 468 286 497 propterea
313 464 454 491 conlidens
470 465 560 498 egisse
583 472 614 492 se
628 473 659 492 ea
676 466 774 500 quibus
802 467 845 493 di-

62 515 140 542 gnum
156 513 227 536 esset
250 510 283 536 ab
300 510 426 536 omnibus
454 510 646 544 iniquitatibus
671 511 750 545 eripi.
778 512 845 540 dicit

63 555 189 582 audacter
213 555 246 582 ad
271 555 413 582 Dominum
429 563 437 584 ε
453 555 492 582 Al:
518 556 637 584 omnibus
660 557 844 592 iniquitatibus

62 604 120 630 meis
131 603 199 637 eripe
213 609 263 628 nte.

94 649 121 677 5.
134 648 311 683 Opprolzrium
323 647 459 681 insipienti
479 647 574 674 dedisti
588 655 638 673 me.
656 646 748 674 Donec
760 647 844 674 hahe-

62 702 118 722 mus
134 698 256 728 peccata,
275 700 388 721 necesse
404 697 448 721 est
467 701 517 720 nos
539 686 700 728 expVObrari
718 694 751 719 ab
775 693 842 721 insi-

61 740 148 773 piente
164 743 190 765 et
206 743 365 766 accusatore
379 743 473 766 nostro
486 738 594 766 diabolo
607 747 613 765 :
627 742 654 766 et
665 738 687 765 si
702 739 844 765 invenian-

62 789 102 811 tur
118 789 230 819 peccata
248 789 339 812 nostra
356 792 408 812 nou
426 790 487 812 esse
501 783 590 812 deleta
602 804 609 816 ,
630 784 677 812 sed
697 784 798 818 scripta
816 784 842 812 in

61 830 136 857 nobis
153 830 224 865 stylo
237 829 349 862 diaboli,
364 837 412 864 per
425 829 483 857 haec
497 829 555 864 ipsa
570 837 631 864 qua:
646 829 780 864 gessimus
797 837 844 856 ex-

61 875 199 909 probrabit
218 883 268 902 nos
289 875 429 902 inimicus.
451 875 526 902 Sicut
551 875 622 902 enim
644 875 712 902 bona
729 882 843 909 quicque

60 921 158 955 scripta
177 920 307 947 dicuntur
330 927 383 947 non
413 925 578 952 atramento,
601 920 648 948 sed
673 920 769 955 spiritu
795 920 842 947 Dei

61 967 122 999 vivi,
142 966 180 994 ita
203 966 273 993 mala
287 973 401 1001 qumque
417 967 628 993 conscribuntur
645 970 796 994 atramento
816 971 844 993 et

61 1012 160 1039 calamo
175 1012 287 1039 diaboli.
303 1012 416 1047 Propter
432 1012 504 1047 quod
527 1012 657 1040 Dominus
671 1017 698 1040 et
717 1011 844 1039 Salvator

62 1061 149 1083 noster
174 1056 274 1083 delevit
297 1056 511 1091 chirographum
537 1061 711 1091 peccatorum
737 1062 843 1084 nostro-

62 1106 128 1130 rum,
155 1099 226 1133 quod
251 1105 310 1126 erat
329 1101 472 1127 adversum
489 1108 538 1127 nos
558 1101 666 1128 diabolo
680 1101 843 1136 astipulante

59 1145 249 1178 conscriptum,
266 1145 337 1172 sicut
357 1149 384 1172 et
399 1151 463 1173 ante
479 1146 642 1180 pranlixerat
659 1154 707 1180 per
727 1148 842 1182 prophe-

59 1192 109 1215 tam
126 1189 262 1217 dicentem
276 1190 299 1206 ⁵ο
314 1199 320 1217 :
335 1190 401 1218 Ecce
417 1191 489 1218 deleo
502 1192 570 1218 sicut
582 1193 674 1219 nubem
690 1193 842 1225 iniquitates

59 1238 123 1267 tuas,
135 1240 159 1262 et
173 1236 241 1262 sicut
258 1236 378 1262 nebulam
398 1242 504 1271 peccata
528 1241 584 1270 tua,
606 1242 628 1264 et
650 1238 718 1264 ultra
732 1247 783 1265 non
799 1247 843 1266 ero

59 1289 162 1308 mentor.
183 1281 218 1309 Ut
239 1289 305 1317 ergo
329 1289 382 1308 non
405 1283 601 1318 exprobremur
630 1284 663 1309 ab
689 1284 842 1318 insipiente,

59 1330 244 1353 convertemus
257 1334 307 1354 nos
321 1328 355 1354 ab
371 1327 498 1354 omnibus
516 1327 708 1361 iniquitatibus
729 1329 842 1362 nostris,

59 1378 89 1397 ne
107 1372 308 1406 reprehendens
330 1375 357 1400 in
378 1373 455 1400 nobis
475 1374 593 1400 maculas
612 1379 797 1408 peccatorum,
814 1375 839 1402 id

58 1421 94 1442 est
115 1424 169 1443 sua:
194 1417 343 1445 voluntatis
370 1418 497 1453 insignia,
522 1419 669 1453 exprobret
691 1424 720 1447 et
746 1421 840 1447 dicat:

58 1462 121 1490 Ecce
135 1463 179 1490 hic
203 1463 377 1491 Christianus
403 1465 554 1497 dicebatur,
577 1469 604 1491 et
629 1466 706 1500 signa
735 1466 838 1494 Christi

57 1509 210 1544 signabatur
223 1509 249 1536 in
267 1510 366 1543 fronte,
383 1518 457 1537 meas
470 1515 559 1538 autem
571 1512 727 1540 voluntates
739 1517 765 1539 et
780 1520 839 1540 mea
855 1525 876 1553 ρ

57 1555 237 1590 chirographa
261 1556 373 1590 gerebat
398 1557 423 1584 in
441 1557 530 1584 corde.
554 1557 625 1584 Ecce
646 1558 696 1584 iste
711 1558 756 1592 qui
776 1559 839 1584 mihi

57 1604 81 1626 ct
94 1601 220 1635 operibus
234 1602 302 1628 meis
317 1602 485 1629 renuntiavit
502 1603 527 1629 iu
543 1603 686 1638 baptismo,
701 1604 768 1631 meis
785 1612 842 1631 rur—

56 1652 110 1670 sum
138 1645 269 1678 operibus
290 1652 319 1673 se
341 1647 455 1673 inseruit
477 1647 598 1682 meisque
621 1647 725 1680 legibus
741 1651 839 1682 paruit.

59 1688 173 1716 Liberati
194 1698 263 1724 ergo
281 1691 315 1718 ab
327 1692 453 1719 ontnibus
467 1692 668 1727 iniquitatibus,
681 1694 838 1721 studeantus

57 1742 86 1761 ne
101 1735 126 1762 in
143 1736 185 1763 die
198 1735 296 1770 iudicii
313 1737 498 1771 hujuscemodi
517 1739 672 1773 opprobriis
689 1739 840 1774 insipientis

57 1780 148 1808 diaboli
165 1783 389 1810 succumbamus.

88 1826 113 1853 6.
129 1827 258 1855 Obmutui
270 1834 293 1855 et
307 1837 358 1856 non
372 1830 465 1863 aperui
479 1838 507 1857 os
523 1839 607 1857 meum
617 1851 625 1863 ,
638 1832 702 1867 quia
717 1837 744 1858 tu
755 1841 781 1859 es
793 1832 838 1867 qui

57 1871 143 1902 fecisti.
161 1873 221 1901 .Iam
236 1879 264 1901 et
284 1875 334 1902 hoc
356 1875 481 1909 superius
500 1877 687 1911 exposuimus,
705 1885 764 1904 cuttt
783 1883 839 1904 tra-

56 1921 185 1946 ctaremus
201 1919 277 1945 illum
297 1920 459 1947 versiculum
491 1921 535 1955 qui
553 1922 590 1948 ait
607 1930 613 1948 :
632 1921 700 1948 Dum
719 1923 838 1950 consistit

54 1968 172 1995 peccator
191 1966 333 1991 adversum
346 1973 396 1997 nte,
411 1966 528 1993 obmutui
538 1971 561 1993 et
574 1967 728 1994 humiliatus
739 1976 797 1994 sum
813 1974 838 1995 et

54 2007 137 2036 siluia
150 2011 234 2037 bonis.
249 2010 355 2037 Bonum
375 2016 417 2038 est
433 2012 504 2039 enim
520 2020 552 2039 eo
575 2017 696 2047 tempore
714 2021 775 2041 cum
788 2015 837 2042 ad-

56 2061 155 2082 versum
174 2064 235 2089 uos,
251 2056 520 2093 velderogationum,
537 2058 578 2085 vel
590 2050 785 2092 conviciorum,
796 2060 836 2087 vel

55 2101 211 2134 probrorum
232 2103 285 2129 tela
300 2103 448 2137 jaciunlur,
473 2112 522 2131 nos
537 2103 618 2138 hujus
634 2106 761 2133 versiculi
780 2114 837 2134 me-

56 2146 169 2179 minisse,
182 2147 230 2181 qui
248 2147 286 2174 ait
302 2156 308 2173 :
329 2148 452 2175 Obmutui
469 2153 493 2176 et
515 2158 567 2175 non
582 2151 674 2183 aperui
690 2159 718 2178 os
731 2160 815 2178 nteant
827 2173 834 2186 ,

896 239 923 262 et
941 236 1003 268 quia
1028 235 1079 262 hoc
1106 236 1192 268 ipsum
1216 235 1316 262 iudicet
1341 235 1439 262 fecisse
1456 236 1557 267 Deum,
1576 237 1601 264 id
1618 243 1678 269 est,

896 281 966 314 quod
984 281 1107 308 exercitii
1125 281 1209 307 nostri
1227 288 1308 307 causa
1328 285 1355 307 ct
1369 281 1507 315 prolectus
1524 282 1593 310 Deus
1608 281 1679 309 Γερε-

898 326 932 352 rit
956 326 1006 352 ista
1028 326 1190 353 certamina.
1209 326 1271 353 Ideo
1291 333 1355 360 ergo
1373 334 1478 354 memor
1491 335 1554 360 ero,
1569 327 1632 362 quia
1650 333 1677 354 tu

895 369 981 397 fecisti
995 377 1096 404 agones
1111 371 1178 398 istos
1195 376 1221 396 et
1236 376 1261 397 tu
1279 370 1355 396 nobis
1367 370 1423 396 haec
1432 370 1562 397 exercitia
1575 372 1681 405 patien-

896 416 938 442 tia:
949 417 1117 451 praaparasti.
1127 417 1193 444 Cum
1203 416 1273 443 enim
1285 417 1318 443 ad
1331 416 1497 443 iracundiam
1510 421 1681 450 provocarat,

895 469 955 489 eum
968 462 1097 489 conviciis
1117 462 1273 494 lacesseret,
1290 470 1322 489 ne
1336 462 1471 496 patientire
1494 463 1579 489 lineas
1593 470 1676 489 exce-

895 507 999 542 derem,
1011 512 1038 534 et
1048 507 1158 535 verbum
1169 507 1276 542 aliquod
1285 507 1355 542 quod
1372 507 1419 534 tibi
1431 515 1481 535 non
1497 507 1602 542 placeat
1614 515 1676 541 pro-

895 551 994 580 ferrem
1015 553 1047 580 de
1066 553 1146 580 labiis
1170 553 1253 586 uteis,
1276 553 1393 579 obmutui
1416 558 1439 579 et
1466 561 1515 580 non
1536 554 1629 587 aperui
1652 561 1679 580 os

895 606 990 626 meum.
1027 597 1054 624 Si
1089 604 1155 625 vero
1182 599 1298 633 amplius
1318 599 1417 633 aliquid
1439 599 1586 625 secundum
1604 598 1679 625 Pauli

895 648 996 671 statuta
1007 642 1145 669 “valuero
1152 643 1305 678 proﬂigare,
1313 651 1367 671 non
1382 643 1469 671 soluta
1493 645 1677 672 olunutescam

895 691 922 713 et
938 694 990 713 non
1014 688 1132 721 aperiam
1157 695 1188 714 os
1207 695 1311 720 meutn,
1330 689 1376 715 sed
1397 693 1423 714 et
1444 696 1504 715 cum
1519 689 1678 722 maledicor,

895 732 1053 759 bcnedicam
1070 738 1097 760 et
1111 733 1311 767 blaspltemalus
1325 735 1506 768 deprecabor.

931 778 956 805 7.
977 778 1072 805 Amore
1086 787 1101 804 a
1120 786 1160 805 me
1172 778 1265 812 plagas
1279 784 1350 811 mas,
1366 787 1383 805 a
1405 780 1561 811 fortitudine
1586 789 1679 807 manus

895 828 948 850 ltta’
969 831 1014 857 ego
1029 823 1121 854 dcfeci.
1140 823 1216 856 Quod
1232 823 1319 850 Latini
1339 824 1502 858 interpretes
1525 825 1616 860 plagas
1637 827 1680 853 di-

896 875 1005 900 xerunt,
1030 869 1056 896 in
1074 869 1178 896 Graecis
1195 868 1334 895 codicibus
1351 869 1455 902 ﬂagella
1475 871 1606 905 scriptum
1628 877 1680 905 est,

895 920 923 942 ιιι
936 915 970 942 sit
984 924 989 942 :
1003 915 1097 942 Amore
1110 924 1125 942 a
1138 924 1178 942 me
1188 915 1294 950 ﬂagella
1310 920 1367 941 tua.
1381 915 1456 948 Quod
1469 916 1576 942 videtur
1588 916 1681 949 utique

895 962 985 989 dicere
1015 962 1119 996 positus
1139 962 1216 996 quasi
1248 962 1273 988 in
1301 962 1473 996 correptione
1493 961 1680 996 ﬂagellorum,

894 1015 954 1034 cum
975 1007 1045 1034 sicut
1059 1007 1138 1034 homo
1155 1015 1204 1041 pro
1218 1006 1337 1042 peccatis
1353 1007 1514 1041 corripitur,
1537 1007 1577 1034 vel
1591 1006 1682 1042 ﬂagel-

896 1053 966 1080 latur
981 1058 1009 1080 ut
1036 1053 1208 1080 emendetur.
1226 1053 1303 1080 Sicut
1318 1057 1346 1080 et
1362 1053 1426 1079 illud
1443 1061 1458 1079 a
1472 1053 1680 1088 quamplurimis

895 1099 1056 1134 intelligitur
1071 1101 1141 1134 quod
1156 1099 1288 1133 scriptum
1298 1106 1340 1127 est
1351 1101 1388 1127 “z
1400 1098 1530 1131 Fili,noli
1549 1100 1681 1126 ta-diurea

893 1146 1033 1180 disciplina
1054 1145 1112 1177 Dei,
1126 1153 1206 1180 neque
1226 1145 1334 1179 deﬁcias
1349 1154 1406 1172 cum
1421 1145 1452 1172 ab
1476 1153 1505 1172 eo
1524 1145 1678 1179 iacreparis.

895 1191 980 1223 Quem
997 1191 1065 1217 enim
1086 1191 1173 1225 diligit
1202 1191 1284 1222 Deus,
1312 1191 1435 1225 corripit,
1456 1190 1572 1224 ﬂagellat
1593 1195 1680 1216 autem

894 1245 996 1264 onmem
1011 1236 1096 1272 [illum
1117 1244 1193 1272 quem
1217 1237 1319 1270 recipit.
1350 1236 1377 1264 Si
1402 1236 1509 1271 quando
1532 1243 1597 1270 ergo
1619 1236 1680 1270 quis

895 1283 1084 1318 hujuscemodi
1102 1282 1322 1317 correptionihus
1339 1282 1507 1316 increpatur,
1525 1286 1680 1315 competen-

896 1335 937 1356 ter
957 1328 1047 1356 dicere
1072 1327 1181 1355 videtur
1198 1338 1204 1355 :
1222 1328 1318 1355 Amore
1343 1336 1358 1354 a
1381 1335 1422 1353 me
1450 1325 1558 1361 ﬂagella
1582 1331 1640 1352 tua.
1658 1325 1680 1352 Α

894 1375 1054 1410 fortitudine
1071 1383 1166 1400 manus
1178 1379 1231 1401 luw
1250 1383 1296 1410 ego
1312 1373 1406 1408 dcfeti.
1420 1371 1472 1400 Sed
1490 1372 1556 1399 illttd
1570 1379 1680 1406 compe-

894 1426 983 1448 tenter
1002 1421 1108 1448 videtur
1124 1421 1210 1456 aptari
1235 1420 1307 1454 quod
1323 1420 1454 1453 scriptum
1471 1423 1512 1445 cst
1529 1428 1536 1446 :
1550 1417 1583 1444 In
1596 1417 1680 1444 incre~

893 1468 1044 1502 potionibus
1067 1472 1174 1502 propter
1197 1466 1363 1504 iniquitatem
1384 1464 1536 1498 corripuisti
1555 1463 1595 1490 vel
1619 1471 1680 1490 eru-

894 1513 956 1538 diin
976 1513 1117 1539 Immineat.
1134 1512 1186 1538 Sed
1207 1511 1269 1538 novi
1291 1517 1340 1544 ego
1357 1514 1383 1536 et
1406 1509 1458 1536 alia
1489 1509 1594 1544 ﬂagella
1620 1508 1677 1544 (70)

893 1558 990 1593 quibus
1002 1558 1187 1585 vehementius
1198 1556 1361 1588 cruciamur,
1376 1556 1418 1583 illa
1433 1556 1538 1582 scilicet
1556 1562 1615 1589 qua:
1629 1563 1677 1589 per

893 1604 1052 1638 prophetam
1076 1603 1207 1629 describit
1228 1603 1360 1636 sapientia
1387 1602 1556 1638 (prophetam
1578 1601 1678 1628 etenim

892 1656 953 1675 eum
967 1648 1037 1683 dico)
1053 1648 1075 1663 "
1092 1657 1098 1675 :
1117 1648 1182 1681 Quis
1200 1648 1273 1674 dabit
1293 1648 1319 1674 in
1331 1649 1445 1682 cogitatu
1458 1655 1514 1673 meo
1524 1647 1641 1682 ﬂagella,
1655 1652 1678 1673 et

892 1695 918 1721 in
932 1695 1010 1721 corde
1020 1703 1076 1722 meo
1089 1695 1278 1728 corrcptionem
1297 1694 1444 1728 sapientiw,
1461 1698 1488 1720 ut
1503 1692 1677 1728 ignorationi-

892 1741 939 1768 bus
954 1741 1018 1767 meis
1033 1749 1091 1774 qua'
1104 1740 1155 1775 feci
1177 1749 1228 1766 non
1248 1744 1384 1774 parcatur,
1396 1744 1420 1766 et
1434 1743 1541 1773 peccata
1558 1746 1614 1764 mea
1626 1747 1678 1765 non

890 1786 1101 1821 prater-cuntur?
1120 1785 1199 1814 Vides
1225 1786 1359 1819 quomodo
1387 1789 1448 1810 orat
1475 1783 1604 1817 ﬂagellari
1630 1791 1675 1810 cor

890 1839 966 1860 Suum
982 1840 1032 1866 pro
1050 1831 1170 1866 peccatis
1190 1832 1258 1865 suis,
1283 1836 1310 1858 et
1332 1830 1471 1858 verberari
1498 1829 1678 1863 cogitationes

891 1876 976 1904 suas?
992 1875 1139 1909 Siquando
1149 1882 1213 1910 ergo
1229 1876 1303 1902 vides
1321 1875 1490 1909 temetipsum
1504 1878 1563 1908 post
1579 1881 1676 1907 pecca-

891 1929 945 1950 tum
959 1922 1039 1957 aﬂligi
1054 1927 1080 1948 et
1096 1922 1214 1949 cruciari
1231 1921 1258 1948 in
1277 1921 1369 1954 corde,
1385 1925 1412 1947 et
1426 1928 1440 1946 a
1467 1919 1584 1955 propriis
1602 1920 1675 1953 cogi-

891 1968 1043 1996 tationibus
1060 1968 1182 1994 accusari
1205 1974 1212 1993 :
1234 1967 1255 1994 si
1276 1968 1384 2002 quando
1409 1967 1496 1993 notari
1515 1970 1539 1992 te
1559 1965 1634 1992 vides
1661 1973 1674 1990 a

889 2015 1054 2042 conscientia
1076 2019 1130 2046 tua,
1146 2018 1173 2040 et
1188 2012 1247 2047 ejus
1263 2013 1421 2039 verberibus
1437 2011 1575 2045 ﬂagellari,
1599 2018 1674 2045 spem

889 2061 936 2088 tibi
949 2059 1146 2087 emendationis
1163 2066 1193 2085 ac
1206 2058 1300 2085 salutis
1315 2065 1457 2092 praesume.
1469 2057 1589 2084 Vicinior
1599 2065 1675 2083 nam-

888 2114 941 2142 que
963 2107 1010 2134 tibi
1034 2104 1226 2133 conversionis
1245 2109 1286 2130 cst
1304 2104 1359 2134 via,
1381 2111 1462 2138 quain
1485 2102 1538 2130 illis
1554 2103 1599 2137 qui
1626 2109 1676 2129 nec

888 2159 1019 2187 peccasse
1044 2159 1072 2178 se
1096 2151 1205 2185 quidem
1231 2150 1364 2180 sentiunt,
1383 2157 1431 2176 nec
1456 2149 1482 2175 iu
1500 2149 1604 2175 delictis
1620 2147 1675 2175 suis

53 2193 109 2224 quia
125 2196 152 2218 tu
166 2201 192 2219 es
208 2194 256 2227 qui
275 2193 370 2227 fecisti.
393 2193 448 2221 lloc
465 2201 530 2221 sane
546 2195 740 2229 requirendum
762 2198 838 2225 vide.
853 2187 873 2215 ί)
891 2197 1097 2228 contristantur,
1108 2203 1157 2222 nec
1168 2194 1272 2229 ﬂagella
1289 2194 1462 2221 conscientias
1474 2191 1673 2228 patiuntur.'I'u

54 2241 103 2268 tur,
116 2238 180 2271 quid
196 2242 238 2264 est
253 2238 324 2272 quod
342 2239 410 2266 dixit
427 2248 433 2265 :
456 2238 494 2265 Tu
507 2247 533 2265 es
552 2240 598 2273 qui
610 2240 705 2274 fecisti,
728 2249 778 2268 nec
796 2247 821 2268 ta

53 2289 108 2309 tuen
127 2283 252 2318 adiunxit
266 2284 328 2317 quid
348 2284 452 2313 iecerit.
465 2284 517 2312 Sed
532 2286 598 2312 ordo
611 2285 668 2320 ipse
684 2294 732 2313 nos
749 2288 835 2321 docet,

51 2330 173 2361 quoniam
190 2330 300 2364 quidem
318 2329 391 2357 velut
403 2338 515 2364 agonem
534 2331 675 2365 quemdam
699 2332 768 2359 inter
786 2341 836 2360 nos

87 2387 108 2402 ¹⁰
121 2386 183 2415 lsai.
201 2396 276 2421 λων,
289 2388 336 2415 ‘22.
374 2389 393 2404 ⁸¹
408 2388 429 2416 ll
446 2389 509 2416 Cor.
527 2398 566 2418 tv.
604 2390 626 2406 ⁶¹
641 2390 722 2418 Ilebr.
738 2400 788 2425 xtl,
806 2394 833 2421 5.

84 2433 206 2470 (i0)7Sed
221 2435 281 2461 novi
295 2443 340 2468 ego
352 2440 374 2461 et
384 2435 436 2462 alia
451 2436 569 2470 ﬂagella,
585 2441 637 2465 etc.
653 2437 754 2465 Catena
780 2439 832 2467 Da-

51 2468 125 2508 nielis
139 2469 256 2508 Bai-'lrari
274 2478 281 2496 :
299 2469 347 2508 illst
363 2475 386 2497 et
399 2468 475 2508 aliud
491 2468 657 2508 ﬂagellorum
685 2481 777 2508 genus,
801 2475 833 2501 de

51 2504 138 2541 quibus
151 2505 262 2541 quidam
285 2505 351 2541 dicit
367 2512 377 2532 :
395 2505 460 2537 Quis
481 2504 553 2532 dabit
571 2506 597 2532 itt
626 2504 747 2541 cogitatu
771 2504 834 2536 meo

52 2538 161 2576 ﬂagella,
173 2544 201 2565 et
216 2539 246 2576 in»
257 2539 334 2576 labiis
350 2541 418 2567 meis
433 2541 549 2574 sigillum
571 2538 731 2574 astuloittm,
749 2548 777 2570 ιιι
800 2551 834 2572 ne

52 2573 75 2597 in
97 2573 344 2610 ignorautiismeis
371 2573 493 2608 parcant,
508 2580 535 2602 ct
560 2581 670 2610 peceata
695 2585 752 2604 mea
781 2586 835 2606 non

52 2607 244 2646 perdantﬁtue?
262 2607 328 2646 Petit
345 2611 414 2636 enim
442 2611 468 2636 in
493 2607 606 2644 peccatis
630 2612 760 2646 ﬂagellari
789 2621 835 2639 cor

52 2649 134 2667 suum.
157 2641 268 2678 Βεαιιῳι
283 2645 351 2670 enim
366 2649 402 2670 est
418 2650 475 2678 post
493 2641 606 2677 ⁷ρειτιιια
630 2641 647 2672 Ia
668 2641 835 2674 't‘ottsciemia

52 2683 95 2716 tua
111 2678 220 2716 corripi.
237 2677 311 2716 Petit
324 2681 485 2716 veroplugas
504 2681 628 2712 anteveri,
645 2686 700 2707 tum
711 2690 769 2715 qutu
790 2691 836 2715 per

54 2714 209 2738 tentaliones
230 2714 344 2739 exterius
357 2715 526 2746 all/libentur,
546 2719 600 2740 tum
616 2717 696 2742 etiam
716 2714 835 2743 riutet'io‘

54 2752 89 2769 res
101 2753 181 2784 :_nr_tm
195 2755 277 2784 supra
294 2749 399 2775 modum
416 2749 494 2784 afﬂigi
506 2750 627 2776 interitus
644 2751 753 2784 quidam
774 2757 811 2778 est
825 2761 835 2778 :

52 2780 229 2820 qttod'timens
247 2780 551 2820 ApostolusrtliiitirNe
572 2780 656 2812 forte.
669 2786 714 2820 qui
743 2786 835 2818 huius-

54 2815 120 2841 tnodi
138 2821 190 2847 est,
204 2817 398 2845 abundantiori
412 2819 522 2845 tristitia
539 2815 717 2847 absorbeatur
729 2828 743 2846 a
754 2815 834 2847 Sata-

54 2855 94 2874 uzt.
111 2850 211 2878 Catena
229 2851 351 2880 Cordcrii
372 2862 378 2880 ι
394 2853 471 2880 ’Ἐστι
489 2854 535 2880 καὶ
561 2853 623 2881 ἄλλο
644 2853 712 2887 εἶδος
740 2855 834 2890 μαστι-

889 2242 972 2278 699
986 2250 1050 2276 ergo
1064 2242 1085 2269 si
1102 2241 1202 2268 videris
1223 2245 1248 2267 te
1262 2239 1389 2275 ﬂagellari
1412 2245 1439 2266 et
1456 2239 1575 2266 cruciari
1593 2239 1618 2265 in
1632 2246 1676 2265 co-

890 2289 1065 2325 gitationibus
1083 2289 1146 2318 tuis.
1164 2291 1190 2314 et
1213 2293 1288 2320 spem
1307 2285 1403 2312 salutis
1425 2286 1457 2312 de
1483 2284 1606 2319 proximo
1631 2289 1675 2310 at-

892 2335 1013 2366 tendens,
1028 2334 1114 2360 dicito
1131 2333 1163 2360 de
1179 2332 1220 2359 bis
1240 2331 1285 2366 qui
1310 2335 1489 2366 peccaverunt
1502 2330 1610 2365 quidem
1638 2330 1671 2357 si-

871 2395 893 2411 ⁸³
904 2394 988 2421 Eccli.
1000 2400 1074 2424 χχιιι,
1089 2391 1115 2418 Ξ.

884 2449 950 2476 γων,
972 2442 1036 2476 περὶ
1053 2437 1090 2476 ὧν
1111 2446 1192 2474 φησι·
1213 2437 1261 2476 Ti;
1276 2435 1365 2476 ιξώσρι
1379 2433 1428 2476 ξπ),
1444 2431 1495 2474 to]?
1509 2431 1674 2476 ξιιξγεήέίιξ.

959 2466 1017 2510 μιῖῦ
1035 2466 1200 2509 priori-fac;
1220 2466 1364 2510 Δίἒεζαοῦ)
1384 2466 1600 2510 ἁπᾳττῆϋαιιὰή
1625 2466 1674 2510 ai-

885 2500 932 2537 ter:
959 2500 1097 2544 ἷὶᾶἆτῖγας
1226 2515 1260 2544 se
1281 2504 1387 2544 ἔξωθὲ
1424 2500 1675 2544 meaemeae

886 2535 1062 2576 mimicum;
1082 2535 1129 2569 ᾆάὶ
1155 2535 1205 2574 τάξ
1224 2535 1344 2577 ἐσωθεῖιη
1356 2537 1463 2577 Tum:
1482 2535 1551 2577 ὑπὲρ
1567 2535 1674 2577 μέτρον

887 2570 1027 2606 λυτέεῐσθαι
1056 2570 1203 2611 διαφθορὰξ
1231 2574 1301 2601 κατὰ
1321 2570 1676 2611 τὸνμᾊιῇστολονᾼῆπως

888 2604 1140 2648 ξξῖήᾶέρισσοτέρᾳ
1155 2604 1238 2648 ξὶύζτςῃ
1249 2605 1412 2648 metu-{am}.
1427 2604 1517 2648 liuet
1534 2605 1596 2648 Attl‘itu
1607 2611 1675 2648 “spe;-

889 2640 940 2676 iii».
958 2640 1148 2683 plagarttmItie
1159 2640 1252 2680 quibus
1263 2644 1299 2669 ait
1315 2651 1324 2669 :
1340 2643 1405 2681 Quis
1418 2640 1491 2683 dabit
1503 2640 1589 2683 menti
1607 2645 1673 2683 me?

890 2675 983 2719 plagas
996 2675 1015 2709 ἴ
1028 2675 1106 2708 Petit
1118 2675 1177 2715 ergo
1194 2688 1216 2719 (ι¹
1228 2687 1255 2705 se
1278 2677 1391 2719 amoveri
1402 2716 1406 2719 Δ
1418 2675 1510 2709 plagas

889 2713 1050 2745 Extrinsecus
1063 2724 1109 2749 per
1124 2713 1279 2742 teittationes
1293 2713 1453 2749 inferuntur.
1468 2718 1549 2749 quant
1566 2713 1673 2748 interro-

889 2762 938 2780 res.
956 2752 1025 2779 Num
1038 2745 1117 2783 supra
1140 2750 1246 2776 modum
1268 2747 1377 2785 tristitia
1406 2745 1471 2780 oﬂici
1491 2745 1673 2785 perniciosus»

889 2794 925 2814 est
944 2786 1087 2814 secundant
1101 2785 1253 2819 Airortolttm
1268 2790 1276 2809 :
1300 2782 1338 2809 Nc
1350 2782 1540 2809 abundantiori
1562 2782 1672 2805 tristitia

889 2823 954 2850 abso
959 2822 1051 2848 rbcattt
1057 2830 1078 2847 r.
