1869 3052
41 110 105 138 μοι)

498 103 650 132 SELECTA
667 103 700 131 IN
719 101 886 130 PSALMOS.
904 118 938 123 —
955 101 1053 129 PSAL.
1072 100 1190 128 XXXIX.

1589 99 1655 127 HIC

38 172 148 196 deauiur
163 171 189 194 et
216 164 376 200 composita.
390 163 453 190 licet
471 164 605 198 exquisita
623 163 739 199 quadam
761 168 819 189 arte
835 165 855 191 Α
873 161 943 194 apud
956 165 990 192 te.
1010 159 1097 188 incola
1114 165 1203 186 tamen
1219 165 1278 184 sum
1300 162 1328 184 et
1342 157 1499 192 peregrinus
1517 156 1586 191 apud
1608 161 1632 182 te
1651 164 1658 184 :

37 216 147 249 digesta.
170 212 273 246 Quanta
295 213 439 238 texuerunt
456 209 493 236 illi
512 207 612 236 divites
624 209 670 244 qui
690 214 752 236 ante
771 215 820 235 nos

39 261 152 291 luerunt,
165 258 210 292 qui
229 257 336 284 divitias
352 257 435 283 variis
452 256 556 283 artibus
574 259 601 282 et
620 255 724 282 callidis
745 254 820 281 adiu-

37 305 205 333 ventiouibus
218 304 430 338 congregabant,
442 303 487 338 qui
506 303 691 338 magistratus,
710 302 755 336 qui
772 301 822 328 lto-

38 357 125 383 nores,
142 349 188 384 qui
201 348 359 376 consulatum
369 348 477 376 diversa
489 348 639 376 ambitione
652 347 820 382 quaerebant,

39 396 81 423 isti
91 402 186 422 omnes
203 394 270 421 telas
283 401 390 421 araneae
403 397 559 420 texuerunt.
579 392 645 420 Tam
656 392 728 419 enim
743 399 821 424 vana,

39 447 90 468 tam
104 440 198 467 frivola
212 447 293 475 quam
307 444 350 467 est
372 446 478 466 aranea:
501 438 630 470 textrina,
643 437 752 464 fuerunt
764 443 823 463 om-

39 486 80 512 nia
91 493 150 520 qua:
167 484 307 520 gerebant,
324 488 351 511 et
363 487 505 518 propterea
521 482 661 510 labefactat:
675 485 738 508 sunt
751 481 820 508 sicut

39 537 142 557 aranea:
163 530 261 557 anima
287 536 392 557 eorum.
414 528 597 556 Verumtamen
617 528 719 554 vanitas
739 526 823 553 multis

39 577 124 603 homo.
140 575 199 602 .lam
213 575 266 602 hoc
281 575 308 601 in
323 575 509 608 superioribus
523 573 740 607 explanavimus.

74 620 116 648 10.
134 619 240 646 Exaudi
260 620 406 646 arationem
420 626 517 650 meam,
532 618 612 650 Deus,
623 623 647 644 et
658 617 824 651 deprecatio-

39 675 95 693 nem
110 674 207 697 meum,
227 666 334 692 auribus
351 665 453 699 percipe
472 664 603 698 lacrymas
623 671 702 690 meas.
714 662 823 697 Oportet

41 712 136 739 iterum
152 716 179 738 et
194 719 254 738 cum
268 710 397 745 lacrymis
405 709 503 737 oll'erre
516 709 665 736 orationem
677 708 740 740 Deo,
754 712 778 735 cl
792 715 824 734 es

40 757 141 785 intimis
153 755 363 792 penetrabilibus
372 756 399 782 in
414 762 520 789 precem
531 754 635 781 Domini
649 753 823 784 commoveri,

39 807 69 829 ut
85 809 163 829 mens
183 801 297 828 credens
313 801 347 828 de
358 800 462 834 judicio
479 799 582 831 futuro,
606 798 823 826 recordationem

871 207 934 241 quia
952 211 979 233 et
999 214 1091 233 omnes
1104 210 1194 239 patres
1210 204 1261 230 mei
1288 204 1382 230 incola:
1406 202 1514 229 fuerunt
1537 206 1565 228 et
1581 208 1658 236 pere-

872 252 941 286 griui
959 253 1029 286 apud
1046 257 1071 279 te
1086 261 1092 278 :
1108 256 1135 279 et
1156 251 1294 278 Abraham
1308 255 1467 283 peregrinus
1480 253 1522 276 est
1536 248 1606 282 apud
1621 252 1656 278 te.

872 298 935 332 quia
953 304 1006 324 non
1022 301 1082 324 erat
1104 303 1220 330 semper,
1237 295 1284 322 sed
1301 300 1366 321 tunc
1379 301 1438 321 esse
1452 293 1535 328 cmpit
1551 293 1658 328 quando

874 349 901 371 tu
920 343 1040 375 voluisti,
1057 347 1084 370 et
1096 342 1171 369 Isaac
1185 346 1211 368 et
1224 340 1308 368 Jacob
1328 346 1354 367 et
1367 346 1461 366 omnes
1473 338 1550 372 justi.

908 388 951 415 12.
966 387 1076 414 Remitte
1087 387 1151 413 mihi
1165 391 1192 412 at
1203 385 1343 420 refrigercr
1355 384 1506 419 priusquam
1516 384 1620 415 abeam,
1633 386 1659 411 et

873 433 985 467 amplius
1002 441 1053 459 non
1069 440 1124 464 ero,
1141 431 1267 466 quoniam
1287 429 1374 457 incola
1389 436 1465 457 sum:
1482 429 1567 456 donec
1589 429 1658 462 apml

873 484 899 506 te
914 486 985 510 sum,
1001 477 1092 505 tandiu
1108 485 1182 509 sttui;
1199 477 1221 504 si
1238 481 1328 503 autem
1341 482 1355 501 a
1380 479 1406 501 te
1427 473 1531 504 exiero.
1555 472 1658 507 perdidi

873 524 954 551 etiam
973 524 1024 550 hoc
1044 523 1133 557 ipsum
1159 522 1231 556 quod
1248 528 1319 553 sum,
1334 525 1363 547 et
1386 527 1437 547 ero
1460 524 1587 553 tanquam
1614 518 1659 552 qui

874 578 926 597 non
940 577 1011 597 sum.
1021 569 1142 603 Denique
1155 572 1296 603 propterea
1310 567 1342 593 de
1351 565 1539 601 peccatoribus
1552 564 1658 592 dicit":

875 615 908 642 Et
923 620 997 642 erunt
1015 619 1140 649 tanquam
1164 615 1210 648 qui
1236 621 1287 640 non
1312 616 1381 638 sunt.
1402 611 1434 638 Et
1455 611 1519 638 alibi
1536 611 1559 626 '"
1579 619 1585 637 :
1607 610 1660 642 Qui

874 662 973 688 vocarit
983 669 1013 687 ea
1026 669 1084 692 quae
1107 668 1158 686 non
1179 664 1250 688 sunt.
1272 658 1384 685 Remitte
1398 657 1462 684 mihi
1478 662 1505 684 ut
1523 656 1662 691 refrigerer

874 708 1026 742 priusquam
1045 706 1146 737 abeam,
1170 710 1193 732 et
1217 704 1330 738 amplius
1354 712 1405 730 non
1432 711 1487 730 ero.
1514 703 1660 730 Sciendum

876 758 965 781 tamen
982 757 1024 779 est
1039 751 1110 786 quod
1123 751 1149 778 in
1166 750 1242 778 nobis
1254 754 1306 781 est,
1324 749 1381 776 sive
1397 753 1425 775 ut.
1441 749 1527 776 simus
1555 749 1613 775 sive
1632 751 1662 774 ut

877 807 929 826 non
947 799 1041 826 simus.
1055 798 1145 825 Donet:
1159 797 1241 824 etiam
1253 797 1424 823 adhaeremus
1441 795 1495 822 Deo
1508 799 1535 822 et
1547 795 1662 822 inhaere-

39 848 198 875 delictorum
215 853 323 874 suorum
346 853 397 873 nou
414 845 516 879 absque
540 844 667 879 lacrymis
680 848 707 869 et
724 843 824 869 lameu-
842 844 863 874 Β
880 851 938 871 mus
950 844 973 871 ei
991 844 1038 878 qui
1061 851 1125 870 vere
1144 847 1196 874 est,
1211 842 1293 869 etiaut
1308 849 1358 870 nos
1372 848 1475 869 sumus.
1499 839 1546 868 Sin
1569 845 1660 867 autem

40 894 141 920 latione
151 896 301 919 recenseat.
311 891 378 924 Quis
388 891 523 918 resolutus
534 890 560 917 in
570 889 703 924 lacrymas
711 888 779 915 dicit
790 887 823 914 ad

38 937 182 964 Dominum
203 935 227 950 ⁷⁵
246 943 252 961 :
271 934 382 968 Eﬂ'unda
403 934 431 959 in
453 938 590 967 conspectu
612 937 656 959 tuo
680 932 823 959 orationem

39 983 145 1010 meum?
168 980 279 1008 Auribus
296 987 356 1014 ergo
378 980 479 1014 percipe
501 978 632 1013 lacrymas
650 986 738 1011 meas,
754 982 777 1004 et
793 985 824 1004 ne

39 1029 126 1060 sileas,
144 1027 240 1062 inquit,
257 1035 274 1053 a
289 1034 339 1058 me,
353 1026 379 1052 id
392 1030 443 1056 est,
457 1033 501 1052 me
513 1029 608 1052 orante
622 1031 656 1051 ne
670 1025 759 1051 sileas.
772 1024 825 1051 Sed

40 1075 121 1110 quid?
135 1074 232 1101 Adhuc
249 1073 376 1107 loquente
389 1079 431 1098 me
443 1071 495 1100 dic.
515 1070 584 1097 Ecce
598 1070 705 1097 adsum.

73 1117 117 1144 Η.
139 1117 209 1149 Quia
228 1115 314 1143 incola
332 1123 379 1151 ego
395 1124 453 1143 sum
474 1117 545 1151 apud
562 1121 604 1149 te,
627 1121 651 1143 et
673 1122 824 1150 peregrinus

38 1162 103 1189 sicut
119 1170 211 1189 omnes
221 1167 308 1195 patres
320 1163 380 1189 mei.
393 1161 461 1194 Quia
476 1162 633 1196 peregrinus
643 1168 715 1193 sum,
728 1167 825 1187 neces-

38 1209 110 1235 sario
125 1208 208 1235 etiam
223 1212 250 1235 et
270 1207 356 1234 incola
374 1215 445 1239 sum,
461 1215 513 1235 nou
533 1208 605 1234 enim
619 1214 678 1234 sum
699 1206 771 1233 sicut
788 1210 825 1233 tu.

39 1254 77 1280 Tu
89 1255 166 1281 enim
179 1259 296 1281 aeternus
309 1260 338 1280 es
352 1253 435 1286 solus,
445 1257 472 1280 et
486 1261 535 1281 nos
549 1258 677 1288 quantttm
691 1251 828 1279 invenitur

39 1299 177 1327 habemus
192 1299 309 1326 initium.
326 1298 382 1333 Ego
397 1302 485 1326 autem
504 1299 525 1326 si
541 1299 638 1334 dignus
651 1299 755 1326 elliciar
766 1305 828 1326 esse

316 1400 461 1428 ΨΑΛΜΟΣ
480 1399 543 1426 ΛΘ¹.

78 1446 221 1482 Ἆνήγαγέ
233 1455 270 1481 με
284 1447 318 1473 ἐκ
341 1447 457 1474 λάκκου
470 1446 683 1480 ταλαιπωρίας,
708 1454 735 1472 κ.
752 1454 778 1472 τ.
800 1445 824 1472 ὲ.

877 889 1088 917 aliscesseritnus
1100 889 1134 916 ab
1146 896 1178 916 eo
1186 892 1276 915 etnon
1289 887 1482 915 adlttcserimus
1494 886 1548 913 Deo
1557 889 1660 916 nostro.

877 936 942 963 vitio
966 936 993 962 in
1016 935 1181 962 contrarium
1211 933 1370 960 decidimus.
1388 932 1446 959 Non
1463 939 1528 966 ergo
1546 939 1593 966 per
1611 931 1662 958 hoc

877 980 1065 1008 substantialis
1094 980 1192 1006 anima:
1210 978 1369 1013 designatur
1387 978 1522 1009 interitus,
1536 977 1583 1005 sed
1608 984 1661 1003 non

877 1034 937 1055 esse
962 1026 1061 1054 dicitur
1080 1033 1142 1052 cum
1166 1026 1192 1052 in
1208 1033 1240 1052 eo
1257 1033 1309 1052 non
1333 1029 1474 1058 permanet
1487 1023 1533 1058 qui
1558 1030 1621 1050 vere
1636 1026 1664 1048 et

877 1079 983 1107 semper
999 1076 1051 1102 est.
1065 1079 1097 1099 ex
1119 1079 1172 1106 quo
1185 1071 1242 1106 ipse
1257 1077 1309 1099 est.
1322 1070 1467 1104 Propterea
1484 1076 1549 1103 ergo
1561 1073 1589 1095 et
1604 1075 1662 1096 ser-

878 1125 922 1144 mo
932 1125 981 1145 nos
993 1117 1165 1152 propheticus
1177 1116 1337 1144 adhortatur
1355 1115 1447 1142 dicens
1461 1114 1483 1129 "
1502 1121 1509 1139 :
1529 1112 1590 1139 Post
1609 1112 1662 1138 Do-

877 1164 975 1190 minum
992 1162 1076 1189 Deum
1092 1167 1210 1190 nostrum
1231 1162 1336 1192 ibimus,
1355 1165 1378 1187 et
1393 1161 1444 1194 ipsi
1459 1158 1662 1186 adhterebimus.

879 1209 931 1236 Sed
950 1213 977 1235 et
991 1216 1040 1235 nos
1055 1208 1104 1243 ipsi
1120 1208 1243 1235 dicamus
1257 1216 1264 1236 :
1281 1207 1395 1234 Adhmit
1413 1206 1501 1232 anima
1527 1212 1584 1230 mea
1606 1208 1662 1237 post

880 1258 913 1285 te,
934 1254 962 1280 in
986 1253 1095 1280 Christo
1109 1253 1172 1280 Jesu
1196 1253 1308 1280 Domino
1328 1256 1437 1284 nostro,
1456 1249 1498 1277 cui
1513 1253 1555 1277 est
1576 1249 1664 1276 honor

880 1303 908 1325 et
929 1297 1015 1333 gloria
1033 1298 1059 1324 in
1076 1297 1174 1325 saecula
1192 1297 1363 1325 steculorum.
1380 1297 1474 1323 Amen.
1507 1298 1510 1301 '

1123 1395 1283 1424 PSALMUS
1302 1393 1423 1421 XXXIX.

915 1443 996 1470 Vens.
1010 1442 1037 1469 5.
1061 1441 1160 1468 Eduxit
1181 1448 1221 1467 me
1235 1441 1267 1466 de
1285 1439 1344 1466 lacu
1363 1439 1486 1470 miserior,
1505 1441 1557 1464 etc.
1576 1436 1664 1464 Lacus

37 1494 151 1524 Λάκκος
165 1492 351 1528 ταλαιπωρίας
365 1492 418 1527 (75)
433 1492 515 1518 κακία
530 1492 577 1518 καὶ
592 1491 720 1525 ἀγνωσία.
738 1500 747 1516 c
772 1491 813 1517 Κα

918 1487 996 1514 serite
1011 1490 1054 1513 est
1066 1485 1170 1512 malitia
1183 1491 1211 1513 et
1220 1484 1385 1519 ignorantia.
1401 1491 1411 1508 4
1429 1482 1462 1509 Et
1473 1482 1570 1509 statuit
1585 1488 1665 1515 super

41 1539 162 1576 ἔστησεν
175 1540 220 1566 ἐπὶ
232 1526 336 1574 πέτραν
353 1526 416 1570 τοὺς
437 1538 521 1569 πόδας
543 1546 603 1572 μου.
621 1547 629 1563 ι
656 1537 746 1572 Πέτρα
768 1537 813 1562 ἐστ

915 1538 981 1558 tram
999 1532 1080 1566 pedes
1096 1538 1179 1558 meos.
1199 1539 1208 1557 ι
1238 1530 1316 1557 Petra
1333 1533 1375 1556 est
1391 1528 1457 1555 tides
1475 1526 1586 1554 Christi.
1604 1534 1615 1551 ι
1633 1526 1665 1554 Et

39 1571 132 1617 rint;
147 1571 292 1620 Xptnoﬁ.i
304 1583 357 1610 Καὶ
367 1582 513 1609 κατεύθυνε
528 1571 562 1608 τὰ
575 1571 730 1617 διαδήματᾶ
741 1589 790 1615 μου
800 1588 806 1595 ·

915 1575 978 1603 exit
996 1582 1106 1610 gressus
1128 1581 1213 1606 meos,
1231 1583 1241 1600 ι
1264 1574 1370 1601 actibus
1385 1576 1411 1600 et
1433 1571 1505 1599 veris
1521 1572 1664 1607 dogmatis.

38 1629 82 1656 διὰ
93 1630 145 1665 τῆς
161 1629 316 1665 πρακτικῆς
332 1628 379 1654 καὶ
401 1627 454 1656 τῶν
467 1627 600 1662 ἀληθινῶν
623 1625 773 1661 δογμάτων.

75 1675 131 1701 Καὶ
149 1674 294 1700 ἐνέϐαλεν
304 1674 347 1705 εις
369 1672 403 1699 τὸ
417 1674 514 1707 στόμα
529 1681 588 1707 μου
608 1668 690 1705 ᾆσμα
712 1670 827 1702 καινὸν,

40 1727 66 1745 κ.
82 1728 108 1746 τ.
118 1720 142 1747 ὲ.
154 1719 233 1746 Μετὰ
240 1719 290 1753 τὴν
303 1717 437 1745 ἀπάθειαν
452 1718 506 1753 (74)
520 1717 618 1753 ᾄδομεν
633 1716 708 1753 ᾆσμα
725 1716 827 1747 καινὸν,

38 1764 278 1796 ἀνακαινισθὲντος
294 1764 339 1791 τοῦ
355 1765 428 1791 οἴκου
442 1764 532 1799 ἡμῶν.

75 1811 195 1837 θυσίαν
208 1809 257 1836 καὶ
273 1808 448 1843 προσφορὰν
461 1809 516 1835 οὐκ
531 1807 700 1841 ἠθέλησας,
714 1815 740 1832 κ.
755 1815 780 1832 τ.
804 1806 827 1832 ὲ.

39 1855 161 1886 τούτους
177 1855 239 1886 τοὺς
249 1854 371 1888 σει-τοίχους
385 1853 440 1887 (75)
459 1853 491 1878 ὲκ
507 1850 652 1887 προσώπου
673 1849 720 1876 τοῦ
738 1849 829 1883 Σωτῆ-

41 1908 87 1934 po;
103 1899 232 1935 εἰρῆσθαι
248 1900 264 1934 ἡ
279 1899 346 1934 πρὸς
367 1897 506 1933 Ἑϐραίους
520 1897 601 1932 φησὶν
617 1893 770 1929 Ἐπιστολὴ.
783 1894 829 1920 καὶ

38 1944 150 1972 δίδωσιν
168 1944 293 1980 ἀφορμὴν
309 1943 368 1970 ὅλον
379 1943 424 1970 τὸν
441 1941 547 1977 ψαλμδν
571 1941 608 1973 ὡς
629 1942 661 1967 ὲκ
684 1938 828 1976 προσώπου

39 1990 124 2016 αὑτοῦ
137 1990 219 2016 νοεῖν.

74 2035 291 2068 ςὈλοκαύτωμα
306 2032 435 2066 καὶπερὶ
457 2031 603 2066 ἁμαρτίας
623 2030 679 2056 οὐκ
702 2029 828 2063 ᾔτησας,

39 2088 66 2106 κ.
85 2088 112 2106 τ.
133 2081 158 2107 ὲ.
176 2078 401 2114 Ὀλοκαυτώματα
426 2076 543 2111 αἰσθητὰ
567 2075 597 2102 οὐ
617 2075 693 2110 ζητεί
723 2075 737 2100 ὁ
764 2073 829 2104 Θεός

38 2125 113 2161 (76)·
122 2136 131 2152 ι
143 2124 229 2153 Θυσια
239 2125 295 2159 γὰρ
313 2123 353 2158 τῷ
371 2120 431 2156 Θεῷ
445 2120 554 2155 πνεῦμα
566 2116 823 2154 συντετριμμένον.»
837 2131 840 2135 -

80 2168 134 2194 Ἐν
157 2166 295 2201 κεφαλίδι
323 2167 446 2199 βιϐλίου
469 2165 627 2200 γέγραπται
651 2162 717 2196 περὶ
743 2161 827 2196 ἐμοῦ,

38 2221 66 2240 κ.
82 2222 109 2240 τ.
130 2213 158 2241 ὲ.
180 2212 317 2248 Κεφαλιδα
335 2211 437 2247 βιϐλίου
451 2211 506 2246 (77)
531 2211 620 2237 πᾶσαν
638 2207 687 2244 τὴν
714 2207 827 2243 νομικὴν

35 2259 114 2293 λέγει
132 2259 261 2294 Γραφήνυ
278 2259 364 2285 πᾶσαι
375 2257 429 2293 γὰρ
447 2258 487 2289 εἰς
504 2256 532 2283 ἓν
550 2254 756 2290 κεφαλαιοωται
779 2253 828 2288 τὴν

36 2307 198 2343 πρόρρησιν
213 2306 262 2341 τὴν
273 2306 336 2342 περὶ
355 2303 482 2341 Χριστοῦ.

75 2352 136 2379 Τοῦ
160 2350 281 2385 ποιῆσαι
304 2350 337 2377 τὸ
362 2348 476 2384 θέλημά
500 2355 568 2380 σου,
587 2356 615 2374 κ.
631 2355 656 2372 τ.
675 2347 698 2373 ὲ.
717 2345 829 2380 Θέλημα

35 2398 114 2432 λέγει
135 2397 194 2433 (-78)
205 2397 253 2424 τοῦ
278 2396 382 2431 Harpe;
396 2395 456 2421 καθ’
471 2394 485 2421 ὃ
499 2390 549 2429 ᾖρε
569 2393 618 2428 τὴν
630 2391 767 2427 ἁμαρτίαν
781 2389 828 2416 τοῦ

34 2444 160 2479 κόσμου.
179 2451 189 2468 α
205 2443 241 2469 Οὐ
258 2442 312 2477 γὰρ
325 2440 415 2477 ἦλθον,
441 2441 518 2476 φησὶ,
542 2438 653 2474 ποιῆσαι
676 2437 706 2464 τδ
720 2436 828 2471 θέλημα

918 1664 999 1691 Vens.
1017 1664 1045 1690 4.
1055 1662 1088 1689 Et
1105 1662 1214 1690 immisit
1230 1662 1257 1688 in
1271 1669 1299 1688 tu
1312 1668 1396 1688 meum
1412 1661 1542 1687 canticum
1560 1667 1664 1690 novum.

879 1715 930 1737 etc.
956 1709 1104 1743 Postquam
1126 1708 1160 1734 ab
1176 1707 1250 1734 omni
1269 1705 1364 1734 aﬂectu
1382 1706 1460 1733 liberi
1482 1704 1546 1732 facti
1561 1711 1665 1737 sumus.

879 1754 1004 1782 cauimus
1017 1753 1152 1780 canticum
1172 1759 1286 1782 novum,
1306 1754 1435 1777 renovata
1460 1749 1540 1776 domo
1561 1753 1663 1775 nostra.

914 1799 995 1827 Vens.
1015 1798 1041 1825 7.
1063 1796 1228 1830 Sacriﬁcium
1249 1800 1273 1822 et
1296 1794 1453 1821 oblationem
1469 1793 1589 1825 noluisti,
1611 1798 1664 1820 etc.

880 1845 966 1872 ilosce
986 1842 1137 1870 versiculos
1156 1850 1187 1869 ex
1209 1847 1326 1876 persona
1341 1838 1492 1867 Salvatoris
1507 1837 1594 1865 dictos
1604 1845 1667 1866 esse

882 1889 965 1917 tradit
985 1886 1105 1922 Epistola
1123 1887 1156 1913 ad
1180 1885 1318 1917 Hebraeos,
1332 1888 1361 1911 et
1377 1882 1479 1918 praebet
1495 1882 1665 1909 occasionem

880 1939 964 1962 totum
989 1934 1060 1960 hunc
1081 1932 1213 1967 psalmum
1233 1938 1266 1958 ex
1287 1930 1409 1965 ejusdem
1433 1934 1547 1963 persona
1567 1927 1666 1954 intelli-

879 1980 957 2016 gelidi
962 1999 968 2006 .

916 2025 1106 2052 llolocaustum
1123 2027 1148 2050 et
1170 2030 1218 2057 pro
1244 2026 1350 2056 peccato
1366 2028 1418 2048 non
1444 2017 1595 2054 postulasti,
1609 2023 1664 2045 etc.

879 2070 1043 2098 Holocausta
1065 2068 1205 2096 sensibilia
1220 2075 1272 2095 non
1292 2066 1411 2102 postulat
1432 2065 1524 2097 Deus;
1543 2073 1552 2089 ι
1576 2064 1665 2091 Sacri-

879 2116 970 2144 ﬁcium
987 2115 1060 2143 enim
1074 2115 1128 2142 Deo
1143 2114 1255 2149 spiritus
1271 2111 1477 2140 contribulatus.
1494 2119 1503 2136 I

914 2161 995 2188 VBRS.
1011 2160 1038 2187 8.
1060 2159 1094 2187 1η
1110 2160 1196 2194 capite
1210 2159 1270 2185 libri
1293 2158 1423 2192 scriptum
1434 2159 1473 2183 est
1491 2154 1524 2182 de
1538 2163 1589 2187 me,
1608 2159 1663 2181 etc.

878 2207 967 2243 Caput
980 2207 1042 2234 libri
1056 2210 1135 2234 vocat
1148 2212 1255 2233 omnem
1275 2204 1445 2238 Scripturam
1461 2201 1585 2236 legalem.
1598 2200 1663 2228 0m-

880 2261 929 2281 ncs
941 2253 1013 2281 enim
1033 2253 1182 2288 Scriptura;
1207 2250 1285 2286 quasi
1311 2250 1337 2277 iu
1364 2247 1554 2283 compendium
1578 2248 1664 2282 quod-

880 2299 942 2326 dam
959 2299 1084 2332 rvdigunt
1098 2296 1301 2332 praedictionem
1312 2295 1345 2321 de
1358 2293 1477 2320 Christo.

916 2344 994 2379 τοι
1018 2343 1097 2370 Vsus.
1113 2342 1140 2370 9.
1158 2341 1192 2368 Ut
1209 2340 1321 2374 facerem
1334 2337 1492 2365 voluntatem
1506 2341 1588 2368 tuam.
1607 2341 1660 2363 etc.

882 2389 1054 2416 Voluntatem
1073 2387 1159 2414 Patris
1182 2384 1322 2417 intelligit,
1339 2383 1485 2410 secundum
1505 2388 1584 2416 quam
1603 2382 1661 2407 tulit

880 2438 1020 2469 peccatum
1037 2432 1140 2460 mundi.
1157 2439 1167 2457 ε
1184 2430 1241 2457 Non
1258 2430 1329 2456 enim
1340 2428 1414 2461 veni,
1425 2427 1514 2461 inquit
1527 2425 1561 2458 ⁷⁸,
1573 2424 1663 2451 facere

71 2501 98 2516 ”
116 2500 193 2528 Psal.
210 2508 280 2532 CXLI,
292 2499 318 2527 5.
357 2500 379 2514 ⁷⁸
399 2498 468 2526 Abd.
486 2497 528 2524 16.
566 2497 590 2513 ⁷⁸
606 2496 683 2523 Rom.
700 2503 737 2528 tv,
752 2494 796 2522 17.

915 2493 937 2520 ιΙ.
957 2492 1060 2525 Lxu,9.
1098 2491 1121 2508 "
1136 2489 1211 2518 Joan.
1231 2496 1257 2522 ν,
1270 2487 1315 2516 50.

34 2555 148 2591 ἐτρύφα
165 2555 268 2590 χρόνον,
280 2554 318 2591 sl;
334 2553 469 2591 ἁμαρτιας
481 2552 632 2591 ὲξῴλιᾳρεν.
655 2550 824 2591 Assimilatur

32 2585 149 2616 ar'anétz
162 2585 265 2622 piopter
285 2585 453 2622 fragilitatem
465 2587 591 2621 quidquid
607 2591 726 2622 peccator
750 2585 824 2622 texit,

52 2618 307 2655 uantumvistenue,
322 2618 484 2658 tiuautunwi's
500 2618 599 2658 uarium
607 2618 727 2651 exsistat,
747 2618 824 2658 juxta

32 2654 106 2686 illud
124 2659 230 2685 Isaiam
246 2654 443 2685 Telas'aranea:
458 2661 564 2683 texunt.
582 2655 724 2688 lncrepam
744 2654 826 2687 igitur

31 2702 94 2721 eum
115 2693 165 2728 qui
179 2693 296 2724 docebat,
314 2693 349 2719 ait
364 2701 373 2719 :
391 2691 489 2728 Plaga:
502 2696 525 2717 et
546 2697 652 2728 manum
667 2695 738 2715 luam
755 2694 824 2714 mm.

33 2730 103 2759 listi,
121 2725 150 2755 et
166 2728 293 2754 tabescere
316 2728 400 2761 fecisti
420 2727 534 2752 animant
564 2725 631 2761 eius,
656 2727 827 2761 quam_atte-

33 2757 130 2790 mmsti
147 2763 180 2788 ob
192 2757 329 2789 utilitatem
343 2761 398 2796 ejus
415 2761 559 2796 propriam.
574 2757 646 2796 Nam
659 2757 763 2793 quando
780 2757 825 2784 de-

33 2799 106 2826 liciis
128 2799 279 2832 fruebatur,
295 2797 322 2823 in
336 2794 469 2827 peccatum
481 2794 648 2829 impiugcbat.

924 2547 968 2580 75)
978 2547 1096 2580 Λάκκος
1103 2544 1367 2579 ταλαιπωρίας,οιε.
1373 2542 1463 2580 Codex
1471 2538 1661 2568 Coislinianus.

924 2578 967 2616 74)
983 2583 1063 2609 Μετὰ
1077 2578 1134 2616 ἑὴν
1144 2580 1304 2616 ἀπάθειιιν,
1321 2583 1373 2605 etc.
1385 2578 1466 2616 Ideni.
1530 2608 1548 2616 ﬁ
1591 2609 1609 2616 ’γ
1631 2607 1647 2614 υ

982 2608 1112 2654 Ῐοῦτουξ
1120 2616 1191 2654 τρὺς
1200 2608 1352 2654 στοίχόρς.
1360 2612 1521 2654 ςιίικίὶιλιειιξ
1529 2608 1660 2654 Corda-lii.

912 2644 969 2688 (76)
988 2644 1230 2688 Ὀλοκαῦςώμάτα
1246 2644 1374 2681 αἱὸνθήτὰ
1390 2648 1426 2673 οὺ
1443 2644 1521 2679 ζητεῖ
1534 2645 1550 2670 ό
1578 2644 1660 2675 Θεός,

879 2686 933 2716 etc.
946 2688 1035 2715 Codex
1049 2686 1239 2713 Coisliniauus,

914 2713 1279 2757 {ii'xeyamaﬁieuom
1301 2722 1356 2744 etc.
1370 2715 1471 2743 Catena
1488 2713 1623 2742 Corderii.

914 2722 970 2792 (78)
983 2756 1102 2790 Θέλημα
1118 2754 1209 2789 λέγει,
1226 2757 1280 2780 etc.
1294 2752 1404 2779 Eadem.

913 2752 969 2793 (78)
983 2752 1102 2790 Oﬁlium
1118 2754 1209 2789 λέγει,
1226 2757 1280 2780 etc.
1294 2752 1404 2779 Eadem.
