1869 3052
3 143 11 150 .
33 120 90 148 1417

30 178 76 213 μὲν
87 176 152 203 κατὰ
175 177 278 203 Μωσέα
303 176 358 213 (94)
380 177 408 203 ἐν
429 177 524 213 Ἑξόδῳ
550 179 635 214 σκηνὴ
659 178 753 211 τύπος,
775 175 815 205 οἷ-

30 232 84 258 μαι,
103 222 202 257 ταύτης
218 221 262 258 ἦν’
284 223 298 249 ὁ
317 223 388 250 κατὰ
405 224 564 259 Σολομῶντα
580 225 643 257 ναὸς
657 225 742 257 τύπος
763 226 809 252 τοῦ

27 269 143 304 ἀληθινοῦ
158 269 234 295 οἴκου
248 268 295 295 τοῦ
309 269 386 296 Θεοῦ.
404 270 475 302 Ὅτι,
491 271 584 306 φησὶν,
600 271 639 298 ἔτι
653 272 809 308 προκόπτω,

27 316 69 342 καὶ
84 315 157 341 οὔπω
168 315 269 346 τέλειός
287 316 354 350 εἰμι.
370 315 509 351 Σύμϐολον
526 316 554 342 δὲ
564 317 613 352 τῆς
631 317 772 353 προκοπῆς
794 319 810 352 ἡ

28 360 118 395 σκηνὴ,
129 359 295 394 θαυμαστῶς
307 359 385 395 φέρει
393 360 439 386 ἐπὶ
450 360 495 387 τὸν
503 358 575 387 οἷκον
586 361 666 388 αὐτοῦ
676 362 723 388 τοῦ
732 362 809 393 Θεοῦ,

24 406 142 433 τουτέστι
164 405 213 441 τὴν
237 405 404 441 τελειότητα,
427 406 488 433 καθ’
512 407 544 442 ἦν
568 407 637 434 οίκεί
653 408 702 443 μὲν
719 408 783 434 ἔνθα
797 409 811 434 ὁ

23 452 94 483 Θεός.
117 451 147 477 Ol
161 451 189 478 δὲ
201 451 394 487 πνευματικῶς
407 452 581 488 ἑορτάζοντες
602 453 713 488 ὴχοῦσιν
724 453 809 488 ἀγαλ-

21 497 143 532 λιώμενοι
156 498 203 524 καὶ
221 497 471 533 ἐξομολογούμενοι.
487 499 521 525 Ἢ
536 498 615 525 τοῦτό
628 508 704 534 φησι·
723 500 811 535 Παρε-

24 541 159 577 μυοούμην
183 542 229 568 ἐπὶ
244 542 383 574 τοιαύταις
405 543 523 578 ἐμαυτὸν
541 544 656 577 ἐλπίσιν,
675 554 684 570 ι
699 545 758 572 Ἵνα
773 545 809 577 τί,

21 587 115 622 λέγων,
133 587 283 624 περίλυπος
299 587 334 622 εί,
349 591 364 625 ἡ
377 589 449 625 ψυχή
468 598 534 625 μου;
550 600 558 616 ι
571 591 746 626 Προσεδόκων
757 591 811 626 γὰρ

20 635 56 666 ὠς
81 634 229 667 διαδέξεταί
246 645 279 671 με
296 637 326 663 τὺ
354 637 488 673 μακάριον
509 637 595 670 τέλος,
624 639 641 673 ή
667 637 810 674 Θαυμαστὴ

19 681 102 716 σκηνὴ
121 681 168 708 τοῦ
185 682 264 714 Θεοῦ,
283 683 330 710 καὶ
347 684 360 710 ὁ
376 683 510 710 ἐνδοτάτω
526 682 600 716 οἶκος
615 685 707 716 αὑτοῦ,
724 686 763 716 εἰς
782 685 810 712 ὃν

17 725 40 750 οἱ
55 725 125 759 ἅγιοι
138 726 190 751 ὑπο
201 726 354 761 ἀγγελικῶν
371 727 512 763 δυνάμεων
524 729 664 764 αίρόμενοι
681 729 811 765 εὶσαχΟή·

17 778 115 797 σονται.
128 772 161 797 El
173 771 200 797 δὲ
219 781 227 797 ι
243 773 314 808 χαρὰ
330 773 434 807 γίνεται
454 774 483 800 ἐν
496 775 552 806 τοῖς
567 775 692 810 οὐρανοῖς
711 776 757 802 ἐπὶ
769 776 811 802 ἐνὶ

15 815 169 851 ἁμαρτωλῷ
193 817 377 852 μετανοοῦντι,
399 827 408 844 ν
430 818 488 850 πῶς
507 819 557 845 οὐκ
579 819 703 852 εἰκότως,
721 820 810 856 ψυχῆς

15 859 83 893 μετὰ
101 860 257 895 γυμνασίαν
269 862 309 893 εἰς
322 861 356 888 τὰ
372 862 437 896 ἅγια
451 862 484 889 τὰ
495 863 645 899 ἐπουράνια
661 865 808 900 εἰσαγομέ-

14 912 70 938 νης,
89 904 183 940 φωνὴν
200 905 321 940 εὔφημον
333 906 458 940 γίνεσθαι
475 907 593 943 πλήθους
610 910 809 945 πανηγυριζόν-

13 959 65 976 των
79 951 125 976 ὲπὶ
140 952 174 986 τῇ
189 951 234 977 τοῦ
251 952 405 988 σωζομένου
423 954 558 990 σωτηρίας
581 954 624 986 Ὧς
636 955 680 982 ἐπ’
697 956 809 992 ἀληθέσι

11 996 38 1023 δὲ
46 997 154 1029 τούτοις
168 998 330 1035 εὐχαριστεῖ.
352 1008 361 1024 ι
379 999 437 1027 Ἵνα
455 1000 480 1027 τί
498 1001 664 1036 περίλυπος;
683 1011 692 1027 ι
711 1001 758 1029 καὶ
775 1003 809 1030 τὰ

12 1041 85 1077 ἑξῆς.
97 1043 289 1079 Δυπουμένοις
307 1042 353 1071 οὖν
365 1045 470 1077 ἑαυτοῖς
491 1045 577 1079 οὕτως
598 1047 809 1083 ἐπιπλήττωμεν

10 1088 58 1114 καὶ
81 1090 358 1125 συνταρασσομένοις.
378 1091 442 1117 Ὅτε
463 1092 595 1127 σωτήριον
613 1093 626 1119 ὁ
647 1093 713 1126 Θεὸς
731 1093 809 1129 ἡμῶν

10 1132 55 1158 τοῦ
71 1133 223 1169 προσώπου
235 1134 312 1170 ἡμῶν
327 1136 411 1168 ἐστιν,
431 1146 440 1161 ι
459 1137 712 1174 ἀνακεκαλυμμένῳ
727 1147 810 1174 προσ-

9 1179 75 1214 ώπῳ
95 1179 148 1215 τὴν
166 1180 246 1214 δόξαν
258 1181 362 1216 Κυρίου
387 1183 642 1219 κατοπτριζόμενοι,
659 1184 708 1220 τὴν
724 1185 810 1221 αὐτὴν

9 1225 100 1252 εἰκόνα
117 1227 383 1263 μεταμορφούμεθα.
406 1237 415 1253 ι

40 1273 93 1299 Διὰ
107 1273 203 1300 τοῦτο
218 1274 432 1309 μνησθήσομαι
446 1282 504 1302 σου
515 1276 550 1302 ἐκ
567 1276 623 1310 γῆς
651 1276 808 1311 Ἰορδάνου,

6 1317 54 1343 καὶ
69 1318 246 1353 Ἑρμωνιείμ
261 1319 318 1345 ἀπὸ
329 1319 416 1353 ὅρους
421 1321 540 1354 μικροῦ,
553 1330 579 1348 κ.
590 1330 615 1347 τ.
625 1322 647 1348 ἑ.
664 1321 809 1357 Ἰορδάνης,

4 1363 166 1395 κατάϐασις
182 1364 248 1400 (95)·
265 1365 444 1401 Ἑρμωνιεὶμ,
458 1366 686 1403 ἀναθεματισμός.
702 1368 811 1396 Ἔοικεν

5 1409 158 1444 ἀσχάλλειν
173 1410 222 1437 καὶ
243 1411 387 1437 ὀδυνᾶσθαι
409 1412 474 1447 παρ’
487 1413 586 1448 ἐαυτῷ,
601 1413 810 1450 ἀναμιμνησκό-

5 1463 89 1489 μενος
103 1454 155 1481 τοῦ
167 1454 214 1480 ἐπὶ
223 1455 270 1481 τοῦ
292 1455 378 1490 Ἰησοῦ
391 1455 438 1481 τοῦ
456 1456 535 1492 Ναυῆ
552 1458 693 1491 γεγονότος
708 1459 811 1495 θαύμα-

3 1508 48 1531 τος
73 1501 104 1526 ἐν
130 1500 172 1536 τῷ
197 1500 327 1536 Ἰορδάνῃ,
347 1501 391 1527 ὅτε
417 1501 529 1537 διῃρέοη
547 1503 576 1529 τὸ
594 1503 666 1539 ὕδωρ
682 1505 761 1540 ἄχρις
780 1503 810 1533 οὗ

3 1547 95 1582 διῆλθε
127 1547 177 1574 τὸν
198 1546 318 1582 ποταμὸν
334 1547 348 1573 ὁ
361 1547 436 1579 λαός·
452 1548 500 1574 καὶ
519 1548 565 1575 τοῦ
585 1549 656 1576 κατὰ
675 1550 705 1576 τὸ
723 1560 808 1587 παρα-

3 1593 135 1628 κείμενον
152 1591 322 1628 βραχύτατον
339 1592 411 1628 ὅρος,
426 1593 467 1618 ὅτι
484 1592 522 1628 μὴ
534 1593 583 1628 τῆς
602 1594 686 1629 αὐτῆς
705 1595 752 1622 καὶ
764 1594 807 1623 οῦ-

3 1647 47 1670 τος
74 1639 214 1673 τυγχάνει
238 1638 364 1673 προνοίας
391 1639 486 1671 ὁποίας
507 1641 644 1672 κάκεῖνος.
675 1642 751 1678 Τάχα
779 1644 806 1670 δὲ

3 1686 47 1711 καὶ
66 1685 206 1720 ἡθοποιία
220 1685 261 1717 τίς
274 1686 331 1711 ἐστι
344 1685 393 1720 τῆς
408 1685 497 1720 ψυχῆς
515 1686 581 1721 πρὸς
592 1686 672 1714 αὐτὸν
688 1687 808 1724 διαλεγο-

3 1731 100 1766 μένης-

39 1778 180 1812 Ἡμέρας
200 1777 361 1804 ἐντελεῖται
388 1777 496 1812 Κύριος
512 1778 543 1804 τὸ
559 1778 656 1812 ἕλεος,
679 1781 727 1807 καὶ
752 1790 805 1808 νυ-

3 1824 70 1857 κτὸς
88 1823 241 1858 δηλώσει,
257 1833 284 1850 κ.
299 1833 324 1851 τ.
341 1825 364 1850 ἐ.
388 1825 524 1859 Ῥαψάκου
545 1825 598 1860 (96)
615 1827 679 1853 ποτὲ
697 1827 805 1863 πολιορ-

3 1870 118 1902 ιοῦντος
136 1870 192 1904 τὴν
212 1870 400 1906 Ἰερουσαλὴμ,
417 1871 463 1897 καὶ
486 1871 531 1897 τὸν
555 1871 609 1898 τῶν
629 1872 697 1898 ὅλων
713 1873 750 1904 ὼς
768 1874 804 1910 μὴ

3 1916 159 1951 ἓυνεὶμενον
188 1916 287 1947 αὐτοὺς
314 1915 399 1942 σῶσαι
420 1916 642 1952 βλασφημοῦντος
662 1918 738 1951 Θεὸν,
757 1920 806 1955 μιᾷ

3 1962 91 1998 τληγῇ
123 1963 157 1989 ἐν
175 1962 253 1988 νυκτὶ
276 1965 333 1998 ρπιε¹
351 1963 468 1997 χιλιάδες
488 1963 659 2000 ἀνῃρέθησαν
676 1965 730 1991 τῶν
757 1965 806 1992 σὺν

3 2007 73 2042 ιὺτῷ
92 2007 190 2033 ὅντων
212 2007 372 2042 Ἀσσυρίων.
388 2007 441 2033 Τοῦ
459 2008 526 2034 Θεοῦ
542 2009 630 2035 τοίνυν
642 2010 674 2044 τῇ
692 2009 744 2044 πρὸ
758 2019 805 2036 νυ-

3 2053 58 2084 ;τέι;
78 2052 187 2087 ἡμέρα
201 2051 240 2086 τῷ
261 2052 370 2088 Ἐζεκία
384 2054 593 2088 προειρηκότος·
608 2064 616 2080 ι
629 2054 805 2090 ’Υπερασπιῶ

5 2097 41 2132 ἧς
59 2097 184 2128 πόλεως
199 2097 300 2132 ταύτης
315 2097 348 2123 δι’
365 2098 416 2133 ἐμὲ
431 2099 477 2125 καὶ
499 2099 542 2125 διὰ
564 2099 644 2125 Δαυῒδ
662 2100 707 2126 τὸν
724 2101 806 2127 παῖδά

3 2151 42 2169 we
52 2151 60 2158 ·
85 2152 96 2169 ι
111 2142 165 2169 διὰ
182 2142 213 2168 τὸ
230 2143 258 2169 ἐν
273 2143 363 2180 ἡμέρα
383 2144 432 2179 μὲν
447 2144 572 2178 γενέσθαι
586 2145 636 2181 τὴν
649 2146 803 2180 ὑπόσχεσιν,

3 2199 18 2215 ν
37 2189 131 2216 νυκτὶ
148 2188 183 2214 δὲ
196 2188 227 2214 τὸ
242 2188 332 2224 ἔργον,
355 2190 421 2226 φησὶ
439 2190 480 2223 τὸ,
495 2200 503 2216 ‹
522 2191 642 2226 Ἡμέρας
661 2192 804 2220 ἐντελεῖται

3 2237 115 2273 Σύριος,
136 2246 148 2263 ι
184 2236 231 2262 καὶ
249 2236 283 2263 τὰ
303 2237 376 2272 ἑξῆς.
400 2237 436 2263 Τὸ
449 2237 487 2268 δὲ,
510 2246 519 2263 ‹
536 2237 678 2274 Προσευχὴ
693 2238 731 2273 τῷ
746 2239 806 2274 Θεῷ

3 2282 38 2317 ἧς
55 2282 146 2317 ζωῆς
165 2289 236 2316 μου,
251 2291 260 2307 ι
285 2282 326 2308 ὅτι
347 2282 432 2314 οὕτως
455 2283 531 2309 οὐδὲν
549 2283 704 2319 εὑρίσκεται
725 2285 806 2320 μέσον

3 2327 33 2354 »ὖ
51 2337 86 2354 τε
102 2327 161 2354 σοῦ
183 2328 391 2364 προστάγματος
405 2328 452 2355 καὶ
468 2329 518 2364 τῆς
534 2330 602 2365 ἐμῆς
614 2330 805 2363 ἀπολαύσεως-

3 2375 45 2400 λλ*
69 2373 186 2405 εὐθὺς,
202 2375 294 2410 φησὶν,
310 2374 466 2411 εὑρίσκεται
479 2376 507 2402 ὲν
521 2376 582 2410 ἐμοὶ
596 2376 755 2412 εὐχαριστία
767 2378 807 2414 τῷ

3 2420 46 2456 εῷ
71 2420 311 2457 ἀναπεμπομένη
330 2421 369 2456 τῷ
384 2420 432 2457 τὴν
451 2421 523 2456 ζωήν
550 2429 594 2456 μοι
618 2423 804 2459 χαρισαμένῳ.

6 2467 40 2493 αἱ
57 2464 193 2496 νυκτὸς,
209 2467 285 2501 φησὶ,
303 2467 349 2493 καὶ
362 2467 468 2503 ἡμέρας
483 2467 560 2503 παρὰ
575 2467 621 2494 σοῦ
637 2470 806 2505 χορηγούμε-

3 2521 25 2539 ιν
43 2512 100 2539 τὸν
125 2511 215 2538 ἔλεον
228 2512 417 2548 ἐπισταμένως
430 2513 485 2549 ᾅδω
502 2514 549 2540 καὶ
561 2514 647 2550 ὑμνῶ.

16 2558 87 2586 Τοῦ
116 2557 241 2584 αὐτοῦ.
264 2558 302 2584 Τὰ
329 2558 378 2593 μὲν
408 2559 499 2593 ἀγαθὰ
520 2559 575 2595 (97)
598 2559 645 2586 τοῦ
667 2559 808 2595 μέλλοντος

3 2605 91 2637 ῶνος
110 2601 199 2630 εἶναι
219 2603 351 2636 διόάσκει,
369 2603 463 2631 τοῦτον
487 2604 614 2639 «ἡμέραν
626 2614 635 2630 ι
654 2605 752 2637 καλῶν,
767 2607 808 2639 εις

4 2673 31 2689 ⁸⁷
49 2672 138 2699 Luc.
156 2677 201 2697 xv
227 2670 253 2698 7.

513 118 669 148 SEI.ECTA
688 121 721 148 ΙΝ
740 118 909 148 PSALMOS.
932 136 964 141 -—
979 120 1074 149 PSAL.
1097 121 1164 150 XLI.

1586 125 1655 154 HIS

831 177 1002 206 AExistimo
1034 179 1236 207 tabernaculum
1268 179 1366 215 Moysis
1397 180 1422 207 in
1452 181 1544 208 Exodo
1575 182 1656 216 bujus

863 228 955 258 typum
983 224 1082 257 fuisse;
1111 226 1239 260 templum
1263 233 1328 253 vero
1354 226 1510 254 Salomonis
1542 227 1654 262 ﬁgurant

865 268 948 297 fuisse
960 278 1030 297 verre
1042 272 1137 298 domus
1147 271 1203 298 Dei.
1216 271 1363 304 Quoniam,
1377 272 1475 307 inquit,
1490 274 1578 300 adhuc
1591 282 1655 308 pru-

864 316 935 348 tieio,
949 321 976 344 et
989 317 1106 344 nondum
1116 317 1254 351 perfectus
1269 325 1338 345 sum.
1348 318 1415 345 Cum
1426 323 1516 346 autem
1527 319 1653 347 taberna.

863 361 951 388 culum
962 367 1033 389 esset
1040 362 1190 398 symbolum
1199 363 1350 398 profectus,
1359 364 1557 392 admirabiliter
1569 367 1653 393 temlit

866 407 898 433 ad
923 408 1033 435 domum
1060 408 1119 441 Dei,
1136 409 1162 436 id
1185 413 1225 437 est
1240 410 1454 448 perfectionem,
1473 411 1498 438 in
1516 419 1567 446 qua
1585 412 1655 439 Deus

864 452 974 480 habitat
994 461 1025 481 ac
1047 460 1244 483 commoratur.
1268 456 1352 483 Porro
1375 457 1420 491 qui
1440 457 1598 491 spiritaliter
1614 459 1654 485 l'e-

867 505 940 526 stum
960 499 1111 534 celebrant,
1125 501 1309 529 vociferantur
1331 503 1502 531 exsultantes
1524 509 1551 532 et
1568 504 1655 531 conﬁ-

864 550 961 572 tcntes.
982 545 1028 574 Vel
1043 547 1095 574 hoc
1107 548 1164 574 ait:
1181 545 1370 584 Memetipsum
1382 549 1534 582 istiusmodi
1555 551 1655 586 spebus

863 591 1034 624 consolabar,
1049 592 1142 620 dicens
1155 601 1162 619 :
1176 603 1184 618 ι
1198 593 1287 626 Quare
1303 594 1388 621 tristis
1400 602 1439 628 es,
1451 596 1540 622 anima
1556 596 1632 624 mea?
1644 607 1653 622 ι

864 635 1023 671 Εκςρθςιιινί
1034 638 1105 664 enim
1118 643 1145 665 ut
1156 645 1198 665 me
1216 639 1335 674 excipiat
1345 641 1440 669 beatus
1453 642 1525 675 linis,
1539 643 1656 670 admira-

863 681 918 709 bile
947 682 1151 711 tabernaculum
1169 684 1229 718 Dei,
1245 690 1272 712 et
1292 685 1405 714 interior
1419 688 1515 716 domus
1528 688 1597 723 ejus,
1628 691 1654 717 in

864 735 945 762 quam
964 730 1051 756 sancti
1068 729 1101 756 ab
1117 731 1247 764 angelicis
1259 732 1405 760 virtutibus
1418 733 1516 761 elevati
1533 734 1655 763 introdu—

868 778 975 800 centur.
995 773 1072 807 Quod
1090 775 1112 802 si
1129 783 1194 803 vero
1213 786 1222 802 ι
1237 777 1365 812 gaudium
1391 779 1427 806 sit
1453 779 1479 806 in
1494 781 1562 808 ccelo
1574 789 1655 816 super

864 827 918 846 uno
927 825 1070 854 peccatore
1082 822 1271 855 pmnitentiam
1284 828 1381 857 agente
1391 825 1424 859 l‘7;
1436 835 1445 851 ι
1462 834 1511 853 cur
1528 834 1581 854 non
1599 836 1655 854 me-

862 864 925 898 rito,
939 865 1002 892 dum
1016 871 1076 900 post
1095 866 1195 893 Iuctam
1211 868 1301 895 anima
1322 869 1348 896 in
1363 875 1455 896 sancta
1472 870 1516 897 illa
1533 872 1654 900 cmlestia

861 909 1050 943 introducitur,
1062 919 1112 939 vox
1125 911 1170 938 ﬂat
1183 913 1344 941 exsultantis
1358 919 1384 941 ct
1395 915 1492 942 festum
1508 917 1652 944 celebran-

862 956 896 982 tis
911 956 1103 989 multitudinis,
1115 962 1226 993 propter
1241 959 1357 987 salutem
1371 960 1430 995 ejus
1449 961 1494 996 qui
1516 963 1654 990 salvatur?

859 1001 912 1028 Pro
927 1002 969 1029 his
985 1002 1076 1037 igitur,
1088 1008 1116 1031 ut
1132 1005 1205 1032 veris
1221 1005 1310 1038 bouis,
1329 1007 1431 1041 gratias
1448 1008 1513 1042 agit.
1532 1018 1540 1034 ι
1563 1009 1654 1042 Quare

862 1045 945 1073 tristis
960 1047 1009 1073 es?
1020 1056 1028 1072 ι
1042 1053 1097 1074 etc.
1107 1047 1152 1075 Sic
1162 1049 1245 1084 igitur
1254 1051 1436 1085 nosmetipsos
1449 1053 1541 1080 tristes
1552 1060 1578 1081 et
1589 1063 1654 1082 con—

861 1092 985 1119 turbatos
998 1092 1179 1127 incrcpemus.
1197 1094 1330 1127 Quoniam
1342 1096 1412 1124 Deus
1423 1103 1514 1125 noster
1531 1105 1571 1126 est
1585 1101 1654 1127 salu-

861 1140 918 1164 tare
934 1137 1023 1165 vultus
1037 1139 1134 1173 nostri,
1153 1141 1262 1175 quando
1279 1150 1289 1167 ι
1310 1142 1429 1170 revelata
1453 1143 1522 1171 facie
1537 1145 1652 1179 gloriatur

860 1181 1161 1218 Dominispcculantes,
1175 1186 1201 1213 in
1217 1187 1339 1215 eamdem
1356 1188 1501 1224 imaginem
1520 1193 1652 1220 transfor-

861 1235 968 1255 mamur
982 1228 1015 1255 ⁸³.
1034 1238 1043 1254 ι

897 1272 980 1301 Vens.
997 1275 1022 1301 7.
1041 1274 1185 1310 Propterea
1197 1286 1296 1305 memor
1310 1287 1354 1306 ero
1367 1281 1407 1307 tui
1426 1281 1458 1308 de
1471 1286 1543 1310 terra
1554 1284 1654 1312 Jurda-

861 1319 901 1345 m's
915 1323 938 1345 et
955 1319 1120 1347 Hermoniim
1145 1331 1160 1348 α
1178 1327 1264 1350 monte
1291 1325 1411 1359 modico,
1435 1331 1487 1354 etc.
1506 1328 1652 1363 Jordanis,

861 1364 1027 1399 descensus;
1046 1366 1226 1401 llermoniim,
1248 1370 1404 1398 anathema.
1429 1372 1496 1400 Dum
1513 1374 1538 1400 in
1554 1384 1654 1403 memo-

861 1409 929 1437 riam
954 1417 1065 1439 revocat
1085 1413 1246 1440 miraculum
1275 1415 1346 1449 quod
1369 1417 1418 1443 sub
1437 1417 1499 1445 Jesu
1521 1419 1593 1446 Nare
1611 1421 1654 1448 fa~

862 1460 936 1484 ctum
951 1462 992 1485 est
1006 1458 1031 1484 in
1049 1457 1176 1492 Jordane,
1195 1461 1305 1494 quando
1324 1461 1410 1490 divisa
1427 1468 1469 1491 est
1482 1473 1553 1500 aqua
1566 1467 1653 1495 donec

824 1525 845 1553 ϐ
864 1501 975 1530 ﬂuvium
994 1504 1147 1531 transiissct
1169 1505 1295 1539 populus,
1314 1511 1341 1534 et
1359 1507 1424 1535 illud
1441 1512 1512 1544 quod
1535 1512 1568 1538 ad
1591 1521 1652 1547 pro-

862 1549 965 1575 ximum
982 1553 1102 1576 montem
1122 1551 1249 1585 contigit,
1265 1551 1376 1579 videtur
1392 1555 1505 1582 tristitia
1519 1561 1546 1584 et
1559 1558 1653 1586 dolore

861 1593 940 1628 adici,
961 1595 1033 1629 quod
1053 1595 1104 1630 ipsi
1120 1604 1172 1623 non
1194 1598 1288 1625 eadem
1305 1606 1364 1634 quze
1385 1601 1422 1628 illi
1440 1603 1538 1637 populo
1558 1605 1650 1633 obtin-

861 1644 906 1674 gat
930 1641 1111 1674 providentia.
1132 1642 1269 1671 Fortassis
1292 1647 1374 1674 etiam
1395 1649 1518 1683 quaedam
1546 1658 1652 1679 morum

861 1685 1064 1722 all‘cctuumque
1083 1690 1224 1723 expressio
1237 1695 1278 1718 est
1298 1693 1396 1721 animm
1415 1702 1476 1722 cum
1499 1696 1557 1730 ipso
1569 1698 1654 1727 collo-

861 1733 977 1766 quentis.

897 1778 975 1812 705
985 1778 1064 1806 V'Etts.
1076 1780 1145 1808 8.1"
1164 1782 1205 1809 die
1221 1783 1355 1810 mandabit
1366 1784 1494 1813 Dominus
1503 1789 1653 1817 misericor-

860 1823 944 1856 diam,
955 1829 978 1850 et
988 1829 1061 1851 nocte
1073 1826 1263 1860 manifestabit,
1274 1833 1326 1856 etc.
1337 1829 1458 1858 Rabsace
1467 1832 1529 1860 olim
1541 1833 1652 1863 Jerusa-

861 1869 912 1896 lem
927 1870 1077 1904 obsidente,
1094 1877 1121 1899 et
1135 1873 1324 1902 universorum
1338 1875 1421 1903 Deum
1433 1879 1510 1912 quasi
1528 1880 1587 1908 illos
1601 1883 1652 1909 sal-

859 1921 923 1942 vare
937 1923 988 1942 non
998 1920 1089 1951 posset
1104 1917 1319 1953 blasphemantc,
1337 1922 1472 1957 unaplaga
1481 1927 1560 1951 noctu
1571 1925 1653 1951 inter-

857 1961 948 1990 ierunt
965 1966 1073 1988 centum
1104 1965 1241 1999 octoginta
1254 1966 1373 2002 quinque
1387 1968 1467 1995 millia
1480 1971 1651 2005 Assyriorum

859 2007 904 2038 qui
916 2014 977 2033 cum
988 2007 1044 2042 ipso
1059 2014 1146 2035 erant.
1154 2009 1219 2036 Cum
1238 2012 1374 2046 igiturdie
1388 2021 1448 2048 qua:
1459 2019 1564 2043 noctem
1583 2017 1652 2045 hanc

859 2052 1006 2086 praecessit,
1018 2053 1086 2080 Deus
1104 2054 1224 2082 Ezechiae
1241 2058 1411 2091 prmdixisset
1429 2059 1452 2075 ⁸⁵
1470 2069 1496 2086 τι
1510 2061 1651 2096 Protegam

860 2097 954 2124 urbem
971 2098 1041 2126 hanc
1063 2105 1175 2134 propter
1189 2109 1245 2135 me,
1260 2108 1286 2129 ct
1305 2109 1416 2139 propter
1437 2105 1520 2134 David
1543 2115 1650 2135 servum

859 2151 946 2171 meum
958 2165 965 2177 ,
984 2154 994 2171 ι
1009 2146 1070 2180 quia
1090 2146 1116 2173 in
1128 2146 1171 2174 die
1185 2149 1328 2181 promissio
1353 2149 1422 2177 facta
1447 2156 1499 2184 est,
1518 2157 1545 2179 et
1570 2159 1650 2181 noctu

858 2191 1014 2225 adimpleta,
1030 2191 1087 2218 ait:
1111 2201 1120 2217 ‹
1140 2191 1168 2218 1η
1183 2192 1226 2220 die
1250 2195 1389 2222 tnandabit
1411 2196 1552 2232 Dominus,
1571 2208 1580 2224 ι
1596 2204 1650 2227 etc.

860 2236 906 2263 Ait
918 2242 1006 2264 autent
1022 2245 1028 2263 :
1045 2247 1055 2263 ι
1071 2237 1166 2265 Oratio
1183 2238 1238 2266 Deo
1255 2240 1316 2267 vitae
1334 2249 1409 2274 meae,
1431 2251 1441 2267 ι
1456 2244 1583 2277 quoniam
1600 2245 1652 2273 hoc

861 2283 941 2310 modo
956 2283 1022 2311 nihil
1036 2284 1153 2312 medium
1168 2284 1303 2312 invenitur
1318 2287 1387 2313 inter
1400 2293 1566 2323 praeceptum
1577 2297 1650 2318 tuum

861 2331 888 2354 ct
911 2335 999 2355 meam
1029 2330 1264 2364 tranquillitatem,
1279 2331 1325 2358 sed
1344 2333 1446 2364 statim,
1462 2334 1560 2368 inquit,
1575 2335 1651 2362 inve-

862 2373 974 2401 niturin
994 2382 1038 2402 me
1063 2376 1211 2410 gratiarum
1231 2377 1302 2404 actio
1318 2377 1372 2404 Deo
1393 2378 1455 2405 vita:
1470 2386 1545 2408 mea}.
1562 2381 1595 2407 Et
1607 2381 1651 2409 die

863 2426 894 2446 ac
906 2424 997 2453 nocte,
1007 2420 1104 2455 inquit,
1118 2429 1275 2450 concessam
1290 2430 1304 2449 a
1320 2427 1346 2451 te
1361 2423 1652 2454 tnisericordianrscite

863 2473 931 2494 cano
946 2472 973 2494 et
991 2467 1110 2495 celebro.

825 844 849 875 Β

822 2202 844 2232 ι)

898 2559 1036 2595 Ejusdem.
1052 2561 1125 2589 Bona
1146 2561 1228 2590 futuri
1252 2562 1342 2590 smculi
1361 2569 1422 2592 esse
1440 2564 1529 2597 docet,
1542 2563 1604 2591 dum
1620 2565 1651 2591 il-

862 2605 907 2634 lud
925 2615 935 2633 ι
958 2607 1028 2636 diem
1048 2617 1057 2634 ι
1081 2612 1171 2643 vocat,
1188 2609 1215 2636 in
1235 2617 1300 2644 quo,
1317 2610 1415 2645 inquit,
1437 2610 1508 2639 Deus
1525 2611 1650 2647 promisit

293 2670 315 2686 "
329 2670 336 2697 l
352 2669 415 2698 Cor.
433 2678 474 2702 ιιι,
490 2669 532 2697 18.
570 2670 592 2686 ε’
614 2670 644 2697 ιν
663 2670 728 2705 Reg.
741 2679 798 2704 xix,
814 2671 859 2701 54.

9 2733 87 2767 (94)
179 2728 243 2772 fier
254 2729 329 2756 κατὰ
359 2728 477 2772 arguta,
499 2733 552 2772 etc.
576 2729 691 2772 catena.
714 2730 803 2772 Corde

11 2763 83 2800 {95'}
116 2763 286 2800 Ἰορδάνης
309 2764 492 2797 κατάϐασις,
518 2769 572 2791 etc.
603 2763 717 2792 Scltcdm
749 2764 803 2793 Gra

9 2798 80 2839 (96)
111 2798 296 2839 ’ξατψίὶκοω
309 2805 361 2839 etc.
380 2800 495 2839 Eumeni.

8 2833 81 2875 (97)
108 2835 159 2864 Τὰ
173 2833 239 2868 μὲν
252 2833 357 2869 ἀγαθά,
375 2838 427 2861 etc.
450 2835 553 2862 Catena
571 2834 706 2863 Corderii.

170 2881 314 2913 ΡΑτιιοι..
332 2881 390 2912 Gn.
409 2882 436 2912 X
444 2881 479 2911 ιι.

1459 2882 1497 2913 ίιὸ
