1886 3052
192 132 266 160 1L5!

905 129 950 156 ΕΧ
971 129 1120 158 ORICENE

1758 131 1824 158 H52

194 190 348 224 judicslum
364 189 395 216 iri
415 196 429 216 a
445 189 621 216 rationalibus
634 187 787 220 virtutibus,
800 192 827 214 ct
842 188 874 215 ab
888 188 920 214 iis
932 187 978 222 qui

1089 187 1166 214 τοῦτό
1189 187 1262 214 ἐστιν
1286 187 1418 223 ἐναργῶς,
1439 187 1469 215 τὸ
1487 187 1676 222 διακρίνεσθαι
1696 187 1744 214 τὸν
1766 188 1826 215 lein

200 241 229 262 ct
242 235 388 262 salutarem
406 234 625 269 praedicationem
641 233 846 266 administrant,
862 238 889 260 et
903 233 984 260 Chri-

202 285 244 307 sto
259 284 424 315 congregant
441 284 550 306 sanctos
564 278 634 313 ejus,
652 287 661 303 ι
679 285 746 313 quos
767 279 920 312 praescivit,
942 278 984 305 in-

206 326 277 361 quit,
292 332 319 354 et
334 325 555 359 praedestinavit;
573 329 600 351 et
622 332 690 359 quos
704 325 821 357 vocavit,
839 324 889 352 hos
903 328 930 351 et
942 323 985 358 ju-

202 372 330 400 stiﬁcavit
343 372 376 405 “,
388 381 397 397 ι
410 372 454 406 qui
471 371 618 406 adimplent
630 371 844 405 Testamentum,
855 379 907 400 non
922 379 986 399 san-

192 417 339 451 guinibus,
354 418 401 445 sed
417 416 583 452 spiritalibus
601 417 756 445 sacriﬁciis.

238 507 373 541 Ejusdem.
402 506 450 534 Hic
476 507 617 535 manifeste
641 506 777 535 Christum
803 506 871 534 dicit
890 507 985 535 Deum.

203 562 213 578 ί
227 552 313 581 Omne
332 561 341 579 ι
358 553 430 580 enim
449 562 458 578 ι
473 553 603 587 judicium
620 552 700 580 Pater
713 551 786 579 dedit
800 551 868 579 Filio
880 552 912 579 ".
932 561 941 578 ι

238 644 319 672 Vens.
344 644 372 672 8.
396 643 459 671 Non
472 645 499 671 in
519 644 656 678 sacriﬁciis
675 643 727 670 tuis
749 651 859 677 arguam
880 649 914 675 te,
931 648 984 671 etc.

202 690 239 716 De
252 688 405 717 Judzeorum
419 689 560 717 sacriﬁciis
575 696 635 723 quas
648 693 708 724 post
723 688 824 715 Christi
840 689 986 716 adventum

201 736 331 770 abrogata
346 740 410 763 sunt
424 756 432 768 ,
450 736 507 763 haec
532 735 659 762 convenit
674 734 801 768 prmdicta
821 733 914 761 fuisse.
939 734 987 761 Vel

190 789 255 809 -non
273 788 366 816 prava.
385 781 482 816 inquit,
497 780 646 808 intentione
663 779 777 812 offeras.
791 784 901 814 propter
915 780 985 814 quod

201 826 268 854 Cain
285 827 432 861 increpavi.

236 873 319 901 Vens.
334 872 377 899 10.
392 872 525 904 Quoniam
545 879 609 898 mete
627 875 686 897 sunt
702 879 790 898 omnes
807 870 896 897 bestiae
910 870 985 905 agri,

188 922 253 945 'etc.
269 917 365 946 Omnia
383 917 510 945 animalia
525 917 590 944 dicit
603 923 663 943 esse
676 917 726 942 sub
740 915 910 950 providentia
924 915 984 942 Dei.

203 971 215 988 ί
230 962 324 990 Nonne
342 962 415 989 enim
437 962 490 989 duo
510 967 631 996 passeres
646 967 707 987 asse
723 965 841 987 Vcneunt
852 981 859 993 ,
875 964 902 987 et
918 967 988 987 unus

195 1015 235 1035 rex
245 1008 297 1036 illis
309 1016 361 1035 non
374 1008 452 1035 cadet
467 1007 525 1035 sine
533 1006 613 1034 Patre
624 1013 684 1034 meo
694 1006 739 1041 qui
750 1006 777 1033 in
788 1005 866 1033 caelis
877 1010 919 1033 est
928 1006 950 1021 ’⁸
958 1005 984 1031 ⁸2»

240 1095 317 1123 Vens.
343 1096 385 1122 l5.
416 1093 543 1129 Nunquid
572 1093 738 1120 nianducubo
766 1100 859 1119 carnes
898 1097 987 1119 tauro-

192 1150 277 1174 -rum,
289 1147 335 1168 aut
352 1140 506 1176 sanguinem
522 1140 655 1166 hircorum
673 1138 788 1173 polabo?
799 1142 853 1166 etc.
870 1138 988 1173 Abrogut

200 1186 336 1215 sacriﬁcia
351 1184 510 1213 scnsibilia:
529 1191 592 1212 nam
607 1193 616 1209 ‹
632 1183 795 1211 sacriﬁcium
810 1183 865 1210 Deo
877 1183 988 1218 spiritus

192 1231 401 1260 -c0ntribulatus
419 1231 452 1256 ”.
468 1239 478 1256 ›

239 1277 321 1304 Vens.
342 1275 384 1303 l6.
403 1274 541 1302 Peccatort'
560 1279 646 1301 autem
661 1273 728 1300 dixit
745 1273 832 1300 Deus:
850 1273 938 1306 Quare
959 1277 989 1299 tu

200 1330 310 1351 enarra:
323 1321 444 1356 justitias
459 1322 554 1348 meas?
575 1324 629 1346 etc.
659 1319 716 1346 Non
736 1319 786 1346 soli
811 1319 891 1346 obvio
907 1326 988 1346 sensu

202 1366 339 1401 peccatori
363 1365 448 1392 haeca
474 1364 527 1391 Deo
541 1363 612 1391 dicta
634 1363 770 1396 existimo,
796 1371 888 1391 verum
906 1363 988 1390 etiam

194 1412 302 1447 upopulo
319 1409 549 1438 circumcisionis.
562 1409 698 1436 Caeterum
716 1412 842 1443 peccator
856 1408 990 1436 duntaxat

202 1465 252 1492 per
265 1464 296 1484 os
312 1455 411 1491 accipit
426 1455 627 1483 Testamentum
643 1453 723 1489 723
744 1454 801 1486 Dei,
823 1461 884 1481 cum
908 1453 989 1481 disci-

202 1504 303 1538 plinam
325 1502 414 1530 oderit
426 1521 434 1534 ,
459 1507 486 1529 et
499 1508 531 1529 ea
554 1508 615 1536 quae
628 1500 671 1527 ltic
686 1504 863 1527 recensentur
877 1504 988 1535 peccata
1003 1516 1023 1545 Ο

195 1547 365 1576 τοοιηιηίιιοι.
385 1546 431 1575 Vel
454 1546 518 1581 quia
538 1555 547 1572 ι
565 1545 680 1580 populus
695 1545 757 1578 hic,
777 1545 883 1579 inquit,
909 1544 988 1572 labiis

198 1599 246 1620 me
260 1593 387 1624 honorat.
406 1599 455 1620 cor
468 1597 556 1619 autem
572 1599 665 1619 eorum
684 1592 763 1626 longe
776 1595 817 1618 est
833 1598 847 1617 a
870 1598 913 1617 me
926 1590 958 1617 '°.
975 1599 985 1617 ι

202 1640 250 1668 isti
262 1641 294 1667 de
305 1639 513 1667 circumcisione
523 1639 638 1666 oderant
648 1638 816 1673 disciplinam
833 1637 859 1664 in
871 1637 987 1664 adventu

203 1685 316 1718 Christi,
332 1689 360 1712 et
380 1691 521 1711 sermones
537 1683 584 1710 Dei
597 1690 666 1718 quos
686 1682 766 1711 Jesus
782 1682 907 1709 Christus
925 1688 988 1716 pro-

196 1732 331 1763 .ferebat,
356 1736 507 1758 retrorsum
527 1729 724 1765 projiciebant;
750 1728 899 1756 currebant
924 1734 988 1754 vero

196 1784 265 1804 cum
280 1777 339 1803 iure
353 1783 384 1803 ac
397 1775 537 1810 proditore
555 1774 636 1807 Juda,
653 1780 681 1802 et.
696 1782 757 1802 cum
769 1775 899 1802 adulteris
916 1774 986 1808 ligna

205 1827 234 1850 et
244 1823 347 1858 lapides
361 1822 514 1856 portionem
530 1829 606 1848 suam
624 1820 779 1856 ponebant;
796 1826 822 1847 et
838 1820 909 1854 apud
921 1820 987 1847 alios

197 1869 284 1896 etiam
299 1868 377 1895 fratri
392 1874 452 1900 suo,
469 1867 573 1894 scilicet
587 1867 687 1901 populo
699 1874 731 1894 ex
747 1867 883 1900 gentibus,
901 1866 988 1894 obtre-

197 1919 296 1948 ctans,
312 1914 376 1948 quin
398 1919 426 1940 et
445 1912 593 1940 couterinis
611 1913 678 1945 suis,
700 1911 803 1939 scilicet
820 1911 944 1938 ﬁdelibus
955 1911 987 1938 de

198 1959 420 1991 circumcisione.
431 1959 561 1988 scandala
571 1964 684 1994 ponunt.
696 1957 817 1985 volentes
828 1957 900 1991 ipsos
911 1963 988 1984 aver-

202 2012 278 2035 tere:
295 2010 438 2041 propterea
459 2005 533 2032 siluit
546 2004 612 2039 ipsis
634 2004 715 2031 Dens.
735 2002 883 2038 Oportebat
897 2006 986 2029 autem

204 2051 266 2080 illos
283 2051 309 2078 in
323 2049 410 2079 oculis
424 2057 496 2083 esse,
511 2057 605 2077 verum
621 2049 729 2084 projicit
744 2056 791 2076 eos
809 2053 968 2076 retrorsum.

242 2142 381 2177 Ejusdem.
399 2141 468 2175 Quia
485 2148 537 2169 non
557 2144 664 2176 oportet
681 2145 852 2175 peccatorem
865 2139 986 2167 doctoris

204 2195 318 2216 munere
332 2187 419 2222 fungi.

240 2233 322 2261 llus.
345 2232 388 2260 l7.
404 2231 444 2259 Tu
457 2239 516 2259 uero
535 2231 614 2259 odisti
629 2231 809 2265 disciplinam,
828 2234 881 2258 etc.
898 2229 985 2258 Disci-

203 2280 330 2315 plina.est
340 2278 484 2305 aﬂectuum
498 2277 602 2304 modica
615 2275 792 2311 perturbatio.

240 2325 321 2353 Vilis.
337 2325 380 2352 18.
396 2323 430 2351 Ει
446 2332 505 2351 cum
520 2323 650 2350 adulteria
663 2322 811 2356 portionem
822 2325 893 2347 luam
908 2327 988 2354 pone-

205 2371 261 2404 bas.
272 2375 325 2398 etc.
334 2370 433 2398 «Portio
447 2374 540 2397 nostra
551 2373 592 2396 est
606 2367 725 2403 cognitio
737 2366 794 2394 Dei.
809 2365 885 2393 Hanc
898 2371 986 2394 autem

203 2425 265 2446 cum
277 2416 407 2444 adulteris
416 2415 556 2450 ponimus,
568 2422 629 2442 cum
646 2414 753 2441 illorum
773 2413 924 2448 portionem
942 2420 988 2439 as-

203 2465 346 2492 sumimus.
360 2463 518 2490 Atluiterum
539 2462 591 2488 hoc
608 2461 668 2488 loco
690 2459 880 2487 fornicatorem
899 2463 986 2489 vocat,

202 2516 230 2538 et
246 2510 415 2545 quibuslibet
430 2507 589 2536 libidinibus
604 2506 734 2533 deditum.

1036 233 1138 268 Κυρίου
1149 233 1225 268 παρά
1242 242 1270 260 τε
1290 233 1430 268 δυνάμεων
1444 233 1561 267 λογικῶν
1577 233 1625 260 καὶ
1646 233 1704 259 τῶν
1724 234 1826 269 ἱερουρ-

1035 279 1154 313 γούντων
1167 279 1196 306 τὺ
1212 280 1344 315 σωτήριον
1370 280 1510 315 κήρυγμα,
1525 280 1549 306 οἳ
1567 279 1615 307 καὶ
1635 279 1826 314 συναγείρουσι

1036 324 1147 360 Χριστῷ
1160 325 1223 355 τοὺς
1234 325 1323 356 ὁσίους
1339 325 1431 352 αὐτοῦ·
1452 335 1461 351 ε
1477 325 1524 357 οὓς
1539 325 1676 361 προέγνω,
1694 326 1772 360 φησὶ,
1784 327 1826 352 καὶ.

1037 369 1182 405 προώρισε·
1198 371 1245 396 καὶ
1258 370 1304 402 οὓς
1317 370 1441 402 ἐκάλεσε,
1452 371 1498 397 καὶ
1513 370 1682 397 ἐδικαίωσεν·
1699 379 1708 395 s
1722 370 1747 396 οῖ
1763 369 1828 406 πλη-

1037 415 1114 451 ροῦσι
1127 416 1176 451 τὴν
1190 415 1338 451 Διαθήκην,
1349 416 1379 442 οὐ
1393 416 1427 443 δι’
1437 416 1570 451 αἱμάτων,
1585 415 1655 443 ἀλλὰ
1669 416 1731 447 ταῖς
1747 423 1825 441 πνευ-

1038 462 1166 495 ματικαῖς
1184 460 1300 492 Θυσίαις.

1075 505 1130 532 Τοῦ
1149 505 1251 533 αὺτοῦ.
1272 506 1405 533 Ἐνταῦθα
1428 506 1569 541 προδήλως
1587 505 1625 541 (1)
1646 507 1693 533 τὸν
1713 506 1826 541 Χριστὸν

1036 550 1110 585 λέγει
1122 551 1197 577 Θεόν.
1214 560 1223 576 ι
1240 551 1334 578 Πᾶσαν
1349 562 1357 578 ι
1372 552 1426 587 γὰρ
1443 560 1451 576 ι
1467 551 1516 587 τὴν
1527 550 1617 586 κρίσιν
1629 551 1732 577 ἔδωκεν
1745 552 1759 577 ὁ
1774 551 1826 578 Πα-

1036 596 1088 632 τὴρ
1103 596 1142 632 τῷ
1155 596 1222 632 Υἰῷ.
1239 606 1248 622 ι

1073 643 1134 670 Οὐκ
1148 643 1198 669 ἐπὶ
1216 643 1280 676 ταῖς
1294 644 1413 676 θυσίαις
1432 651 1490 670 σου
1514 642 1628 677 ἐλέγξω
1643 650 1693 674 σε,
1714 652 1743 669 κ.
1761 653 1786 670 τ.
1803 645 1825 669 ἑ.

1036 688 1105 723 Περὶ
1120 687 1174 715 τῶν
1194 688 1231 724 (2)
1249 688 1317 724 μετὰ
1337 689 1386 724 τὴν
1406 689 1556 724 παρουσίαν
1577 688 1698 724 Χριστοῦ
1721 689 1830 715 ἀθετου-

1038 733 1126 768 μένων
1141 732 1216 768 παρὰ
1241 733 1377 765 Ἰουδαίοις
1398 733 1498 760 Θυσιῶν
1521 732 1607 759 ταῦτα
1624 734 1745 768 ἁρμόσει
1765 743 1829 768 προ-

1037 779 1211 814 φητεύεσθαι.
1225 780 1261 806 Ἦ
1275 780 1335 806 οὐδὲ
1349 780 1465 815 πονηρᾷ,
1485 779 1561 814 φησὶ,
1576 779 1693 806 διαθέσει
1707 780 1828 815 πρόσαγε

1036 825 1079 859 ἐφ’
1091 820 1113 858 ᾧ
1125 825 1170 851 τὸν
1180 824 1249 851 Κάῖν
1263 824 1398 860 διήλεγξα.

1074 871 1135 897 ’Ότι
1147 870 1203 905 ὲμά
1213 870 1277 897 ἐστι
1288 870 1386 897 πάντα
1395 870 1430 897 τὰ
1441 871 1528 904 θηρία
1542 870 1595 897 τοῦ
1605 871 1712 905 ἀγροῦ.
1729 880 1758 898 κ.
1771 880 1796 897 τ.
1806 873 1826 897 ἐ.

1038 915 1130 942 Πάντα
1145 915 1218 950 λέγει
1239 916 1277 951 (5)
1299 913 1369 943 εἶναι
1389 916 1442 942 ὑπὸ
1459 916 1509 950 τὴν
1530 917 1658 952 πρόνοιαν
1678 916 1729 942 τοῦ
1747 916 1825 943 Θεοῦ.

1041 969 1050 987 ι
1068 961 1135 997 Οὐχὶ
1149 961 1203 997 γὰρ
1225 961 1272 988 δύο
1297 961 1426 997 στρουθία
1446 960 1494 988 τοῦ
1523 962 1656 997 ἀσσαρίου
1684 962 1827 989 πωλεῖται.

1039 1007 1084 1033 καὶ
1102 1007 1130 1034 ἓν
1152 1006 1182 1039 ἐξ
1198 1007 1287 1034 αὐτῶν
1306 1007 1336 1033 οὺ
1358 1008 1481 1033 πεσεῖται
1498 1007 1562 1034 ἄνευ
1579 1006 1625 1033 τοῦ
1648 1007 1759 1042 Πατρός
1782 1015 1829 1041 μου

1037 1051 1085 1078 τοῦ
1096 1051 1125 1078 ὲν
1140 1052 1196 1083 τοῖς
1209 1051 1351 1086 οὺρανοῖς;
1377 1061 1386 1077 ι

1073 1096 1121 1131 Μὴ
1135 1096 1263 1131 φάγομαι
1275 1096 1346 1130 κρέα
1363 1096 1489 1130 ταύρων,
1504 1095 1523 1130 ἢ
1540 1093 1612 1131 αἷμα
1624 1096 1743 1130 τράγων
1767 1098 1829 1123 :rr'o-

1035 1149 1104 1178 μαι;
1120 1150 1147 1168 κ.
1161 1150 1187 1170 τ.
1201 1142 1224 1167 ὲ.
1243 1141 1362 1176 Ἀναιρεῖ
1377 1142 1471 1173 θυσίας
1487 1141 1524 1177 (4)
1539 1142 1681 1176 αἰσθητάς·
1700 1152 1710 1168 ι
1728 1143 1807 1169 Θυσῑα
1819 1152 1828 1167 ι

1038 1188 1092 1223 γὰρ
1115 1196 1123 1212 t
1141 1186 1180 1223 τῷ
1193 1187 1251 1222 Θεῷ
1264 1187 1372 1222 πνεῦμα
1386 1188 1623 1223 συντετριμμένον.
1643 1197 1654 1214 ι

1077 1275 1118 1309 Τῷ
1131 1276 1164 1303 δὲ
1175 1275 1336 1311 ἁμαρτωλῷ
1347 1276 1432 1304 εἶπεν
1443 1278 1459 1304 ό
1471 1277 1554 1310 Θεός·
1572 1277 1635 1304 Ἵνα
1647 1278 1677 1303 τί
1689 1277 1733 1303 σὺ
1744 1277 1831 1312 διηγῂ

1039 1321 1074 1349 τὰ
1083 1321 1262 1356 δικαιώματά
1273 1329 1347 1356 μους
1357 1330 1383 1348 κ.
1400 1330 1426 1348 τ.
1442 1323 1465 1349 ἑ.
1483 1322 1521 1348 Ού
1539 1322 1617 1357 μόνον
1630 1321 1679 1357 (5),
1690 1321 1781 1357 οἶμαι,
1796 1323 1832 1357 τῷ

1041 1367 1222 1404 ἁπλούστερον
1230 1367 1366 1403 νοουμένῳ
1380 1367 1532 1403 ἁμαρτωλῷ
1543 1368 1628 1394 ταῦτα
1642 1366 1723 1394 εἴτην
1736 1368 1831 1402 ὸθεὺς.

1039 1412 1107 1440 ἀλλὰ
1117 1413 1164 1439 καὶ
1180 1413 1219 1448 τῷ
1236 1412 1293 1447 λαῷ
1307 1413 1356 1448 τῆς
1368 1413 1537 1448 κατατομῆς.
1564 1413 1594 1440 '0
1616 1413 1646 1440 δὲ
1666 1414 1831 1449 ἁμαρτωλὸς

1039 1458 1082 1485 διὰ
1095 1459 1175 1494 μόνου
1195 1459 1327 1493 στόματος
1344 1459 1529 1494 ἀναλαμϐάνει
1551 1460 1600 1495 τὴν
1621 1460 1764 1496 Διαθήκην
1788 1461 1831 1488 τοῦ

1040 1504 1107 1531 Θεοῦ
1115 1513 1122 1520 ·
1140 1505 1215 1540 μισεῖ
1227 1504 1291 1538 γοῦν
1302 1505 1425 1532 παιδείαν
1440 1507 1486 1532 καὶ
1499 1506 1533 1533 τὰ
1545 1507 1736 1542 ἐπιφερόμενα
1747 1508 1832 1543 ἁμαρ-

1040 1550 1137 1577 τάνων,
1152 1550 1187 1576 Ἦ
1204 1551 1264 1577 ἐπεὶ
1281 1560 1291 1576 ι
1309 1552 1323 1578 ὁ
1344 1551 1408 1583 λαδς
1427 1549 1513 1584 οὗτος,
1543 1553 1619 1587 φησὶ,
1644 1555 1703 1585 τοῖς
1731 1554 1833 1588 χείλεςξ

1043 1604 1076 1630 με
1101 1596 1176 1631 τιμᾷ.
1207 1597 1223 1631 ἡ
1246 1596 1274 1622 δὲ
1296 1596 1394 1631 καρδία
1414 1597 1503 1624 αὐτῶν
1529 1598 1625 1634 πόῤῥω
1655 1599 1758 1633 ἀπέχει
1788 1599 1832 1625 ἀπ’

1040 1641 1118 1677 ἐμοῦ.
1147 1651 1156 1666 ι
1176 1642 1207 1668 Οἱ
1226 1641 1257 1667 ἐκ
1278 1642 1428 1676 περιτομῆς
1447 1642 1582 1678 ἐμίσησαν
1601 1643 1729 1670 παιδείαν
1752 1645 1783 1670 ἐν

1041 1685 1172 1721 ἐπιδημίᾳ
1183 1684 1310 1720 Χριστοῦ,
1320 1685 1365 1712 καὶ
1375 1686 1572 1722 ἐκϐεϐλήκασιν
1583 1688 1622 1719 είς
1631 1687 1666 1714 τὰ
1675 1688 1768 1715 ὀπίσω
1774 1690 1833 1719 τοὺς

1040 1731 1084 1757 διὰ
1098 1730 1184 1766 Ἰησοῦ
1200 1730 1318 1766 Χριστοῦ
1327 1731 1422 1766 λόγους
1431 1732 1476 1758 τοῦ
1485 1732 1563 1759 Θεοῦ·
1575 1733 1745 1769 συνέδραμον
1761 1734 1790 1760 δὲ
1798 1735 1833 1768 τῷ

1041 1775 1145 1812 κλέπτῃ
1155 1776 1201 1802 καὶ
1217 1776 1337 1813 προδότῃ
1352 1776 1448 1808 Ἰούδα,
1457 1777 1505 1810 καὶ
1513 1777 1643 1811 μετὰτῶν
1653 1778 1832 1813 μοιχευόντων

1041 1821 1107 1854 ξύλα
1122 1821 1169 1848 καὶ
1180 1821 1269 1853 λίθους
1284 1822 1384 1857 ἔθηκαν
1400 1823 1503 1850 ἑαυτῶν
1516 1823 1565 1858 τὴν
1578 1823 1687 1859 μερίδα’
1705 1825 1755 1850 καὶ
1768 1825 1832 1859 πρὸς

1041 1867 1138 1900 ἄλλους
1148 1867 1327 1895 καταλαλοῦσι
1337 1867 1384 1895 τοῦ
1393 1867 1421 1901 ἐξ
1435 1869 1520 1895 ἐθνῶν
1527 1869 1644 1903 ἀδελφοῦ
1657 1870 1750 1896 αὐτῶν
1758 1871 1829 1896 λαοῦ·

1040 1913 1107 1940 ἀλλὰ
1113 1913 1160 1940 καὶ
1170 1913 1229 1940 κατ’
1236 1913 1325 1941 αὐτῶν
1331 1913 1384 1941 τῶν
1391 1915 1442 1950 ὁμο
1446 1914 1578 1950 μητρίων,
1587 1916 1633 1942 καὶ
1641 1917 1673 1942 ὲκ
1679 1916 1831 1952 περιτομῆς

1040 1959 1222 1986 πιστευόντων
1236 1959 1372 1986 σκάνδαλα
1391 1959 1509 1992 τιθέασι,
1525 1960 1688 1995 βουλόμενοι
1710 1962 1831 1998 διαστρέ-

1041 2013 1100 2039 φειν
1116 2004 1224 2036 αὐτούς·
1243 2004 1288 2031 διὰ
1301 2005 1387 2031 ταῦτα
1400 2005 1528 2040 ἐσίγησεν
1543 2007 1636 2038 αὐτοῖς
1651 2008 1666 2033 ὁ
1681 2007 1760 2039 Θεός.
1771 2008 1829 2034 Δέον

1040 2049 1068 2076 δὲ
1085 2050 1183 2081 αὐτοὺς
1200 2048 1268 2076 εἶναι
1282 2050 1336 2085 πρὸ
1346 2050 1503 2084 ὀφθαλμῶν,
1519 2052 1533 2078 ὁ
1544 2051 1573 2078 δὲ
1587 2052 1716 2079 ὲχὸἀλλει
1734 2053 1827 2084 aii-.473;

1038 2096 1078 2128 είς
1094 2095 1129 2122 τὰ
1144 2096 1240 2122 ὀπίσω.

1078 2141 1134 2168 Τοῦ
1147 2141 1249 2169 αὑτοῦ.
1266 2143 1325 2168 ’Ὁτι
1346 2143 1376 2169 οὐ
1397 2142 1436 2168 δεῖ
1451 2142 1487 2177 (6)
1502 2143 1698 2179 ἁμαρτάνοντά
1720 2154 1780 2171 τινα
1805 2147 1829 2171 ἐν

1002 2191 1025 2220 D
1039 2186 1199 2213 διδασκάλου
1217 2187 1432 2221 προκαθέζεσθαι
1444 2187 1530 2220 τάξει.

1073 2233 1115 2259 Σὺ
1138 2232 1172 2260 δὲ
1189 2233 1337 2267 ἐμίσησας
1355 2233 1504 2266 παιδείαν,
1524 2243 1551 2261 κ.
1566 2243 1592 2261 τ.
1608 2236 1632 2263 ὲ.
1649 2236 1763 2262 Παιδεία
1777 2236 1828 2262 ἐστὶ

1038 2278 1079 2316 (7)
1094 2279 1288 2315 μετριοπάθεια
1304 2279 1408 2306 παθῶν.

1075 2325 1129 2352 Καὶ
1151 2324 1226 2359 μετὰ
1244 2324 1354 2358 μοιχῶν
1378 2325 1434 2359 τὴν
1451 2326 1558 2360 μερίδα
1578 2333 1640 2353 σου
1659 2326 1784 2360 ἐτίθεις,
1803 2336 1826 2353 π.

1040 2380 1065 2398 τ.
1084 2371 1106 2397 ὲ.
1131 2371 1162 2396 Ἦ
1187 2372 1264 2406 μερὶς
1281 2371 1358 2405 ἡμῶν
1373 2370 1410 2405 (8)
1430 2372 1503 2397 ἐστιν
1524 2371 1541 2406 ἡ
1564 2371 1668 2406 γνῶσις
1684 2373 1733 2399 τοῦ
1756 2371 1826 2399 Θεοῦ-

1042 2417 1148 2452 Ταύτην
1170 2416 1198 2443 δὲ
1217 2416 1327 2452 τίθεμεν
1345 2417 1413 2452 μετὰ
1431 2417 1544 2452 μοιχῶν,
1567 2417 1617 2453 τὴν
1636 2418 1751 2445 ἐκείνων
1770 2419 1826 2445 ἀνα-

1040 2461 1231 2497 λαμϐάνοντες.
1248 2462 1349 2496 Μοιχδν
1371 2462 1487 2490 ἐνταῦθα
1505 2463 1550 2490 τὸν
1565 2463 1669 2499 πόρνον
1689 2465 1775 2498 καλεῖ,
1788 2468 1826 2491 καὶ

1041 2509 1164 2534 παντοῖον
1177 2507 1334 2535 ἀκόλαστον.

240 2582 263 2598 ⁸⁸
277 2581 356 2610 Rom.
378 2589 434 2613 vIn,
448 2581 493 2613 29,
507 2581 552 2608 30.
589 2581 610 2596 ²⁷
623 2579 700 2607 .Ιο;ιη.
718 2587 742 2612 v,
761 2579 806 2606 Ἦ.
847 2579 868 2594 ’⁸
887 2579 981 2607 Matth.

1074 2602 1081 2614 ,
1122 2583 1143 2598 "
1159 2581 1232 2609 Psal.
1245 2590 1271 2615 ι,
1291 2582 1332 2609 l9.
1372 2581 1393 2597 “
1406 2581 1501 2608 Matth.
1517 2589 1562 2615 xv,
1575 2582 1604 2609 8.

241 2651 280 2686 (l)
303 2652 444 2679 Ἐνταῦθα
459 2650 627 2686 προδήλως,
647 2656 700 2677 etc.
728 2650 818 2678 Codex
848 2649 990 2678 Coislinia-

205 2694 281 2791 an?)
296 2722 366 2782 Πῑρὶ
377 2721 447 2755 τῶν,
458 2725 511 2748 etc.
525 2720 626 2748 Catena
641 2720 774 2748 Corderii.

254 2756 397 2791 5)]1Ῠντα
418 2756 508 2790 λέγει,
532 2761 586 2784 etc.
619 2755 711 2783 Codex
734 2755 771 2782 Co

254 2755 508 2796 5)_Ilém_au.1éret,
532 2761 586 2784 etc.
619 2755 711 2783 Codex
734 2755 930 2788 Coislinianus,
962 2761 989 2783 et

207 2791 312 2818 schedae
323 2790 427 2817 Cranii.

231 2824 276 2859 μ)
301 2825 423 2857 Ἀναφεῖ
440 2825 556 2857 θυσίας,
575 2830 627 2853 etc.
640 2825 720 2853 Iidem
741 2833 806 2853 mss.

1076 2653 1115 2687 (5)
1132 2654 1172 2679 Οὺ
1185 2653 1293 2688 μόνον,
1311 2657 1365 2679 etc.
1381 2651 1484 2679 Catena
1498 2652 1636 2679 Corderii.

1039 2734 1055 2761 d
1075 2698 1116 2761 (t2
1132 2699 1196 2760 ’ἵει
1210 2699 1246 2725 οὺ
1261 2697 1316 2729 δεῖ,
1331 2703 1383 2725 ctc.
1398 2697 1486 2725 Codex
1500 2696 1697 2725 Coislinianus
1716 2702 1745 2725 et
1757 2695 1825 2725 κιιρρ

1057 2741 1079 2761 ἓ
1121 2741 1146 2760 ΓΠ
1169 2741 1197 2759 ll.

1121 2741 1197 2760 I'ﬂDll.

1057 2741 1079 2761 ac
1094 2741 1197 2761 ιιι-σοιν.

1073 2779 1111 2814 (7)
1125 2778 1246 2806 Παιδεία
1266 2778 1343 2809 ἐστι,
1361 2783 1413 2805 etc.
1429 2778 1512 2805 Iidem
1531 2784 1603 2805 mss.

1075 2825 1113 2857 (8)
1139 2824 1174 2851 Ἡ
1186 2823 1268 2857 ιιέιιις
1283 2822 1377 2856 ἡμῶν,
1393 2828 1448 2850 etc.
1463 2822 1546 2850 litlem
1571 2830 1640 2851 mss.
