1886 3052
73 135 141 166 ιιδδ

575 133 728 163 SELECTA
745 133 778 161 ΙΝ
798 133 965 161 PSALMOS.
987 149 1019 154 -—
1041 133 1138 161 PSAL.
1159 131 1189 161 L.

1635 133 1703 160 HM

112 197 270 230 Ὑπέλαϐες
284 195 422 230 ἀνομίαν,
439 195 483 223 ὅτι
508 196 615 230 ἔσομαί
639 204 687 223 σοι
708 195 818 230 ὅμοιος,
836 204 862 221 κ.

957 194 1036 221 Vens.
1050 194 1095 221 2|.
1110 193 1276 220 Existimasti
1289 193 1375 227 inique
1387 193 1457 227 quod
1473 200 1517 219 ero
1536 194 1574 219 tui
1595 194 1702 224 similia,

68 253 96 270 τ.
111 243 134 270 ὲ.
149 236 292 278 ὀμοίωσίς
307 244 379 270 ἐστιν
393 243 429 279 (9)
445 242 519 278 ἡδιὰ
539 242 593 268 τῶν
614 241 723 276 ἀγαθῶν
738 240 864 276 πράξεων

72 289 200 324 μίμησις.
227 288 327 324 Διόπερ
343 289 374 315 οὐ
401 290 457 320 τοῖς
484 288 694 324 ἁμαρτάνουσιν,
720 286 788 313 ἀλλὰ
809 287 865 317 τοῖς

70 334 250 370 κατορθοῦσιν
266 333 436 369 ἐξομοιοῦται
453 334 466 360 ὁ
482 334 593 369 Κύριος.

107 378 229 412 Μήποτε
254 378 387 412 ἁρπάσῃ,
405 379 453 405 καὶ
475 379 511 405 οὐ
526 377 568 412 μὴ
590 375 610 413 ᾖ
631 379 646 404 ό
664 378 821 411 ῥυόμενος,
837 384 866 402 κ.

70 432 98 450 τ.
111 423 307 459 ὲ.”Αρπάζεται
320 424 393 459 ψυχὴ
403 423 458 458 (10)
467 423 605 454 παντελῶς
619 423 773 449 ἐκπεσοῦσα
784 421 862 448 Θεοῦ.

109 469 205 496 Θυσία
217 470 359 502 αινέσεως
379 468 502 501 δοξάσει
515 477 563 503 με,
579 477 606 496 κ.
623 477 648 495 τ.
666 469 689 495 ὲ.
711 468 755 495 Ἐν
771 469 804 503 τῇ
820 467 867 494 θυ-

73 514 121 551 σία
146 515 212 551 (Η),
233 516 310 551 φησὶ,
332 516 382 551 τῆς
404 516 533 547 αἰνέσεως
556 515 615 547 ὁδός
641 515 699 541 ἐστι
719 515 768 550 τῆς
791 513 867 549 παρὰ

72 559 134 595 Θεῷ
147 560 292 596 σωτηρίας.
308 560 395 587 Θυσία
410 560 438 587 δὲ
454 560 583 591 αἰνέσεως
603 560 709 592 δοξάσει
723 559 800 595 ἡμῶν
820 559 866 586 τὸν

73 605 151 636 Θεὸν,
167 606 208 631 ὅτι
223 606 247 632 οί
262 606 405 641 βλέποντες
419 606 452 632 τὰ
465 606 537 633 καλὰ
551 606 628 641 ἡμῶν
643 606 711 642 ἔργα
725 605 866 637 δοξάσωσι

73 650 120 676 τὸν
134 650 243 685 Πατέρα
255 652 271 686 ἡ
276 650 333 685 μῶν
350 651 395 677 τὸν
411 652 439 677 ὲν
453 653 509 683 τοῖς
522 652 655 687 οὐρανοῖς.
665 651 710 677 Ἐν
722 650 750 677 δὲ
763 649 867 681 τούτοις

73 694 159 722 ὀντων
174 696 262 731 ἡμῶν,
277 696 380 732 ὲστὶνὴ
400 697 459 728 ὁδὸς
481 698 510 724 ὲν
532 694 550 734 ᾖ
567 697 647 728 δείξει
670 697 735 731 ἡμῖν
761 697 775 722 ὁ
801 695 867 727 Θεὸς

74 740 108 769 τὸ
132 743 262 778 σωτήριον
279 743 387 771 ἑαυτοῦ.

320 876 331 887 ‘
373 884 522 912 ΨΑΑΜΟΣ
541 885 581 911 N'.

73 931 208 966 (ΙὲγἘκ
228 929 287 966 τῶν
307 931 350 963 εις
372 931 426 957 τὸν
444 933 469 957 ν’
491 931 615 965 ψαλμὸν
634 930 820 966 Morarier
837 931 872 957 ἐν

110 965 194 1001 μέρει
208 965 263 999 τῆς
278 966 352 992 κατὰ
367 966 420 992 τὸν
434 966 544 999 Οὐρίαν
558 965 762 1000 Ιοντορίαςτὴν
773 966 873 1000 ἀρχὴν·

112 1000 339 1035 ὀλληγυρήσιις,
354 1000 498 1035 ἐπιφέρει.

111 1045 146 1071 El
159 1043 187 1070 δέ
200 1052 239 1079 τῳ
257 1043 344 1078 βίαιον
359 1041 427 1070 εἶναι
442 1043 559 1070 δοκεῖτὸ
579 1044 610 1070 ὲκ
626 1043 726 1080 μέρους
741 1044 788 1079 μὲν
802 1045 872 1071 ἱστο-

78 1090 142 1126 ρίαν
162 1088 358 1123 ὰλληγορῆσαι,
377 1088 414 1123 μὴ
437 1088 596 1124 ὲξομαλίσαι
618 1089 645 1115 δὲ
668 1089 769 1124 αὐτὴν,
794 1089 872 1124 δῆλον

73 1137 119 1164 ὅτι
134 1135 221 1163 ταῦτα
239 1135 287 1170 μὲν
308 1135 396 1170 μάτην
412 1134 559 1168 λελέξεται,
577 1134 644 1161 ἄλλα
660 1135 688 1162 δὲ
704 1136 743 1167 εἰς
763 1135 808 1161 τὸν
829 1136 873 1162 τό-

75 1191 130 1209 πον
152 1182 297 1217 ζητητέον·
314 1182 338 1207 εί
363 1181 400 1216 μὴ
426 1181 479 1216 ἄρα
504 1181 550 1207 ἐπὶ
568 1181 648 1207 πλέον
667 1189 708 1213 τις
726 1181 873 1216 βασανίσας

75 1228 115 1255 τὰ
140 1228 211 1254 κατά
239 1227 284 1255 τὸν
306 1227 401 1259 τόπον,
424 1226 500 1262 εὖροι
527 1227 616 1253 πάντα
639 1228 871 1263 ἀποκαταστῆσαι,

78 1273 128 1300 καὶ
140 1272 175 1299 τὰ
190 1272 254 1307 περὶ
267 1272 312 1298 τὸν
322 1271 497 1307 ἀναιρεθέντα
514 1271 607 1307 ἄνδρα,
620 1272 667 1299 καὶ
679 1272 729 1308 τὴν
742 1272 873 1299 δοκοῦσαν

77 1317 163 1345 αὐτοῦ
179 1317 368 1354 χρηστότητα·
387 1317 423 1352 μὴ
444 1317 605 1352 βουλομένου
622 1319 662 1350 εἰς
681 1318 726 1344 τὸν
740 1316 812 1345 οἷκον
825 1319 875 1346 αὺ-

77 1363 128 1390 τοῦ
142 1363 267 1398 γενέσθαι
285 1364 331 1390 καὶ
351 1363 548 1395 ἀναπαύεσθαι,
565 1362 612 1389 τοῦ
635 1363 700 1390 λαοῦ
719 1364 748 1390 ἐν
763 1372 874 1399 στρατο-

78 1409 154 1444 πέδῳ
169 1409 347 1444 τυγχάνοντος
359 1409 405 1436 καὶ
416 1409 595 1443 ἀγωνιῶντος.
611 1410 667 1436 Οὐκ
687 1407 745 1437 οἶδα
767 1411 796 1437 δὲ
816 1410 874 1442 πῶς

78 1457 105 1482 οἱ
124 1455 268 1489 φεύγοντες
281 1455 329 1490 τὴν
351 1456 379 1481 ὲν
401 1455 505 1486 τούτοις
519 1455 691 1490 ἀλληγορίαν,
707 1456 754 1482 καὶ
769 1456 818 1492 τὴν
832 1457 874 1483 λέ-

78 1502 124 1535 ξιν
136 1501 170 1527 δι’
187 1501 286 1536 ὲειυτὴν
315 1501 521 1537 ἀναγεγράφθαι
546 1502 710 1536 νομίζοντες,
732 1503 872 1537 παραστή-

919 246 971 269 ctc.
987 240 1144 267 Similitudo
1156 245 1197 266 est
1213 247 1244 266 ea
1263 246 1322 273 qua:
1335 246 1382 273 per
1397 239 1468 266 bona
1488 246 1569 274 opera
1594 239 1622 265 lit
1640 240 1703 266 iuti-

919 287 994 313 tatio.
1008 286 1189 319 Quamobrem
1202 292 1254 312 non
1270 285 1468 318 peccatoribus,
1478 285 1524 312 sed
1539 289 1611 313 recve
1623 293 1705 320 agen-

920 331 990 357 tibus
1004 330 1172 358 assimilatur
1187 330 1326 357 Dominus.

957 375 1037 403 Vens.
1049 375 1096 402 22.
1114 374 1260 409 Nequtmdo
1279 375 1377 410 rapiat,
1392 379 1418 402 et
1435 383 1486 402 non
1498 376 1531 402 sit
1543 376 1705 410 quieripiat,

920 426 973 448 etc.
991 421 1104 454 Rapitur
1121 421 1223 452 anitna,
1236 427 1294 454 qua:
1309 420 1419 452 omnino
1431 427 1446 447 a
1461 420 1514 447 Deo
1527 419 1637 447 excidit.

957 466 1038 493 Vens.
1055 466 1101 493 23.
1114 465 1282 500 Sacriﬁcium
1297 466 1383 493 laudis
1398 466 1582 500 honoriﬁcabit
1593 471 1705 499 me,etc.

920 513 948 540 In
961 512 1108 545 sacriﬁcio,
1125 512 1223 547 inquit.
1243 512 1331 539 laudis
1346 517 1389 539 est
1408 512 1477 547 apud
1493 512 1576 539 Deum
1595 512 1639 539 via
1660 519 1707 539 sa-

921 558 995 585 lutis.
1015 557 1185 585 Sacriﬁcium
1200 559 1296 592 autem;
1308 558 1394 585 laudis
1420 557 1609 585 honoriﬁcabit
1623 558 1707 584 Dettttt

921 608 1054 634 nostrum,
1069 602 1133 637 quia
1149 602 1193 636 qui
1208 603 1298 629 vident
1308 609 1389 637 opera
1410 607 1502 629 nostra
1526 603 1604 633 bona,
1626 601 1708 637 glori-

922 649 1041 676 iicabunt
1055 647 1161 675 Patrem
1178 654 1301 675 nostrum
1315 648 1362 683 qui
1379 649 1404 675 itt
1421 648 1497 675 caelis
1518 653 1557 675 est
1575 647 1608 674 “.
1623 647 1709 675 Cate—

921 703 979 723 rum
1000 695 1063 722 dttm
1082 695 1107 722 in
1123 695 1165 721 his
1179 702 1330 727 versamur,
1351 694 1425 721 adest
1439 694 1517 721 nobis
1537 694 1589 727 via,
1610 694 1637 721 in
1656 701 1707 726 qua

921 741 1045 770 ostendet
1061 742 1139 768 nobis
1157 741 1227 768 Deus
1242 740 1364 767 salutare
1383 748 1473 767 sunto.

1218 879 1376 908 PSALMUS
1396 880 1426 907 L.

926 930 967 957 Ex
976 929 1170 957 commentariis
1187 929 1215 955 in
1231 928 1360 962 psalmum
1379 936 1394 955 ι.
1405 948 1412 959 ,
1432 932 1568 962 ροκιοιιοηι
1588 936 1619 955 ea:
1636 931 1711 962 parte

958 965 1117 1034 yfirincipium
1132 961 1250 990 historia:
1275 961 1346 989 Uria:
1369 963 1508 998 allegorice
1522 961 1651 998 exposuit,
1668 964 1710 989 in-

971 1006 1020 1027 ενι.

971 1006 1020 1027 ert.

958 1045 987 1073 Si
1008 1046 1051 1073 cui
1071 1049 1162 1073 autem
1178 1045 1327 1072 violentum
1349 1051 1410 1071 esse
1425 1043 1542 1075 videtur,
1555 1044 1626 1079 quod
1648 1052 1710 1079 par-

924 1096 976 1119 tem
994 1091 1113 1119 historiae
1125 1091 1269 1126 allegorice
1281 1091 1466 1125 exposuerim,
1483 1098 1534 1118 nec
1547 1098 1606 1118 eam
1618 1098 1710 1126 mqua-

925 1137 1016 1164 biliter
1030 1139 1224 1172 interpretatus
1248 1137 1312 1169 sim,
1333 1142 1454 1171 apertum
1476 1141 1516 1164 est
1533 1137 1591 1164 inec
1608 1142 1710 1164 temere

926 1183 1026 1211 dictutn
1042 1183 1144 1216 iri,alia
1155 1183 1252 1210 veroin
1269 1183 1340 1210 hunc
1355 1183 1442 1210 locum
1459 1183 1617 1218 inquirenda
1631 1190 1708 1216 esse;

927 1229 978 1256 nisi
993 1228 1064 1256 forte
1075 1230 1121 1264 qui
1142 1230 1214 1256 hunc
1230 1228 1318 1256 locum
1336 1228 1544 1256 accuratissime
1562 1229 1711 1264 perpende-

927 1275 972 1306 rit,
989 1275 1111 1302 inveniat
1128 1275 1262 1309 quomodo
1283 1275 1373 1301 omnia
1393 1275 1539 1308 conciliet,
1558 1280 1585 1302 et.
1601 1273 1712 1302 homici-

925 1319 1009 1354 dium,
1026 1320 1108 1356 724
1118 1326 1145 1347 et
1157 1328 1216 1347 eam
1230 1328 1289 1355 qua:
1307 1320 1334 1346 itt
1354 1320 1412 1354 ipso
1430 1320 1584 1354 videbatur,
1602 1320 1709 1348 bonita-

927 1371 997 1394 tem:
1015 1366 1100 1394 noluit
1113 1366 1212 1401 quippe
1229 1366 1337 1393 domum
1363 1373 1439 1393 suam
1456 1366 1530 1393 adire
1552 1367 1644 1401 ibique
1668 1374 1711 1394 re-

925 1413 1079 1447 quiescere,
1094 1413 1157 1439 dttm
1176 1411 1290 1446 populus
1309 1410 1335 1437 in
1355 1411 1451 1438 castris
1467 1416 1523 1438 erat
1539 1417 1566 1438 et
1588 1410 1709 1438 militiam

927 1458 1067 1485 tolerabat.
1085 1457 1139 1483 Sed
1157 1458 1248 1483 nescio
1263 1456 1398 1490 qttomodo
1419 1457 1464 1490 qui
1486 1456 1660 1490 allegoricum
1685 1457 1710 1483 in

927 1505 971 1532 his
985 1511 1094 1531 sensum
1113 1503 1207 1530 nolunt
1226 1502 1388 1534 admittere,
1400 1506 1424 1529 et
1441 1502 1586 1529 dictionem
1601 1508 1713 1538 propter

81 1556 174 1574 σονται
186 1546 225 1582 τῷ
241 1546 388 1582 βουλήματι
401 1547 448 1573 τοῦ
466 1546 542 1581 ἁγίου
557 1547 715 1582 Πνεύματος
726 1548 873 1583 πράγματα

945 1558 957 1578 e
973 1550 1097 1584 nudeque
1111 1549 1239 1583 scriptam
1262 1555 1323 1576 esse
1341 1551 1446 1583 putant,
1469 1553 1649 1583 assequentur
1665 1556 1712 1576 vo-

79 1593 244 1628 ἁναγραφῆς
266 1592 448 1625 ἀξιώσαντος·
467 1593 508 1627 ἐφ’
526 1589 566 1623 οἷς
584 1592 615 1618 οὐ
635 1591 714 1627 μόνον
733 1592 874 1624 ἀκολασία,

79 1637 151 1665 ἀλλὰ
167 1638 214 1664 καὶ
228 1638 338 1673 ὠμότης
359 1638 406 1664 καὶ
421 1637 603 1673 ἁπανθρωπία
620 1639 814 1672 κατηγορεῖται
828 1637 875 1663 τοῦ

80 1683 175 1715 Δαυτδ,
190 1683 373 1719 τολμήσαντος
390 1684 429 1716 εἰς
440 1684 484 1710 τὸν
497 1684 599 1719 Οὐρίαν
608 1684 723 1719 πρᾶγμα
737 1683 875 1719 ἀλλότριον

80 1730 130 1756 καὶ
146 1728 194 1756 τοῦ
215 1729 341 1764 τυχόντος
353 1729 434 1765 ἤθους
451 1729 567 1765 μετρίως
584 1728 780 1763 βελτιωθέντος.
805 1728 875 1763 Ἐγὼ

80 1776 110 1802 δὲ
126 1775 231 1810 εἴποιμι
247 1775 289 1807 ἂν,
307 1775 358 1807 ὅτι,
373 1775 469 1811 ὥσπερ
483 1776 510 1802 αἱ
527 1774 631 1810 κρίσεις
645 1775 691 1801 τοῦ
707 1775 774 1801 Θεοῦ
793 1775 876 1810 μεγά-

80 1822 126 1848 λαι
147 1822 194 1847 καὶ
210 1821 381 1856 δυσδιήγητοί
403 1822 466 1853 εἰσι,
485 1821 610 1848 δοκοῦσαι
628 1821 712 1847 αἰτίαι
732 1821 875 1856 τυγχάνειν

80 1867 129 1895 τοῦ
143 1867 193 1899 τὰς
208 1867 387 1899 ἀπαιδεύτους
403 1867 555 1895 πλανᾶσθαι
568 1867 667 1902 ψυχὰς,
690 1867 761 1894 οὕτω
786 1869 832 1894 καὶ
848 1869 875 1894 αἱ

82 1913 192 1949 Γραφαὶ
210 1913 291 1940 αὑτοῦ
309 1913 426 1948 μεγάλαι
445 1914 493 1949 μὲν
510 1914 557 1941 καὶ
580 1914 792 1950 πεπληρωμέναι
814 1923 875 1950 νοηι

83 1960 179 1994 μάτων
198 1960 267 1986 εἰσὶν
289 1960 452 1996 ἀπορρήτων
472 1960 519 1986 καὶ
536 1959 674 1994 μυστικῶν
693 1959 739 1985 καὶ
757 1959 874 1985 δυσθεω-

84 2006 192 2041 ρήτωνο
208 2005 309 2040 σφόδρα
325 2005 354 2031 δὲ
375 2006 421 2032 καὶ
446 2005 616 2041 δυσδιήγητοί
642 2005 704 2036 εἰσι,
723 2005 770 2031 καὶ
791 2004 875 2030 αἰτίαι

80 2051 191 2078 δοκοῦσι
213 2051 259 2077 τοῦ
281 2051 332 2083 τὰς
351 2051 528 2082 ἀπαιδεύτους
553 2050 702 2077 πλανᾶσθαι
716 2050 770 2076 τῶν
787 2050 876 2085 ἑτερο-

80 2097 167 2129 δόξων
192 2096 292 2132 ψυχὰς,
315 2096 523 2132 ἀπερισκέπτως
548 2096 595 2122 καὶ
618 2095 686 2130 μετὰ
712 2095 877 2131 προπετείας

81 2142 309 2178 κατηγορούντων
330 2142 377 2169 τοῦ
400 2142 466 2170 Θεοῦ
485 2142 514 2175 ἐξ
534 2139 570 2169 ὧν
591 2142 622 2169 οὑ
643 2141 732 2168 νοοῦσι
750 2142 875 2177 Γραφῶν,

80 2189 131 2215 καὶ
150 2187 195 2213 διὰ
220 2187 299 2214 τοῦτο
325 2188 510 2214 ἐκπιπτόντων
529 2187 574 2213 ἐπὶ
600 2186 775 2221 ἀναπλασμόν
796 2185 875 2213 ἄλλου

79 2233 165 2260 Θεοῦ.
187 2233 318 2267 Ἀσφαλὲς
330 2231 377 2260 οὖν
391 2233 420 2259 τὸ
436 2233 593 2268 περιμένειν
607 2232 656 2268 τὴν
669 2232 816 2268 ἑρμηνείαν
831 2231 878 2258 τοῦ

81 2278 253 2314 σαφηνιστοῦ
275 2279 376 2313 Λόγου,
402 2279 448 2305 καί
465 2288 474 2304 ι
490 2278 539 2314 τῆς
561 2279 589 2304 ὲν
617 2278 757 2313 μυστηρίῳ
783 2277 878 2311 σοφίας

80 2326 349 2361 ἁποκεκρυμμένης,
363 2325 396 2360 ὴν
404 2325 492 2356 οὐδεὶς
505 2325 559 2351 τῶν
569 2325 707 2360 ἀρχόντων
720 2324 766 2351 τοῦ
781 2324 879 2356 αἰῶνος

79 2372 182 2398 τούτου
197 2371 309 2406 ἔγνωκε,
327 2371 398 2398 κατὰ
420 2371 590 2405 ἀποκάλυψιν
610 2370 759 2406 μυστηρίου
774 2370 880 2405 χρόνοις

80 2417 207 2448 αἰωνίοις
222 2417 411 2453 σεσιγημένου,
423 2427 432 2443 ι
445 2416 646 2452 φανερωθέντος
658 2417 713 2448 τοῖς
722 2415 879 2447 ἀποστόλοις

80 2463 134 2490 καὶ
149 2463 206 2494 τοῖς
221 2463 336 2495 ἐκείνοις
352 2462 562 2498 παραπλησίοις,
578 2462 622 2489 διά
637 2471 666 2488 τε
679 2461 795 2497 Γραφῶν
813 2470 880 2497 προ-

81 2508 212 2543 φητικῶν
235 2509 348 2544 καὶτῆς
366 2508 516 2544 γενομένης
534 2509 574 2540 εἰς
598 2508 697 2539 αὐτοὺς
720 2507 880 2542 ἐπιφανείας

79 2555 133 2581 τοῦ
159 2555 283 2591 Σωτῆρος
309 2555 387 2591 ἡμῶν
411 2555 497 2590 Λόγου
514 2554 560 2581 τοῦ
577 2564 586 2580 t
600 2555 629 2582 ὲν
647 2555 717 2590 ἀρχῇ
743 2553 811 2589 πρὸς
834 2553 880 2580 τὸν

80 2601 164 2627 Θεόν.
186 2610 195 2627 ι

127 2648 274 2682 Ἐλέησόν
289 2650 360 2683 uad
377 2648 458 2681 Θεὸς,
476 2657 503 2675 κ.
516 2657 543 2675 τ.
559 2648 582 2675 ἐ.
605 2647 690 2674 Ἐλεεῖ
711 2647 737 2673 δὲ
759 2647 809 2682 τὴν
830 2647 880 2681 φύ-

132 2718 156 2734 ⁸¹
168 2718 263 2751 Matth,
275 2719 357 2751 ν,16.
411 2719 432 2734 ³²
447 2719 457 2746 ι
471 2718 534 2746 Cor.
552 2718 612 2751 n.7,
631 2718 664 2751 8;
677 2719 755 2746 Rom.
772 2725 826 2750 xt‘t,
837 2717 883 2745 25'.

122 2778 163 2811 (9)
181 2778 337 2813 Ὀμοίωσίς
349 2779 444 2810 ἐστιν,
457 2783 510 2805 etc.
523 2778 605 2805 Iidem
620 2786 684 2805 mss.

123 2813 184 2847 (10)
203 2813 373 2848 Ἀρπὰζετίιι
385 2814 481 2848 ψυχή,
502 2819 555 2841 etc.
573 2814 653 2840 Iidem
669 2821 732 2841 mss.

123 2849 182 2883 (ll)
200 2849 250 2875 Ἐν
265 2847 301 2882 τῇ
314 2849 414 2882 θυσίᾳ,
430 2854 481 2876 etc.
497 2849 597 2875 Catena
609 2848 741 2875 Cot-dcrii.

927 1596 1058 1623 luntatem
1077 1595 1165 1621 sancti
1181 1593 1311 1629 Spiritus,
1323 1594 1369 1628 qui
1382 1594 1531 1628 scriptione
1545 1602 1588 1621 res
1609 1602 1657 1621 eas
1672 1595 1712 1621 di-

926 1649 994 1677 gnas
1005 1641 1150 1675 judicavit,
1167 1640 1194 1668 in
1210 1640 1308 1675 quibus
1325 1648 1378 1668 tton
1401 1641 1489 1668 solum
1509 1641 1596 1675 turpis
1617 1641 1712 1674 libido,

927 1688 974 1715 sed
988 1691 1014 1714 et
1030 1686 1177 1714 credulitas
1189 1691 1217 1714 et
1233 1686 1419 1713 inhumanitas
1440 1686 1524 1713 David
1537 1687 1711 1721 coarguitur,

926 1734 972 1769 qui
1000 1740 1084 1760 ausus
1103 1736 1176 1760 esset
1196 1739 1260 1766 erga
1281 1731 1374 1759 Uriam
1394 1731 1498 1759 facinus
1517 1731 1710 1760 alienissimum

928 1786 940 1805 a
965 1777 1062 1812 quovis
1086 1777 1205 1807 homine.
1230 1777 1272 1804 vel
1294 1777 1470 1804 mediocriter
1489 1777 1567 1804 bonis
1589 1779 1711 1805 moribus

926 1824 1044 1852 exculto.
1061 1823 1115 1858 Ego
1127 1828 1216 1851 autem
1231 1823 1355 1856 dixerim,
1367 1823 1592 1858 quemadmodum
1608 1824 1711 1859 judicia

927 1869 973 1898 Dei
981 1877 1078 1904 magna
1094 1867 1326 1902 etinexplicabilia
1342 1872 1450 1900 sunt,et
1463 1868 1590 1895 videntur
1601 1869 1712 1896 rudibus

926 1915 1062 1943 mentibus
1079 1915 1181 1942 erroris
1205 1922 1313 1942 causam
1338 1915 1413 1947 dare,
1433 1915 1469 1941 ita
1486 1914 1532 1941 Dei
1556 1914 1711 1949 Scripturas

927 1961 1149 1996 magnasquidetn
1164 1965 1188 1988 et
1197 1961 1304 1988 arcanis
1317 1961 1502 1995 abstrusisque
1511 1968 1541 1988 ac
1550 1960 1711 1988 dillicillitna:

927 2007 1156 2035 considerationis
1171 2007 1315 2034 sententiis
1331 2006 1445 2034 refertas
1466 2014 1542 2040 esse;
1562 2006 1607 2034 sed
1623 2012 1650 2034 et
1664 2007 1713 2034 dif»

929 2052 1076 2079 ﬁcillimam
1091 2053 1191 2080 habere
1205 2052 1426 2087 explicationem,
1440 2057 1467 2079 ct
1482 2053 1565 2080 videri
1583 2053 1662 2081 rudes
1680 2062 1711 2080 at:

928 2098 1043 2126 incultos
1059 2097 1248 2125 haereticorum
1267 2098 1371 2125 animos
1383 2098 1409 2125 in
1424 2105 1546 2126 errorem
1560 2099 1710 2134 impulisse,

928 2145 974 2179 qui
987 2144 1188 2171 inconsiderate
1202 2148 1229 2170 et
1245 2143 1377 2179 praecipiti
1395 2145 1550 2171 temeritate
1566 2145 1649 2172 Deum
1666 2152 1711 2172 re~

928 2190 1101 2226 prehendunt
1121 2197 1154 2217 ex
1173 2189 1206 2217 iis
1219 2197 1288 2224 quas
1302 2197 1355 2217 non
1371 2189 1536 2225 intelligunt,
1552 2190 1712 2225 Scripturis,

931 2236 1046 2270 indeque
1069 2234 1102 2261 ad
1119 2234 1200 2261 alium
1224 2234 1310 2261 Deum
1341 2233 1495 2269 ﬁngendum
1523 2233 1711 2268 prolabuntur.

929 2279 1023 2314 itaque
1039 2284 1124 2306 lutum
1136 2284 1179 2307 est
1201 2279 1387 2314 explanatoris
1411 2279 1492 2307 Verbi
1512 2279 1714 2314 interpretatio-

930 2333 993 2353 nem
1006 2331 1174 2360 exspeclare,
1189 2330 1218 2353 et
1230 2336 1240 2352 ι
1261 2325 1319 2360 ejus
1332 2333 1392 2360 qua:
1405 2325 1431 2352 in
1449 2325 1581 2360 mysterio
1594 2325 1712 2353 abscon-

931 2371 986 2399 dita
1002 2376 1055 2404 est,
1080 2372 1228 2407 sapientize,
1248 2379 1330 2406 quam
1355 2378 1435 2399 nemo
1458 2371 1610 2406 principum
1635 2370 1712 2404 hujus

931 2418 1022 2445 saeculi
1041 2418 1125 2450 novit,
1142 2418 1289 2445 secundum
1307 2418 1496 2445 revelationem
1513 2417 1633 2452 mysterii
1646 2422 1711 2444 tent-

931 2464 1042 2498 poribus
1062 2464 1172 2491 mternis
1198 2463 1348 2491 absconditi
1365 2463 1399 2496 ³⁸,
1421 2472 1431 2489 ι
1450 2463 1579 2490 declarati
1603 2468 1713 2496 aposto~

932 2509 966 2537 lis
980 2514 1114 2537 eteorum
1136 2510 1272 2537 similibus
1289 2516 1337 2544 per
1356 2509 1513 2543 Scripturas
1526 2508 1713 2543 propheticas,

930 2560 958 2583 et
972 2555 1124 2583 Servatoris
1139 2556 1223 2583 nostri
1236 2555 1335 2587 Verbi,
1351 2555 1422 2588 quod
1435 2563 1445 2580 ι
1461 2558 1521 2581 erat
1540 2554 1566 2581 in
1582 2553 1713 2589 principio

932 2601 1001 2636 apud
1020 2602 1101 2628 Deum
1115 2601 1147 2633 ⁸²,
1163 2610 1172 2627 ι
1192 2602 1218 2628 in
1233 2601 1305 2635 ipsos
1316 2605 1450 2627 exortum.

960 2645 1043 2675 VERE.
1050 2646 1076 2674 5,
1089 2645 1212 2673 Miserere
1220 2645 1371 2681 meiLDeus,
1381 2649 1435 2672 etc.
1445 2643 1552 2672 Naturae
1561 2645 1715 2678 miseretur,

939 2715 1050 2746 "Joan.
1065 2724 1085 2750 ι,
1101 2717 1127 2744 1.

965 2777 1022 2818 με)
1048 2777 1143 2805 Exstat
1166 2777 1219 2805 ltoc
1241 2776 1422 2812 fragmentum
1445 2775 1599 2804 Pliilocalite
1627 2777 1716 2812 capite

929 2821 1027 2848 prtuto.
