1886 3052
195 135 269 163 ’NSI

907 130 952 158 EX
973 130 1122 159 ORICENE

1757 131 1818 158 H58

201 192 350 226 iudicatum
367 191 397 218 iri
417 198 431 218 a
447 190 622 217 rationalibus
636 189 789 222 virtutibus,
802 193 829 216 et
844 190 876 216 ab
891 189 922 216 iis
934 189 980 224 qui

1091 189 1169 215 τοῦτό
1192 189 1263 215 ἐστιν
1288 189 1420 224 ἐναργῶς,
1442 189 1472 216 τὸ
1490 188 1676 223 διακρίνεσθαι
1696 188 1743 215 τὸν
1766 189 1822 215 iam

203 243 231 264 et
245 237 390 264 salutarem
409 236 628 271 praedicationem
643 234 848 267 administrant,
863 240 891 261 et
905 234 986 262 Citri-

205 287 247 310 sto
262 286 427 317 congregant
443 286 553 308 sanctos
567 280 636 315 ejus,
654 289 663 305 ι
681 287 748 314 quos
769 281 922 314 prmscivit,
945 279 986 306 iu-

208 329 279 363 quit,
294 334 321 356 et
337 327 557 362 praedestinavit;
576 330 602 353 et
624 334 693 361 quos
706 326 823 359 vocavit,
841 326 892 353 bos
905 331 933 353 et
944 325 988 360 ju-

204 374 332 402 stiﬁcavit
345 375 378 407 ’°,
391 383 400 400 ι
413 374 457 408 qui
473 373 621 408 adimplent
633 373 846 406 Testamentum,
857 381 910 401 non
924 380 988 401 sau-

194 420 341 453 ~guinibus,
357 420 404 447 sed
420 418 586 454 spiritalibus
603 418 758 446 sacriﬁciis.

241 509 376 544 Ejusdem.
404 508 453 536 Hic
478 509 620 537 manifeste
644 508 780 536 Christum
806 508 873 536 dicit
892 508 987 536 Deum.

206 564 215 581 ι
231 554 316 583 Omne
334 564 344 581 ι
361 555 433 582 enim
452 563 462 580 ο
476 555 606 590 judicium
622 554 703 581 Pater
716 553 788 581 dedit
802 553 870 580 Filio
882 554 915 581 ".
935 563 944 580 ι

240 647 322 674 Vens.
347 646 374 674 8.
399 645 462 673 Non
475 646 501 672 in
522 645 658 680 sacriﬁciis
678 645 730 672 tuis
753 653 862 679 arguam
883 651 917 676 te,
935 650 987 672 etc.

194 692 242 718 ~De
255 690 407 719 Iudaeorum
422 691 563 718 sacriﬁciis
577 698 638 725 quae
651 695 711 725 post
725 689 827 717 Christi
843 690 989 717 adventum

204 738 334 772 abrogata
349 742 413 765 sunt
427 758 435 770 ,
453 738 510 765 haec
535 737 662 764 convenit
677 735 804 770 prs-dicta
823 735 917 763 fuisse.
942 735 990 762 Vel

193 791 258 811 -non
275 790 369 818 prava,
388 783 485 818 inquit,
500 782 649 810 intentione
666 781 780 813 oﬂ'eras.
795 786 904 816 propter
918 781 989 815 quod

205 828 271 856 Cain
287 828 435 863 increpavi.

239 875 322 903 Vsus.
337 874 380 901 10.
395 873 528 907 Quoniam
549 881 612 899 mea:
631 877 690 899 sunt
706 880 793 899 omnes
810 872 899 898 bestiae
913 871 989 906 agri,

191 924 256 948 'etc.
272 919 369 948 Omnia
387 919 513 947 animalia
527 919 593 945 dicit
606 925 666 945 esse
679 918 730 944 sub
743 917 913 952 providentia
928 916 988 943 Dei.

207 973 218 990 ι
233 964 326 992 Nonne
346 964 418 991 enim
440 964 493 990 duo
513 969 634 998 passeres
649 969 710 989 asse
727 966 844 989 Veneunt
855 982 862 994 ,
878 965 905 989 et
921 968 991 988 unus

198 1017 238 1037 ex
248 1010 300 1038 illis
312 1018 364 1037 non
377 1010 455 1037 cadet
470 1009 528 1036 sine
536 1008 616 1035 Patre
627 1015 687 1035 meo
698 1008 742 1042 qui
753 1008 780 1034 in
791 1007 869 1035 caelis
881 1011 923 1034 est
931 1007 988 1032 ’νὴ

243 1098 321 1125 Vens.
346 1098 389 1124 I5.
419 1096 546 1131 Nunquid
575 1094 742 1122 mamlucabo
769 1102 862 1121 carnes
901 1098 991 1120 tauro-

195 1152 263 1171 vrum
274 1164 280 1176 ,
293 1149 338 1170 aut
356 1142 510 1178 sanguinem
525 1141 659 1169 hircorum
676 1139 791 1174 polabo?
803 1144 857 1168 etc.
873 1139 992 1174 Abrogat

204 1188 340 1217 sacriﬁcia
355 1186 494 1215 sensibilis
507 1194 514 1213 :
532 1193 596 1214 nam
611 1195 619 1211 ι
636 1184 799 1213 sacriﬁcium
813 1184 869 1212 Deo
881 1184 992 1219 spiritus

195 1233 406 1262 acontribulatus
423 1233 455 1259 ’³.
471 1241 481 1258 ι

243 1279 325 1307 Vsus.
345 1277 388 1306 16.
406 1276 544 1304 Peccatori
564 1281 650 1302 autem
665 1275 732 1302 dixit
749 1274 836 1301 Deus:
853 1275 942 1307 Quare
963 1278 992 1300 tu

204 1333 314 1353 enarrat
327 1323 448 1359 justitias
463 1324 558 1349 meas?
579 1326 634 1348 etc.
662 1320 719 1348 Non
740 1320 790 1347 soli
815 1321 895 1347 obvio
911 1327 992 1347 sensu

206 1368 342 1404 peccatori
367 1367 424 1394 haec
437 1374 452 1394 a
477 1366 531 1393 Deo
545 1365 616 1393 dicta
637 1365 774 1398 existimo,
799 1372 892 1392 verum
910 1365 992 1392 etiam

198 1414 306 1450 .populo
323 1411 553 1441 circumcisionis.
566 1411 702 1438 Caeterum
720 1414 846 1445 peccator
859 1410 994 1437 duntaxat

206 1467 256 1495 per
269 1466 300 1487 os
316 1458 415 1493 accipit
430 1457 631 1485 Testamentum
648 1455 727 1490 723
748 1455 805 1488 Dei,
826 1462 888 1482 cum
911 1455 992 1482 disci-

206 1506 307 1541 plinam
329 1504 418 1532 oderit
431 1523 438 1536 ,
463 1509 490 1531 et
503 1511 535 1531 ea
558 1509 618 1538 quas
632 1502 676 1529 hic
690 1506 867 1529 recensentur
881 1505 992 1536 peccata

199 1550 369 1578 committat.
389 1548 435 1577 Vel
458 1548 522 1583 quia
542 1557 552 1573 ι
569 1547 684 1582 populus
699 1546 760 1580 hic,
782 1546 887 1580 inquit,
913 1546 992 1573 labiis

202 1602 251 1623 me
264 1596 391 1626 honorat,
411 1601 459 1622 cor
472 1599 560 1621 autem
576 1601 668 1621 eorum
688 1593 767 1628 longe
780 1597 822 1619 est
837 1599 852 1618 ο
874 1599 917 1618 ine
930 1592 962 1618 '°.
979 1601 989 1618 ι

206 1643 254 1671 Isti
266 1643 299 1670 de
309 1641 517 1670 circumcisione
527 1641 642 1668 oderant
652 1640 820 1674 disciplinam
837 1638 863 1665 in
875 1639 991 1665 adventu

207 1687 320 1720 Christi,
336 1691 364 1715 et
384 1693 525 1714 sermones
541 1685 588 1712 Dei
602 1692 670 1720 quos
690 1684 770 1712 Iesus
786 1683 911 1711 Christus
930 1689 992 1717 pro-

201 1734 335 1766 lferehat,
360 1738 511 1760 retrorsum
531 1731 729 1767 proﬁciebant;
754 1730 904 1758 currebant
929 1735 992 1756 vero

201 1787 270 1806 eum
284 1779 344 1806 fure
357 1786 388 1806 ac
401 1778 542 1813 proditore
559 1776 641 1809 Juda,
657 1781 686 1804 et
700 1784 761 1804 cum
774 1776 904 1803 adulteris
920 1775 990 1810 ligna

210 1829 238 1852 et
248 1825 352 1861 lapides
366 1825 519 1858 portionem
534 1831 610 1850 suam
628 1822 783 1858 ponebant;
800 1827 827 1849 et
842 1821 913 1856 apud
925 1821 992 1848 alios

201 1872 289 1899 etiam
303 1870 382 1898 fratri
396 1877 457 1902 suo,
473 1869 578 1896 scilicet
592 1869 692 1903 populo
703 1875 735 1895 ex
752 1868 888 1902 gentibus,
905 1867 993 1895 obtre

201 1921 300 1950 ctam,
316 1916 381 1950 quin
403 1921 431 1942 et
449 1914 598 1942 couterinis
615 1915 682 1947 suis,
704 1913 807 1940 scilicet
825 1913 948 1940 ﬁdelibus
959 1913 992 1939 de

202 1962 424 1994 circumcisione.
436 1961 565 1990 scandala
576 1965 689 1996 ponunt,
700 1959 822 1987 volentes
832 1959 904 1992 ipsos
915 1965 992 1985 aver-

207 2015 282 2037 tere:
299 2013 442 2043 propterea
463 2007 538 2034 siluit
551 2006 617 2040 ipsis
639 2005 720 2033 Deus.
740 2004 887 2040 Oportebat
901 2008 991 2030 autem

209 2054 270 2082 illos
287 2054 313 2081 in
327 2052 415 2081 oculis
429 2059 501 2085 esse,
515 2059 610 2079 verum
626 2051 734 2086 projicit
749 2058 796 2078 eos
814 2055 972 2077 retrorsum.

247 2144 386 2179 Ejusdem.
405 2143 473 2177 Quia
490 2151 542 2171 non
561 2146 668 2178 oportet
686 2146 857 2177 peccatorem
869 2141 991 2169 doctoris

209 2197 322 2218 munere
337 2189 424 2224 fungi.

244 2236 327 2263 Vens.
350 2235 393 2262 Π.
409 2234 449 2261 Tu
462 2241 521 2261 vero
540 2233 618 2261 odisti
634 2232 813 2267 disciplinam,
832 2235 885 2259 etc.
903 2230 990 2259 Disci-

209 2282 335 2317 plinaest
345 2280 489 2308 aﬂectuum
503 2279 607 2306 modica
620 2277 797 2313 perturbatio.

245 2327 326 2355 νω.
341 2327 385 2354 18.
401 2326 435 2353 Ει
451 2334 510 2353 cum
525 2325 656 2352 adulteris
668 2323 816 2358 portionem
827 2327 898 2349 tuam
913 2329 993 2356 pone-

210 2375 266 2406 bu,
277 2377 330 2400 etc.
339 2372 438 2400 .Portio
451 2376 545 2399 nostra
555 2375 598 2398 est
611 2369 730 2405 cognitio
742 2368 800 2396 Dei.
815 2367 890 2395 Hanc
902 2373 992 2395 autem

209 2427 270 2448 cum
282 2419 412 2446 adulteris
425 2417 562 2452 ponimus,
573 2424 634 2444 cum
651 2415 758 2442 illorum
778 2414 929 2449 portionetn
947 2421 993 2441 as-

209 2467 351 2494 sumimus.
365 2465 524 2492 Adulterum
545 2464 597 2491 hoc
614 2463 673 2490 loco
695 2461 885 2489 Ioruicatorem
904 2464 992 2490 vocat,

208 2518 236 2541 et
252 2512 420 2547 quibuslibet
435 2509 594 2538 libidinibus
609 2509 739 2535 deditum.

245 2585 268 2600 “
283 2584 362 2612 Rom.
383 2591 440 2614 v'tt,
454 2583 498 2615 29,
513 2582 558 2610 30.
594 2583 615 2598 ¹⁷
628 2581 705 2609 .loan.
724 2589 748 2613 v,
767 2581 811 2607 '29-.

246 2655 286 2689 (i)
309 2653 450 2682 Ἐνταῦθα
465 2652 633 2688 προδήλως,
653 2657 705 2679 elo.
734 2652 824 2679 Codex
854 2651 996 2679 Coislinia-

211 2697 287 2758 nusé)
301 2724 371 2784 nsi!
383 2723 453 2757 τῶν,
464 2727 517 2750 etc.
530 2722 632 2751 Catena
647 2721 780 2750 Corderii.

247 2724 286 2794 l5)
302 2761 330 2785 11
336 2759 513 2794 γνταηλέτει,
537 2763 591 2785 etc.
625 2756 716 2784 Codex
739 2756 776 2784 Co

248 2756 403 2794 (5)11άντα
423 2756 513 2792 λέγει,
537 2763 591 2785 etc.
625 2756 716 2784 Codex
739 2756 935 2789 Coislinianus,
967 2762 994 2784 et

213 2793 318 2820 SCIICtliP
329 2793 433 2820 Grahii.

238 2827 282 2861 μ)
307 2827 430 2860 Ἀναφεῐ
446 2827 562 2859 θυσίας,
581 2832 633 2854 etc.
646 2826 726 2854 Iidem
747 2835 811 2855 mss.

852 2581 873 2596 ’⁸
892 2580 986 2608 Matth.
1003 2591 1029 2615 ι,
1041 2582 1086 2615 29,

1039 234 1140 269 Κυρίου
1152 235 1227 270 παρά
1244 243 1272 261 τε
1292 235 1433 269 δυνάμεων
1447 233 1563 268 λογικῶν
1579 234 1626 260 καὶ
1647 234 1704 260 τῶν
1724 234 1822 269 ἱερουρ-

1037 280 1156 314 γούντων
1170 280 1199 306 τὸ
1215 281 1346 316 σωτήριον
1372 281 1512 316 κήρυγμα,
1527 280 1551 306 οἳ
1569 280 1616 307 καὶ
1636 280 1823 315 συναγείρουσι

1038 325 1149 361 Χριστῷ
1163 326 1225 357 τοὺς
1236 325 1326 357 ὁσίους
1341 325 1434 353 αὑτοῦ·
1455 335 1464 352 ι
1480 326 1526 358 οὓς
1541 326 1676 362 προέγνω,
1695 326 1773 361 φησι,
1784 327 1824 352 καὶ

1039 371 1184 407 προώρισε*
1201 371 1248 398 καὶ
1259 370 1307 403 οὓς
1320 371 1444 402 ἐκάλεσε,
1455 371 1501 398 καὶ
1515 371 1684 398 ἐδικαίωσεν·
1700 380 1709 396 ι
1722 370 1748 397 οἶ
1764 370 1825 406 πλη-

1040 416 1117 452 ροῦσι
1130 417 1179 452 τὴν
1193 416 1341 452 Διαθήκην,
1352 417 1381 443 οὐ
1396 417 1430 443 δι’
1440 417 1572 452 αἱμάτων,
1588 416 1656 443 ἀλλὰ
1670 417 1733 447 ταις
1749 423 1824 443 πνεν-

1041 463 1169 496 ματικαῐς
1187 461 1303 493 θυσίαις.

1078 507 1132 534 Τοῦ
1152 506 1254 534 αὺτοῦ.
1275 506 1408 534 Ἐνταῦοα
1431 507 1571 542 προδήλως
1590 506 1628 541 (I)
1647 507 1696 533 τὸν
1714 506 1826 541 Χριστὸν

1039 551 1113 586 λέγει
1125 552 1200 578 Θεόν.
1217 561 1226 576 ι
1243 552 1337 579 Πᾶσαν
1351 562 1360 579 ι
1375 553 1429 588 γὰρ
1445 561 1454 577 ι
1470 551 1518 587 τὴν
1530 551 1619 586 κρίσιν
1632 551 1733 578 ἔδωκεν
1747 552 1761 577 ό
1776 552 1826 578 Πα-

1039 597 1091 633 τὴρ
1107 598 1145 633 τῷ
1158 597 1224 633 Υἱῷ.
1242 607 1251 623 ι

1076 644 1137 671 Οὐκ
1151 644 1201 670 ἐπὶ
1219 644 1283 677 ταῖς
1297 645 1416 676 θυσίαις
1435 651 1493 670 σου
1517 643 1631 678 ἐλέγξω
1646 651 1696 673 σε,
1716 652 1746 670 κ.
1763 653 1788 670 τ.
1804 645 1824 670 ὲ.

1039 690 1108 724 Περὶ
1123 689 1176 716 τῶν
1197 689 1234 724 (2)
1252 689 1321 725 μετὰ
1339 689 1388 725 τὴν
1409 689 1558 724 παρουσίαν
1579 688 1701 724 Χριστοῦ
1724 690 1830 715 ἀθετου-

1041 734 1128 769 μένων
1144 733 1219 770 παρὰ
1244 734 1380 766 Ἰουδαίοις
1401 734 1501 760 θυσιῶν
1524 733 1610 760 ταῦτα
1628 734 1749 769 ἁρμόσει
1768 743 1829 770 πρίν

1039 780 1214 816 φητεύεσθαι.
1228 781 1264 807 Ἦ
1279 780 1338 807 οὐδὲ
1353 781 1468 816 πονηρᾷ,
1488 779 1563 815 φησὶ,
1579 779 1698 806 διαθέσει
1711 781 1827 815 πρόσαγε

1039 826 1082 860 ἐφ’
1094 822 1116 859 ᾧ
1128 825 1173 852 τὸν
1183 825 1252 852 Κάῖν
1266 825 1402 861 διήλεγξα.

1077 872 1138 898 ’Ὁτι
1150 871 1206 906 ἐμά
1216 871 1280 898 ἐστι
1291 872 1388 898 πάντα
1398 871 1434 898 τὰ
1444 871 1531 905 θηρία
1544 871 1597 898 τοῦ
1608 872 1716 905 ἀγροῦ,
1734 880 1763 898 κ.
1774 880 1797 897 τ.
1806 873 1825 897 ἑ.

1041 916 1133 944 Πάντα
1149 917 1222 951 λέγει
1243 917 1280 952 (5)
1302 915 1372 943 εἶναι
1392 916 1445 943 ὑπὸ
1463 916 1512 952 τὴν
1534 917 1662 953 πρόνοιαν
1684 917 1733 943 τοῦ
1753 916 1825 943 Θεοῦ.

1044 971 1054 988 ι
1072 962 1138 997 Οὐχὶ
1153 962 1206 998 γὰρ
1229 962 1275 989 δύο
1301 962 1429 998 στρουθία
1450 961 1498 988 τοῦ
1526 962 1659 997 ἀσσαρίου
1690 962 1827 991 πωλεῖται,

1041 1008 1087 1034 καὶ
1106 1008 1134 1035 ἓν
1155 1008 1185 1040 ἐξ
1202 1007 1290 1035 αὐτῶν
1309 1007 1340 1034 οὺ
1362 1008 1484 1034 πεσεῖται
1501 1007 1565 1034 ἄνευ
1581 1007 1629 1033 τοῦ
1652 1007 1764 1043 Πατρός
1785 1016 1829 1041 μου

1041 1052 1088 1079 τοῦ
1099 1053 1128 1079 ὲν
1144 1053 1199 1084 τοῖς
1213 1052 1354 1088 οὐρανοίς;
1381 1061 1390 1077 ›

1076 1097 1124 1132 Μὴ
1138 1097 1266 1132 φάγομαι
1279 1097 1350 1131 κρέα
1366 1097 1492 1130 ταύρων,
1508 1096 1526 1130 ἢ
1544 1094 1616 1131 alga
1629 1097 1749 1131 τράγων
1771 1098 1830 1123 πίο-

1038 1151 1107 1179 μαι;
1124 1151 1150 1169 κ.
1164 1151 1191 1170 τ.
1205 1143 1228 1168 ἑ.
1246 1142 1366 1177 Ἀναιρεί
1380 1142 1475 1174 θυσίας
1490 1142 1528 1177 (4)
1543 1142 1688 1177 αἰσθητάς·
1706 1152 1715 1169 ι
1733 1143 1827 1169 θυσίαι

1041 1189 1096 1224 γὰρ
1118 1197 1127 1214 ι
1145 1187 1184 1223 τῷ
1196 1188 1255 1223 Θεῷ
1268 1188 1376 1222 πνεῦμα
1390 1188 1629 1223 συντετριμμένον,
1648 1198 1658 1214 ι

1080 1277 1122 1310 Τῷ
1134 1277 1168 1304 δὲ
1178 1276 1340 1312 ἁμαρτωλῷ
1350 1277 1436 1304 εἶπεν
1447 1279 1463 1304 ό
1475 1277 1558 1311 Θεός·
1576 1277 1640 1304 Ἵνα
1652 1278 1683 1304 τί
1695 1277 1739 1304 σὺ
1749 1277 1832 1312 διηγῇ

1042 1323 1078 1350 τὰ
1087 1321 1265 1357 δικαιώματά
1277 1329 1387 1357 Mune.
1404 1331 1429 1349 τ.
1446 1323 1469 1349 ὲ.
1487 1323 1525 1348 Οὐ
1543 1322 1622 1358 μόνον
1635 1322 1686 1358 (5),
1696 1321 1785 1358 οἶμαι,
1798 1322 1832 1357 τῷ

1044 1368 1225 1404 ἁπλούστερον
1234 1368 1370 1403 νοουμένῳ
1384 1368 1537 1403 ἁμαρτωλῷ
1547 1368 1634 1395 ταῦτα
1647 1366 1728 1395 εἶπεν
1741 1369 1831 1402 όΘεὸς.

1043 1413 1111 1441 ἀλλὰ
1121 1414 1168 1440 καὶ
1184 1413 1223 1449 τῷ
1240 1413 1297 1448 λαῷ
1311 1414 1360 1449 τῆς
1371 1414 1541 1449 κατατομῆς.
1568 1414 1597 1440 '0
1621 1413 1650 1440 δὲ
1672 1414 1832 1450 ἁμαρτωλὸς

1043 1459 1087 1487 διὰ
1100 1460 1179 1495 μόνον
1199 1460 1331 1494 στόματος
1347 1459 1534 1495 ἀναλαμϐάνει
1555 1460 1605 1495 τὴν
1627 1461 1770 1496 Διαθὴκην
1792 1461 1832 1488 τοῦ

1007 1518 1027 1546 c
1043 1505 1126 1532 Θεοῦ’
1144 1507 1218 1541 μισεῖ
1231 1506 1295 1539 γοῦν
1306 1506 1429 1533 παιδείαν
1444 1507 1491 1533 καὶ
1504 1506 1538 1534 τὰ
1550 1508 1742 1542 ἐπιφερόμενα
1753 1508 1833 1543 ἅμαρ-

1044 1551 1140 1578 τάνων.
1156 1551 1191 1578 *Η
1208 1552 1268 1578 ἐπεὶ
1285 1561 1294 1577 ε
1313 1553 1327 1578 ό
1348 1552 1412 1584 λαὸς
1431 1549 1518 1585 οὗτος,
1547 1553 1625 1588 φησὶ,
1648 1555 1708 1585 τοῖς
1737 1554 1834 1588 χείλεσί

1047 1605 1080 1631 με
1104 1597 1180 1632 τιμᾷ,
1211 1598 1227 1631 ὴ
1250 1597 1278 1623 δὲ
1300 1597 1398 1632 καρδία
1418 1597 1507 1624 αὐτῶν
1534 1599 1631 1634 πόρῤω
1661 1599 1764 1633 ἀπέχει
1792 1599 1834 1625 ἀπ’

1044 1642 1122 1678 ἐμοῦ.
1151 1652 1160 1667 ι
1181 1643 1211 1669 Οἱ
1230 1642 1261 1668 ὲκ
1282 1643 1433 1678 περιτομῆς
1451 1643 1586 1679 ἐμίσησαν
1605 1643 1736 1670 παιδείαν
1758 1646 1787 1671 ὲν
1808 1647 1835 1678 τῇ

1045 1686 1176 1722 ἐπιδημίᾳ
1186 1685 1314 1721 Χριστοῦ,
1324 1686 1369 1713 καὶ
1379 1687 1577 1722 ἐκϐεϐλήκασιν
1587 1689 1628 1720 εις
1636 1687 1672 1714 τὰ
1682 1689 1773 1715 ὀπίσω
1779 1690 1835 1720 τοὺς

1044 1732 1088 1758 διὰ
1103 1731 1188 1768 Ἰησοῦ
1204 1731 1323 1767 Χριστοῦ
1332 1732 1426 1766 λόγους
1434 1733 1480 1759 τοῦ
1490 1732 1567 1759 Θεοῦ·
1579 1733 1751 1769 συνέδραμον
1767 1734 1794 1760 δὲ
1802 1735 1836 1768 τῷ

1045 1777 1149 1813 κλέπτῃ
1159 1777 1206 1804 καὶ
1222 1777 1341 1814 προδότῃ
1357 1777 1452 1809 Ἰούδα,
1461 1778 1510 1811 καὶ
1517 1777 1586 1812 μετὰ
1592 1777 1647 1804 τῶν
1659 1779 1835 1813 μοιχευόντωι

1045 1822 1111 1855 ξύλα
1126 1823 1173 1849 καὶ
1184 1822 1274 1854 λίθους
1288 1822 1388 1858 ἔθηκαν
1405 1823 1507 1851 ἑαυτῶν
1520 1823 1569 1859 τὴν
1583 1824 1693 1860 μερίδα·
1711 1825 1761 1851 καί
1774 1825 1835 1859 πρὸς

1045 1868 1142 1900 ἄλλους
1152 1868 1332 1896 καταλαλοῠσι
1341 1868 1388 1896 τοῦ
1397 1868 1426 1902 ἐξ
1439 1870 1524 1896 ἐθνῶν
1532 1870 1648 1904 ἀδελφοῦ
1663 1870 1757 1897 αὐτῶν
1764 1870 1833 1897 λαοῖν

1044 1914 1112 1941 ἀλλὰ
1118 1915 1165 1941 καὶ
1175 1914 1234 1941 κατ’
1241 1914 1330 1942 αὐτῶν
1336 1914 1388 1942 τῶν
1396 1915 1582 1951 ὁμομητρίων,
1591 1916 1638 1942 καὶ
1645 1918 1680 1943 ἐκ
1686 1916 1834 1952 περιτομῆς

1045 1960 1226 1987 πιστευόντων
1241 1960 1376 1987 σκάνδαλα
1396 1960 1513 1993 τιθέασι,
1530 1960 1694 1996 βουλόμενοι
1715 1963 1835 1998 διαστρέ-

1045 2014 1105 2040 φειν
1121 2005 1229 2037 αὐτούς·
1248 2006 1293 2032 διὰ
1306 2005 1391 2032 ταῦτα
1405 2006 1533 2041 ἐσίγησεν
1546 2007 1640 2038 αὐτοῖς
1656 2008 1671 2034 ὁ
1688 2008 1766 2039 Θεός.
1777 2009 1834 2035 Δέον

1044 2051 1073 2077 δὲ
1089 2051 1188 2082 αὐτοὺς
1204 2050 1272 2077 εἶναι
1287 2051 1341 2086 πρὸ
1351 2051 1508 2085 ὀφθαλμῶν,
1523 2053 1537 2078 ό
1548 2052 1577 2079 δὲ
1591 2052 1722 2079 ἐκϐάλλει
1740 2053 1832 2083 αὖτοὺς

1043 2097 1083 2130 εἰς
1099 2096 1133 2123 τὰ
1148 2097 1245 2124 όπίσω.

1084 2142 1139 2169 Τοῦ
1152 2143 1254 2170 αὑτοῦ.
1270 2144 1330 2169 Ὅτι
1351 2144 1381 2170 οὑ
1402 2143 1441 2169 δεῖ
1455 2143 1492 2178 (6)
1506 2144 1704 2179 ἁμαρτάνοντά
1726 2155 1785 2172 τινα
1811 2147 1835 2171 ἐν

1006 2192 1030 2222 ι)
1044 2187 1204 2214 διδασκάλου
1222 2188 1437 2222 προκαθέζεσθαι
1448 2188 1534 2221 τάξει.

1078 2234 1119 2261 Σὺ
1143 2233 1177 2260 δὲ
1194 2234 1342 2268 ἐμίσησας
1360 2234 1508 2266 παιδείαν,
1529 2244 1555 2261 κ.
1569 2244 1595 2261 τ.
1611 2236 1636 2263 ὲ.
1654 2236 1769 2263 Παιδεία
1783 2236 1835 2262 ἐστὶ

1043 2279 1084 2317 (7)
1099 2280 1261 2316 μετριοπάθε
1266 2289 1293 2306 ια
1309 2280 1413 2307 παθῶν.

1080 2326 1134 2353 Καὶ
1155 2325 1231 2360 μετὰ
1249 2325 1359 2359 μοιχῶν
1383 2325 1439 2360 τὴν
1456 2326 1562 2361 μερίδα
1582 2333 1644 2353 σου
1663 2327 1791 2360 ἐτίθεις,
1810 2336 1833 2352 ι.

1045 2381 1070 2399 τ.
1089 2373 1111 2398 ἐ.
1136 2372 1167 2398 Ἡ
1192 2373 1269 2407 μερὶς
1286 2371 1363 2406 ἡμῶν
1378 2371 1416 2406 (8)
1435 2373 1508 2398 ἐστιν
1529 2372 1545 2407 ἡ
1568 2372 1673 2406 γνῶσις
1689 2373 1740 2399 τοῦ
1763 2371 1832 2399 Θεοῦ.

1047 2418 1153 2453 Ταύτην
1175 2417 1203 2444 δὲ
1222 2417 1332 2453 τίθεμεν
1350 2417 1418 2452 μετὰ
1436 2417 1548 2453 μοιχῶν,
1571 2417 1621 2452 τὴν
1640 2419 1758 2445 ἐκείνων
1775 2420 1833 2446 ἁνα-

1045 2463 1236 2498 λαμϐάνοντες.
1253 2463 1354 2497 Μοιχδν
1375 2463 1492 2490 ἐνταῦθα
1510 2463 1555 2490 τὸν
1570 2463 1674 2499 πόρνον
1694 2465 1781 2497 καλεῖ,
1794 2467 1833 2491 καὶ

1046 2510 1169 2535 παντοῖον
1182 2509 1339 2536 ἀκόλαστον.

1127 2583 1149 2600 ¹⁹
1164 2582 1237 2610 I’sal.
1251 2590 1277 2615 ι,
1296 2583 1337 2610 I9.
1377 2581 1398 2598 ω
1411 2581 1505 2609 Matth.
1522 2589 1568 2615 xv,
1580 2582 1608 2609 8.

1081 2654 1120 2689 (5)
1137 2655 1177 2681 Οὺ
1191 2654 1298 2688 μόνον,
1316 2657 1370 2679 etc.
1386 2651 1489 2680 Catena
1503 2652 1640 2679 Corderii.

1044 2735 1061 2762 ἀ
1081 2699 1121 2762 ((2
1137 2700 1201 2761 "get
1216 2700 1251 2726 οὐ
1267 2698 1322 2730 δεῖ,
1336 2703 1388 2726 etc.
1403 2698 1491 2726 Codex
1505 2697 1701 2726 Coislinianus
1720 2702 1750 2725 et
1762 2695 1830 2724 scite»

1063 2743 1084 2762 ξε
1126 2743 1151 2760 ΙῚΙ
1175 2743 1202 2760 ΙΙ.

1063 2743 1084 2762 ξε
1099 2743 1202 2762 υΓεΙυΙΙ.

1079 2780 1117 2814 (7)
1130 2779 1252 2806 Παιδεία
1271 2779 1348 2810 ἐστι,
1366 2783 1418 2806 etc.
1435 2778 1517 2806 Iidem
1535 2785 1607 2805 mss.

1080 2826 1118 2858 (8)
1145 2825 1180 2852 Ἡ
1191 2824 1273 2858 μέρις
1288 2823 1382 2857 ἡμῶν,
1399 2828 1453 2851 etc.
1469 2823 1551 2850 Iidem
1576 2830 1645 2851 mss.
