1886 3052
79 135 145 166 Ιιῦδ

579 134 733 163 SELECTA
749 134 782 162 ΙΝ
802 134 969 162 PSALMOS.
991 150 1024 155 -—
1045 133 1143 162 PSAL.
1163 132 1193 162 L.

1639 136 1689 162 ’1.ίῆ
1698 135 1708 160 ι

117 197 274 229 ’Υπέλαϐες
288 195 426 230 ἀνομίαν,
443 196 487 223 ὅτι
512 197 620 231 ἔσομαί
643 204 692 223 σοι
713 196 823 231 ὅμοιος,
840 205 867 222 κ.

962 195 1041 222 Vnus.
1054 195 1099 222 2i.
1113 194 1280 222 Existimasti
1293 194 1380 229 inique
1392 195 1461 229 quod
1477 202 1521 221 ero
1541 196 1578 221 tui
1599 195 1706 227 sintitia,

75 252 100 270 τ.
114 243 137 270 ὲ.
153 236 296 278 Ὀμοίωσίς
311 244 384 270 ἐστιν
397 243 434 279 (9)
449 243 524 279 ήδιὰ
544 243 598 269 τῶν
618 242 728 277 ἀγαθῶν
742 241 868 277 πράξεων

77 289 203 324 μίμησις.
231 288 332 324 Διόπερ
348 289 378 315 οὑ
405 290 461 320 τοῖς
488 288 698 324 ἁμαρτάνουσιν,
724 287 792 314 ἀλλὰ
814 288 870 318 τοῖς

76 334 254 370 κατορθοῦσιν
270 333 440 369 ἐξομοιοῦται
457 335 471 361 ό
485 335 597 369 Κύριος.

110 378 233 411 Μήποτε
258 378 392 412 ἁρπάσῃ,
409 379 458 405 καὶ
479 379 515 405 οὐ
530 378 572 413 μὴ
634 379 650 405 ό
668 379 825 412 ῥυόμενος,
841 385 870 403 κ.

75 432 100 450 τ.
113 424 137 450 ὲ.
146 423 311 459 Ἀρπάζεται
324 423 397 459 ψυχὴ
407 423 462 458 (10)
472 423 610 455 παντελῶς
623 423 777 450 ἐκπεσοῦσα
788 422 867 449 Θεοῦ.

111 469 209 496 Θυσία
221 470 363 502 αινέσεως
383 468 506 501 δοξάσει
519 477 567 504 με,
583 478 610 496 κ.
627 478 651 495 τ.
670 470 693 495 ὲ.
715 469 759 495 Ἐν
775 470 807 504 τῇ
824 468 870 494 θυ-

76 514 123 550 σίᾳ
149 515 214 550 (Η),
236 516 313 551 φησὶ,
336 516 386 551 τῆς
407 516 537 548 αἰνέσεως
560 515 619 547 ὁδός
645 516 703 542 ἐστι
723 516 772 551 τῆς
795 514 871 550 παρὰ

76 559 137 595 Θεῷ
150 560 296 595 σωτηρίας.
312 561 399 587 Θυσία
413 560 442 587 δὲ
458 560 588 592 αἰνέσεως
608 560 713 592 δοξάσει
727 559 804 596 ἡμῶν
824 560 870 586 τὸν

77 604 155 636 Θεὸν,
171 606 211 631 ὅτι
226 606 250 632 οί
266 605 409 641 βλέποντες
423 606 456 633 τὰ
469 606 541 633 καλὰ
555 606 632 642 ἡμῶν
647 606 715 643 ἔργα
729 606 870 638 δοξάσουσι

77 649 123 676 τὸν
137 650 246 685 Πατέρα
258 650 337 686 ἡμῶν
353 651 399 677 τὸν
415 653 444 677 ὲν
457 653 513 683 τοῖς
526 652 659 687 οὐρανοῖς.
669 651 714 677 Ἐν
725 651 754 677 δὲ
767 650 871 682 τούτοις

77 694 163 722 ὖντων
177 695 266 731 ἡμῶν,
281 697 384 732 ὲστὶνή
403 697 463 729 ὁδὸς
485 698 514 724 ὲν
570 697 651 728 δείξει
674 697 738 732 ἡμῖν
765 697 779 723 ό
805 696 871 727 Θεὸς

78 740 111 769 τὸ
135 743 266 778 σωτήριον
283 743 391 771 ἑαυτοῦ.

323 876 334 887 “
377 885 526 912 “mox
545 886 585 912 N’.

78 931 211 967 (52)_'E'u
231 929 290 967 τῶν
310 932 354 967 εις
375 931 429 967 τὸν
447 934 472 958 ν’
495 931 618 965 ψαλμὸν
638 931 823 967 ἐξηΜτικῶν
841 931 876 967 ὲν

114 965 197 1002 μέρει
211 965 266 999 τῆς
281 966 355 992 κατὰ
370 965 423 992 τὸν
437 967 548 1000 οὐρίαν
561 965 765 1000 Ιστορίαςίτὴν
777 966 876 1001 ἀρχὴν

115 1000 342 1035 ἀλληγυρήσας,
358 1001 501 1035 ἐπιφέρει.

115 1045 149 1070 Εἰ
163 1044 190 1070 δέ
203 1052 242 1079 τῳ
260 1043 347 1078 βίαιον
362 1041 431 1070 εἶναι
445 1044 519 1070 δοκεῖ
531 1044 563 1070 τὸ
582 1045 614 1070 ὲκ
630 1044 729 1080 μέρους
744 1045 792 1079 μὲν
806 1046 876 1071 ιστο-

83 1090 146 1126 ρίαν
165 1088 362 1124 ἀλληγορῆσαι,
381 1088 417 1124 μὴ
440 1088 600 1125 ὲξομαλίσαι
621 1089 648 1115 δὲ
671 1089 772 1124 αὐτὴν,
797 1089 876 1125 δῆλον

79 1137 122 1164 ὃτι
138 1136 224 1162 ταῦτα
242 1135 290 1170 μὲν
311 1135 399 1170 μάτην
415 1135 562 1168 λελέξεται,
581 1135 647 1162 ἄλλα
664 1135 691 1162 δὲ
707 1137 746 1168 είς
766 1136 812 1162 τὸν
832 1137 876 1162 τό-

80 1191 133 1208 πον
156 1181 283 1217 ζητητέον
294 1190 300 1196 ·
318 1182 341 1207 εί
366 1181 403 1217 μὴ
428 1181 483 1216 ἄρα
507 1182 554 1207 ἐπ).
571 1181 652 1208 πλέον
670 1190 711 1213 τις
729 1181 876 1217 βασανίσας

79 1228 118 1255 τὰ
143 1227 214 1255 κατὰ
241 1227 287 1255 τὸν
309 1227 404 1259 τόπον,
427 1226 502 1262 εὕροι
530 1227 619 1253 πάντα
642 1228 875 1263 ἀποκαταστῆσαι,

81 1273 131 1299 καὶ
143 1272 177 1299 τὰ
193 1272 257 1307 περὶ
269 1272 315 1298 τὸν
325 1271 500 1307 ἀναιρεθέντα
517 1271 610 1307 ἄνδρα,
623 1273 670 1299 καὶ
682 1273 732 1308 τὴν
745 1273 876 1300 δοκοῦσαν

81 1317 166 1345 αὑτοῦ
182 1317 354 1353 χρηστότητα
364 1326 371 1333 ·
389 1317 426 1353 μὴ
447 1317 608 1352 βουλομένου
625 1319 665 1350 είς
684 1319 729 1345 τὸν
743 1317 815 1346 οἷκον
828 1320 878 1346 a0-

81 1363 131 1390 τοῦ
145 1363 271 1398 γενέσθαι
288 1364 334 1390 καὶ
353 1363 551 1396 ἀναπαύεσθαι,
568 1363 614 1390 τοῦ
638 1363 703 1390 λαοῦ
722 1364 751 1390 ὲν
766 1373 877 1400 στρατο-

81 1409 157 1444 πέδῳ
172 1409 349 1444 τυγχάνοντος
361 1409 408 1436 κα)¹
419 1409 598 1443 ἀγωνιῶντος,
614 1411 670 1436 Οὐκ
690 1408 748 1437 οἶδα
771 1411 799 1437 δὲ
819 1411 877 1442 πῶς

81 1457 108 1482 οἱ
126 1455 271 1489 φεύγοντες
283 1455 333 1490 τὴν
354 1456 382 1481 ἐν
403 1455 508 1487 τούτοις
522 1455 694 1491 ἀλληγορίαν,
710 1457 757 1483 καὶ
772 1457 821 1492 τὴν
835 1457 877 1483 λέ-

81 1501 126 1534 ξιν
140 1501 173 1527 δι’
190 1501 289 1536 ἑαυτὴν
318 1501 524 1537 ἀναγεγράφθαι
548 1502 713 1536 νομίζοντες,
734 1503 875 1538 παραστή-

923 246 976 270 etc.
991 241 1148 268 Similitudo
1159 246 1201 267 est
1218 248 1248 267 ea
1267 248 1326 275 quae
1340 247 1386 275 per
1401 241 1472 268 bona
1493 247 1574 275 opera
1598 241 1626 267 lit
1645 242 1707 267 imi-

923 288 998 314 talio.
1012 287 1194 320 Quamobrem
1207 294 1258 314 non
1274 286 1472 320 peccatoribus,
1482 287 1528 314 sed
1543 291 1615 314 recte
1628 294 1709 322 agen-

924 332 994 358 tibus
1008 331 1176 359 assimilatur
1191 331 1330 358 Dominus.

961 376 1041 405 Vens.
1053 376 1100 403 22.
1118 375 1264 410 Nequnndo
1284 377 1381 411 rapiat,
1396 381 1421 403 et
1439 385 1490 404 non
1502 377 1535 404 sit
1547 378 1709 412 quieripiul,

924 427 977 449 etc.
994 422 1108 455 Rapitur
1125 423 1226 454 anima,
1240 429 1298 456 qua:
1312 422 1423 454 omnino
1435 429 1449 449 a
1465 422 1518 449 Deo
1530 422 1642 449 excidit.

961 466 1042 494 Vens.
1059 467 1105 495 25.
1118 466 1286 501 Sacriﬁcium
1301 467 1387 494 laudis
1401 467 1586 501 honori/icabit
1597 473 1709 501 me,elc.

924 513 952 541 ln
965 513 1112 545 sacriﬁcio,
1129 513 1227 548 inquit.
1247 513 1335 541 laudis
1350 519 1393 541 est
1412 514 1481 548 apud
1496 513 1580 541 Deum
1600 514 1643 541 via
1664 521 1711 541 sa-

925 558 999 586 lutis.
1019 558 1189 586 Sacriﬁcium
1204 561 1300 593 autem;
1312 559 1398 586 laudis
1424 559 1613 586 honorificabit
1627 560 1710 587 Deum

925 609 1058 635 nostrum,
1073 603 1137 638 quia
1153 603 1197 637 qui
1212 604 1393 639 videntopera
1414 609 1506 631 nostra
1530 604 1608 635 bona,
1630 603 1712 639 glori-

926 650 1045 677 llcabunt
1058 649 1165 676 Patrem
1182 655 1304 676 nostrum
1319 650 1365 685 qui
1383 651 1408 677 iu
1425 650 1501 677 caelis
1522 655 1561 677 esl
1579 650 1612 676 ³¹.
1627 649 1712 677 Cete-

925 704 983 724 rum
1004 696 1067 723 dum
1086 696 1111 722 iu
1127 696 1169 723 his
1183 703 1334 728 versamur,
1354 696 1429 723 adest
1443 696 1521 723 uobis
1541 696 1593 728 via,
1615 696 1641 723 in
1659 703 1711 729 qua

925 742 1049 770 ostendet
1065 743 1143 770 nobis
1160 743 1230 770 Deus
1246 742 1367 769 salutare
1387 749 1477 769 suum.

1221 881 1379 909 PSALMUS
1399 882 1429 908 L.

930 931 971 958 Ea;
980 930 1174 958 commentarii:
1191 931 1218 956 in
1234 929 1364 964 psalmum
1382 937 1415 960 ι,
1435 934 1572 963 postquam
1591 937 1623 957 ea:
1640 934 1714 964 parte

962 966 1121 1035 yfirincipium
1136 965 1254 992 historia:
1278 963 1349 991 Urite
1372 964 1511 999 allegorice
1526 966 1655 999 exposuit,
1671 966 1714 992 in-

974 1007 1024 1028 ert.

974 1007 1024 1028 ert.

962 1045 991 1074 Si
1012 1047 1054 1074 cui
1074 1050 1165 1074 autem
1182 1045 1331 1073 violentum
1352 1052 1413 1072 esse
1427 1045 1545 1077 videtur,
1559 1046 1630 1080 quod
1652 1053 1715 1080 par-

928 1097 980 1120 tem
997 1092 1116 1120 historire
1128 1092 1272 1127 allegorice
1284 1092 1468 1126 exposuerim,
1487 1100 1538 1120 nec
1550 1100 1610 1119 eam
1622 1100 1714 1128 aequa-

928 1138 1019 1165 biliter
1033 1140 1227 1173 interpretatus
1251 1138 1315 1170 sim,
1336 1142 1457 1172 apertum
1480 1143 1520 1165 est
1536 1138 1594 1166 haac
1611 1144 1713 1166 temere

929 1184 1029 1211 dictum
1045 1184 1147 1216 iri,alia
1158 1184 1255 1211 veroin
1272 1184 1343 1211 hunc
1358 1184 1445 1211 locum
1462 1185 1620 1219 inquirenda
1634 1192 1711 1218 esse;

930 1230 981 1257 nisi
996 1229 1066 1257 forte
1079 1231 1124 1264 qui
1145 1230 1217 1258 lmuc
1233 1229 1321 1257 locum
1339 1230 1547 1258 accuratissime
1565 1231 1714 1265 perpende-

930 1276 976 1308 rit,
992 1276 1114 1303 inveniat
1130 1277 1265 1311 quomodo
1286 1276 1376 1302 omnia
1396 1276 1541 1309 conciliet,
1560 1282 1587 1303 et
1603 1275 1714 1303 homici-

929 1320 1013 1354 dium,
1030 1321 1111 1357 724
1121 1327 1148 1348 et
1160 1329 1219 1348 eam
1233 1329 1292 1356 quae
1310 1321 1336 1348 in
1357 1321 1415 1355 ipso
1433 1321 1586 1356 videbatur,
1604 1321 1712 1349 bonita-

930 1372 1000 1394 tem:
1017 1368 1103 1394 noluit
1116 1367 1215 1402 quippe
1231 1367 1340 1394 domum
1366 1375 1442 1394 suam
1459 1367 1533 1394 adire
1555 1368 1647 1403 ibique
1671 1375 1714 1395 re-

928 1413 1082 1448 quiescere,
1098 1413 1160 1439 dum
1179 1413 1292 1447 populus
1312 1411 1337 1439 in
1357 1413 1454 1439 castris
1469 1417 1568 1439 eratet
1591 1412 1712 1440 militiam

930 1459 1070 1486 tolerabat.
1088 1458 1142 1484 Sed
1159 1459 1251 1484 nescio
1265 1457 1401 1492 quomodo
1422 1458 1467 1491 qui
1489 1457 1663 1491 allegoricnm
1688 1459 1712 1484 in

930 1506 974 1533 his
987 1512 1097 1532 sensum
1116 1503 1210 1531 nolunt
1229 1503 1391 1535 admittere,
1403 1507 1426 1530 el
1444 1503 1588 1530 dictionem
1603 1509 1716 1539 propter

84 1555 177 1573 σονται
189 1546 228 1582 τῷ
244 1546 391 1582 βουλήματι
403 1547 450 1574 τοῦ
469 1546 545 1581 ἁγίου
560 1547 718 1582 Πνεύματος
729 1548 876 1583 πράγματα

947 1558 960 1578 e
976 1551 1099 1585 nudeque
1114 1550 1242 1584 scriptam
1264 1556 1325 1577 esse
1344 1553 1449 1584 putant,
1472 1555 1652 1584 assequentur
1667 1558 1714 1578 vo-

81 1592 247 1628 ἅναγραφῆς
269 1591 450 1625 ἀξιώσαντος·
469 1593 511 1627 ἐφ’
529 1590 569 1624 οἷς
587 1592 618 1618 οὐ
637 1592 717 1628 μόνον
736 1592 876 1624 ἀκολασία,

82 1637 153 1664 ἀλλὰ
170 1638 217 1664 καὶ
230 1638 341 1673 ὠμότης
362 1638 409 1664 καὶ
424 1637 606 1674 ἀπανθρωπία
623 1639 816 1673 κατηγορεῖται
830 1637 877 1664 τοῦ

83 1683 178 1715 Δαυῒδ,
192 1683 375 1719 τολμήσαντος
392 1684 432 1716 είς
442 1683 486 1710 τὸν
499 1683 602 1720 Οὐρίαν
611 1684 725 1719 πρᾶγμα
739 1683 878 1719 ἀλλότριον

83 1730 134 1756 καὶ
150 1728 196 1755 τοῦ
218 1729 343 1764 τυχόντος
355 1729 436 1765 ἤθους
453 1729 569 1765 μετρίως
587 1729 782 1763 βελτιωθέντος.
808 1729 877 1763 Ἐγὼ

82 1775 113 1802 δὲ
129 1774 233 1810 εἴποιμι
249 1775 292 1807 ἂν,
309 1775 360 1807 ὅτι,
375 1775 471 1810 ὥσπερ
485 1776 513 1801 αί
529 1775 633 1810 κρίσεις
647 1775 694 1802 τοῦ
710 1775 776 1802 Θεοῦ
795 1775 878 1811 μεγά-

82 1822 130 1847 λαι
150 1821 196 1847 καὶ
212 1821 383 1856 δυσδιήγητοί
406 1822 469 1852 εἰσι,
487 1821 613 1848 δοκοῦσαι
630 1821 715 1848 αἰτίαι
735 1821 878 1856 τυγχάνειν

83 1867 133 1894 τοῦ
146 1867 195 1899 τὰς
211 1867 389 1899 ἀπαιδεύτους
405 1867 557 1895 πλανᾶσθαι
570 1868 669 1903 ψυχὰς,
693 1867 763 1895 οὕτω
788 1869 835 1894 καὶ
850 1869 877 1895 αἱ

84 1913 195 1949 Γραφαὶ
212 1913 294 1939 αὑτοῦ
311 1914 428 1948 μεγάλαι
447 1914 495 1950 μὲν
512 1915 559 1941 καὶ
582 1914 794 1950 πεπληρωμέναι
816 1923 877 1950 νοη-

86 1959 182 1994 μάτων
200 1960 269 1986 εἰσὶν
291 1960 454 1996 ἀπορρήτων
474 1960 521 1986 καί
538 1959 676 1994 μυστικῶν
695 1960 742 1986 καὶ
759 1959 877 1985 δυσθεω-

87 2006 194 2040 ρήτων·
210 2005 311 2040 σφόδρα
327 2005 355 2032 δὲ
377 2006 423 2032 καὶ
448 2005 618 2042 δυσδιήγητοι
644 2006 706 2036 είσι,
726 2005 772 2031 καὶ
792 2005 877 2031 αἰτίαι

84 2051 194 2077 δοκοῦσι
215 2051 262 2077 τοῦ
283 2051 334 2083 τὰς
353 2051 530 2082 ἀπαιδεύτους
555 2050 704 2077 πλανᾶσθαι
718 2050 772 2076 τῶν
789 2050 878 2086 ἑτερο-

85 2096 170 2128 δόξων
194 2096 294 2132 ψυχὰς,
317 2096 525 2132 ἀπερισκέπτως
550 2097 596 2123 καὶ
620 2096 688 2131 μετά
714 2096 879 2132 προπετείας

86 2142 311 2178 κατηγορούντων
332 2142 378 2169 τοῦ
401 2142 468 2169 Θεοῦ
487 2143 516 2175 ἐξ
536 2139 572 2169 ὧν
593 2143 624 2169 οὑ
645 2141 734 2169 νοοῦσι
752 2142 877 2177 Γραφῶν,

86 2187 134 2213 καὶ
153 2187 197 2213 διὰ
222 2187 301 2214 τοῦτο
327 2188 513 2214 ἐκπιπτόντων
530 2188 576 2213 ἐπὶ
601 2187 777 2222 ἀναπλασμδν
798 2186 877 2213 ἄλλου

85 2232 167 2260 Θεοῦ.
189 2233 320 2267 Ἀσφαλὲς
332 2231 378 2260 οὖν
393 2233 422 2259 τὺ
438 2233 595 2268 περιμένειν
609 2232 657 2268 τὴν
670 2233 818 2269 ἑρμηνείαν
833 2232 880 2259 τοῦ

87 2278 255 2314 σαφηνιστοῦ
277 2279 379 2313 Λόγου,
404 2279 450 2305 καὶ
467 2288 475 2304 ι
492 2279 541 2314 τῆς
563 2280 591 2305 ὲν
618 2279 759 2314 μυστηρίῳ
784 2278 880 2312 σοφίας

85 2326 351 2361 ἀποκεκρυμμένης,
365 2325 397 2360 ἠν
407 2325 494 2356 οὐδεὶς
507 2325 560 2352 τῶν
571 2325 709 2360 ἀρχόντων
722 2324 768 2351 τοῦ
783 2324 881 2356 αἰῶνος

84 2372 184 2398 τούτου
199 2371 311 2405 ἔγνωκε,
329 2371 400 2398 κατά
422 2371 592 2405 ἀποκάλυψιν
612 2371 761 2406 μυστηρίου
776 2370 881 2406 χρόνοις

85 2416 209 2448 αἰωνίοις
223 2417 412 2452 σεσιγημένου,
425 2427 434 2443 ι
447 2416 648 2452 φανερωθέντος
660 2417 715 2448 τοῖς
724 2415 881 2447 ἀποστόλοις

84 2463 135 2489 καὶ
149 2463 208 2494 τοῖς
223 2463 338 2494 ἐκείνοις
353 2463 563 2498 παραπλησίοις,
580 2462 624 2489 διά.
639 2471 668 2489 τε
680 2461 796 2498 Γραφῶν
815 2470 882 2497 προ-

84 2508 214 2544 φητικῶν
236 2509 284 2535 καὶ
300 2509 349 2544 τῆς
368 2508 517 2544 γενομένης
536 2510 576 2540 είς
600 2509 698 2540 αὐτοὺς
722 2508 881 2543 ἐπιφανείας

81 2554 134 2581 τοῦ
159 2554 285 2590 Σωτῆρος
311 2555 389 2590 ἡμῶν
413 2555 499 2590 Λόγου
516 2554 562 2581 τοῦ
579 2564 588 2580 t
601 2555 630 2582 ἐν
649 2555 718 2590 ἀρχῇ
744 2554 812 2589 πρὸς
835 2554 881 2580 τὸν

82 2601 165 2627 Θεόν.
187 2610 196 2626 ›

128 2648 276 2681 Ἐλέησόν
291 2650 362 2683 με.ὀ
379 2648 460 2681 Θεὸς,
478 2657 504 2675 κ.
518 2656 544 2675 τ.
560 2649 584 2675 ὲ.
607 2647 690 2674 Ἑλεεῖ
712 2647 738 2674 δὲ
761 2647 810 2682 τὴν
831 2647 881 2682 φύ-

132 2718 156 2735 ³¹
169 2718 264 2750 Matth,
277 2726 302 2750 v,
316 2719 359 2745 16.
412 2719 434 2734 ³¹
448 2718 458 2746 l
472 2718 535 2746 Cor.
553 2718 614 2751 ",7,
632 2718 665 2752 8;
678 2719 756 2746 Βοιιι.
773 2717 884 2750 χνι,23.

123 2778 164 2811 (9)
182 2778 338 2812 Ὀμοιωσίς
351 2779 445 2810 ἐστιν,
458 2783 511 2805 etc.
524 2779 606 2805 Iidem
621 2786 685 2805 mss.

123 2813 185 2847 (10)
204 2813 374 2847 Ἀρπιίζεται
386 2813 482 2847 ψυχή,
503 2819 556 2840 etc.
574 2814 654 2840 Iidem
670 2821 733 2842 mss.

123 2849 182 2883 (It)
201 2849 252 2875 Ἐν
267 2847 302 2881 τῇ
315 2849 415 2882 θυσίᾳ,
431 2854 483 2875 etc.
498 2849 598 2875 Catena
611 2848 743 2876 Cerderii.

930 1597 1061 1623 luntatem
1079 1596 1168 1623 sancti
1184 1594 1314 1630 Spiritus,
1325 1595 1371 1629 qui
1384 1595 1534 1630 scriptione
1547 1603 1591 1622 res
1611 1603 1660 1623 eas
1674 1597 1714 1623 di-

929 1650 996 1678 gnas
1008 1642 1153 1676 judicavit,
1169 1641 1197 1669 in
1213 1641 1311 1676 quibus
1328 1650 1380 1669 non
1404 1643 1492 1669 solum
1512 1643 1598 1677 turpis
1619 1643 1714 1675 libido,

930 1689 977 1716 sed
990 1692 1016 1715 et
1033 1687 1179 1715 credulitas
1192 1692 1219 1715 et
1235 1687 1422 1714 inhumanitas
1442 1687 1526 1715 David
1539 1688 1714 1722 coarguitur,

928 1734 975 1770 qui
1003 1741 1086 1761 ausus
1105 1738 1178 1760 esset
1198 1740 1262 1767 erga
1284 1732 1376 1760 Uriam
1396 1732 1500 1760 facinus
1519 1733 1712 1761 alienissimum

930 1787 943 1805 a
967 1779 1064 1813 quovis
1089 1778 1207 1808 homine.
1232 1777 1274 1805 vel
1297 1778 1471 1805 mediocriter
1491 1779 1569 1806 bonis
1590 1780 1713 1807 moribus

928 1825 1046 1852 exculto.
1062 1824 1118 1860 Ego
1129 1829 1219 1852 autem
1233 1824 1357 1856 dixerim,
1369 1824 1594 1859 quemadmodum
1610 1825 1713 1860 judicia

929 1870 975 1898 Dei
984 1877 1080 1904 magna
1096 1868 1328 1904 etinexplicabilia
1344 1873 1452 1900 sunl,et
1465 1869 1592 1896 videnlur
1603 1870 1714 1898 rudibus

928 1916 1064 1944 mentibus
1081 1915 1183 1943 erroris
1208 1923 1315 1943 causam
1339 1916 1415 1948 dare,
1435 1916 1471 1942 ita
1488 1915 1534 1942 Dei
1558 1915 1714 1951 Scripturas

929 1969 1040 1995 magnas
1046 1961 1152 1996 quidem
1166 1966 1190 1988 et
1199 1962 1306 1989 arcanis
1319 1961 1504 1996 abstrusisque
1513 1969 1543 1989 ac
1552 1962 1714 1990 dillicillima»

929 2007 1158 2036 considerationis
1173 2008 1316 2035 sententiis
1332 2008 1447 2035 refertas
1468 2015 1544 2040 esse;
1564 2008 1609 2035 sed
1625 2013 1651 2036 ct
1665 2009 1714 2035 dif~

931 2053 1078 2080 ﬁcillimam
1092 2053 1193 2081 habere
1207 2053 1428 2088 explicationem,
1442 2058 1469 2080 et
1483 2054 1567 2081 videri
1585 2055 1664 2082 rudes
1682 2063 1712 2082 at-

930 2099 1045 2126 incultos
1060 2099 1249 2126 haereticorum
1268 2099 1373 2127 animos
1385 2099 1411 2126 in
1426 2107 1547 2127 errorem
1562 2100 1712 2136 impulisse.

930 2146 975 2180 qui
989 2145 1190 2173 inconsiderate
1204 2149 1231 2171 et
1247 2145 1378 2180 prazcipiti
1397 2145 1551 2172 temeritate
1567 2146 1651 2174 Deum
1668 2154 1712 2174 re~

929 2190 1103 2226 prehendunt
1123 2198 1155 2218 ex
1175 2190 1208 2218 iis
1221 2198 1290 2225 quas
1304 2198 1357 2218 non
1373 2191 1538 2226 intelligunt,
1554 2191 1714 2227 Scripturis.

932 2237 1047 2271 indeque
1071 2235 1104 2262 ad
1120 2235 1202 2262 alium
1227 2235 1312 2262 Deum
1343 2234 1497 2270 ﬁngendum
1524 2235 1713 2269 prolabuntur.

931 2280 1025 2315 Itaque
1041 2285 1126 2307 tutum
1139 2285 1180 2308 est
1202 2281 1389 2315 explanatoris
1411 2281 1494 2308 Verbi
1513 2281 1715 2315 interpretatio-

931 2334 995 2353 nem
1008 2331 1176 2361 exspeclare,
1191 2331 1219 2354 et
1232 2337 1241 2353 ι
1262 2326 1320 2362 ejus
1334 2334 1393 2361 qua:
1406 2327 1432 2354 in
1451 2326 1583 2362 mysterio
1596 2326 1713 2354 abscon-

932 2372 988 2400 dila
1004 2377 1057 2405 est,
1082 2373 1230 2407 sapientize,
1250 2380 1331 2407 quam
1357 2380 1436 2400 nemo
1459 2372 1612 2407 principum
1637 2372 1714 2405 hujus

933 2419 1024 2446 saeculi
1043 2419 1127 2450 novit,
1143 2419 1291 2446 secundum
1308 2419 1497 2446 revelationem
1514 2418 1634 2453 mysterii
1648 2423 1713 2446 tem-

932 2465 1043 2499 poribus
1063 2465 1173 2492 aatcrnis
1200 2465 1350 2492 ahsconditi
1366 2464 1401 2496 ³¹,
1423 2474 1432 2491 ι
1451 2464 1580 2492 declarati
1604 2470 1714 2497 aposto-

933 2510 967 2538 lis
982 2515 1009 2537 et
1022 2518 1115 2537 eorum
1138 2511 1273 2538 similibus
1290 2517 1339 2545 per
1358 2510 1514 2544 Scripturas
1527 2509 1714 2544 propheticas,

931 2561 959 2584 ct
973 2556 1126 2584 Servatoris
1140 2557 1224 2584 nostri
1238 2556 1336 2588 Verbi,
1353 2556 1424 2589 quod
1437 2564 1447 2581 ι
1463 2559 1523 2582 erat
1541 2555 1567 2582 in
1582 2554 1714 2591 principio

933 2602 1002 2637 apud
1021 2602 1103 2629 Deum
1116 2602 1148 2634 ³³,
1165 2611 1173 2628 ι
1193 2603 1220 2628 in
1235 2601 1307 2636 ipsos
1318 2606 1451 2628 exortum.

962 2645 1044 2676 Vsus.
1051 2647 1078 2675 5.
1091 2646 1213 2674 Miserere
1222 2646 1372 2682 meiLDeus,
1382 2650 1437 2673 etc.
1445 2644 1554 2673 Natura:
1562 2646 1716 2679 miseretur.

941 2717 963 2733 "
972 2716 1051 2747 Joan.
1066 2726 1086 2751 ι,
1102 2718 1128 2745 Ι.

965 2778 1023 2819 (te)
1049 2778 1144 2806 Exstat
1167 2778 1220 2806 hoc
1242 2777 1423 2813 fragmentum
1446 2776 1600 2805 Pliilocalioe
1628 2779 1717 2813 capite

930 2821 1028 2848 primo.
