1886 3052
114 104 125 130 Ι
133 103 185 130 457

393 161 540 188 ΨΑΛΜΟΣ
557 161 622 187 NA’.

151 209 182 235 Τί
197 205 331 242 ἐγκαυχᾷ
346 207 381 234 ὲν
396 207 487 241 κακίᾳ
503 209 519 234 ό
539 207 668 240 δυνατὸς
686 207 823 242 ἀνομίαν,
837 216 864 234 κ.
878 216 905 234 τ.

107 254 136 280 ἑ.
157 262 168 279 t
188 254 217 280 ὐ
231 253 408 288 καυχώμενος
424 253 490 288 (18),
514 254 595 288 φησὶν
621 253 789 285 Ἀπόστολος,
804 255 833 280 ὲν
849 255 907 280 Κυ-

109 299 166 335 ρίῳ
179 298 336 334 καυχάσθω.
358 308 368 324 ι

151 344 207 372 Τοῦ
225 343 330 371 αὑτοῦ.
341 343 398 370 Οὐκ
412 341 488 369 εἶπεν
502 342 555 378 (19)
569 343 653 378 δνομα
671 343 762 378 μέσον,
775 344 906 379 ἐμφαῖνον

108 389 143 416 τὺ
159 389 271 424 φαῦλον.
296 389 332 415 Οὺ
357 387 411 424 γὰρ
427 385 498 421 εἷπε,
516 398 526 413 ι
548 388 580 414 Τί
604 389 707 424 καυχᾷς
727 399 736 415 ι
749 389 827 422 ἀλλὰ,
845 399 854 415 ι
874 390 906 416 Τί

110 436 252 471 ἐγκαυχᾷ;
272 445 281 462 ι
294 435 421 461 οὐδέποτε
433 435 461 460 δὲ
476 435 505 461 ἐν
514 434 609 469 ἀγαθῷ
618 434 726 468 λέγεται
739 435 769 462 τὸ
782 444 790 460 ι
807 436 907 469 ἐγκαυ-

110 481 225 517 χᾱσθαι·
239 491 249 506 ι
262 481 319 507 ἀλλ’
329 480 356 507 εἴ
368 490 408 512 τις
423 480 586 516 ἁμαρτάνει,
603 481 779 516 ὲγκαυχᾶται.
790 481 906 508 Δύναται

111 528 141 554 δὲ
156 527 204 554 καὶ
216 527 284 563 πρὸς
298 527 344 553 τὸν
357 527 443 554 Σαοὺλ
457 529 471 554 ὁ
484 527 562 561 λόγος
575 527 712 563 εἰρῆσθαι.

154 573 211 600 Τοῦ
225 572 330 600 αὐτοῦ.
342 573 373 599 Εἰ
396 573 453 599 ἔστι
473 573 585 605 δυνατὸς
600 572 655 608 (ΞΟ)
671 574 699 599 ὲν
719 573 828 608 ἀνομίᾳ.
849 573 905 601 ἐστι

111 619 163 646 καὶ
176 619 305 651 ἀδύνατος
316 619 345 644 ἐν
359 619 468 654 ἀνομίᾳ.
489 619 544 645 Καὶ
557 620 571 645 ό
589 619 638 654 μὲν
661 619 772 650 δυνατὸς
793 620 821 645 ὲν
845 620 906 646 ἀνο-

113 664 167 700 μίᾳ
183 664 312 696 ἀδύνατος
324 665 352 690 ὲν
366 664 538 701 δικαιοσύνῃ·
553 665 567 690 ό
582 664 609 690 δὲ
623 664 752 696 ἀδύνατος
767 666 795 691 ὲν
806 665 905 700 ἀνομίᾳ

110 710 226 742 δυνατὸς
236 712 265 737 ὲν
275 710 444 746 δικαιοσύνῃ.

158 755 215 783 Τοῦ
230 756 334 783 αὐτοῦ.
354 756 457 782 Φαῦλον
481 756 530 791 μὲν
552 756 608 791 (21)
630 756 661 782 τὸ
682 765 690 781 t
707 755 914 791 ὲγκαυχᾶσθαι,ι

112 803 199 838 μέσον
206 802 234 829 δὲ
242 803 272 829 τὸ
285 813 294 828 ι
307 802 470 838 καυχᾶσθαι.
484 812 493 829 ι
515 803 543 829 '0
556 802 606 837 μὲν
615 803 743 834 ἀδύνατος
754 804 801 829 καὶ
811 803 904 835 ἄτονος

626 102 780 130 SELECTA
797 101 829 129 ΞΝ
847 100 1016 128 PSALMOS.
1035 116 1068 120 —-
1090 101 1186 128 PSAL.
1207 101 1248 128 LI.

1679 103 1747 130 1453

1235 158 1397 187 PSALMUS
1416 154 1458 186 Li.

996 205 1077 232 Vens.
1095 206 1121 232 5.
1137 205 1208 237 Quid
1224 205 1349 240 gloriaris
1366 206 1392 231 in
1407 204 1523 237 malitia,
1542 205 1587 239 qui
1609 210 1699 239 potens
1720 215 1746 234 es

960 252 988 278 in
1002 251 1161 285 iniquitate?
1175 256 1228 278 etc.
1246 260 1255 276 ι
1274 250 1324 283 Qui
1343 250 1493 285 gloriatur,
1518 250 1604 286 inquit
1625 251 1742 285 Aposto-

960 297 1002 324 ltts
1013 297 1046 329 ³⁷,
1062 297 1089 324 in
1104 296 1219 324 Domino
1237 296 1378 331 gl0rictur.
1398 306 1408 322 ι

996 343 1131 377 Ejusdem.
1146 341 1203 370 Non
1221 342 1288 370 dixit
1300 349 1396 369 nomen
1411 342 1519 377 aliquod
1535 343 1665 376 medium,
1675 344 1745 379 quod

960 389 1122 423 pravitatem
1140 388 1269 415 declaret.
1298 386 1356 416 Non
1375 389 1448 416 enim
1473 387 1557 421 dixit,
1576 389 1609 415 Tt
1633 390 1744 424 καυχᾷς

959 434 1056 466 sed,Tt
1069 434 1209 470 ὲγκαυχᾷ;
1223 441 1361 468 nunquam
1384 440 1449 461 vero
1466 433 1496 460 τὸ
1515 434 1701 469 ὲγκαυχᾶσθαι
1719 438 1746 463 in

960 481 1058 508 bouam
1079 485 1183 516 partem
1200 479 1312 510 dicitur,
1330 479 1376 505 sed
1392 478 1414 505 si
1439 479 1501 513 quis
1519 485 1625 514 peccat,
1646 482 1746 516 ἐγκαυ-

959 526 1049 561 χᾱται.
1066 526 1158 554 Potest
1171 527 1252 554 etiam
1272 527 1323 554 hoc
1340 532 1433 554 contra
1450 527 1513 554 Saul
1526 528 1625 554 dictum
1638 535 1707 555 esse.

995 571 1133 606 Ejusdem.
1154 571 1181 599 Si
1200 577 1295 607 potens
1317 577 1360 599 est
1385 572 1411 599 in
1431 573 1584 608 iniquitate.
1606 578 1647 600 est
1662 574 1743 600 etiam

959 618 1093 652 impotens
1108 619 1133 645 in
1151 619 1305 653 iniquitate.
1320 617 1371 652 Qui
1384 622 1480 652 potens
1492 624 1534 647 est
1551 619 1576 646 in
1591 619 1743 654 iniquitate.

960 664 1092 697 impotens
1109 668 1151 691 est
1168 664 1194 691 in
1205 664 1329 697 iustitia;
1344 665 1390 700 qui
1403 670 1493 693 autem
1511 666 1642 700 impotens
1660 671 1702 692 cst.
1717 666 1743 692 in

960 709 1112 743 iniquitate,
1128 714 1224 744 potens
1241 714 1282 737 est
1294 710 1319 738 in
1335 711 1452 746 justitia.

994 753 1132 789 Ejusdem.
1159 756 1187 783 In
1209 757 1308 783 malam
1335 763 1437 792 partem
1466 758 1578 792 ponitur
1607 758 1744 792 tvm-in—

960 799 1038 831 σθαι,
1057 801 1138 836 ’126
1154 802 1339 830 ίηόὶίΐενεηιοι·
1356 808 1445 831 autem
1465 803 1566 830 dicitur
1580 803 1744 838 καυχᾶσθαι.

111 849 163 876 καὶ
170 848 258 883 ὀλίγος
273 849 302 875 ὲν
310 849 404 884 κακίᾳ,
413 848 604 880 πλεονάζοντος
616 848 690 884 αὺτῷ
697 849 743 874 τοῦ
755 848 903 884 κρείττονος

991 846 1009 872 ti
1027 847 1114 874 nullas
1135 852 1181 874 aut
1201 847 1258 875 fere
1275 848 1362 876 nullas
1379 853 1405 875 et
1427 848 1538 884 exiguas
1558 849 1591 875 ad
1611 848 1743 874 malitiam

111 895 231 929 τρόπου,
262 893 299 925 ὡς
325 893 518 929 ἀσθενέστερος
544 895 573 920 ὲν
605 894 699 930 κακίᾳ,
726 895 908 929 ἐγκαλύψαιτο

111 940 289 974 ἁμαρτάνων,
308 939 355 966 κα)⁹
377 940 428 965 ὑπὸ
445 939 494 975 τῆς
516 940 694 975 συνειδήσεως
720 940 907 975 κεντούμενος,

113 985 308 1020 μετανοήσειεν
324 986 372 1012 άνο
388 987 402 1012 ὁ
416 986 444 1011 δὲ
460 986 570 1018 δυνατὸς
582 987 610 1012 ὲν
625 986 709 1021 κακία
722 986 851 1020 τυφοῦται
864 987 907 1013 ἐπ’

111 1031 197 1066 αὐτῇ,
211 1031 257 1057 καὶ
272 1031 449 1066 ὲγκαυχᾶται,
466 1031 503 1063 ὡς
525 1032 570 1058 ἐπὶ
592 1031 700 1066 μεγάλῳ
717 1031 908 1066 κατορθώματι

113 1076 323 1111 σεμνυνόμενος.
340 1077 384 1102 Ἐν
402 1076 474 1112 πάσῃ
498 1077 524 1103 δὲ
546 1077 637 1112 ἡμέρᾳ
655 1076 845 1112 διδασκόμενος
867 1086 907 1109 τις

110 1121 161 1147 τὸν
175 1121 244 1148 θεῖον
255 1122 344 1156 λόγον,
353 1122 400 1149 ἐὰν
416 1123 571 1158 ἁμαρτάνῃ,
585 1123 631 1149 καὶ
639 1122 773 1156 λογίζεται
784 1123 847 1158 ὃλην
858 1123 907 1158 τὴν

111 1167 233 1202 ἡμέραν.
251 1168 284 1194 Ἦ
299 1169 338 1200 τὸ,
352 1168 468 1204 ἡμέραν,
483 1169 636 1204 φανέρωσιν
655 1169 737 1204 δηλοῖ,
755 1169 771 1204 ἢ
787 1169 847 1195 ὅλον
863 1169 907 1195 τὸν

111 1212 220 1247 χρόνον,
233 1214 293 1240 καθ’
308 1214 337 1240 ὃν
354 1215 460 1249 ἀνομεῖ.

153 1303 246 1337 Ὅλην
258 1303 316 1337 τὴν
328 1303 440 1338 ἡμέραν
450 1303 569 1331 ἀδικίαν
582 1299 740 1338 ἐλογίσατο
752 1304 770 1336 ἡ
783 1303 908 1338 γλῶσσὰ

111 1356 190 1376 σου·
204 1349 275 1376 ὡσεὶ
293 1349 386 1384 ξυρὸν
398 1350 588 1385 ἠκονημένον
599 1351 748 1383 ἐποίησας
763 1349 865 1381 δόλον,
880 1358 906 1376 κ.

112 1402 142 1420 τ.
155 1394 180 1420 ἐ.
193 1394 229 1420 Τὸ
244 1393 414 1430 λογιζόμενον
435 1394 502 1431 (22),
525 1394 556 1421 τὸ
567 1394 739 1430 ἡγεμονικὸν,
753 1393 800 1420 καὶ
811 1395 827 1428 ἡ
841 1401 908 1429 καρ-

111 1440 171 1472 δία,
182 1440 231 1475 οὐχ
247 1441 263 1476 ή
279 1440 390 1475 γλῶσσα
413 1440 460 1466 τοῦ
479 1440 558 1475 Δωὴκ
582 1440 687 1467 ἀδικίαν
707 1439 858 1473 ἐλογίσατο.
872 1439 908 1465 Τὸ

112 1485 156 1519 ὁὶ,
165 1486 317 1520 ἐλογίσατο,
326 1487 407 1522 ἦτουν
418 1486 527 1518 ἀδίκους
536 1486 693 1522 λογισμοὺς,
702 1486 764 1512 ἐπεὶ
778 1495 787 1510 ι
803 1486 831 1511 ἐν
847 1485 908 1512 στό-

115 1540 184 1566 ματι
199 1531 298 1567 μωρῶν
309 1533 326 1567 ὴ
344 1531 442 1567 καρδία
460 1531 561 1563 αὐτῶν,
579 1540 588 1557 ι
604 1530 648 1557 διὰ
666 1531 744 1557 τοῦτο
763 1532 779 1565 ἡ
798 1531 908 1565 γλῶσσα
922 1522 945 1553 C

112 1576 165 1604 τοῦ
177 1578 257 1613 Δωὴκ
268 1577 417 1612 ἐφθέγξατο
426 1586 433 1592 ·
445 1577 475 1603 οὐ
487 1577 540 1613 γὰρ
553 1577 620 1612 αὑτὴ
635 1578 651 1612 ἡ
665 1576 836 1612 λογιζομένη,
851 1576 906 1604 ἀλλ’

114 1621 134 1656 ή
145 1622 202 1653 τοῖς
214 1621 353 1657 λογισμοῖς
367 1621 619 1658 ὲξυπηρετουμένη.

161 1667 331 1702 Ἠτήπησας
347 1669 455 1696 κακίαν
474 1669 550 1703 ὑπὲρ
568 1668 776 1703 ἀγαθωσύνην,
793 1676 820 1694 κ.
839 1676 864 1694 τ.
884 1668 906 1694 ἐ.

115 1714 194 1740 Εἰσὶν
208 1714 232 1740 οἱ
250 1714 369 1750 ὡσπερεὶ
383 1714 438 1750 (25)
450 1714 485 1741 τὰ
497 1715 604 1741 ἐναντία
619 1713 791 1748 ἀγαπῶντες
805 1713 844 1748 τῷ
857 1713 908 1749 μή-

117 1767 184 1785 ποτε
202 1759 290 1795 πάντη
300 1760 459 1788 ἀνακεῖσθαι
475 1761 569 1796 ἀρετῇ,
585 1761 652 1796 μήτε
663 1760 712 1796 ὅλῃ
731 1759 815 1794 κακίᾳ
828 1768 909 1795 προσ-

116 1805 191 1840 έχειν
206 1805 308 1832 ἐθέλειν
318 1815 324 1821 ·
337 1806 439 1832 τούτων
455 1806 480 1832 οἱ
495 1806 544 1841 μὲν
559 1806 718 1841 φαυλότεροι
731 1805 828 1832 κακίαν
845 1805 909 1840 μᾶλ-

116 1851 164 1877 λον
181 1851 325 1886 ἀγαπῶσιν
342 1851 357 1887 ῆ
373 1852 473 1888 ἀρετήν
483 1860 489 1867 ·
507 1853 532 1879 οἱ
544 1851 724 1880 δὲάνάπαλιν.

161 1940 331 1976 Ὴγάπησας
344 1940 443 1968 πάντα
465 1941 584 1976 ῥήματα
607 1939 858 1974 καταποντισμοῦ,
879 1948 906 1967 κ.

117 1997 144 2014 τ.
168 1988 192 2014 ὲ.
222 1987 346 2022 Ῥήματα
367 1987 588 2023 καταποντισμοῦ
606 1987 672 2022 (24),
693 1986 840 2015 διαϐάλλων
863 1985 909 2012 τὸν

119 2032 212 2063 Δαυῐδ,
226 2033 368 2068 ἠγάπησεν
382 2033 396 2058 ό
410 2033 500 2068 Δωήκ.

155 2079 206 2106 Διὰ
220 2079 306 2107 τοῦτο
320 2081 336 2106 ὀ
351 2080 422 2112 Θεὸς
437 2078 555 2107 καθέλοι
569 2088 606 2106 σε
623 2080 666 2112 εἰς
685 2079 780 2112 τέλος,
795 2079 909 2106 dictum

119 2133 158 2151 σε
171 2124 221 2151 καὶ
241 2125 480 2159 μεταναστεύσαι
500 2133 537 2152 σε
554 2125 612 2152 ἀπὸ
633 2124 838 2158 σκηνώματος,
859 2125 908 2151 καὶ

119 2171 155 2198 τὸ
167 2170 278 2205 ῥίζωμά
301 2178 360 2198 σου
374 2171 409 2197 ἐκ
426 2171 482 2206 γῆς
495 2171 616 2204 ζώντων,
634 2180 660 2198 κ.
676 2180 702 2197 τ.
716 2172 740 2198 ὲ.
764 2171 793 2197 '0
813 2171 908 2198 καθαι-

121 2217 177 2252 ρῶν
201 2218 257 2253 (25)
275 2218 309 2245 τά
334 2218 457 2253 μοχθηρὰ
475 2218 676 2253 οἰκοδομήματα
696 2217 762 2249 Θεὸς
783 2218 910 2254 καθαιρεῖ

118 2263 167 2290 τὸν
187 2263 277 2298 Δωὴκ,
301 2263 359 2299 ἦτοι
376 2263 414 2298 τῷ
438 2263 504 2299 μηδὲ
519 2263 659 2298 τὸντοῖχον
683 2263 732 2298 τῆς
757 2263 909 2298 οἰκοδομίας

119 2308 204 2336 αὑτοῦ
224 2309 382 2335 καταλιπεῖν
398 2309 428 2336 τὺ
445 2310 499 2336 πᾶν
516 2309 563 2335 κα).
582 2308 611 2341 ἐξ
628 2308 696 2336 ὅλων
712 2309 909 2344 οἰκοδομεῖσθαι

120 2355 215 2387 κακῶς
232 2355 248 2390 ἦ
272 2355 334 2382 ἐπεὶ
357 2357 381 2382 οἱ
401 2355 506 2391 χείρευς
528 2356 676 2382 τελευταῖοι
697 2355 909 2391 οἰκοδομοῦνται,

121 2401 251 2432 κάκιστος
267 2401 295 2427 δέ
309 2402 381 2427 ἐττιν
394 2401 408 2426 ὁ
418 2401 506 2437 Δωὴκ,
522 2401 604 2435 me;
615 2401 661 2427 τοῦ
679 2400 725 2427 τὸν
739 2400 851 2436 ἔσχατον
865 2402 911 2436 ἔχ-

121 2447 188 2482 θρὸν
201 2446 396 2482 καταργεῖσθαι
413 2447 458 2473 τὸν
477 2447 600 2480 θάνατον,
617 2446 663 2473 ἐπὶ
678 2446 717 2482 τῷ
731 2446 803 2473 τέλει
817 2446 911 2474 καθαι-

122 2491 278 2527 ρεθήσεται.
300 2492 332 2518 Εἰ
350 2492 379 2518 δὲ
395 2491 425 2518 τὸ
441 2491 547 2527 ρίζωμα
565 2491 714 2527 Ἰδουμαίου
725 2491 804 2527 Δωὴκ
823 2493 911 2519 ὲκτίλς

93 2537 199 2583 ὦεται
212 2537 244 2564 ὲκ
254 2539 304 2574 γῆς
317 2537 434 2570 ζώντων,
446 2539 502 2565 ἐκεῖ
519 2537 678 2573 πεφύτευτο.

161 2584 182 2600 ³⁷
195 2583 204 2610 1
217 2584 278 2611 Cor.
298 2592 317 2617 I,
335 2584 379 2611 51.
417 2584 438 2600 ³³
451 2583 534 2611 Eccli.
554 2592 610 2616 xxt,
625 2584 669 2611 29.

146 2631 218 2672 ’(18)
237 2631 267 2658 ’0
287 2631 488 2667 καυχώμενος,
513 2637 567 2659 etc.
592 2631 682 2658 Codex
697 2631 801 2666 primus
816 2629 911 2657 Coisli-

124 2674 295 2735 "Milligfbbx
311 2699 404 2734 εΐπεν,
421 2706 473 2729 etc.
490 2701 590 2728 Catena
603 2701 735 2728 Corderii.

160 2734 218 2776 (20)
239 2738 274 2765 ει
295 2737 359 2764 ἐστι
379 2737 517 2770 δυνατός,
543 2738 600 2764 etc.‘
619 2736 709 2764 Codex
730 2734 913 2762 Coislinianus

124 2779 352 2842 ωἱὲῗῗίιιαῦλον
363 2807 431 2842 μέν,
448 2811 501 2834 etc.
514 2806 696 2834 Coislinianus
711 2805 856 2833 secundus.

959 892 1033 919 vires
1048 892 1130 919 habet
1147 892 1183 920 ob
1201 894 1335 920 bonorum
1353 901 1457 921 morum
1471 894 1667 928 praestantiam,
1687 897 1746 920 tan-

959 946 1037 972 quam
1061 939 1087 965 in
1109 939 1210 966 malitia
1234 939 1412 971 imbecillior,
1431 940 1452 967 si
1471 945 1574 974 peccat,
1603 940 1746 967 abscondit

959 993 998 1017 se,
1013 990 1040 1012 et
1053 985 1170 1013 stimulis
1184 986 1358 1013 conscientia:
1372 986 1503 1021 agitatus,
1530 986 1678 1020 resipiscat.
1694 985 1744 1018 Qui

958 1036 1046 1058 autem
1059 1036 1154 1066 potens
1171 1036 1213 1059 cst
1236 1031 1262 1058 in
1277 1032 1392 1063 malitia,
1416 1033 1441 1058 in
1467 1032 1524 1066 ipsa
1551 1032 1703 1059 obcazcatur
1720 1036 1745 1058 et

958 1077 1099 1112 gloriatur,
1116 1085 1147 1104 ac
1167 1077 1243 1112 quasi
1263 1078 1296 1104 de
1319 1072 1450 1111 praeclaro
1472 1078 1595 1105 facinore
1618 1085 1678 1105 sese
1697 1085 1746 1104 ex-

960 1122 1038 1150 tollit.
1055 1123 1106 1156 Qui
1124 1130 1189 1150 vero
1204 1127 1260 1150 tota
1280 1123 1323 1150 die
1343 1123 1425 1150 discit
1445 1124 1556 1151 verbum
1575 1123 1633 1155 Dei,
1655 1123 1697 1155 is,
1721 1123 1743 1150 si

959 1173 1062 1202 peccat,
1074 1169 1155 1195 etiam
1172 1169 1273 1203 cogitat.
1284 1173 1337 1195 tota
1353 1169 1405 1196 die.
1423 1168 1478 1196 lloc
1493 1169 1553 1196 loco
1567 1169 1619 1195 diei
1636 1168 1745 1195 nomine

959 1213 1000 1239 vel
1015 1213 1197 1240 manifestatio
1211 1214 1390 1249 signiﬁcatur,
1407 1214 1451 1242 vel
1469 1221 1548 1241 omne
1567 1218 1682 1247 tempus.
1697 1221 1745 1247 per

958 1259 1030 1293 quod
1052 1265 1156 1294 peccat.

997 1305 1079 1332 Vens.
1093 1306 1119 1332 ι.
1136 1305 1201 1332 Tota
1211 1307 1255 1333 die
1267 1306 1426 1341 injustitiam
1437 1306 1557 1340 cogitauit
1568 1305 1659 1340 lingua
1671 1310 1716 1332 tua
1735 1311 1743 1330 :

958 1351 1025 1377 sicut
1041 1351 1169 1378 novacula
1187 1356 1265 1378 atuta
1283 1351 1368 1384 fecisti
1380 1350 1481 1382 dolum,
1497 1355 1548 1377 etc.
1565 1349 1746 1377 Rntionabiliu

958 1401 986 1424 et
1000 1397 1135 1431 praecipua
1149 1397 1249 1423 mentis
1265 1404 1345 1430 pars,
1364 1399 1389 1423 et
1405 1403 1462 1426 cor,
1491 1403 1544 1422 non
1565 1396 1655 1430 lingua
1672 1395 1744 1428 Doeg

960 1442 1117 1477 iujustitiam
1131 1441 1268 1477 cogitavit.
1283 1441 1359 1475 Quod
1372 1446 1462 1468 autem
1478 1441 1587 1473 dicitur,
1603 1441 1744 1475 cogitavit,

960 1487 1011 1514 hoc
1031 1491 1084 1519 est,
1104 1487 1233 1521 quoniam
1257 1495 1267 1512 ι
1291 1486 1318 1513 in
1342 1493 1390 1513 ore
1408 1486 1554 1513 stultorum
1579 1493 1628 1513 cor
1650 1493 1744 1512 eorum

960 1538 1001 1559 est
1014 1533 1046 1563 ‘5.
1065 1542 1075 1558 ι
1090 1539 1231 1567 propterea
1249 1533 1338 1569 lingua
1356 1533 1430 1568 Doeg
1444 1532 1551 1566 iniquas
1566 1531 1745 1566 cogitationes

960 1579 1065 1606 elocuta
1080 1583 1132 1606 est.
1148 1579 1205 1607 Non
1219 1580 1289 1606 enim
1307 1579 1363 1612 ipsa
1378 1579 1529 1614 cogitabat,
1544 1579 1590 1605 sed
1601 1577 1745 1612 cogitatio-

961 1625 1041 1652 nibus
1054 1625 1237 1660 exprimendis
1249 1625 1425 1653 inscrviebat.

997 1671 1078 1698 Vens.
1097 1671 1125 1699 5.
1148 1671 1269 1698 Dilexisti
1291 1670 1421 1697 malitiam
1442 1678 1519 1704 super
1545 1669 1744 1704 benignitatem,

960 1721 1013 1744 etc.
1030 1715 1100 1744 Sunt
1114 1717 1158 1750 qui
1168 1716 1368 1751 quodammodo
1378 1716 1516 1743 contraria
1528 1715 1660 1749 diligunt;
1674 1715 1746 1750 quod

961 1770 1048 1798 neque
1080 1763 1192 1790 omnino
1218 1762 1309 1789 virtuti
1335 1762 1501 1792 adhaereant,
1525 1768 1613 1795 neque
1640 1760 1747 1795 penitus

962 1807 1069 1835 malitia:
1076 1814 1105 1834 se
1111 1807 1234 1834 addicere
1241 1807 1336 1834 velint:
1345 1813 1459 1840 quorum
1468 1805 1575 1839 quidem
1584 1804 1744 1834 deteriores.

962 1852 1093 1879 malitiam
1121 1852 1206 1887 magis
1224 1859 1305 1885 quam
1330 1853 1459 1878 virtutem
1475 1854 1586 1882 amant;
1611 1849 1656 1876 alii
1681 1856 1746 1876 vero

961 1899 1124 1926 econtrario.

999 1944 1076 1972 Vens.
1090 1944 1116 1971 6.
1136 1943 1255 1970 Dilexisti
1268 1943 1355 1969 omnia
1368 1943 1444 1970 verba
1455 1941 1679 1976 prwcipiuttionis,
1691 1944 1745 1967 etc.

963 1991 1049 2018 Verba
1058 1990 1281 2025 praecipitationis
1292 1989 1385 2018 dilexit
1398 1989 1481 2024 Doeg,
1493 1988 1603 2022 quando
1618 1986 1746 2013 Davidem

964 2037 1093 2064 traduxit.

998 2083 1081 2110 Vens.
1101 2083 1128 2110 7.
1149 2082 1291 2116 Propterea
1311 2081 1382 2108 Dens
1404 2081 1521 2107 destruat
1551 2083 1574 2104 te
1597 2078 1625 2104 iu
1649 2078 1746 2111 ﬁnem,

963 2130 1054 2156 cchat
1071 2134 1105 2161 te,
1120 2134 1144 2155 et
1164 2129 1271 2162 emigret
1290 2132 1314 2154 te
1334 2126 1366 2153 de
1388 2124 1568 2155 tabernaculo.
1591 2129 1613 2150 et
1633 2122 1747 2149 radicem

963 2180 1034 2201 tuam
1047 2175 1078 2201 de
1090 2179 1160 2201 terra
1176 2173 1328 2204 viventium,
1343 2177 1398 2199 etc.
1417 2171 1468 2204 Qui
1489 2169 1610 2204 improba
1632 2167 1747 2195 aedilicia

963 2221 1076 2248 destruit
1091 2221 1172 2253 Deus,
1190 2220 1305 2248 destruit
1317 2220 1399 2254 Doeg,
1410 2217 1450 2245 vel
1465 2224 1526 2244 cum
1539 2222 1647 2242 murum
1663 2213 1750 2242 aediﬁ-

963 2267 997 2293 cii
1006 2266 1064 2300 ejus
1074 2273 1180 2293 omnem
1191 2269 1218 2292 et
1225 2273 1257 2293 ex
1268 2265 1374 2299 integro
1384 2271 1435 2291 non
1445 2262 1510 2290 sinit
1521 2259 1649 2288 :edillcari
1661 2259 1748 2290 male;

964 2313 1004 2340 vel
1020 2314 1148 2348 quoniam
1164 2312 1280 2347 improbi
1298 2304 1749 2348 ultimia‘ditlcantur,itnprobissi-

965 2365 1024 2385 Inus
1039 2362 1129 2384 autem
1142 2361 1183 2384 est
1202 2356 1284 2391 Doeg,
1303 2355 1373 2383 haud
1387 2361 1466 2381 secus
1482 2360 1513 2379 ac
1528 2351 1638 2378 ultimus
1661 2347 1749 2375 inimi-

966 2411 1014 2431 cus
1045 2404 1200 2431 destruetur
1220 2410 1305 2434 nmrs,
1330 2402 1356 2428 in
1379 2400 1431 2426 ﬁne
1454 2399 1617 2426 destruetur.
1639 2394 1668 2422 Si
1687 2401 1749 2420 vero

967 2448 1041 2475 radix
1059 2447 1165 2475 Idumaei
1182 2446 1253 2481 Doeg
1264 2445 1388 2474 evellitur
1403 2445 1435 2470 de
1453 2447 1523 2469 terra
1541 2439 1698 2469 viventium,
1714 2436 1748 2463 ibi

965 2493 1083 2527 plantata
1095 2497 1163 2520 erat.

999 2628 1055 2663 (Ξῖ)
1070 2627 1104 2654 Τὸ
1123 2625 1323 2661 λογιζόμενον,
1339 2627 1392 2650 etc.
1409 2622 1489 2649 Idem.

1000 2673 1056 2709 (‘25)
1069 2673 1158 2700 Εἰσὶν
1172 2672 1199 2698 οὶ
1212 2670 1323 2703 ὥσπερ,
1336 2673 1389 2695 etc.
1407 2668 1512 2695 Catena
1528 2665 1662 2693 Cordcrii.

1001 2721 1057 2755 (Ἡ)
1065 2719 1195 2754 Ῥήματα
1208 2713 1461 2749 καταποντιιτμοῦ,
1470 2719 1521 2741 etc.
1531 2712 1630 2740 Eadem
1637 2711 1745 2738 Catena.

1001 2767 1056 2799 (9.5)
1079 2766 1106 2791 Ὀ
1131 2763 1288 2799 καθαιρῶν,
1316 2768 1369 2790 etc.
1400 2761 1490 2789 Codex
1513 2758 1696 2787 Coisliuianus
1708 2764 1738 2783 se

964 2803 1080 2830 cundus.
1468 2810 1475 2817 ί
