1886 3052
99 111 167 138 1161
590 112 745 140 δΕιΕΟΤΑ
766 113 798 140 ΙΝ
819 114 881 142 PSA

982 134 988 142 .
1009 131 1043 135 ——
1063 115 1161 143 PSAL
1183 115 1249 143 LIII.
1661 120 1738 149 I469

97 181 162 204 ποις
177 171 223 199 ἔσθ
234 172 240 182 ‘
262 171 306 199 ὅτε
322 172 450 207 ἀρέσκειν
461 192 469 203 ,
491 173 664 208 καθηκόντως
686 176 751 202 αὐτὸ
771 177 879 212 ποιήσει

982 178 1071 212 οροιιὶι
1095 178 1250 205 ltoininibus
1275 178 1412 205 interdum
1434 179 1552 213 placere,
1576 179 1638 214 jure
1665 181 1729 208 illud

99 219 149 245 καὶ
163 219 213 246 οὐκ
229 218 459 254 ἀνθρωπάρεσκος
475 219 560 245 ἔσται.
584 221 612 246 ’0
625 221 690 254 γοῦν
711 221 816 254 Παῦλός
839 232 891 259 φη-

99 272 145 292 σιν
154 272 160 279 ·
174 274 183 290 ι
205 265 387 300 ’Δπρόσκοποι
399 265 445 291 καὶ
458 266 596 298 Ἰουδαίοις
607 267 713 300 γίνεσθε
723 269 808 304 κα).τῇ
830 270 892 296 Ἐκ-

98 309 204 346 κλησίᾳ
216 309 264 337 τοῦ
277 310 345 337 Θεοῦ
354 331 361 343 ,
375 310 466 343 καθὼς
481 311 560 346 κάγὼ
575 312 663 339 πάντα
675 314 756 340 πᾶσιν
770 314 891 350 ἀρέσκω,

99 356 141 392 μὴ
159 355 249 391 ζητῶν
259 355 290 382 τὸ
308 356 427 392 ἐμαυτοῦ
441 357 578 393 συμφέρον
590 378 598 389 ,
619 358 686 385 ἀλλὰ
707 359 737 385 τὸ
758 359 811 386 τῶν
833 361 893 387 πολ-

98 401 227 433 λῶν,ἴνα
253 402 385 429 σωθῶσιν.
405 413 413 428 ι
442 403 511 429 Ἀλλ’
528 403 554 430 at
571 412 612 435 τις
639 405 796 439 προτίθεται
817 405 892 433 οὐδὲν

97 447 167 474 ἄλλο
183 447 199 483 ἢ
215 447 367 483 ἀνθρώποις
387 449 530 484 ἀρέσκειν,
545 449 561 484 ἢ
586 449 685 484 μᾶλλον
709 449 861 485 ἀνθρώποις
875 451 891 486 ἢ

195 493 243 519 καὶ
269 493 367 528 ἐπίσης
391 493 545 530 ἀνθρώποις
570 495 617 521 καὶ
637 494 712 529 Θεῷ,
728 495 787 522 δέον
813 496 892 530 μόνον

96 538 178 574 Θειξζν
197 538 268 565 ὣστε
283 539 317 564 δι’
335 540 438 566 ἐκεῖνον
455 539 578 573 γίνεσθαι
601 540 647 566 καὶ
666 540 710 571 τὸ,
725 541 891 576 ἀνθρώποις·

97 585 147 611 ὅτε
161 584 238 611 τοῦτο
251 586 336 612 ποιεῖν
351 586 424 620 αἱρεῖ
436 585 516 619 λόγος
527 606 533 616 ,
549 586 650 617 ἐκεῖνος
663 586 893 622 ἀνθρωπάρεσκος

99 631 191 658 ἔσται.
210 631 255 657 Δεῖ
269 631 297 657 δὲ
311 631 358 657 ὲπί
374 639 454 657 τινων
469 631 658 667 σκοπήσαντα,
675 632 773 667 ὃτιοὺχ
794 630 849 658 οἷόν
863 641 892 658 τε

99 677 162 704 τόδε
173 685 199 703 τι
215 676 401 713 διαπραξαντα
417 677 433 713 ἢ
449 678 561 704 εἰπόντα
571 699 578 710 ,
597 678 643 704 καὶ
653 678 712 713 Θεῷ
728 680 775 706 καὶ
789 679 893 714 ἀνθρώ-

102 731 165 754 ποις
181 722 293 758 ἀρέσαι,
307 723 514 759 καταφρονῆσαι
537 724 585 759 μὲν
601 724 648 751 τοῦ
665 725 761 760 ἀρέσαι
776 727 832 758 τοῖς
846 726 893 752 ἀν-

99 768 224 804 θρώποις
234 790 241 801 ,
255 769 363 796 ἑλέσθαι
375 769 402 795 δὲ
415 769 445 795 τὺ
460 770 558 805 ἀρέσαι
573 770 611 806 τῷ
628 770 699 806 Θεῷ.

156 815 203 847 Τίς
226 814 314 841 δώσει
342 815 376 841 ἐκ
405 814 482 841 Σιὼν
508 816 564 851 (55)
598 815 630 842 τὸ
659 817 806 851 σωτήριον
839 818 892 845 τοῦ

945 223 1036 257 faciet,
1052 232 1100 251 nec
1117 225 1240 251 humana.-
1257 225 1350 259 gratia:
1365 230 1486 259 captator
1504 225 1566 253 erit.
1594 226 1729 259 Quamob-

945 278 1001 297 rem
1017 270 1118 298 Paulus
1134 271 1201 298 dicit
1217 281 1222 298 :
1242 279 1251 296 ι
1272 270 1337 297 Sine
1361 271 1510 299 offensione
1536 276 1623 299 estote
1639 277 1665 299 et
1683 271 1730 299 Ju-

944 315 1009 342 daais
1024 320 1051 342 et
1068 315 1195 342 Ecclesiae
1214 316 1260 342 Dei
1282 325 1288 342 :
1306 316 1376 344 sicut
1392 321 1419 344 et
1436 324 1486 352 ego
1505 325 1553 352 per
1567 318 1658 345 omnia
1672 325 1732 345 om-

943 361 1023 388 nibus
1036 361 1130 396 placeo
1141 381 1148 393 ,
1165 369 1218 388 non
1233 369 1358 396 qumrens
1371 363 1441 396 quod
1457 363 1522 389 mihi
1539 362 1603 390 utile
1616 368 1666 396 est,
1683 365 1731 391 sed

943 407 1014 441 quod
1034 407 1134 440 multis,
1150 411 1179 434 ut
1193 407 1260 435 salvi
1290 408 1356 435 ﬁant
1375 408 1407 434 “.
1422 418 1430 434 ι
1457 408 1510 436 Sed
1532 409 1554 436 si
1579 410 1640 444 quis
1665 409 1731 437 nihil

944 451 1016 478 aliud
1030 451 1079 478 sibi
1097 452 1243 486 proponit,
1268 460 1348 486 quam
1375 453 1528 480 lmtninibus
1546 453 1663 488 placere.
1689 456 1731 482 vel

944 497 1029 531 magis
1047 498 1201 525 hominibus
1216 506 1296 532 quam
1309 498 1374 530 Deo.
1387 498 1426 526 vel
1442 506 1518 533 teque
1534 499 1687 527 hominibus
1700 508 1731 526 :u'.

944 543 998 570 Deo
1011 543 1128 576 placere,
1145 551 1206 570 eum
1221 543 1270 570 soli
1284 543 1338 571 Deo
1353 544 1469 578 placere,
1482 552 1531 572 nec
1549 545 1600 572 nisi
1621 550 1731 580 propter

944 588 1030 623 ipsum
1041 591 1186 617 humanam
1200 590 1314 625 gratiam
1327 592 1553 626 captaredebeat.
1567 592 1619 620 iste
1632 592 1731 619 huma-

943 643 984 663 na:
997 636 1090 670 gratim
1101 639 1222 670 captator
1238 636 1321 672 728
1332 637 1394 664 erit.
1407 637 1456 670 Qui
1468 643 1558 665 autem
1578 638 1731 666 considera-

943 684 1014 710 verit
1024 684 1158 711 interdum
1171 684 1228 711 ﬁeri
1241 692 1294 711 non
1310 692 1388 718 posse
1405 690 1432 712 ut
1447 685 1506 713 hate
1518 685 1561 712 vel
1573 685 1617 713 illa
1628 686 1730 713 faciens

943 737 990 759 aut
997 733 1099 766 dicens,
1106 734 1161 762 Deo
1169 735 1247 763 simul
1256 739 1282 762 et
1290 735 1444 762 Itominibus
1451 734 1564 769 placeat.
1575 740 1684 760 necesse
1690 738 1732 758 est

943 783 974 806 ut
985 779 1139 807 hominibus
1152 780 1258 814 placere
1271 781 1400 816 negligat,
1412 785 1439 807 et
1451 780 1532 814 eligat
1546 779 1601 806 Deo
1613 778 1729 812 placere.

982 825 1061 852 Vens.
1082 825 1108 852 7.
1130 826 1197 859 Qui:
1209 827 1280 853 dabit
1292 835 1325 854 ea:
1344 826 1410 854 Sion
1420 826 1540 853 salutare
1554 823 1661 851 Israel?
1675 827 1730 849 etc.

104 860 243 894 Ἰσραήλ
259 869 286 887 κ.
301 870 325 887 τ.
344 862 366 887 ὲ.
386 870 394 885 ι
416 860 496 893 Ἥξει
517 863 550 888 ὲκ
564 862 633 889 Σιὼν
653 864 667 889 ὁ
686 863 833 898 ῥυόμενος,
847 872 881 890 κα

982 870 1069 898 ίοιιίθι
1089 880 1122 899 ex
1144 873 1209 900 Sion
1226 872 1352 900 Salvator
1366 876 1394 900 et
1410 876 1513 899 avertet
1533 867 1732 905 impielalesab

96 906 269 942 ἀποστρέψει
290 906 417 940 ἀσεϐείας
441 907 495 934 ἀπὸ
515 907 620 935 Ἰακώϐ.
639 919 648 934 ι
673 909 752 935 Ἀλλὰ
770 910 816 935 καὶ
832 911 892 941 ταῖς

96 953 154 987 ἠδη
165 953 441 987 αἰχμαλωτισθεῖσαις
461 953 527 980 δέκα
544 955 642 989 φυλαῖς
660 955 741 981 δώσει
758 955 892 991 σωτηρίαν

96 998 150 1024 καὶ
163 997 302 1024 ἐπάνοδον.
327 998 406 1025 Ἀλλὰ
429 999 472 1030 τίς
485 999 566 1026 δώσει
579 999 625 1026 τὸν
644 1000 760 1034 Χριστὸν
785 1000 848 1026 ὶδείν
863 999 892 1025 τὸ

95 1042 150 1069 τοῦ
163 1043 258 1078 νοητοῦ
276 1044 382 1080 Ἰσραὴλ
398 1045 533 1080 σωτήριον

945 914 1030 943 Iacob
1044 917 1076 943 ".
1094 927 1102 942 ›
1125 917 1195 951 Quin
1217 921 1244 945 et
1264 918 1290 945 in
1311 917 1496 953 captivitatem
1519 915 1621 942 abactis
1640 914 1731 941 decem

947 961 1071 989 tribubus
1085 962 1157 990 dabit
1174 962 1288 989 salutem
1301 967 1328 989 ct
1342 962 1472 989 reditum.
1499 960 1551 988 Sed
1576 959 1636 995 quis
1659 959 1732 986 dabit

947 1007 1042 1035 videre
1056 1009 1194 1037 Christum
1212 1010 1344 1045 spiritalis
1359 1009 1442 1037 Israel
1456 1008 1624 1037 Salvatorem
1637 1007 1648 1034 3

384 1135 532 1162 ΨΑΛΜΟΣ
551 1135 614 1166 NE’.

145 1182 176 1208 '0
192 1182 274 1215 Θεὸς,
286 1183 321 1209 ἐν
337 1181 377 1215 τῷ
391 1183 514 1216 ὀνόματί
524 1190 582 1210 σου
595 1182 699 1210 σῶσόν
714 1192 751 1217 με
761 1203 768 1215 ,
783 1192 809 1209 κ.
827 1192 850 1209 τ.
868 1184 891 1210 ὲ.

1213 1137 1371 1165 ιιδΑιλιιυδ
1399 1137 1462 1165 LIII.

982 1185 1063 1212 Visus.
1082 1186 1108 1213 5.
1123 1186 1202 1218 Deus,
1218 1185 1243 1212 in
1258 1185 1362 1211 nomine
1377 1189 1422 1210 tuo
1438 1185 1538 1211 salvum
1553 1192 1593 1211 me
1605 1185 1660 1218 fac.
1678 1188 1731 1212 etc.

99 1228 221 1264 Εὖχεται
247 1229 301 1263 (54)
328 1228 380 1260 ἓως
405 1228 473 1260 τοῦ,
508 1238 517 1254 ι
533 1228 647 1255 ἐνώπιον
669 1228 770 1256 αὐτῶν.
787 1239 797 1255 ι
827 1227 881 1255 Eia:

982 1236 1076 1258 ecatur
1096 1238 1182 1264 usque
1197 1231 1228 1257 ad
1249 1230 1292 1257 illa
1313 1230 1392 1256 verba
1411 1239 1417 1256 ι
1439 1239 1448 1254 ‹
1464 1229 1532 1256 Ante
1556 1233 1732 1264 conspectum

97 1273 283 1308 ἐνεστηκυίας
305 1272 380 1308 αὐτῷ
400 1273 528 1308 βοηθείας
549 1273 726 1307 αἰσθόμενος,
746 1274 826 1300 οἱονεὶ
839 1273 879 1300 δεί

982 1284 1036 1303 υιιι.
1050 1286 1058 1302 ι
1088 1276 1187 1303 Deinde
1206 1275 1355 1303 adveniens
1377 1275 1427 1302 sibi
1450 1275 1579 1302 auxilium
1600 1274 1733 1306 sentiens,

97 1328 196 1347 κνυσιν
211 1321 295 1355 αὐτὴν
311 1321 339 1346 ἐν
355 1319 394 1355 τῷ
405 1328 412 1335 ’
431 1329 440 1345 ι
462 1320 526 1346 Ἰδοὺ
538 1321 552 1346 ὸ
565 1320 631 1351 Θεὸς
644 1319 736 1356 βοηθεί
750 1329 806 1355 μοι,
824 1330 833 1346 ι
849 1329 881 1347 κα

985 1322 1146 1349 odammodo
1180 1322 1298 1348 ostendit
1333 1321 1397 1348 illud
1434 1321 1476 1348 his
1504 1320 1593 1348 verbis
1611 1329 1618 1347 :
1638 1318 1735 1347 «Ecce

96 1365 141 1401 τῷ
157 1366 220 1401 ἑξῆς
235 1366 282 1392 καὶ
294 1365 332 1401 τῷ
348 1366 407 1401 μετ’
424 1366 516 1392 αὐτόν.
533 1362 600 1392 Εἶτα
615 1367 677 1400 περί
691 1375 771 1393 τινων
784 1365 881 1401 εὔχετα

986 1375 1016 1394 us
1027 1367 1137 1400 adjuvat
1151 1375 1204 1400 me,
1216 1376 1224 1391 ι
1237 1373 1264 1394 et
1277 1367 1452 1401 sequentibus
1464 1366 1568 1393 duobus
1582 1365 1732 1392 versiculis.

98 1411 294 1446 ἐντυγχάνειν,
323 1411 555 1447 ἐπαγγελλόμενος
584 1412 705 1438 ἑκούσιον
733 1413 780 1438 ἐπὶ
806 1413 881 1448 τούτο

982 1418 1044 1440 ιδιειι
1059 1414 1182 1448 qumdam
1200 1418 1326 1448 precatur
1336 1413 1387 1439 sibi
1399 1412 1551 1446 obtingere,
1563 1419 1612 1446 pro
1628 1410 1733 1446 illisque

102 1457 212 1484 θυσίαν.
229 1456 284 1484 Εἶτ’
301 1458 458 1494 εὐχαριστεῖ
471 1458 689 1490 ὰνταποδοτικὼς
712 1457 767 1485 τῶν
783 1459 880 1494 είρημέ

982 1460 1081 1487 οιιιὶιιίι
1094 1461 1275 1488 voluntarium
1290 1460 1463 1487 sacriﬁcium.
1478 1459 1599 1486 Tandem
1616 1465 1666 1492 pro
1679 1457 1734 1484 illls

98 1513 156 1530 νων
173 1505 202 1530 ὲν
221 1505 254 1539 τῇ
272 1504 337 1538 εὐχῇ
355 1503 400 1529 καὶ
417 1502 537 1535 ἐντεύξει
549 1511 555 1517 ’
574 1504 620 1530 καὶ
637 1504 704 1537 πρὸς
716 1504 758 1534 τὸ,
776 1513 785 1529 ι
802 1504 846 1530 Ἐν
859 1505 881 1538 τί

985 1514 1006 1533 :e
1023 1507 1048 1533 in
1064 1507 1188 1534 oratione
1203 1511 1230 1533 et
1242 1506 1432 1534 obsecratione
1446 1505 1516 1532 dicta
1527 1508 1600 1535 sunt,
1613 1508 1733 1530 mutuam

98 1551 217 1586 ἀληθείᾳ
242 1559 288 1577 σου
312 1550 499 1586 ὲξολόθρευσον
515 1550 623 1582 αὐτοὺς,
643 1559 652 1576 ι
671 1550 881 1577 ἀνταποδίδωσιν

982 1552 1095 1579 aliarum
1120 1551 1255 1579 actionem
1284 1551 1420 1586 rependit,
1451 1555 1479 1577 et
1507 1550 1540 1576 ad
1574 1548 1639 1575 illud
1657 1557 1661 1574 :
1680 1557 1689 1574 ι
1705 1548 1732 1574 In

101 1606 114 1622 ι
143 1597 187 1624 Ἐν
200 1598 256 1628 τοῖς
267 1596 374 1632 ἐχθροῖς
389 1605 439 1632 μου
451 1596 555 1622 ἐπεῖδεν
572 1597 586 1623 ό
597 1596 733 1630 ὀφθαλμός
746 1605 807 1631 μου.
826 1606 835 1622 ι

146 1685 224 1713 Ἰδοὺ
239 1686 293 1720 γὰρ
313 1688 329 1713 ὁ
344 1687 416 1719 Θεὸς
433 1687 541 1720 ,βοηθεῖ
553 1695 604 1721 μοι
615 1706 622 1717 ,
639 1696 666 1714 κ.
681 1695 706 1714 τ.
725 1687 746 1713 ἐ.
765 1687 893 1714 Δίσθεται

99 1733 290 1764 εἰσακουσθεὶς
299 1733 355 1768 (35)
368 1733 413 1759 καὶ
422 1733 496 1768 λέγει
513 1733 598 1760 ταῦτα
610 1733 654 1760 διὰ
669 1733 752 1768 μέσου
761 1732 814 1760 τῶν
827 1734 894 1769 πρὸς

98 1778 169 1805 Θεὸν
179 1778 377 1813 συναφθέντων·
389 1780 437 1805 Ἂν
444 1779 530 1811 οὕτως
539 1780 664 1814 κραταιοὶ
674 1789 683 1804 ι
698 1779 834 1815 ἐζήτησαν
846 1779 894 1813 τὴν

99 1825 192 1860 ψυχήν
204 1833 265 1860 μου,
280 1825 326 1851 καὶ
337 1825 367 1851 οὐ
378 1824 522 1860 προέθεντο
533 1825 576 1852 τὸν
588 1825 653 1852 Θεὸν
663 1824 777 1852 ἐνώπιον
790 1825 890 1859 αὐτῶν,

100 1872 132 1897 ὲν
142 1872 175 1906 τῇ
193 1871 306 1906 ἀληθείᾳ
322 1879 367 1897 σου
382 1871 572 1908 ἐξολόθρευσον
586 1872 695 1903 αὐτούς.
716 1881 725 1897 ι
744 1871 845 1906 Βοηθὸν
866 1871 894 1898 δὲ

101 1917 175 1951 ἔχειν
186 1917 312 1952 ὁμολογεῖ
326 1918 396 1952 τάχα
409 1917 454 1944 τὸν
470 1917 580 1952 Πατέρα
593 1918 640 1943 καὶ
648 1917 749 1952 Κύριον
765 1917 895 1952 ἀντιλαμ-

102 1963 255 1998 ϐανόμενον
276 1964 324 1998 τῆς
346 1963 434 1998 ψυχῆς
455 1963 555 1995 αὑτοῦ,
572 1963 615 1990 ἵνα
632 1963 698 2000 εἴπῃ
711 1963 756 1990 τὸν
770 1963 850 1995 Υίδν,
866 1963 895 1995 ὃς

102 2009 273 2045 ἀποστρέψει
289 2009 323 2036 τὰ
334 2009 408 2036 κακά
424 2011 480 2041 τοῖς
500 2009 608 2045 ἐχθροῖς
625 2018 687 2044 μου.
705 2010 739 2036 Ἀ
760 2009 814 2045 γὰρ
829 2010 895 2036 ἐπά-

101 2064 163 2089 γειν
176 2065 221 2090 μοι
237 2056 410 2091 βεϐούληνται
429 2056 586 2086 κακωτικὰ,
604 2056 688 2082 ταῦτα
711 2057 779 2091 πρὸς
797 2055 895 2087 αὐτοὺς

101 2101 284 2136 ἀναστρέψει,
302 2100 373 2128 οὕτω
387 2100 433 2127 τοῦ
452 2100 519 2127 Θεοῦ
544 2101 691 2135 κρίνοντος.
717 2101 810 2136 Τούτῳ
833 2110 895 2128 συν‹

101 2147 163 2182 ᾀδει
179 2147 208 2174 τὸ
220 2167 228 2177 .
245 2156 254 2173 ι
269 2148 404 2182 Ποιήσατε
422 2146 516 2182 αὐτὴν,
532 2146 560 2172 ὃν
574 2147 672 2182 τρόπον
688 2148 834 2182 ἐποιήσατε
850 2148 895 2174 τὸν

103 2193 242 2219 πλούσιον.
259 2203 268 2218 ι
293 2193 348 2219 Καὶ
367 2192 484 2222 τούτων,
503 2193 585 2226 φησι,
612 2192 824 2228 συμϐεϐηκότων
847 2193 896 2219 αὺ-

101 2237 223 2273 θαιρέτῳ
250 2236 347 2274 γνώμῃ
370 2238 414 2263 ἐπ’
434 2237 610 2273 εὐχαριστίαν
635 2238 798 2273 ἐρχόμενος,
820 2238 896 2264 ἐκου-

102 2283 171 2315 σίως
188 2283 261 2310 θύσω
273 2292 324 2310 σοι.

147 2327 423 2363 Ἐξομολογήσομαι
443 2328 482 2361 τῷ
505 2329 628 2363 ὀνόματί
653 2338 729 2361 σου,
749 2330 847 2363 Κύριε,
865 2338 891 2356 κ.

101 2383 130 2400 τ.
145 2373 168 2400 ὲ.
185 2373 346 2409 Εὑχαριστεῖ
367 2373 433 2409 (56),
448 2374 515 2409 πρὸς
531 2374 561 2400 τὺ
580 2384 588 2399 ι
609 2374 654 2401 Ἑν
668 2375 706 2410 τῷ
720 2375 831 2410 ὀνόματί
847 2384 893 2402 σου

103 2420 193 2447 σῶσόν
210 2429 254 2455 με,
274 2430 282 2445 ι
295 2420 437 2452 ἀποδιδοὺς
448 2420 488 2453 τὸ,
506 2431 514 2446 ι
533 2422 894 2458 Ἐξομθλογήσομαιτῷὀνό-

104 2467 172 2502 ματί
188 2475 234 2493 σου
246 2487 252 2493 .
270 2477 278 2492 ι
297 2468 351 2494 Καὶ
367 2466 436 2502 πρὸς
451 2467 496 2499 τὸ,
514 2476 522 2491 ι
542 2467 686 2503 Ἀλλότριοι
708 2469 895 2504 ἐπανέστησαν

105 2514 147 2540 ἐπ’
163 2513 224 2548 ἐμὲ,
244 2523 252 2538 ι
270 2513 310 2544 τὸ,
329 2523 337 2539 ι
356 2513 402 2540 Ἐκ
418 2514 506 2550 πάσης
522 2514 637 2548 θλίψεως
657 2514 764 2550 ἐρῤύσω
784 2523 826 2550 με,
849 2515 895 2542 καὶ

92 2560 134 2585 γὲν
145 2561 202 2590 τοῖς
213 2559 319 2595 ἐχθροῖς
335 2569 385 2594 μου
399 2561 503 2587 ἐπεῖδεν
517 2561 531 2586 ὁ
546 2560 685 2595 ὀφθαλμός
702 2570 762 2595 μου.
780 2570 789 2586 ›
813 2562 894 2595 Ἀγα-

103 2604 151 2631 θὸν
162 2604 192 2630 τὸ
205 2605 238 2632 τὰ
251 2606 320 2637 τέως
332 2605 369 2640 μὴ
383 2606 510 2641 ὁρώμενα
522 2606 606 2642 ἐχθρὰ
619 2606 698 2641 ἡμῶν
708 2628 715 2638 ,
727 2607 759 2633 ἂν
777 2607 816 2633 ἔτι
830 2608 893 2634 λαν-

101 2651 237 2677 Θάνωνται
250 2652 341 2686 ἡμᾶς,
360 2652 409 2687 ἤδη
428 2652 491 2679 ποτὲ
509 2653 679 2689 θεωρηθῆναι
693 2674 700 2684 ,
721 2653 787 2680 καθὸ
809 2654 894 2689 ἐχθρά

103 2701 174 2725 ἐστι.
196 2697 276 2724 Ποίου
290 2697 317 2724 δὶ
331 2697 470 2733 ὀφθαλμοῦ
481 2699 527 2725 καὶ
539 2698 618 2725 τοῦτο
632 2699 711 2732 ἔργον
730 2699 802 2725 ἐστὶν
816 2699 831 2733 ἢ
846 2699 892 2725 τοῦ

144 2741 166 2756 ⁸³
192 2741 200 2767 Ι
226 2741 288 2768 Cor.
309 2750 336 2775 ιι,
359 2742 403 2774 33,
426 2743 470 2770 35.
510 2743 533 2758 ⁸⁵
556 2743 634 2770 Rom.
653 2752 691 2774 τι.
710 2743 754 2770 26.

140 2786 197 2818 (35)
214 2787 292 2818 Ἥξει
308 2788 342 2814 ἑκ
358 2788 444 2818 Σιών.
456 2794 508 2816 etc.
523 2788 611 2815 Codex
627 2789 819 2816 Coislinianns.

142 2822 199 2855 (38)
213 2822 350 2856 Εὔξεταί,
364 2828 416 2852 etc.
430 2824 521 2851 Codex
543 2824 722 2851 Coisliniauus
744 2824 889 2863 secundus.

945 1597 1060 1624 veritate
1075 1601 1120 1624 tua
1137 1596 1262 1631 disperde
1277 1597 1347 1628 illos,
1364 1606 1373 1621 ι
1397 1596 1507 1630 respicit
1523 1595 1616 1621 dicens
1631 1601 1637 1620 :
1655 1603 1665 1620 ι
1680 1593 1734 1620 Stt-

945 1649 992 1678 per
1008 1642 1132 1670 inimicos
1143 1650 1218 1670 meos
1229 1642 1353 1677 despexit
1368 1642 1462 1669 oculus
1477 1649 1563 1669 utetis.
1576 1651 1585 1666 I

982 1688 1064 1716 Vens.
1087 1688 1114 1715 6.
1136 1688 1203 1716 Ecce
1213 1689 1281 1715 enim
1293 1688 1361 1715 Deus
1376 1688 1485 1722 adjuvat
1501 1695 1558 1718 me.
1572 1691 1624 1714 etc.
1643 1686 1732 1713 Exauv

945 1735 1033 1762 ditum
1045 1742 1075 1762 se
1089 1742 1148 1762 esse
1165 1735 1257 1767 sentit,
1278 1739 1306 1761 et
1326 1735 1384 1761 haec
1399 1734 1465 1762 dicit
1487 1734 1514 1760 in
1531 1733 1620 1760 medio
1639 1740 1732 1760 eorum

946 1780 991 1814 qui
1004 1780 1059 1808 Deo
1073 1781 1209 1808 adhazrent
1228 1788 1235 1806 :
1249 1780 1277 1808 Si
1290 1780 1357 1807 adeo
1374 1779 1458 1807 fortes
1472 1788 1482 1805 ι
1494 1779 1658 1814 qttazsierunt
1672 1778 1732 1804 ani-

947 1833 1018 1852 mam
1033 1833 1133 1858 meam,
1150 1833 1199 1852 IICC
1213 1829 1413 1860 ριόροευιπυιιι
1426 1824 1509 1851 Deum
1530 1828 1594 1851 ante
1617 1830 1731 1856 60118Ρο-

947 1876 1020 1898 ctum
1038 1879 1116 1899 suum
1129 1892 1136 1904 ,
1158 1872 1184 1898 in
1201 1872 1315 1898 veritate
1327 1875 1372 1897 ttta
1388 1870 1513 1905 disperde
1528 1869 1598 1896 illos.
1615 1878 1623 1895 ι
1650 1869 1734 1903 Adju-

947 1922 1031 1944 torem
1044 1923 1133 1944 autem
1150 1918 1251 1945 habere
1267 1926 1296 1945 se
1316 1917 1461 1944 conﬁtetur
1481 1916 1596 1943 fortasse
1611 1915 1732 1945 Patrem.

947 1969 973 1990 et
988 1963 1130 1990 Dominum
1161 1969 1347 1998 susceptorem
1375 1962 1473 1989 aninta‘.
1503 1969 1579 1991 suae,
1603 1965 1631 1987 nt
1661 1960 1734 1986 dicat

949 2008 1058 2039 Filium,
1072 2008 1118 2043 qui
1137 2007 1205 2034 mala
1222 2011 1325 2035 avertet
1342 2007 1461 2034 inimicis
1477 2007 1554 2033 meis.
1570 2006 1635 2038 Qua:
1660 2003 1732 2031 enim

947 2054 1017 2081 mala
1034 2054 1135 2081 inferre
1150 2054 1215 2080 mihi
1230 2053 1381 2085 voluerunt,
1407 2054 1465 2079 lucc
1482 2052 1514 2078 ad
1532 2051 1593 2079 illos
1616 2054 1733 2082 avertet.

948 2101 1002 2127 Deo
1027 2100 1062 2128 ita
1081 2100 1233 2135 judicante.
1262 2099 1330 2126 Huic
1361 2103 1495 2127 consonat
1511 2098 1577 2125 illud
1593 2107 1598 2125 :
1618 2097 1733 2125 «Facile

948 2147 1031 2179 illam,
1046 2147 1273 2181 quemadmodum
1299 2145 1402 2173 fecistis
1427 2145 1571 2172 divitem.»
1609 2144 1641 2171 Et
1663 2143 1732 2176 haec,

949 2194 1046 2228 inquit.
1059 2201 1121 2220 cum
1138 2193 1298 2224 accidertnt,
1317 2196 1467 2227 spontanea
1487 2196 1576 2218 tuente
1587 2191 1619 2217 ad
1635 2190 1735 2225 gratia-

913 2238 934 2264 D
949 2247 1008 2266 rum
1025 2239 1159 2267 actionem
1177 2239 1288 2266 veniens
1301 2258 1308 2270 ,
1322 2238 1476 2265 voluntarie
1493 2237 1653 2265 sacriﬁcabo
1674 2236 1733 2264 tibi.

984 2329 1065 2357 Vsus.
1086 2331 1112 2357 8.
1135 2330 1283 2364 Conﬁlebor
1309 2329 1408 2356 nomini
1441 2334 1502 2359 tuo,
1524 2328 1653 2359 Domine,
1681 2331 1733 2354 etc.

947 2376 1100 2403 Gratiarum
1118 2377 1240 2403 actiones
1257 2375 1349 2408 refert,
1374 2375 1407 2402 ad
1437 2375 1513 2406 illud,
1544 2383 1553 2399 ι
1573 2373 1600 2400 In
1626 2373 1736 2401 nomine

949 2429 994 2450 tuo
1006 2423 1111 2450 salvum
1126 2431 1168 2450 me
1183 2422 1235 2455 fac,
1251 2432 1260 2447 ι
1276 2422 1431 2457 rependens
1446 2421 1515 2448 istud
1533 2429 1539 2447 :
1557 2430 1566 2445 ι
1577 2419 1735 2447 Conﬁtebor

949 2469 1051 2496 nomini
1070 2473 1135 2501 tuo;
1151 2478 1161 2495 ο
1181 2474 1208 2495 et
1225 2468 1258 2495 ad
1284 2467 1349 2495 illud
1362 2488 1370 2500 ,
1388 2476 1398 2493 ‹
1413 2466 1502 2494 Alieni
1529 2466 1736 2492 insurrexerunt.

948 2515 1092 2542 adversum
1123 2522 1176 2546 me.
1193 2524 1202 2540 ι
1233 2513 1303 2541 istud
1331 2522 1337 2540 :
1367 2521 1376 2538 ι
1393 2513 1429 2539 Ex
1457 2512 1530 2538 omni
1562 2510 1735 2538 tribulatione

948 2562 1070 2595 eripuisti
1084 2568 1137 2593 me,
1152 2565 1178 2587 et
1191 2567 1272 2595 super
1295 2560 1421 2586 inimicos
1439 2565 1514 2585 meos
1527 2556 1650 2592 despexit
1667 2563 1735 2583 ocu-

950 2607 991 2634 lus
1012 2615 1097 2634 tneus.
1114 2616 1123 2632 ι
1154 2605 1256 2633 Bonum
1286 2610 1328 2632 est
1354 2612 1385 2632 ea
1414 2612 1475 2638 quae
1500 2603 1631 2630 hactenus
1658 2602 1735 2630 nobis

949 2653 1043 2680 insciis
1065 2661 1118 2680 non
1135 2651 1298 2679 videbantur
1317 2651 1447 2681 inimica,
1469 2649 1525 2684 jam
1543 2648 1650 2676 tandem
1670 2655 1733 2681 per-

947 2704 1037 2732 specta
1049 2706 1109 2726 esse
1121 2703 1255 2733 quatenus
1269 2698 1376 2724 inimica
1389 2702 1459 2738 sunt.
1472 2695 1554 2729 Cujus
1565 2699 1654 2722 autem
1667 2693 1735 2722 alte-

981 2789 1038 2823 (55)
1052 2789 1192 2816 Δισθεται
1206 2789 1427 2823 εὶσακοιῃγθσίς,
1443 2792 1497 2815 etc.
1513 2786 1597 2814 Idem.

980 2823 1035 2858 (36)
1053 2823 1243 2857 Εὺχηριστεῑ.
1259 2828 1312 2850 etc.
1328 2822 1412 2850 Idem.
