1886 3052
183 117 252 146 1463

874 119 917 146 EX
938 118 1089 148 ORIGENE

1751 124 1810 153 “(Si

182 179 239 206 rius
250 178 321 205 oculi
337 178 401 205 illud
417 186 485 213 opus
499 183 552 211 est,
565 186 646 212 quam
662 179 827 213 perspicacis
837 184 864 207 et
880 180 956 208 idone

1039 179 1175 216 ιορατικοῦ
1202 182 1248 208 καὶ
1271 181 1363 208 ἱκανοῦ
1388 182 1497 217 βλέπειν
1521 183 1552 209 τὸ
1577 183 1673 217 φίὶ.ον;
1703 183 1809 219 ὀδὲμὴ

182 226 216 252 ad
235 225 378 253 videndum
394 226 465 260 quod
479 226 596 252 atnicum
612 226 676 252 est?
688 225 740 259 Qui
759 234 823 253 vero
838 234 891 253 non
907 234 968 260 pcr-

181 270 275 305 spicax
286 274 328 298 est
345 269 449 302 oculus,
467 270 608 304 deceptus,
623 275 652 297 et
667 276 808 304 perperam
823 271 967 305 aspiciens,

180 315 321 344 inimicum
343 321 372 343 ut
391 315 508 343 amicum
527 316 640 350 videbit,
655 321 680 344 et
698 318 815 344 amicum
833 322 863 344 ut
879 317 967 344 inimi-

179 369 252 389 cum.

391 454 473 489 729
503 455 563 482 PSA
570 455 663 483 LMUS
689 455 754 482 LIV.

215 497 297 525 Vens.
316 498 345 525 2.
369 498 486 532 Exaudi,
513 500 595 532 Deus,
619 501 766 528 orationem
789 509 884 533 nteant,
911 507 964 528 ctc.

178 543 262 572 Nemo
273 551 366 572 eorum
383 546 427 578 qui
445 551 574 580 peccant,
598 547 748 580 prwsertim
772 547 875 582 pecoati
899 553 966 574 tem-

177 599 255 626 pore,
269 591 392 618 velitsibi
415 593 502 618 virum
520 592 674 626 religiosum
693 594 843 625 attendere,
865 599 966 628 quanto

177 638 269 666 minus
285 638 380 666 Deum.
398 638 426 666 Si
442 638 608 666 intellexeris
634 639 704 666 istud
720 647 726 665 :
745 648 755 665 ‹
770 640 888 668 Auribus
903 648 965 675 per-

177 684 271 718 cipite,
282 691 378 711 omnes
390 684 436 717 qui
449 684 580 711 habitatis
591 685 684 711 orhem
695 685 728 718 “,
742 695 752 711 ι
771 686 875 714 deserta
888 686 962 714 verbi

177 729 287 757 malitia.-
299 730 356 757 loca
373 730 518 762 deserens,
534 731 630 758 venisti
648 731 673 757 in
691 732 784 759 orbem
799 732 961 764 habitatum,

175 782 204 804 et
221 776 332 804 veniens
349 776 478 804 habitasti
492 777 518 804 in
541 784 584 804 eo.
611 777 698 811 Atque
717 778 831 806 audiens
850 779 960 806 oracula

177 823 236 855 Dei,
269 823 330 850 dic:
353 832 362 848 ι
384 822 502 850 Auribus
527 823 645 858 percipe,

176 877 277 902 meam;
293 879 302 895 ι
318 874 344 896 et
360 868 469 896 auribus
484 869 626 903 percipiet,
640 877 688 896 nec
700 870 812 904 insuper
824 875 850 897 te
868 870 966 905 depre-

175 920 283 943 cantem
297 915 440 950 despiciet.
455 917 541 948 Aude,
555 921 683 951 tanquam
700 916 810 943 minime
825 916 963 951 despectui

175 961 326 994 habendus,
348 962 440 989 dicere
456 970 463 988 :
481 972 489 988 ι
513 963 544 989 Et
570 970 603 989 ne
620 962 776 996 despexeris
795 962 963 997 deprecatio-

175 1014 236 1036 netn
263 1014 385 1034 meam.»
423 1008 550 1041 Quinimo
583 1009 605 1035 si
640 1009 692 1036 Deo
717 1009 885 1040 attenderis,
912 1008 962 1042 ipsi

174 1054 324 1087 conﬁdens,
340 1054 463 1082 dicistud
480 1063 485 1080 :
511 1065 519 1079 ι
537 1055 646 1081 Intende
660 1055 724 1082 mihi
740 1063 746 1087 ;
766 1063 775 1080 ι
793 1060 874 1089 atque
888 1056 962 1081 insu-

175 1107 224 1134 per
235 1100 259 1127 si
273 1100 361 1135 ipsum
381 1100 500 1128 audieris
514 1121 521 1133 ,
537 1101 665 1128 exaudiet
680 1106 716 1128 tc.
740 1102 768 1128 Si
784 1109 850 1128 vero
867 1102 962 1133 etiam,

175 1150 204 1174 ut
216 1146 363 1181 Apostolus
377 1154 424 1181 per
442 1148 710 1174 commiserationem
732 1148 837 1182 lugens,
856 1148 962 1174 ﬂeveris

173 1199 234 1219 cum
250 1191 377 1220 ﬂentibus
393 1192 427 1225 “,
449 1197 476 1219 et
496 1193 633 1227 gemueris
661 1193 687 1220 in
714 1194 764 1220 hoc
789 1193 962 1221 tabernaculo

173 1243 346 1272 aggravatus,
361 1237 443 1265 dicito
460 1238 543 1264 illud:
559 1248 567 1264 ι
585 1239 768 1266 Contristatus
789 1247 859 1271 sum,
877 1249 886 1265 ι
907 1244 960 1267 etc.

209 1283 292 1310 Vsus.
307 1283 334 1310 5.
373 1282 551 1310 ϐοηιήδιαιιιε
573 1292 632 1310 sum
648 1284 675 1310 in
691 1285 878 1312 exercitatione
892 1293 960 1316 mea,

173 1335 227 1357 etc.
243 1329 291 1356 Vel
304 1329 527 1356 exercitationem
544 1330 595 1356 hoc
613 1330 671 1357 loco
687 1331 838 1358 orationem
855 1331 960 1366 signiti-

173 1379 232 1406 cat;
248 1379 276 1402 ut
291 1375 372 1402 etiam
386 1375 412 1402 in
429 1375 505 1401 Anna
527 1384 533 1401 :
554 1384 563 1400 ι
578 1375 614 1402 Ex
639 1376 811 1403 multitudine
825 1377 960 1404 exercita-

173 1420 254 1448 tionis
284 1427 351 1447 meae
380 1421 489 1448 extabui
518 1421 551 1447 ⁸⁷.
569 1431 577 1446 ι
610 1422 642 1448 Ει
666 1429 834 1457 quaecunque
861 1428 960 1456 praeter

173 1471 275 1494 rectam
291 1466 424 1494 rationem
448 1466 491 1493 vel
514 1466 631 1494 facimus
647 1467 688 1495 vel
703 1468 829 1501 dicimus,
853 1469 960 1496 excrci-

172 1511 238 1539 latio
253 1516 312 1545 est;
338 1511 410 1539 sicut
428 1512 509 1540 etiam
538 1513 582 1539 illa
605 1520 665 1548 qua:
693 1518 794 1540 temere
811 1513 957 1542 eﬂ‘utimus.

171 1555 296 1591 Seipsum
311 1563 376 1592 ergo
390 1558 571 1590 condemnat,
586 1558 658 1593 quod
685 1559 861 1587 conturbatus
880 1559 959 1587 fuerit

171 1606 254 1637 atque
269 1602 352 1638 animi
371 1603 593 1637 tranquillitatem
609 1604 732 1631 amiserit
750 1612 759 1629 α
786 1612 800 1630 a
824 1612 889 1632 voce
906 1605 958 1632 ini-

170 1649 234 1676 mici
252 1653 280 1677 et
294 1656 308 1675 a
327 1649 502 1677 tribulatione
516 1650 692 1684 peccatoris.»
711 1651 863 1678 Conﬁtetur
878 1652 960 1687 igitur

170 1693 317 1730 Propheta,
337 1699 365 1721 ut
392 1695 489 1722 doceat
509 1703 557 1722 nos
574 1694 714 1726 conﬁteri,
741 1703 885 1730 personam
909 1704 957 1723 no-

170 1746 257 1768 Slram
274 1748 426 1768 assumens.

208 1786 288 1814 Vens.
301 1787 328 1815 4.
353 1787 388 1814 Et
411 1788 582 1815 conturbatus
600 1796 656 1815 cum
680 1797 695 1814 η
712 1796 771 1815 uoce
789 1789 889 1815 inimici
904 1793 928 1816 et
942 1799 958 1816 a

168 1833 342 1861 tribulatione
361 1834 507 1869 peccatoris
522 1841 533 1861 :
555 1835 679 1869 quoniam
707 1830 904 1861 declinaverunt
930 1835 957 1861 in

169 1888 209 1907 me
227 1880 409 1916 iniquitatem,
426 1886 450 1907 et
472 1881 498 1907 in
523 1880 564 1907 ira
584 1880 686 1907 "tulein
711 1884 788 1906 erant
810 1881 886 1913 milii,
899 1885 954 1907 ctc.

166 1925 277 1953 Christo
291 1926 425 1954 liberante
442 1927 564 1953 homines
586 1925 620 1953 ab
638 1925 802 1953 adversariis
815 1926 956 1960 poteSIati-

168 1971 228 2004 bus,
242 1979 293 1998 vox
311 1972 462 2006 peccatoris
485 1972 584 1999 diaboli
600 1972 746 1999 cxcitantis
762 1973 887 2000 subditas
904 1973 954 2000 sibi

167 2017 281 2044 virtutes
298 2023 391 2044 contra
415 2017 594 2048 Salvatorem,
614 2018 639 2044 in
665 2025 747 2046 causa
761 2018 810 2045 fuit
836 2026 885 2046 cur
902 2019 955 2046 illa:

167 2063 297 2090 adversus
311 2070 372 2090 eum
388 2062 556 2097 iniquitatem
573 2063 744 2091 declinarent
757 2064 821 2091 etin
840 2064 879 2091 ira
897 2072 955 2091 mos

167 2107 240 2133 testae
257 2105 305 2140 ipsi
321 2111 422 2140 essent,
442 2107 476 2134 ita
494 2112 523 2134 ut
539 2115 587 2135 cor
599 2107 661 2135 .lesu
679 2109 833 2137 turbaretur
846 2109 873 2136 in
886 2109 954 2144 ipso,

1022 227 1174 262 διορατικὸς
1189 228 1328 263 ὀφθαλμὸς
1338 249 1345 260 ,
1358 229 1538 264 ἀπατώμενος
1555 230 1603 256 καὶ
1623 230 1772 266 παρορῶν,
1786 233 1811 258 τὸ

1023 273 1119 308 ἐχθρὸν
1133 274 1171 305 ὠς
1188 273 1264 308 φίλον
1281 274 1407 310 βλέψει-αι
1417 295 1424 306 ,
1437 275 1522 302 καὶτὸ
1538 275 1616 310 φίλον
1629 276 1669 308 ὡς
1684 276 1787 312 ἐχθρόν.

1324 458 1468 486 ΨΑΛΜΟΣ
1481 459 1544 486 ΝΔ¹.

1063 503 1226 536 Ἐγώτισιιι,
1236 505 1252 530 ὁ
1267 503 1349 536 Θεὸς,
1362 504 1418 537 τὴν
1430 503 1608 538 προσευχήν
1620 513 1696 538 μου,
1714 512 1741 532 κ.
1756 513 1778 531 τ.
1789 505 1809 531 ἑ.

1021 549 1114 581 οὐδεὶς
1129 549 1183 575 τῶν
1194 549 1249 584 (57)
1265 550 1483 585 ἁμαρτανόντων,
1495 550 1615 585 μάλιστα
1622 550 1701 584 παρὰ
1710 550 1756 576 τὸν
1767 551 1811 586 τῆς

1021 594 1156 629 ἁμαρτίας
1175 595 1287 629 καιρὸν,
1305 595 1375 621 θέλοι
1391 595 1424 621 ἂν
1439 594 1482 621 ἶνα
1504 595 1628 630 προσέχῃ
1649 594 1726 630 αὐτῴ
1748 596 1811 631 ἀνὴρ

1021 639 1185 674 σεϐάσμιος,
1212 640 1289 674 πόσῳ
1307 638 1386 676 ἧττον
1411 640 1487 672 Θεός.
1521 641 1608 676 Είττερ
1642 642 1746 672 συνιεῖς
1772 641 1809 671 τὸ,

1020 694 1029 710 c
1050 683 1238 716 Ἑνωτίσασθε,
1252 685 1350 717 πάντες
1366 685 1390 711 οἱ
1409 685 1601 717 κατοικοῦντες
1622 685 1674 720 τὴν
1691 687 1811 720 οἰκουμέ-

1016 738 1065 765 νην
1075 749 1082 761 ,
1100 739 1109 755 ι
1131 728 1164 755 τὰ
1177 729 1267 765 ἔρημα
1282 729 1328 756 τοῦ
1344 729 1423 764 λόγου
1441 730 1490 764 τῆς
1505 730 1606 762 κακίας
1626 731 1717 766 χωρία
1731 739 1811 757 κατα-

1015 774 1100 801 λιπὼν
1111 795 1118 807 ,
1133 774 1262 810 ἐλήλυθας
1277 775 1322 801 ἐπὶ
1335 774 1383 810 τὴν
1395 775 1567 811 οἰκουμένην,
1580 776 1627 802 καὶ
1644 775 1734 802 ἐλθὼν
1749 785 1812 802 κατ-

687 824 756 852 Deus
770 844 778 857 ,
813 825 956 852 orationen

1040 829 1117 853 κισ-ας
1139 822 1168 848 ὲν
1191 821 1270 856 αὐτῇ.
1294 821 1348 847 Καὶ
1366 821 1497 852 ὲνωτίσας
1521 822 1554 848 τὰ
1574 821 1655 856 λόγια
1674 821 1723 848 τοῦ
1744 822 1810 848 Θεοῦ

1015 868 1087 902 λέγε·
1103 877 1111 893 ι
1129 867 1281 898 Ἐνώτισαι,
1295 867 1310 893 ό
1325 867 1400 898 Θεδς,
1412 867 1461 902 τὴν
1476 869 1630 903 προσευχήν
1651 877 1715 903 μου,
1737 878 1746 894 ι
1765 870 1810 895 καὶ

1014 914 1190 946 ὲνωτίσεται,
1215 913 1282 940 ἀλλά
1305 914 1351 940 κα).
1374 913 1411 948 μὴ
1434 913 1568 948 ὑπεριδὼν
1594 913 1726 948 δεομένου
1753 923 1809 940 σου.

1013 958 1115 994 Θάρρει
1133 959 1170 990 ὡς
1190 959 1239 994 οὐχ
1263 958 1520 994 ὺπεροφθησόμενος
1541 959 1646 985 εἰπεῖν·
1671 967 1681 983 ι
1699 959 1756 985 Καὶ
1774 959 1809 993 μὴ

1014 1004 1143 1041 ὑπερίδῃς
1165 1005 1214 1038 τὴν
1240 1004 1333 1040 δέησίν
1349 1013 1409 1039 μου.
1431 1014 1440 1030 ι
1467 1004 1547 1030 Ἀλλὰ
1562 1005 1608 1031 καὶ
1625 1005 1648 1030 ει
1664 1005 1809 1040 προσέχεις

1013 1051 1081 1085 Θεῷ.
1097 1050 1234 1082 πεποιθὼς
1246 1051 1330 1086 αὐτῷ,
1343 1051 1404 1086 λέγε
1416 1051 1445 1077 τό
1456 1060 1462 1066 ·
1483 1060 1492 1076 ί
1513 1051 1634 1086 Πρόσχες
1655 1059 1702 1085 μοι
1715 1059 1721 1065 ·
1743 1060 1751 1075 ι
1770 1050 1808 1076 ἑτι

1012 1096 1040 1122 δὲ
1052 1097 1075 1122 εἰ
1093 1097 1210 1131 ἤκουσας
1220 1096 1301 1122 αὑτοῦ
1313 1117 1320 1128 ,
1336 1096 1526 1123 είσακοῦσεταί
1539 1105 1594 1122 σου.
1619 1096 1700 1122 Ἀλλὰ
1712 1097 1738 1122 εί
1753 1097 1807 1127 καὶ,

1012 1141 1050 1172 ὠς
1075 1141 1089 1166 ὁ
1124 1141 1284 1172 Ἀπόστολος
1310 1141 1353 1167 διὰ
1384 1140 1589 1176 φιλανθρωπίαν
1620 1141 1806 1176 λυπούμενος,

1013 1187 1116 1218 κλαίεις
1135 1187 1203 1222 μετὰ
1217 1187 1376 1219 κλαιόντων,
1389 1187 1434 1213 καὶ
1456 1187 1595 1219 στενάζεις
1607 1187 1636 1214 ὲν
1656 1187 1696 1223 τῷ
1714 1189 1807 1222 σκήνει

1013 1233 1178 1268 βαρούμενος
1190 1255 1197 1266 ,
1214 1233 1275 1260 εἰπὲ
1291 1233 1321 1259 τό
1331 1241 1337 1248 ’
1357 1242 1366 1258 ι
1388 1233 1537 1269 ἐλυπήθην,
1556 1243 1565 1259 ι
1580 1233 1673 1259 καὶτὰ
1688 1233 1761 1268 ἑξῆς.

1055 1279 1228 1313 Ἐλυπήθην
1248 1279 1283 1306 ἐν
1302 1279 1339 1313 τῇ
1361 1279 1529 1313 ἀδολεσχίᾳ
1542 1288 1619 1314 μου,
1634 1287 1664 1306 κ.
1682 1287 1708 1305 τ.
1729 1280 1752 1306 ἑ.
1772 1280 1807 1306 Ἦ

1012 1324 1169 1360 ἀδολεσχίαν
1182 1325 1236 1360 (58)
1248 1325 1364 1352 ἐνταῦθα
1375 1325 1424 1360 τὴν
1443 1325 1526 1360 εὐχὴν
1544 1325 1693 1360 σημαίνει,
1705 1325 1744 1357 ὡς
1762 1326 1807 1352 καὶ

1013 1371 1059 1396 ἐπὶ
1076 1371 1124 1406 τῆς
1138 1372 1247 1406 ’Λννης
1263 1380 1272 1395 ι
1293 1371 1339 1397 Ἐκ
1353 1370 1470 1405 πλήθους
1488 1370 1647 1405 ἀδολεσχίας
1666 1380 1719 1406 μου
1733 1372 1807 1398 ἐκτέ-

1010 1425 1092 1452 τηκα.
1113 1427 1121 1442 ι
1138 1417 1192 1443 Καὶ
1213 1418 1263 1443 ὅσα
1280 1417 1308 1443 δὲ
1332 1416 1488 1452 πράττομεν
1502 1417 1518 1452 ἣ
1533 1417 1650 1452 λέγομεν
1672 1417 1751 1452 παρὰ.
1763 1417 1806 1443 τὸν

1012 1463 1091 1498 όρθὸν
1107 1463 1185 1498 λόγον
1197 1483 1204 1494 ,
1218 1463 1359 1498 ἀδολεσχία
1371 1465 1429 1490 ἐστὶ
1439 1483 1446 1495 ,
1458 1463 1496 1494 ὡς
1514 1463 1559 1490 καὶ
1569 1463 1620 1489 ὅσα
1635 1464 1698 1498 εἰκῆ
1714 1463 1807 1490 λαλοῦ-

973 1498 994 1526 C
1013 1517 1073 1543 μεν,
1094 1509 1224 1543 Κατέγνω
1245 1507 1291 1536 οὖν
1313 1509 1409 1536 ἑαυτοῦ
1431 1510 1477 1536 ἐπὶ
1499 1509 1538 1544 τῷ
1553 1509 1743 1545 τεταράχθαι,
1761 1510 1807 1536 καὶ

1011 1555 1060 1590 τὴν
1073 1555 1122 1590 τῆς
1136 1555 1224 1590 ψυχῆς
1238 1555 1438 1582 ἀπολωλεκέναι
1452 1555 1570 1590 γαλήνην
1590 1565 1599 1581 ι
1615 1556 1663 1582 ἐπὶ
1679 1557 1713 1590 τῇ
1732 1557 1806 1591 φωνῇ

1010 1600 1056 1626 τοῦ
1072 1600 1169 1635 ἐχθροῦ
1184 1601 1230 1627 καὶ
1244 1600 1298 1627 ἀπὸ
1315 1600 1429 1636 θλίψεως
1443 1601 1617 1636 ἁμαρτωλοῦ.
1633 1611 1642 1626 ι
1661 1601 1807 1636 Ἐξομολο-

1010 1647 1098 1680 γεῐται
1115 1645 1178 1678 οὖν,
1196 1645 1328 1673 διδάσκων
1349 1647 1423 1682 ἡμᾶς
1440 1648 1453 1672 ὁ
1467 1647 1615 1682 Προφήτης
1633 1646 1808 1683 ἐξομολογεῖ-

1011 1691 1073 1718 σθαι
1085 1711 1092 1723 ,
1107 1692 1138 1718 τὸ
1151 1692 1295 1728 πρόσωπον
1307 1691 1385 1728 ἡμῶν
1400 1692 1552 1719 ἀναλαϐών.

1044 1785 1098 1811 Καὶ
1112 1783 1281 1819 ἐταράχθην
1291 1784 1350 1811 ἀπὸ
1364 1785 1466 1819 φωνῆς
1477 1786 1586 1820 ἐχθροῦ
1602 1786 1654 1812 καὶ
1672 1787 1735 1814 ἀπὸ
1750 1789 1808 1814 6,ιὶ-

1007 1831 1089 1864 ψεως
1099 1829 1274 1863 ἀμαρτωλοῦ
1285 1839 1290 1845 ·
1304 1829 1349 1857 ὅτι
1362 1830 1523 1862 ἐξέκλιναν
1535 1831 1583 1858 ἐπ’
1597 1832 1652 1866 ἐμὲ
1662 1833 1804 1867 ἀνομίαν,

1008 1876 1054 1902 καὶ
1073 1876 1108 1902 ἐν
1127 1875 1199 1909 ὀργῇ
1215 1875 1376 1903 ἐνεκότουν
1390 1885 1458 1910 μοι,
1474 1885 1502 1903 κ.
1517 1885 1541 1903 τ.
1561 1877 1583 1903 ἐ.
1598 1878 1724 1912 Χριστεῦ
1740 1879 1806 1904 ἀπο-

1009 1921 1130 1953 σπῶντος
1159 1922 1215 1956 (59)
1241 1921 1401 1958 ἀνθρώπους
1432 1923 1485 1949 ἀπὺ
1514 1923 1568 1949 τῶν
1599 1924 1803 1959 ἀντικειμένων

1009 1967 1153 2002 ἐνεργειῶν
1163 1987 1170 1999 ,
1186 1968 1203 2003 ἡ
1218 1968 1292 2003 φωνὴ
1308 1969 1354 1995 τοῦ
1370 1969 1532 2004 ἀμαρτωλοῦ
1547 1970 1674 1996 διαϐόλου
1698 1979 1802 2006 παρορ-

1009 2013 1112 2048 μῶντος
1131 2014 1178 2044 τὰς
1198 2014 1243 2040 ὑπ’
1259 2015 1339 2041 αὐτὸν
1361 2015 1488 2050 δυνάμεις
1509 2015 1580 2042 κατὰ
1602 2015 1651 2042 τοῦ
1672 2017 1802 2052 Σωτῆρος

1006 2059 1079 2085 αἰτία
1103 2059 1206 2093 ἐγίνετο
1228 2059 1275 2086 τοῦ
1297 2060 1403 2092 ὲκείνας
1426 2061 1559 2088 ἐκκλίνειν
1582 2062 1625 2087 ἐπ’
1645 2062 1732 2088 αὑτὸν
1753 2063 1799 2096 τὴν

1006 2105 1135 2140 ἀνομίαν,
1155 2105 1202 2132 καὶ
1215 2106 1243 2131 ὲν
1262 2106 1329 2142 ὀργῇ
1355 2106 1476 2140 ἐγκοτεῖν
1497 2105 1588 2140 αὐτῷ,
1609 2106 1650 2138 ὡς
1670 2106 1720 2133 τοῦ
1747 2107 1797 2142 Ἰη-

167 2155 195 2179 et
216 2151 332 2179 formido
354 2153 448 2179 mortis
463 2153 571 2180 caderet
587 2161 668 2188 super
691 2153 775 2186 illum,
805 2154 902 2182 timore
927 2160 954 2182 et

1040 2150 1054 2176 ῦ
1074 2151 1254 2186 ταράττεσθαι
1268 2151 1317 2186 τὴν
1332 2151 1446 2186 καρδίαν
1468 2153 1496 2178 ὲν
1518 2151 1610 2187 αὐτῷ,
1625 2153 1674 2178 καὶ
1697 2152 1800 2179 δειλία-ι

168 2202 285 2224 tremore
300 2197 470 2225 venientibus
485 2206 566 2233 super
580 2198 666 2231 illum,
687 2203 714 2226 et
730 2199 845 2234 caligine
865 2200 952 2234 ipsum

165 2243 314 2278 aperiente.

202 2289 282 2316 Vens.
303 2289 330 2319 ὅ.
352 2289 404 2317 Cor
423 2297 507 2316 meum
532 2290 715 2317 conturbatum
730 2295 768 2318 εει
783 2291 808 2318 in
829 2299 880 2323 me,
897 2297 949 2318 etc.

165 2334 252 2361 llabet
265 2334 329 2368 quid
344 2333 433 2362 simile
449 2334 524 2365 illud,
546 2343 555 2360 ι
570 2334 625 2362 Cor
646 2343 732 2362 meum
763 2336 950 2363 conturbatum

163 2386 205 2409 est
218 2381 244 2408 in
265 2388 318 2413 me,
334 2391 343 2407 ι
361 2380 405 2408 isti
419 2389 426 2408 ε
442 2390 452 2407 ι
463 2382 503 2408 Ad
517 2382 648 2416 meipsun‘.
663 2382 752 2409 anima
770 2390 828 2410 mea
840 2387 950 2410 conlur-

162 2427 224 2454 bata
242 2430 285 2453 est
299 2425 354 2453 δ’.»
372 2425 505 2454 Caeterum
519 2427 601 2454 etiam
623 2431 737 2454 mortem
749 2427 917 2461 exspectanti
935 2435 949 2454 a

163 2479 246 2507 pravo
272 2472 389 2508 quodam
414 2472 511 2505 spiritu
543 2472 625 2499 timor
651 2472 786 2506 injicitur;
816 2472 862 2507 qui
888 2480 948 2500 cum

161 2519 242 2546 vellet
253 2519 360 2553 operari
385 2519 412 2546 in
428 2519 473 2547 illo
487 2520 532 2554 qui
558 2519 630 2547 hunc
657 2519 789 2553 psalmum
817 2520 946 2553 dictabat,

161 2564 242 2591 irruit
256 2563 282 2592 iu
298 2565 428 2598 eum,sed
443 2573 496 2592 non
508 2565 618 2592 omnino
633 2564 722 2592 elIecit
739 2565 809 2599 quod
830 2565 946 2593 volebat.

161 2608 294 2638 Similiter
307 2615 414 2644 quoque
431 2609 508 2637 dices
523 2611 556 2637 de
572 2610 670 2637 timore
684 2618 715 2637 ac
732 2614 850 2638 tremore
865 2618 946 2645 super

194 2677 414 2706 “Psal.xt.vm.
440 2678 467 2705 2.
506 2679 528 2694 “
557 2679 634 2707 Rom.
665 2687 713 2711 xtt,
741 2680 785 2708 15.
825 2681 870 2708 ⁸⁷1
895 2681 962 2716 Reg.

170 2768 174 2771 .
193 2744 250 2778 (37)
267 2745 371 2778 Οὐδεὶς
384 2745 452 2777 τῶν,
471 2750 521 2774 etc.
538 2747 638 2774 Catena
654 2747 784 2774 Cordcrii.

204 2779 248 2808 58)
263 2780 300 2806 Ἦ
313 2779 508 2814 ἀδολεσχίαν.
522 2786 575 2807 ctc.
590 2782 698 2809 Eadem‘.

193 2813 247 2847 (59)
264 2814 392 2848 Χριστοῦ
408 2813 616 2849 ἁάοσπῶντος,
645 2822 697 2845 ctc.
725 2818 816 2845 (iudex
845 2818 944 2846 Coisli-

1007 2197 1122 2225 θανάτου
1134 2198 1282 2234 ἐμπίπτειν
1296 2197 1370 2232 αὑτῷ
1380 2217 1388 2230 ,
1406 2197 1488 2232 φόϐου
1499 2198 1547 2224 καὶ
1561 2198 1664 2233 τρόμου
1681 2199 1800 2234 ἐρχομέ-

1007 2251 1059 2270 νων
1070 2244 1113 2269 ὲπ’
1127 2243 1207 2270 αὐτὸν
1216 2263 1223 2275 ,
1241 2243 1289 2269 καὶ
1306 2243 1401 2270 σκότου
1416 2242 1600 2274 καλύπτοντος
1614 2243 1708 2271 αὐτόν.

1046 2289 1076 2316 Ἠ
1089 2289 1195 2322 καρδία
1206 2297 1265 2323 μου
1280 2287 1429 2322 ἐταράχθη
1445 2288 1480 2314 ἐν
1493 2287 1569 2322 ἐμοὶ,
1587 2297 1614 2314 κ.
1631 2297 1658 2315 τ.
1676 2290 1699 2315 ὲ.
1720 2290 1798 2325 Ἔχει

1004 2335 1129 2370 τιὸμοιον
1141 2334 1195 2369 (40)
1204 2334 1245 2365 τὸ,
1257 2343 1266 2359 ε
1285 2334 1316 2360 'H
1326 2334 1424 2369 καρδία
1441 2342 1491 2369 μου
1506 2334 1641 2369 ἐταράχθη
1652 2336 1682 2361 ὲν
1696 2336 1772 2372 ἐμοὶ,
1787 2348 1794 2362 ι

1004 2380 1053 2415 τῷ,
1072 2390 1081 2405 ι
1095 2380 1166 2416 Πρὸς
1182 2379 1298 2414 ἐμαυτὸν
1320 2380 1336 2415 ἡ
1352 2379 1424 2415 ψυχή
1442 2388 1492 2414 μου
1505 2380 1656 2416 ἐταράχθη.
1677 2391 1686 2407 ι

1004 2426 1051 2453 καὶ
1066 2426 1111 2452 ἐπὶ
1128 2425 1235 2460 θανάτῳ
1251 2425 1465 2461 προσδοκωμένῳ
1481 2426 1565 2452 δειλία
1583 2427 1638 2454 ἀπό
1657 2435 1734 2460 τινος
1749 2438 1798 2455 πσ-

1003 2472 1089 2507 νηρᾶς
1109 2472 1247 2507 ἐνεργείας
1261 2472 1384 2506 γίνεται,
1406 2472 1484 2506 ἥτις,
1508 2471 1658 2508 βουλομένη
1683 2476 1798 2511 ἐνεργῆ-

1004 2526 1047 2545 σαι
1059 2520 1100 2550 είς
1111 2518 1155 2544 τὸν
1168 2518 1280 2552 λέγοντα
1297 2518 1341 2544 τὸν
1355 2518 1461 2553 ψαλμὸν
1473 2538 1480 2550 ,
1507 2518 1642 2545 ἐπέπεσεν
1662 2521 1750 2556 αὐτῷ,
1767 2523 1795 2548 οὐ

1003 2565 1110 2597 πάντως
1135 2565 1163 2591 δὲ
1183 2565 1230 2591 καὶ
1250 2565 1400 2600 ἐνήργησεν
1414 2565 1428 2590 ὃ
1442 2565 1584 2601 ἐϐουλήθη.
1603 2566 1640 2593 Τὸ
1655 2567 1684 2594 δὲ
1703 2568 1796 2603 ὅμοιον

1000 2612 1073 2646 ἐρεῖς
1090 2612 1136 2637 καὶ
1151 2611 1196 2637 ἐπὶ
1212 2610 1259 2637 τοῦ
1276 2611 1397 2643 ἐλθόντος
1417 2611 1460 2637 ἐπ’
1474 2611 1555 2638 αὐτὸν
1567 2611 1654 2646 φόϐου
1672 2614 1722 2641 καὶ
1736 2615 1796 2650 τρό-

988 2689 1007 2713 l,
1026 2681 1067 2708 16.
1107 2681 1129 2696 ⁸⁸
1144 2680 1215 2708 Psal.
1235 2689 1289 2713 xu,
1303 2681 1329 2708 7.

999 2747 1096 2774 nianus
1114 2747 1258 2774 secundus.

1034 2782 1090 2817 (40)
1106 2783 1188 2816 Ἔχει
1201 2791 1228 2809 τι
1245 2782 1357 2817 ὅμοιον,
1374 2789 1426 2811 etc.
1441 2783 1543 2811 Catena
1563 2784 1695 2814 Conlcrii
1709 2792 1738 2815 et
1752 2795 1794 2816 co-

999 2817 1050 2845 dex
1064 2818 1254 2846 Coisliniauus.
