1886 3052
51 155 58 179 l
68 153 113 180 565

541 153 698 181 SELECTA
718 154 751 181 IN
772 153 940 182 PSALMOS.
960 169 993 175 -—
1013 154 1110 182 PSAL.
1132 154 1199 183 LIV.

1605 157 1671 185 ιιεε

50 222 98 249 μου
109 221 115 227 ·
130 212 208 240 ἅτινα
219 232 226 245 ,
239 212 300 239 ἐπεὶ
313 209 392 248 εὗρεν
402 213 483 241 αὐτὸν
493 214 662 250 ἐγρηγορότα
672 234 679 247 ,
693 215 742 241 οὐκ
753 215 810 250 ἐνήε

895 222 971 250 psum
985 215 1134 242 veniente:
1156 222 1216 249 quae
1235 214 1297 249 quia
1319 214 1405 250 ipsum
1422 220 1581 250 repererunt
1603 219 1669 251 vigi-

48 267 136 294 γησεν.
154 267 164 284 ‹
182 258 314 293 Ἐκάλυψέ
334 267 366 294 με
381 259 410 285 δέ
424 259 529 292 σκότος,
547 269 556 285 ι
573 257 633 286 εἷπε
651 260 694 287 διὰ
708 261 737 287 τὸ
751 261 831 296 σῶμα

49 304 154 331 σκοτοῦν
171 305 218 340 τὴν
229 304 334 340 ψυχὴν,
352 306 396 332 ὅτε
420 306 580 341 ἁμαρτωλὸς
603 307 648 333 καὶ
670 307 766 343 ἐχθρὸς
785 308 831 333 ὲκ-

48 351 176 378 κλίνουσιν
197 351 240 377 ἐπ’
268 352 317 386 ἐμὲ
343 352 454 386 ἀνόμιον
477 352 596 387 ποίησιν.
619 353 755 389 ’Δμαρτία
776 353 830 390 γὰρ

49 397 177 432 ἁμαρτίαν
194 395 326 432 ἐρεθίζειι
343 397 447 428 δίκαιος
460 398 488 424 δέ
503 397 600 433 δικαίῳ
623 398 709 425 συνὼν
729 399 830 426 δικαιό-

46 450 120 477 τερος
141 441 255 476 γίνεται.
280 451 289 467 ι
302 443 356 469 Καὶ
379 444 408 470 ἐν
429 442 497 479 ὀργῇ
515 444 658 471 ἐνεκότουν
676 454 730 480 μοι.
749 455 757 471 ι
776 446 830 472 Καὶ

46 488 119 514 τοῦτο
131 488 185 515 τῶν
200 488 370 524 ἁμαρτωλῶν
380 509 388 521 ,
400 491 425 516 οἳ
437 490 483 516 καὶ
495 491 544 526 τὴν
557 490 656 527 ἔχθραν
668 491 717 526 οὺχ
733 491 827 523 ἁπλῶς

46 534 217 569 ἐργάζονται,
240 534 309 561 ἀλλὰ
332 535 379 562 καὶ
404 536 434 562 ἐν
467 536 564 570 σκότῳ.
592 537 750 571 (Ἐγκοτεῖν
765 547 773 563 ι
802 537 828 564 δέ

46 582 114 607 ἐστιν
139 581 354 617 ἐναποκειμένην
378 581 450 616 ἔχειν
477 582 526 617 τὴν
549 583 643 618 ὀργήν.
669 583 827 610 Ἐπίσταται

47 626 183 658 σπουδαῖος
200 626 272 658 ἅπας
288 627 380 662 ἕτερον
399 625 512 654 εἶναιτὸ
531 630 560 655 ἐν
578 629 718 664 λογισμοῖς
738 630 827 665 ἁμαρ-

44 672 128 698 τάνειν
146 671 170 707 (ὃ
191 672 239 699 καὶ
255 672 368 699 ἀνεκτόν
390 673 458 708 ἐστι)
478 674 525 700 καὶ
542 674 635 709 ἕτερον
647 695 654 707 ,
675 675 705 701 ἐν
729 675 827 711 πράξει

44 718 87 744 καὶ
99 717 186 752 λόγοις
202 717 227 752 (ὃ
241 718 287 744 κα)¹
303 719 472 746 ἐπικίνδυνον
490 721 537 747 καὶ
556 720 647 756 βαρύ).
666 721 711 748 Διὸ
733 722 777 748 καὶ
803 722 829 748 εῐ

44 770 104 789 ποτε
126 764 154 789 ἐν
173 763 311 799 λογισμοῖς
324 764 444 800 συμϐαίη
462 764 554 792 κλόνον
564 766 610 792 καὶ
630 766 730 802 βλάϐην
752 766 826 800 γίνε-

44 808 115 840 σθαι,
133 809 161 835 ἐν
183 809 273 845 ἐαυτῷ
294 810 422 844 φυλάττει
439 811 526 842 αὐτὰ,
551 811 611 838 οὐδὲ
632 813 763 847 προφέρει
782 813 826 839 λό-

41 862 101 887 γον,
116 855 185 882 κατὰ
202 856 232 883 τὸ
256 857 285 882 ὲν
306 857 419 893 κρυπτῷ
435 858 604 894 ἁμάρτημα,
628 859 687 886 οὐδὲ
711 860 824 895 πράττει

882 260 994 293 lantem,
1009 261 1091 296 73o
1114 261 1179 288 nihil
1202 261 1362 289 cilccerunt.
1389 262 1670 292 tCoutexeruntverc

883 314 925 334 me
942 308 1092 340 tenebrae,»
1124 308 1201 340 dixit,
1227 307 1289 342 quia
1312 316 1411 342 corpus
1436 309 1527 336 animo
1544 311 1672 337 tenebras

880 351 1008 385 offundit,
1031 354 1138 386 quamlo
1159 357 1285 388 peccator
1297 358 1326 381 et
1344 353 1471 381 inimicus
1489 354 1629 382 declinant
1643 356 1671 382 in

881 405 924 425 me
944 398 1063 433 iniquam
1083 399 1230 426 actionem.
1258 399 1403 427 Peccatum
1432 401 1502 427 cnim
1529 406 1669 435 peccaturo

881 443 1004 478 prolicit;
1021 443 1112 479 justus
1128 451 1191 472 vero
1208 444 1283 478 justo
1301 445 1443 473 adhaerens
1454 446 1554 481 justior
1565 448 1667 474 evadit.

883 498 892 514 ε
908 489 940 516 Ει
957 489 984 516 in
998 489 1037 516 ira
1054 489 1159 516 molesti
1177 495 1256 517 erant
1276 491 1353 517 mihi.
1367 500 1376 516 ι
1403 491 1451 519 llic
1474 493 1554 519 etiam
1571 499 1669 526 pecca-

882 542 968 563 torum
1000 545 1057 564 mos
1085 541 1138 569 est,
1163 537 1210 572 qui
1242 539 1400 565 inimicitias
1429 546 1481 566 non
1506 539 1670 573 simpliciter

879 586 1016 613 exercent,
1038 582 1085 609 sed
1098 582 1124 609 in
1139 583 1269 610 tenebris.
1292 583 1429 617 Ἐγκοτεῖν
1448 591 1514 610 vero
1535 584 1605 611 idem
1627 589 1669 612 est

879 627 950 661 quod
973 627 1096 654 intimam
1120 627 1188 654 iram
1210 628 1321 655 habere.
1343 628 1463 661 Quilibet
1479 629 1578 663 probus
1594 629 1668 656 novit

878 672 950 700 aliud
970 680 1047 706 esse,
1062 680 1177 707 peccare
1193 674 1402 708 cogitationibus
1423 674 1509 711 (quod
1523 680 1551 702 et
1568 676 1667 703 tolera-

878 717 932 745 bile
948 717 1000 753 est)
1021 723 1047 745 et
1064 718 1146 751 aliud,
1168 719 1249 747 rebus
1263 727 1294 746 ac
1311 720 1400 747 verbis
1412 722 1420 753 (
1433 721 1504 754 quod
1519 725 1545 747 et
1562 722 1668 755 pericu-

878 765 963 792 losum
990 770 1017 792 et
1045 773 1126 799 grave
1154 770 1196 793 est
1207 765 1227 801 ).
1260 766 1432 802 Quapropter
1455 767 1478 794 si
1502 769 1610 802 quando
1639 769 1664 795 in

876 811 1087 846 cogitationibus
1098 813 1237 847 conlingat
1248 818 1348 840 motum
1359 813 1399 840 vel
1414 821 1510 840 noxam
1523 814 1664 846 exsistere,

878 858 935 885 haec
950 859 975 884 in
989 859 1077 893 seipso
1093 859 1219 890 custodit,
1233 867 1319 893 neque
1335 860 1444 899 verbum
1462 860 1578 894 profert,
1589 861 1666 894 juxta

42 901 293 937 ἁποτελεσματικῶς
302 922 309 934 ,
325 903 401 935 εἰδὼς
414 903 521 939 ἰάσιμον
536 903 604 931 εἴναι
624 905 655 931 τὸ
668 905 810 941 ἐνθύμημα

894 909 1014 931 eccatum
1031 905 1102 938 quod
1119 905 1144 931 in
1161 905 1268 932 occulto
1285 905 1328 937 fit,
1348 895 1435 940 neque
1451 906 1584 939 complete
1603 915 1666 941 per-

41 946 74 980 Ἰξὸ
86 947 113 974 δέ
125 947 153 974 ἐν
163 948 261 983 πράξει
273 949 319 975 καὶ
332 947 420 984 λόγοις
427 949 551 976 δυσίατον
565 950 618 977 ἔσθ’
627 952 670 978 ὅτε
685 952 731 978 καὶ
748 952 824 979 ἀνία-

39 1000 90 1018 τον.
106 993 150 1019 Διό
159 1002 252 1029 φησιν’
269 1003 278 1019 ε
303 995 334 1020 Ἦ
348 995 446 1030 καρδία
460 1005 510 1031 μου
527 996 664 1032 ἐταράχθη
679 999 707 1024 ἐν
724 998 795 1033 ἐμοί.
811 1009 819 1025 ι

40 1038 72 1064 Οὺ
87 1037 139 1074 γὰρ
153 1039 315 1074 ἡρμήνευσα
329 1040 378 1075 τὴν
399 1041 520 1076 ταραχὴν
533 1062 539 1073 ,
558 1041 573 1076 ῆ
594 1041 699 1077 ἔπραξά
719 1051 746 1068 τι
761 1043 822 1070 κατ’

40 1083 114 1110 αὐτόν
126 1093 133 1100 '
153 1084 222 1111 ἀλλὰ
241 1085 289 1111 καὶ
304 1085 403 1117 δειλίας
420 1087 603 1123 ἐπιπεσούσης
620 1088 734 1115 θανάτου
758 1089 822 1116 ἀκο-

39 1127 187 1162 λουθοῦντος
203 1132 236 1166 τῇ
250 1132 384 1167 ἁμαρτίᾳ,
406 1133 434 1158 ἐν
450 1133 560 1168 ἐμαυτῷ
579 1134 661 1169 αὐτὴν
678 1135 819 1170 κατέσχον.

39 1173 178 1210 Συμθαίνει
198 1177 253 1212 γὰρ
269 1178 301 1203 ἐκ
314 1177 368 1204 τῶν
382 1177 434 1210 ἔξω
451 1178 499 1214 τὴν
515 1179 614 1206 δειλίαν
628 1180 761 1215 φανῆναι,
773 1182 820 1207 καὶ

38 1221 129 1256 ἐτέρων
154 1222 320 1258 πρόσκομμα
340 1224 466 1257 γενέσθαι
486 1225 531 1251 τὸν
549 1225 711 1261 δηλωθέντα.
728 1227 764 1253 Τὸ
779 1227 817 1258 δὲ,

41 1275 48 1291 ι
61 1266 140 1299 Φόϐος
156 1268 205 1294 καὶ
221 1269 321 1306 τρόμος
336 1267 417 1305 ἦλθεν
439 1271 484 1297 ἐπ’
499 1271 564 1307 ἐμὲ,
586 1272 633 1298 καὶ
653 1272 772 1307 ἐκάλυψε
785 1281 818 1307 με

39 1312 145 1345 σκότος,
166 1323 175 1339 ι
206 1314 257 1349 τῆς
280 1315 386 1349 φύσεως
412 1316 462 1352 τῆς
487 1317 661 1353 ἀνθρωπίνης
689 1318 817 1353 ὑπάρχει,

38 1357 144 1394 ἐχούσης
158 1359 189 1386 τὸ
200 1360 350 1396 παθητικὸν
362 1362 409 1389 καὶ
420 1362 534 1398 θυμικὸν
548 1364 594 1390 καὶ
608 1364 816 1400 ἐπιθυμητικόν.

38 1403 90 1429 Κᾶν
103 1405 161 1430 κατ’
184 1406 287 1442 ἀρετήν
307 1416 348 1439 τις
375 1409 515 1445 προκόπτῃ
527 1429 534 1441 ,
551 1410 600 1436 οὐκ
617 1411 816 1447 ἀφανιζομένοη

37 1448 78 1475 τοῦ
101 1450 268 1486 παθητικοῦ,
286 1454 429 1489 συμϐαίνει
450 1455 479 1481 ἐν
500 1457 534 1490 τῇ
557 1455 692 1493 λεγομένῃ
706 1465 816 1493 συμπα-

36 1494 89 1529 θείᾳ
115 1497 249 1531 γενέσθαι.
288 1499 395 1535 Ἀμέλει
420 1501 485 1535 γοῦν
514 1502 560 1529 καὶ
584 1502 614 1528 τὸ
639 1503 815 1538 προκείμενον

35 1541 185 1593 πρόσωπον,
202 1545 355 1580 ὠθούμενον
380 1547 431 1574 ὑπὸ
453 1547 550 1582 φωνῶν
567 1548 671 1584 ἐχθρῶν
693 1549 739 1575 καὶ
761 1549 816 1575 Θλί-
829 1565 849 1593 C

34 1586 100 1620 ψεως
112 1589 290 1625 άμαρτωλοῦ,
307 1591 552 1628 ἀναρριπιζόμενον
570 1594 631 1629 ἔσχε
650 1594 680 1620 τὸ
695 1594 814 1630 ἐνυπάρ-

34 1640 75 1666 χον
88 1633 252 1669 παθητικδν,
274 1636 311 1668 ὡς
340 1637 491 1672 φοϐηθῆναι
505 1658 511 1670 ,
528 1639 574 1665 καὶ
596 1639 689 1674 τρόμῳ
711 1640 813 1666 ὑποπε-

34 1679 84 1704 σεῖν
98 1679 149 1706 ὑπὸ
163 1681 210 1707 τοῦ
225 1681 275 1715 τῆς
294 1682 410 1718 ἀπορίας
428 1684 556 1716 σκότους’
578 1684 627 1719 τὴν
640 1684 693 1721 γὰρ
717 1693 811 1712 σκοτοι

33 1722 138 1752 δινίασιν
150 1726 246 1758 σκότος
259 1727 397 1755 ἐκάλεσεν.

62 1814 113 1841 Καὶ
125 1813 209 1842 εἶπα·
233 1817 280 1850 Τίς
297 1817 384 1845 δώσει
403 1828 453 1853 μοι
469 1819 617 1855 πτέρυγας
630 1821 703 1849 ὡσεί
728 1831 810 1858 περι-

32 1858 136 1893 στερᾶς,
153 1869 180 1888 κ.
196 1870 224 1888 τ.
245 1862 267 1888 ὲ.
285 1863 423 1898 Πτέρυγές
438 1866 491 1891 εἰσι
507 1865 562 1900 (ll)
575 1865 625 1901 τῆς
637 1867 716 1901 ἁγίας
732 1876 809 1904 περι-

31 1906 122 1940 στερᾶς
144 1907 160 1942 ή
186 1907 288 1940 Θεωρία
313 1910 447 1944 σωμάτιον
469 1911 515 1938 καὶ
542 1912 710 1947 ἀσωμάτων,
727 1914 760 1940 δι’
777 1914 809 1949 ἦς

30 1950 138 1984 ὑψωθεὶς
161 1954 175 1980 ό
205 1954 267 1986 νοῦς
295 1955 449 1983 καταπαύει
480 1958 519 1989 είς
536 1958 635 1993 γνῶσιν
657 1959 706 1995 τῆς
730 1960 809 1994 ἁγίας

29 1996 141 2032 Τριάδος.

64 2043 132 2071 Ἰδοὺ
143 2045 297 2080 ὲμάχρυνα
319 2049 495 2083 φυγιαδεύων
505 2072 513 2084 ,
531 2050 581 2077 καὶ
596 2052 750 2087 -ηὑλίσθην
773 2054 809 2081 ἐν

70 2091 182 2127 ἐρήμῳ,
198 2101 226 2120 κ.
242 2102 268 2120 τ.
281 2095 304 2122 ἐ.
325 2095 356 2121 'H
370 2095 416 2122 τοῦ
432 2097 592 2131 φυγαδεύειν
611 2099 684 2132 λέξις
701 2099 756 2136 (42)
775 2100 806 2126 τὸ

24 2134 122 2182 διώκειν
139 2139 185 2166 καὶ
199 2140 240 2171 είς
254 2140 342 2176 φυγὴν
355 2142 467 2177 τρέπειν
477 2144 539 2176 τοὺς
553 2134 751 2180 ἐλαυνομένους
758 2146 806 2182 δη-

25 2179 68 2209 λοί.
80 2184 146 2219 Φησὶ
154 2185 220 2219 γοῦν
230 2187 244 2212 ό
254 2186 298 2213 τὸν
306 2186 412 2223 ψαλμὸν
420 2188 516 2223 λέγων,
528 2199 536 2215 ι
548 2191 612 2217 Ἰδοὺ
621 2179 773 2226 ἐμάκρυνα,
784 2179 803 2218 1»

875 950 943 982 ficit,
975 950 1065 978 sciens
1091 951 1286 985 cogitationem
1314 959 1376 979 esse
1397 952 1559 980 curabilcm.
1588 953 1665 986 Quod

873 1002 938 1023 vero
954 1003 1036 1030 opere
1053 1003 1084 1022 ac
1103 997 1194 1024 verbis
1221 986 1262 1030 ίίἶ,
1278 1002 1373 1025 curatu
1398 997 1504 1025 difﬁcile
1529 1004 1555 1025 et
1576 1007 1664 1034 quau-

873 1041 961 1076 doque
974 1042 1125 1070 iucurabile
1139 1042 1256 1070 exsistit.
1280 1043 1385 1070 Idcirco
1403 1045 1440 1070 ait
1457 1053 1463 1071 :
1482 1054 1490 1070 ι
1506 1045 1559 1071 Cor
1574 1053 1664 1072 rnetun

873 1087 1059 1114 conturbatum
1085 1089 1169 1115 estin
1187 1097 1240 1117 me.
1257 1099 1266 1115 ι
1294 1089 1352 1117 Non
1378 1091 1450 1117 enim
1479 1091 1663 1118 turbationem

871 1133 1018 1165 enuntiavi,
1029 1134 1069 1161 vel
1081 1134 1130 1162 feci
1143 1136 1289 1169 quidquam
1301 1137 1432 1164 adversus
1443 1145 1502 1165 eum
1518 1140 1663 1174 :quiuimo

871 1187 932 1206 eum
945 1179 1027 1207 timor
1041 1180 1181 1216 ingrueret
1197 1182 1293 1209 mortis
1304 1189 1443 1216 peccatum
1456 1184 1661 1219 subsequentis,

871 1229 897 1256 in
916 1228 1074 1263 memetipso
1089 1229 1164 1256 illum
1190 1231 1325 1257 continui.
1355 1231 1495 1266 Conlingit
1525 1234 1598 1259 enim
1626 1241 1660 1261 ex

871 1274 953 1306 signis
968 1274 1090 1301 externis
1110 1274 1235 1301 timorem
1250 1283 1393 1310 apparere,
1407 1283 1433 1303 et
1445 1282 1586 1306 ostensum
1599 1279 1660 1306 aliis

867 1317 1062 1347 offendiculum
1081 1319 1151 1348 fieri.
1174 1319 1241 1347 lllud
1262 1329 1326 1348 vero
1344 1331 1351 1349 :
1372 1331 1380 1348 ι
1397 1322 1491 1350 Timor
1509 1328 1537 1350 et
1557 1330 1659 1352 tremor

869 1370 1004 1392 venerunt
1023 1373 1106 1400 super
1129 1374 1183 1399 me,
1207 1370 1233 1394 et
1249 1372 1429 1395 corttexerunl
1448 1377 1489 1396 me
1505 1370 1631 1405 tenebrat,
1648 1384 1659 1400 ι

869 1410 993 1438 humana:
1010 1416 1114 1438 natura:
1131 1416 1183 1443 est,
1211 1412 1329 1446 patiendi
1350 1418 1378 1439 et
1397 1413 1533 1442 irascendi
1550 1420 1578 1443 et
1592 1424 1659 1442 cou-

869 1456 1025 1490 cupiscendi
1053 1458 1107 1484 vim
1131 1457 1267 1485 habentis.
1297 1459 1410 1487 Etiamsi
1430 1460 1490 1494 quis
1507 1461 1532 1488 in
1557 1461 1660 1491 virtute

867 1502 1026 1536 profecerit,
1045 1504 1165 1538 potentia
1178 1505 1297 1539 patiendi
1315 1506 1425 1534 minime
1437 1507 1537 1540 deleta,
1551 1510 1658 1536 contin-

867 1547 943 1581 gitut
961 1547 1069 1574 indicta
1084 1549 1277 1583 compassione
1293 1555 1427 1578 versetur.
1445 1552 1525 1579 Certe
1540 1559 1656 1586 persona

866 1601 973 1628 quoque
987 1596 1135 1630 proposita,
1150 1603 1212 1622 cum
1231 1604 1245 1622 a
1264 1597 1376 1625 vocibus
1394 1598 1512 1626 inimicis
1528 1599 1656 1634 etlribu-

864 1638 964 1666 latione
991 1641 1147 1674 peccatoris
1167 1646 1373 1675 concuteretur,
1400 1643 1510 1671 insitam
1534 1645 1656 1679 patiendi

863 1685 916 1712 vim
933 1686 1048 1713 habebat
1065 1688 1211 1714 excitatum
1224 1708 1231 1719 ,
1259 1689 1326 1715 adeo
1343 1694 1373 1715 ut
1388 1689 1484 1717 timore
1498 1691 1654 1724 corripere—

864 1735 908 1758 tur
930 1737 956 1758 ct
983 1733 1093 1760 tremori
1111 1733 1264 1767 subjaceret
1280 1743 1335 1769 prae
1355 1735 1473 1762 tem-bris
1486 1736 1652 1763 anxietatis:

862 1783 924 1803 nam
943 1778 1140 1806 tenebricosam
1165 1781 1326 1814 vertiginem
1351 1783 1478 1809 tenebras
1497 1783 1651 1816 appellavit.

899 1822 980 1851 Vens.
1000 1823 1025 1851 7.
1046 1823 1081 1851 Et
1108 1826 1164 1852 dixi
1182 1834 1190 1853 :
1209 1825 1274 1858 Quis
1296 1828 1367 1853 (labi!
1384 1828 1446 1854 nti/ti
1466 1837 1564 1862 pennas
1585 1830 1652 1856 sicut

861 1868 997 1900 columine,
1021 1875 1075 1897 elc.
1101 1870 1201 1898 Pennm
1221 1871 1354 1899 columba:
1380 1879 1482 1900 sancta:
1497 1879 1537 1901 est
1559 1883 1650 1902 rerum

861 1921 1054 1948 corporearum
1076 1921 1103 1943 et
1125 1918 1345 1952 incorporearum
1375 1920 1574 1953 contemplatio,
1604 1929 1651 1955 per

860 1967 939 1994 quatit
969 1960 1040 1988 elata
1065 1969 1141 1990 mens
1164 1963 1190 1990 in
1212 1965 1367 1999 cognitione
1391 1971 1493 1993 sancta:
1510 1966 1651 1995 Trinitatis

859 2006 1016 2040 requiescit.
1102 2006 1107 2011 ”

896 2051 976 2079 VERS.
998 2052 1025 2081 8.
1049 2053 1115 2081 Ecce
1126 2054 1245 2089 elongavi
1260 2055 1375 2091 fugiens,
1393 2062 1416 2084 et
1435 2059 1520 2085 mansi
1540 2059 1567 2085 in
1587 2061 1649 2086 seli-

858 2097 960 2130 tudine.
978 2103 1030 2125 etc.
1042 2099 1099 2127 Vox
1115 2101 1276 2134 φυγαδεύειν
1291 2101 1425 2136 significat
1438 2105 1565 2139 persequi
1580 2111 1606 2132 ct
1620 2107 1647 2133 in

857 2143 947 2178 fugam
977 2149 1082 2172 vertere
1109 2153 1155 2172 eos
1184 2147 1229 2180 qui
1259 2147 1442 2182 expelluntur.
1469 2149 1540 2177 Dicit
1565 2151 1647 2185 igitur

857 2189 954 2224 psalmi
982 2195 1101 2219 auctor:
1121 2201 1130 2217 ι
1145 2192 1214 2220 Ecce
1238 2193 1375 2228 elongavi,
1391 2204 1401 2221 ι
1431 2196 1481 2223 hoc
1503 2202 1544 2224 est
1569 2197 1647 2231 longe

23 2229 155 2257 τουτέστιν
172 2231 221 2258 ἐπὶ
244 2232 311 2259 πολὺ
333 2234 491 2268 φυγαδεύων
513 2235 559 2263 τὸν
580 2236 677 2272 ἐχθρὸν
695 2237 743 2264 καὶ
759 2238 804 2265 τὸν

894 2235 945 2268 puli
968 2236 1106 2264 inimicum
1124 2242 1151 2265 et
1173 2244 1364 2274 peccawrem,
1391 2246 1420 2268 ut
1446 2242 1498 2269 illis
1524 2229 1646 2277 expulsis

25 2274 191 2310 ἁμαρτωλὸν,
210 2277 248 2309 ὡς
260 2278 371 2306 ἐκείνων
386 2279 576 2316 ἐληλασμὲνων
591 2283 752 2318 αὑλισθῆναί
770 2293 803 2319 με

22 2319 48 2345 ἐν
57 2321 87 2355 τῇ
103 2321 199 2358 ἐρήμῳ
209 2342 217 2355 ,
230 2324 368 2351 τουτέστιν
381 2325 614 2355 διαναπαύσασθαι
628 2329 656 2355 ὲν
668 2330 804 2356 καταστά-

22 2368 200 2404 σειείρηνικῇ.
222 2369 253 2396 Εἰ
271 2369 299 2396 δὲ
315 2370 345 2398 τὸ
363 2380 371 2397 ι
386 2372 548 2407 φυγαδεύειν
563 2383 572 2400 ι
599 2373 671 2406 ἰδίως
686 2375 802 2402 ἐνταῦθα

22 2414 140 2458 [φυγεῖν
157 2424 166 2440 ι
188 2415 332 2450 σημαίνει,
348 2417 406 2453 ἐρεῖ
421 2418 434 2444 ὁ
451 2419 553 2451 δίκαιος
568 2422 630 2452 τοὺς
643 2421 675 2448 ἐκ
693 2430 802 2458 περιτο-

87 2459 194 2494 φεύγων
209 2461 254 2488 καὶ
270 2463 473 2499 μακρυνόμενος
487 2466 530 2492 διὰ
545 2466 593 2501 τὴν
614 2468 682 2503 πρὸς
702 2456 800 2500 αὖτοὺς

22 2500 182 2550 ἱιλαξονείαν·
197 2505 334 2543 Ηύλίσθην
351 2509 380 2535 ἐν
394 2510 426 2545 τῇ
447 2510 541 2546 ἐρήμῳ
562 2500 644 2547 νόμου
665 2514 712 2540 καὶ
736 2523 801 2550 προ-

22 2547 103 2580 ὶεητῶν
131 2550 289 2588 Ἐκκλησίᾳ.
313 2553 438 2589 Ἀρμόζει
459 2555 487 2582 δὲ
502 2557 548 2583 καὶ
566 2557 605 2592 τῷ
619 2559 679 2584 κατ’
694 2560 796 2586 οἰκονο-

22 2591 76 2624 μίαν
93 2594 214 2631 Χριστῷ.

47 2638 274 2685 ίΙροσεδεχόμην
284 2643 336 2670 τὸν
349 2646 480 2678 σώζοντά
486 2655 524 2681 με
534 2648 591 2675 ἀπὸ
601 2648 798 2685 ὀνίιγοψυχίίις

22 2680 58 2706 ml
72 2685 250 2719 καταιγίδος,
264 2695 292 2714 κ.
308 2697 333 2715 τ.
349 2689 372 2715 ἐ.
388 2680 521 2725 Καταιγὶς
535 2693 549 2719 ὁ
567 2680 718 2729 μέγας-μέ)
730 2680 797 2722 "iii-2L;

22 2728 112 2772 ιασμὸς
127 2731 175 2757 καὶ
196 2732 278 2765 πολὺς
298 2735 369 2761 κατὰ
384 2736 433 2771 τῆς
448 2737 537 2772 ψυχῆς
555 2738 658 2771 πνέων,
677 2740 740 2767 ὥστ’
763 2741 795 2768 ἂν

22 2771 56 2797 (αὶ
69 2775 223 2810 ναυαγῆσαι
239 2777 287 2813 τὴν
299 2779 336 2814 μὴ
355 2771 539 2816 προσέχουσαν
556 2784 650 2819 ἑαυτῇ.

111 2833 259 2870 ῌτέλρυγές
271 2837 340 2870 εἰσι,
354 2843 408 2866 etc.
425 2839 536 2868 Scheda:
548 2841 650 2870 Grabii.

43 2866 97 2899 H2)
123 2868 158 2896 Ἡ
167 2866 224 2897 τοῦ
236 2866 416 2906 ριιναδεύείν
714 2878 791 2906 Cois-

853 2288 990 2308 manerem
1012 2282 1038 2309 in
1060 2283 1218 2317 solitudine,
1246 2285 1300 2313 hoc
1318 2291 1361 2314 est
1386 2288 1411 2314 in
1440 2293 1509 2315 statu
1531 2289 1647 2322 paciﬁco

853 2328 1062 2360 requiescerent.
1078 2329 1106 2356 Si
1123 2334 1215 2357 autem
1230 2339 1283 2359 vox
1324 2333 1486 2368 φυγαδεύειν
1522 2335 1572 2362 hoc
1585 2336 1645 2363 loco

851 2373 985 2408 significat
1002 2384 1010 2400 ι
1022 2374 1125 2410 fugere,
1145 2387 1154 2403 ›
1170 2377 1260 2412 justus
1277 2387 1326 2407 eos
1340 2380 1386 2414 qui
1404 2388 1419 2408 e
1434 2382 1644 2410 circumcisione

851 2423 925 2451 sunt,
943 2418 1058 2454 fugiens,
1075 2428 1190 2457 seseque
1208 2424 1241 2451 ab
1255 2425 1294 2452 cis
1309 2425 1343 2453 ob
1364 2433 1456 2453 eorum
1478 2427 1642 2460 jactautiam

853 2464 932 2499 longe
944 2467 1118 2500 submovens,
1132 2469 1199 2496 dicit
1215 2478 1221 2496 :
1239 2469 1324 2498 Mansi
1338 2471 1364 2498 in
1387 2472 1510 2499 Ecclesia
1526 2473 1570 2499 ubi
1587 2481 1640 2500 non

852 2516 894 2538 est
917 2512 958 2539 lex
983 2519 1032 2539 nec
1058 2515 1210 2548 prophetae.
1255 2516 1391 2544 Convenit
1417 2518 1498 2545 etiam
1530 2518 1641 2547 Christo

851 2558 999 2584 secundum
1013 2558 1254 2593 dispensationem.

888 2602 966 2638 ⁷3],
990 2602 1070 2631 νεκε.
1092 2605 1118 2632 9.
1136 2605 1329 2640 Exspectabam
1346 2616 1404 2635 eum
1423 2609 1468 2643 qui
1483 2610 1584 2636 salvum
1599 2619 1640 2637 me

853 2648 912 2682 fecit
922 2659 937 2676 ιι
948 2651 1167 2684 pusillanimitate
1176 2654 1283 2688 spiritus
1293 2659 1316 2681 et
1325 2659 1487 2689 tempestate,
1497 2661 1551 2685 etc.
1562 2657 1638 2685 Tent-

851 2700 943 2729 pestas
955 2702 996 2724 est
1013 2699 1127 2726 tentatio
1145 2707 1240 2734 magna
1257 2705 1284 2727 et
1299 2701 1446 2729 vehemens
1466 2706 1561 2729 contra
1577 2704 1638 2731 ani-

851 2749 922 2768 mam
931 2742 1052 2776 spirans,
1068 2743 1105 2770 ita
1119 2748 1148 2770 ut
1164 2745 1335 2781 naufragium
1351 2746 1435 2774 faciat
1449 2747 1494 2775 illa
1509 2755 1570 2783 quae
1582 2748 1636 2778 sibi

849 2794 902 2814 non
919 2789 1045 2816 attendit.

848 2845 967 2873 linianus
982 2847 1125 2874 secundus.

882 2881 938 2917 (13)
954 2881 1092 2917 Καταιγὶς
1108 2884 1124 2909 ὁ
1138 2883 1242 2920 μέγας,
1255 2890 1308 2914 ctc.
1327 2885 1408 2915 Idem.
