1886 3052
222 147 233 174 Ι
239 147 289 174 167

915 145 960 173 EX
976 144 1128 173 ORlGENE

1794 149 1848 174 Hbs

259 204 338 231 Vsus.
365 204 405 230 I0.
429 203 582 238 Pra’cipitu,
604 203 724 235 Domine,
748 208 772 230 et
796 203 882 230 divide
905 203 1010 237 linguas

1104 203 1337 235 Καταπόντισον,
1354 202 1452 236 Κύριε,
1466 202 1514 229 καὶ
1528 202 1691 229 καταδίενιε
1706 202 1759 236 τὰς
1772 203 1849 237 γλώσ-

221 259 323 284 eorum,
338 251 461 285 quoniam
477 250 531 277 villi
547 251 714 284 iniquitatem
735 253 760 276 et
775 249 1011 276 contradictionem

221 298 249 323 in
265 297 381 328 civitate,
397 302 452 323 etc.
471 296 505 323 lis
519 296 565 330 qui
580 304 613 323 ex
630 296 734 322 malitia
748 301 776 323 et
789 295 866 322 falsis
881 295 1012 329 dogmati-

221 344 272 371 bus
297 343 434 370 civitatem
454 341 604 374 a’diiicant,
630 342 787 378 supervenit
812 341 963 376 ignorantia
985 346 1012 368 et

220 389 378 424 linguarum
393 387 519 415 confusio
539 395 598 422 quae
613 387 687 422 ipsos
709 396 723 414 a
741 387 812 414 malo
829 394 911 421 opere
933 387 1011 415 cohi—

223 434 279 465 bet,
309 433 540 468 quemadmodum
571 433 688 466 contigit
717 433 800 459 etiam
830 432 884 459 illis
911 432 957 467 qui
985 432 1011 458 in

219 479 342 506 (lualane
365 480 462 506 turrim
489 483 715 506 construxerunt.
741 478 769 505 in
793 485 868 505 mare
891 478 1011 513 demergi

221 525 321 551 dicitur
345 525 370 552 id
397 525 469 559 quod
497 525 531 552 ab
555 524 643 551 oculis
666 525 820 556 evanescit,
848 524 911 559 quia
932 532 1013 551 omne

221 571 293 605 quod
315 571 341 598 in
368 571 504 605 profundo
519 575 572 601 est,
585 569 619 596 ab
634 570 720 597 oculis
730 570 880 597 evanescit.
895 569 1011 597 Profun-

220 617 284 644 dum
302 617 384 651 igitur
401 622 542 652 peccatum
562 620 614 647 est,
631 620 658 642 et
675 617 712 643 rei
730 625 790 652 qua:
800 617 1013 645 subsistitinter—

221 664 292 695 itus,
319 663 430 691 malitia:
441 663 595 691 dissolutio.
612 664 761 700 Propterea
777 664 843 691 dicit
859 663 884 690 in
902 663 1009 698 prol'un-

220 710 285 736 duin
302 718 316 737 a
332 710 387 738 Deo
403 711 524 745 demergi
541 712 654 744 malum,
668 720 731 740 cum
743 710 1014 744 dividunturiingua‘.

224 763 321 783 eorum
338 756 366 783 in
384 758 484 785 malum
501 760 727 794 conspirantium.

261 802 397 837 Ejusdem.
406 813 414 829 I
427 803 578 839 Praecipitis,
588 805 710 832 Domine.
722 813 732 830 1
741 804 860 837 Quorum
870 811 880 828 1
891 808 1011 832 eorum,»

222 848 275 875 nisi
302 849 404 876 inimici
428 854 456 877 et
480 851 652 884 peccatoris?
677 850 719 878 vel
742 855 871 884 tanquam
897 849 1013 883 abyssus

222 894 368 927 sapientia,
396 895 421 922 in
443 904 496 930 qua
521 903 585 924 sunt
609 897 745 932 profunda
772 897 831 929 Dei.
861 894 1013 930 praecipitat

223 939 362 968 inundans
387 941 494 976 linguas
517 948 545 970 et
567 951 648 971 voces
664 943 800 971 sermonis
817 942 920 969 inimici
937 940 1012 968 veri-

223 986 298 1018 tatis,
313 992 340 1014 et
359 994 453 1015 eorum
475 989 519 1023 qui
547 990 620 1016 illum
640 991 789 1024 pnedieant
810 998 817 1022 ;
842 992 868 1016 et
886 987 1013 1015 dissolvit

221 1032 308 1064 ipsas,
320 1040 436 1067 arguens
450 1034 645 1062 dissonantium
659 1039 687 1062 et
696 1034 893 1062 dissensionem
905 1041 1011 1061 eorum.

224 1077 308 1105 l'orro
329 1087 423 1112 causa,
453 1088 502 1107 cur
524 1081 581 1108 lucc
601 1081 737 1113 dicantur,
759 1081 942 1116 subiungitur.
966 1079 1014 1107 Est

220 1124 293 1150 1111111
309 1124 391 1151 etiam
409 1126 589 1154 contradictio
603 1127 675 1154 inter
690 1135 737 1155 eos
759 1127 804 1162 qui
828 1131 924 1154 contra
939 1125 1012 1153 veri-

223 1173 306 1196 tatem
326 1171 507 1203 contendunl,
526 1178 586 1206 quae
599 1172 639 1198 'ad
656 1172 722 1199 nihil
746 1171 822 1199 utilis
838 1175 891 1203 est,
912 1169 964 1197 nisi
979 1169 1012 1196 ad

222 1215 426 1243 subversiouem
453 1217 634 1245 audientium.
664 1217 800 1245 Carterum
828 1216 954 1244 Christus
980 1221 1012 1241 ea

222 1269 284 1295 quae
299 1268 451 1297 sequuntur
462 1264 553 1292 dicere
567 1264 653 1298 possit
664 1264 698 1291 de
709 1264 820 1291 civitate
830 1262 1012 1297 .lerosolyma,

222 1308 319 1335 videns
335 1309 360 1335 in
379 1316 411 1336 ea
437 1309 618 1343 iniquitatem,
633 1314 660 1337 et
677 1311 808 1337 adversus
823 1316 853 1336 se
876 1307 1013 1336 contradi-

222 1354 340 1381 ctionem
358 1355 464 1382 diversa
482 1356 516 1383 de
530 1357 588 1390 ipso
601 1357 804 1385 disserentium.
824 1365 833 1381 1
853 1355 885 1382 Et
899 1362 952 1381 non
968 1354 1013 1380 de-

224 1399 287 1426 fecit
300 1399 332 1426 de
346 1400 442 1434 pluteis
454 1401 523 1435 ejus.
539 1411 548 1427 1
564 1402 691 1435 llocjnre
705 1403 804 1429 merito
816 1401 850 1429 ad
868 1406 1012 1436 personam

223 1446 370 1480 proditoris
390 1446 484 1474 referri
499 1448 593 1481 possit.

261 1491 340 1519 Vsus.
362 1493 404 1520 16.
431 1492 523 1520 Veniat
537 1502 607 1521 mors
621 1503 701 1528 super
721 1495 783 1522 illos
804 1500 828 1522 et
850 1496 1011 1524 descendant

1063 257 1122 281 σας
1132 247 1250 282 αὐτῶν,
1268 248 1314 274 ὅτι
1330 247 1413 275 εἶδαν
1424 248 1553 283 ἀνομίαν
1569 249 1620 275 καὶ
1636 247 1811 284 ἀντιλογίαν
1822 250 1849 276 ἐν

1063 295 1101 329 τῇ
1114 296 1211 328 πόλει,
1229 302 1255 322 ac.
1273 303 1298 321 τ.
1316 295 1339 321 ἑ.
1358 295 1421 326 Τοῖς
1439 295 1494 321 ἀπὸ
1514 295 1614 327 κακίας
1626 295 1684 331 (44)
1698 296 1747 322 καὶ
1759 296 1849 330 ψευδῶν

1062 341 1206 377 δογμάτων
1225 341 1302 368 πόλιν
1319 341 1506 376 οἰκοδομοῦσιν
1525 341 1649 375 ἀγνωσία
1667 342 1848 377 ὲπισυμϐαίνει

1064 388 1110 414 καὶ
1124 387 1255 422 σύγχυσις
1275 386 1406 421 γλωσσῶν
1428 385 1555 413 παύουσα
1579 387 1681 418 αὐτοὺς
1699 387 1751 422 τῆς
1773 388 1849 423 κακῆς

1064 434 1205 470 ἐνεργείας
1217 454 1224 464 ,
1243 433 1370 468 καθάπερ
1382 433 1431 459 καὶ
1450 433 1507 464 τοῖς
1523 433 1552 458 ὲν
1565 431 1677 467 Χαλάνῃ
1694 430 1742 458 τδν
1758 431 1850 467 πύργον

1064 478 1314 505 κατασκευάσασιν.
1338 477 1367 503 '0
1387 477 1608 511 καταποντισμὸς
1632 476 1678 503 τὸν
1707 476 1850 511 ἀφανισμὸν

1063 524 1148 560 δηλοῖ,
1174 524 1243 551 διότι
1266 524 1320 550 πᾶν
1340 523 1371 549 τὸ
1396 523 1426 549 ὲν
1451 522 1523 558 βυθῷ
1550 521 1662 556 γεγονὸς
1688 521 1850 556 ἀφανίζεται.

1064 570 1150 602 Βυθὺς
1176 568 1222 597 οὗν
1244 570 1367 605 ἁμαρτία
1390 569 1449 596 ἐστὶ
1469 569 1516 595 καὶ
1537 568 1665 595 ἀπώλεια
1692 569 1709 603 ἡ
1727 568 1774 594 τοῦ
1797 576 1851 594 σαν-

1064 617 1181 648 εστῶτος
1189 617 1238 651 τῆς
1246 616 1346 647 κακίας
1357 615 1487 647 διάλυσις.
1504 614 1552 641 Διὰ
1562 614 1641 641 τοῦτό
1650 623 1719 649 φησι
1727 623 1853 642 καταπον-

1064 663 1186 695 τὶζεσθαι
1205 662 1281 698 παρὰ
1296 661 1363 689 Θεοῦ
1381 662 1410 688 τὸ
1427 661 1511 687 κακὸν
1526 662 1554 687 ὲν
1572 660 1611 696 τῷ
1627 661 1853 696 καταδιαιρεῖσθαι

1064 712 1114 744 τὰς
1127 710 1252 746 γλώσσας
1266 710 1356 737 αὐτῶν
1369 710 1417 736 ἐπὶ
1432 709 1509 744 κακῷ
1524 708 1756 744 συμφωνούντων.

1103 802 1158 830 Τοῦ
1170 801 1277 829 αὑτοῦ.
1294 811 1303 827 1
1321 801 1530 828 Καταπόντισον
1544 800 1613 836 (45),
1625 800 1726 836 Κύριε.
1748 809 1756 825 1
1775 800 1853 826 Τίνων

1066 849 1166 881 αὐτῶν,
1180 849 1197 884 ἢ
1212 848 1310 884 ἐχθροῦ
1326 848 1375 875 καὶ
1394 847 1575 883 ἁμαρτωλοῦ;
1593 847 1610 882 ἢ
1625 847 1664 878 ὼς
1682 846 1802 878 ἄϐυσσος
1817 855 1855 872 σο-

1065 896 1124 931 φία,
1143 896 1172 922 ὲν
1225 893 1333 921 ἐστιτὰ
1350 893 1419 930 βάθη
1437 893 1484 920 τοῦ
1498 893 1578 925 Θεοῦ,
1595 892 1790 924 καταποντίζει
1806 894 1856 919 ἐπι-

1064 942 1199 974 κλύζουσα
1209 941 1335 976 γλώσσας
1355 940 1403 967 καὶ
1415 939 1507 976 φωνὰς
1521 938 1619 974 ἐχθροῦ
1635 940 1669 974 τῇ
1686 938 1802 974 ἀληθείᾳ
1812 939 1854 964 τοῦ

1064 989 1154 1023 λόγου,
1176 989 1222 1015 καὶ
1238 987 1293 1014 τῶν
1311 986 1516 1023 πρεσϐευόντων
1531 986 1614 1012 αὑτὸν
1625 1006 1632 1017 ,
1654 985 1704 1012 καὶ
1722 984 1856 1012 καταδιαι-

1065 1036 1106 1070 ρεῖ
1118 1034 1213 1066 αὐτὰς,
1229 1033 1404 1069 διελέγχουσα
1418 1033 1448 1059 τὺ
1465 1032 1628 1067 ἀσύμφωνον
1639 1031 1687 1058 καὶ
1702 1031 1738 1057 τὸ
1749 1031 1855 1058 διεσπα-

1065 1081 1163 1116 σμένον
1184 1080 1285 1108 αὑτῶν.
1309 1080 1341 1106 Ἦ
1354 1079 1384 1105 δὲ.
1398 1078 1474 1105 αἰτία
1493 1077 1539 1104 τοῦ
1557 1077 1643 1104 ταῦτα
1656 1077 1784 1110 λέγεσθαι
1801 1078 1856 1104 ἐπι-

1064 1128 1185 1163 φέρεται.
1211 1127 1289 1153 Ἐστι
1309 1126 1363 1162 γὰρ
1382 1125 1429 1152 καὶ
1450 1124 1591 1158 ἀντιλογία
1607 1125 1622 1159 ἡ
1645 1123 1716 1159 πρὸς
1730 1124 1779 1158 τὴν
1796 1123 1855 1159 ἀλή-

1064 1173 1139 1200 Θειαν
1153 1172 1208 1199 τῶν
1227 1171 1462 1207 λογομαχοὺντων,
1479 1171 1519 1201 εἰς
1537 1169 1612 1196 οὐδὲν
1628 1170 1768 1204 χρήσιμον
1783 1170 1806 1196 εἰ
1821 1170 1855 1204 μὴ

1064 1220 1110 1246 ἐπὶ
1129 1219 1304 1254 καταστροφῇ
1329 1217 1383 1244 τῶν
1409 1216 1572 1243 ἀκουόντων.
1591 1215 1712 1250 Χριστὸς
1736 1215 1764 1241 δὲ
1787 1215 1855 1248 λέγοι

1064 1266 1097 1292 ἂν
1111 1265 1146 1292 τὰ
1166 1265 1229 1300 ἑξῆς
1247 1263 1374 1300 περὶτῆς
1397 1261 1576 1297 Ἰερουσαλὴμ
1595 1261 1713 1293 πόλεως,
1736 1261 1798 1288 ἰδὼν
1812 1262 1856 1296 τὴν

1063 1312 1093 1337 ἐν
1109 1311 1178 1347 αὐτῇ
1194 1311 1327 1346 ἀνομίαν,
1351 1309 1398 1336 καὶ
1419 1309 1468 1344 τὴν
1495 1308 1560 1343 περὶ
1583 1307 1667 1334 αὑτοῦ
1693 1307 1854 1341 ἀντιλογίαν,

1063 1357 1117 1384 τῶν
1131 1358 1248 1393 διάφορα.
1264 1356 1329 1392 περὶ
1347 1355 1430 1382 αὐτοῦ
1446 1355 1590 1388 λεγόντων.
1611 1363 1620 1378 1
1639 1353 1694 1380 Καὶ
1710 1354 1761 1380 οὐκ
1778 1353 1857 1386 £59.:-

1064 1412 1115 1431 πεν
1134 1406 1166 1431 ἐκ
1187 1403 1242 1430 τῶν
1258 1402 1394 1429 πλατειῶν
1416 1401 1513 1435 αὐτῆς.
1536 1410 1545 1425 1
1571 1400 1618 1431 Εἰς
1639 1400 1790 1435 πρόσωπον
1813 1400 1856 1426 τοῦ

1064 1450 1192 1485 προδότου
1206 1448 1353 1484 ἀνεφέρετο
1369 1447 1402 1474 ἂν
1416 1446 1536 1478 δικαίως.

1106 1494 1232 1523 Ἐλθέτω
1247 1493 1374 1526 θάνατος
1390 1491 1437 1519 ἐπ’
1446 1491 1567 1524 αὐτοὺς,
1581 1491 1630 1518 καὶ
1643 1491 1858 1525 καταδήτωσαν

222 1537 250 1564 in
265 1538 398 1572 infernum
414 1545 536 1572 viventes,
556 1540 682 1574 quoniam
705 1541 822 1575 nequitia
842 1542 870 1568 in
887 1542 1010 1569 taberna-

1104 1552 1108 1558 ν
1126 1540 1200 1574 ᾅδου
1214 1539 1335 1572 ζῶντες·
1358 1538 1403 1565 ὅτι
1417 1537 1546 1571 πονηρία
1561 1537 1597 1564 ἐν
1612 1537 1678 1570 ταῖς
1690 1538 1857 1571 παροικίαις

222 1583 290 1610 culis
302 1591 391 1610 eorum
412 1585 439 1610 in
464 1585 550 1611 medio
573 1593 674 1618 eorum,
693 1590 746 1613 etc.
762 1586 860 1614 Veniat
879 1595 954 1615 mors
967 1596 1012 1616 su-

222 1636 271 1662 per
288 1629 358 1662 illos,
373 1637 447 1657 mors
466 1631 585 1659 animam
605 1638 736 1667 separans
749 1639 764 1659 a
778 1633 890 1660 malitia.

256 1721 393 1756 Ejusdem.
415 1721 454 1750 1111
481 1723 508 1749 111
531 1722 667 1750 infernum
688 1723 858 1752 descendunt
877 1725 1010 1758 viventes,

220 1767 267 1802 qui
279 1767 380 1795 divinis
392 1768 607 1796 institutionibus
615 1777 668 1796 non
679 1774 742 1797 sunt
751 1769 861 1798 initiati.
875 1770 925 1804 Qui
937 1773 1010 1799 enim

221 1814 305 1841 verba
322 1814 386 1842 vita:
400 1822 454 1842 non
471 1815 601 1849 gustavit,
614 1820 739 1844 mortuus
752 1821 795 1844 est
812 1827 818 1844 :
836 1825 925 1852 neque
938 1819 1011 1846 enim

222 1859 280 1887 ﬁeri
296 1865 384 1894 potest
396 1865 425 1888 ut
442 1862 505 1896 quis
527 1869 701 1890 cotumunem
720 1863 790 1890 hanc
806 1864 888 1890 vitam
907 1865 1011 1897 vivens,

221 1905 249 1932 in
278 1906 413 1933 infernum
434 1907 591 1935 descendat.
614 1907 746 1941 Quoniam
776 1916 842 1944 ergo
871 1909 954 1937 Judas
985 1914 1012 1937 et

223 1953 340 1987 populus
363 1953 517 1981 .Iudaaorum
545 1954 571 1981 in
597 1954 655 1989 lege
675 1959 703 1981 et
729 1955 870 1989 prophetis
895 1956 1011 1984 instituti

223 2003 297 2030 sunt.
313 1999 440 2026 veniente
455 2007 537 2034 super
551 1999 611 2027 illos
627 2004 716 2028 morte
729 2009 790 2036 qua:
810 2006 955 2035 peccatum
967 2010 1011 2030 se-

222 2047 326 2081 quitur,
348 2047 473 2074 viventes
497 2047 524 2074 in
551 2047 687 2074 infernum
711 2048 892 2076 descendunt.
923 2049 1011 2076 Simili

222 2099 304 2120 sensu
320 2093 402 2120 etiam
418 2100 535 2128 sequens
552 2094 650 2121 dicitur
664 2093 826 2126 versiculus,
849 2104 858 2120 1
875 2094 1012 2128 Quoniam

223 2138 343 2172 nequitia
360 2139 386 2166 iu
401 2139 587 2166 tabernaculis
603 2147 699 2166 eorum
718 2140 744 2166 in
771 2140 860 2167 medio
875 2148 983 2168 eorum.
999 2150 1008 2166 1

224 2183 280 2211 Etsi
303 2184 375 2211 enim
399 2184 568 2212 viviﬁcarum
591 2184 795 2220 Scripturarum
812 2192 938 2221 expertes
959 2195 1012 2215 non

1065 1586 1165 1614 αὐτῶν
1188 1586 1223 1613 ἐν
1242 1585 1327 1620 μέσῳ
1347 1583 1458 1615 αὐτῶν,
1483 1592 1510 1610 κ.
1530 1593 1554 1610 τ.
1573 1584 1595 1610 ὲ.
1623 1583 1743 1610 ἘλΘέτω
1756 1583 1790 1619 δὴ
1806 1584 1857 1618 (16)

1066 1634 1180 1664 Θάνατος
1204 1633 1247 1658 ἐπ’
1267 1631 1382 1663 αὐτοὺς,
1403 1630 1521 1662 θάνατος
1536 1631 1550 1656 ὁ
1569 1630 1683 1666 διαιρῶν
1703 1630 1795 1666 ψυχὴν
1808 1630 1858 1656 ἀπο

1066 1680 1174 1710 κακίας.

1104 1725 1158 1753 Τοῦ
1168 1724 1271 1751 αὐτοῦ.
1297 1724 1410 1750 Ἐκεῖνοι
1427 1723 1467 1754 εὶς
1483 1723 1547 1760 ᾅδου
1568 1722 1625 1757 (47)
1640 1722 1744 1755 ζῶντες
1762 1722 1860 1760 κατέρ-

1066 1780 1166 1807 χονται,
1174 1771 1203 1798 οὐ
1213 1771 1365 1806 κατήχησιν
1372 1770 1426 1797 τῶν
1439 1770 1518 1798 θείων
1531 1769 1727 1804 παιδευμάτων
1736 1769 1844 1803 ἔχοντες
1851 1776 1858 1782 ·

1065 1819 1080 1845 ὁ
1095 1817 1150 1853 γὰρ
1163 1817 1295 1852 ἄγευστος
1312 1817 1366 1843 τῶν
1385 1817 1435 1852 τῆς
1452 1817 1526 1852 ζωῆς
1546 1817 1633 1850 λόγων
1649 1815 1749 1851 νεκρός
1771 1816 1858 1841 ἔστιν·

1066 1865 1096 1890 οὐ
1122 1864 1176 1899 γὰρ
1199 1861 1255 1890 οἷόν
1280 1872 1310 1889 τε
1326 1863 1423 1895 ζῶντά
1448 1871 1510 1890 τινα
1532 1863 1582 1897 τὴν
1608 1862 1704 1898 κοινὴν
1724 1862 1800 1896 ζωὴν
1824 1862 1859 1892 si;

1066 1911 1134 1946 ᾇδην
1154 1910 1344 1946 κατέρχεσθαι.
1382 1910 1459 1936 Ἐπεὶ
1484 1907 1530 1936 οὖν
1556 1909 1660 1940 Ἰούδας
1680 1908 1730 1934 κα1¹
1755 1909 1771 1934 ὁ
1800 1907 1860 1938 λαὸς

1073 1955 1205 1982 Ἰουδαίων
1221 1956 1373 1991 κατήχησιν
1392 1953 1464 1990 εἶχον
1482 1955 1528 1982 τοῦ
1548 1955 1632 1990 νόμου
1649 1954 1697 1980 καὶ
1719 1953 1777 1979 τῶν
1799 1961 1860 1988 προ-

1067 2001 1169 2036 φητῶν,
1187 2001 1301 2028 θανάτου
1318 2001 1361 2027 ἐπ’
1379 2001 1478 2032 αὐτοὺς
1498 1999 1647 2036 ἐρχομένου
1663 1998 1711 2025 τοῦ
1727 1998 1859 2033 ἑπομένων

1066 2048 1099 2082 τῇ
1115 2047 1248 2082 ἁμαρτίᾳ,
1264 2046 1364 2078 ζῶντες
1385 2047 1424 2077 εις
1440 2046 1505 2082 ᾇδην
1525 2045 1716 2081 κατέρχονται.
1741 2043 1861 2070 Ἀκολού-

1067 2092 1121 2124 οως
1141 2093 1210 2119 καὶὸ
1224 2092 1420 2128 ἐπιφερόμενος
1432 2092 1541 2126 λέγεται
1557 2091 1658 2126 στίχος,
1680 2101 1688 2115 1
1708 2091 1773 2116 Ὅτι
1787 2098 1863 2124 πονη-

1069 2139 1116 2174 ρία
1133 2139 1162 2165 ὲν
1177 2140 1237 2170 ταῖς
1251 2138 1408 2174 παροικίαις
1428 2138 1517 2164 αὐτῶν
1539 2138 1568 2164 ὲν
1591 2137 1667 2172 μέσῳ
1682 2136 1786 2163 αὐτῶν.
1811 2146 1820 2161 1
1835 2136 1862 2162 Ei

1068 2185 1122 2220 γὰρ
1137 2184 1183 2211 καὶ
1195 2185 1292 2220 πεῖραν
1307 2181 1379 2219 εἶχον
1391 2183 1444 2210 τῶν
1458 2183 1598 2216 ζωοποιὼν
1609 2183 1740 2218 Γραῳῶν,
1757 2183 1790 2208 οὐ
1803 2190 1863 2208 κατ-

225 2229 345 2262 fueruut,
363 2238 415 2257 non
436 2230 488 2257 lixa
506 2230 533 2257 iu
551 2231 615 2264 illis,
635 2231 683 2259 sed
706 2232 862 2260 transitoria
884 2234 1010 2260 taberna-

1104 2239 1186 2266 ιησαν,
1202 2230 1270 2256 ἀλλὰ
1284 2229 1464 2265 παρῴκησαν,
1485 2230 1514 2255 ὲν
1530 2229 1635 2260 αὑταῖς.
1649 2228 1696 2259 Τὸ,
1716 2237 1725 2254 1
1743 2227 1864 2263 Πονηρξει

223 2275 284 2303 cuia
294 2276 460 2303 habuerttnt.
473 2276 546 2303 Istud
561 2286 568 2304 :
584 2286 593 2302 t
611 2276 735 2311 Nequitia
746 2277 772 2304 in
784 2278 873 2306 medio
883 2286 989 2311 eorum,
1000 2288 1010 2305 1

223 2322 295 2349 idem
314 2327 356 2349 est
373 2329 406 2349 ac
421 2322 443 2349 si
459 2322 580 2355 dicatur,
595 2323 676 2358 732
700 2323 727 2350 in
743 2324 826 2351 animi
847 2324 1012 2359 principatu.

223 2367 252 2394 lu
270 2368 360 2395 medio
375 2368 447 2394 enim
466 2367 585 2401 cujusvis
603 2368 731 2396 animalis
752 2376 813 2396 esse
836 2369 947 2397 dicitur.
966 2370 1014 2397 Vel

223 2414 306 2441 etiam
323 2414 388 2441 illud
404 2422 411 2441 :
438 2422 449 2440 1
468 2413 495 2440 111
512 2413 648 2441 infernum
671 2414 805 2447 viventes,
828 2423 837 2440 1
860 2415 932 2443 hunc
948 2423 1013 2444 sen-

222 2467 282 2487 sum
292 2460 373 2487 habet
383 2468 390 2486 :
400 2459 489 2487 subito
502 2460 665 2487 moriantur.
678 2469 687 2485 1
702 2459 889 2488 Taberuaeula
900 2471 909 2488 1
922 2467 1012 2490 autem

223 2510 304 2532 vocat
328 2505 543 2540 uniuscuiusque
575 2507 657 2533 vitam
694 2511 806 2541 propter
838 2507 1011 2536 brevitatem.

1066 2278 1094 2303 ὲν
1118 2276 1194 2312 μέσῳ
1209 2275 1310 2307 αὐτῶν,
1329 2286 1337 2302 1
1357 2276 1480 2302 τουτέστι
1495 2274 1534 2310 τῷ
1545 2273 1716 2310 ἡγεμονικῷ.
1732 2273 1780 2300 Ἐν

1065 2324 1119 2359 γὰρ
1134 2321 1203 2350 εἶναι
1214 2323 1321 2357 λέγεται
1331 2322 1377 2349 τοῦ
1390 2322 1451 2348 ὅλου
1464 2321 1582 2353 ζὼου.“ῐί
1598 2320 1646 2347 καὶ
1659 2319 1702 2351 τὸ,
1720 2329 1730 2345 1
1744 2320 1795 2351 Εἰς
1805 2319 1865 2354 ᾅδου

1065 2370 1176 2403 ζῶντες,
1190 2380 1198 2395 1
1210 2369 1349 2404 αἰφνιδίως
1362 2368 1530 2396 ἀποθάνειεν.
1543 2377 1553 2393 1
1568 2368 1720 2403 Παροικίας
1730 2377 1740 2393 1
1753 2368 1784 2394 δὲ
1793 2366 1866 2393 καλεῖ

1064 2417 1110 2444 τὸν
1125 2417 1240 2444 ἑκάστου
1259 2416 1315 2451 βίον
1334 2415 1378 2442 διὰ
1396 2415 1426 2441 τὸ
1443 2414 1637 2450 ὀλιγοχρόνιον.
1654 2414 1728 2449 Φησὶ
1749 2412 1810 2444 οὖν,
1826 2413 1864 2438 ὅτι

1068 2465 1114 2490 καὶ
1130 2465 1145 2490 ὁ
1162 2463 1217 2498 βίος
1237 2462 1327 2489 αὐτῶν
1344 2463 1390 2489 καὶ
1407 2463 1423 2497 ἡ
1443 2461 1500 2497 ζωὴ
1516 2461 1607 2496 πάσης
1621 2461 1805 2496 πεπλήρωται
1819 2467 1861 2485 πο-

1066 2509 1162 2546 νηρίας
1183 2510 1229 2535 καὶ
1249 2509 1358 2541 κακίας,
1382 2508 1433 2534 οὐκ
1455 2508 1616 2535 ὲννοοὺντων
1630 2508 1662 2533 τὸ
1671 2507 1862 2544 ὀλιγοχρόνιον.

221 2552 404 2585 Quamobrem
422 2552 461 2580 ait
477 2553 560 2580 vitam
575 2561 670 2581 eorum
691 2554 764 2580 omni
787 2555 918 2589 repletam
936 2563 998 2584 esse
1021 2558 1142 2592 nequitia
1158 2577 1165 2585 .
1191 2557 1255 2583 dum
1281 2564 1334 2583 non
1360 2555 1504 2582 attendunt
1525 2562 1606 2589 quam
1627 2554 1706 2581 brevi
1737 2552 1864 2588 temporis

222 2601 312 2635 spatio
327 2601 519 2628 com-ludatur.

259 2649 340 2676 Vsus.
363 2648 405 2675 19.
433 2648 553 2682 Vespere,
576 2653 600 2675 ct
624 2657 710 2680 mane,
728 2653 752 2675 et
769 2649 876 2676 meridie
896 2651 1010 2678 narrabo

1106 2649 1254 2683 Ἐσπέρας
1275 2649 1325 2676 καὶ
1347 2649 1421 2683 πρωῒ
1444 2648 1492 2674 καὶ
1511 2648 1702 2683 μεσημϐρίας
1725 2646 1862 2682 διηγήσο-

221 2698 245 2719 ει
267 2694 441 2726 unuantinbo,
455 2700 478 2721 et
496 2694 617 2721 exaudiet
638 2703 727 2721 vocem
750 2703 846 2726 meum,
863 2699 917 2723 etc.
938 2695 1010 2724 ltttet'

1107 2705 1134 2729 ι,
1154 2695 1204 2722 καὶ
1228 2693 1397 2730 ἀπαγγελῶ,
1428 2694 1477 2720 καὶ
1492 2695 1715 2721 -εὶσακούσεται
1732 2693 1790 2727 τῆς
1813 2701 1864 2727 9‘s;-

260 2793 318 2844 (ιη
335 2794 400 2827 Τοῖς
414 2794 473 2822 ἀπὸ
486 2796 603 2829 κακίας,
624 2801 677 2823 etc.
691 2796 775 2824 idem.

260 2829 303 2844 [ιξ
332 2831 555 2844 νησησλμ-,,-ρ...
593 2833 677 2844 Ltus...
712 2834 770 2844 vr)...

222 2863 244 2890 υ
259 2829 314 2890 (ius:
328 2831 565 2869 ζῇαταπόντισον,
589 2833 684 2866 Κύριε,
712 2834 817 2866 Τίνων,
842 2839 894 2861 etc.
914 2834 1014 2862 Catena

246 2871 276 2890 ur
314 2871 358 2891 nt.

1108 2799 1163 2831 (46)
1186 2799 1312 2826 Ἐλθὲτω
1324 2798 1373 2831 δή.
1388 2803 1441 2825 etc.
1459 2797 1573 2825 Scheda:
1585 2798 1693 2825 Grabii.

1106 2835 1170 2897 (ΗΞ¹
1182 2834 1307 2861 Ἐκεῖνοι
1323 2835 1366 2866 εἰς
1382 2833 1466 2867 ᾅδου,
1483 2838 1536 2861 etc.
1563 2834 1655 2861 Codex
1683 2833 1864 2860 Coisliuianu:

1071 2878 1152 2897 sccuu
1174 2878 1216 2898 us.
