1886 3052
30 140 41 166 ί
46 139 92 167 ιω

533 138 686 166 SELECTA
706 139 739 166 IN
760 139 928 167 PSALMOS.
945 154 977 159 —-
999 138 1094 166 PSAL.
1114 138 1170 166 LV.

1579 140 1646 168 1470

31 197 84 231 γῆς
95 205 163 232 μου.
177 205 204 224 κ.
221 205 246 234 τ.
264 197 287 223 ἐ.
311 196 354 222 Ἐν
372 195 447 232 μέσῳ
461 195 509 222 τοῦ
534 197 605 232 πρωῒ
617 197 672 232 (48)
695 199 742 224 καὶ¹
758 198 803 232 τῆς

884 206 973 233 aspere
992 203 1020 225 et
1040 206 1118 226 mane
1139 202 1181 226 est
1203 198 1340 227 meridies.
1364 198 1442 227 Mane
1466 199 1583 228 luctatus
1605 206 1647 228 est

32 243 140 279 ἑσπέρας
156 243 229 270 ἐστὶν
247 244 263 279 ὴ
281 243 450 279 μεσημϐρία.
472 243 528 269 Καὶ¹
548 244 562 270 6
583 244 631 279 μὲν
651 244 748 272 Ἰακὼϐ
763 245 810 280 ὀρ-

31 289 119 327 θρίσας
144 289 257 316 ἑπάλαιε
292 289 360 325 μετὰ
390 289 506 324 ἀγγέλου
522 298 528 304 ·
567 290 693 326 Ἀϐραὰμ
720 291 749 318 δὲ
782 293 810 319 ὲν

32 336 181 372 μεσημϐρίᾳ
192 335 265 372 ἑώρα
281 337 344 367 τοὺς
358 335 505 370 ἀγγέλους
521 335 582 363 Λὼτ
603 337 632 363 δὲ
649 337 678 363 ἐν
695 337 808 373 ἑσπέρᾳ.

63 381 117 409 Τοῦ
131 382 232 409 αὐτοῦ.
245 392 254 408 ι
265 382 400 417 Ἐσπέρας
413 393 422 408 ι
434 382 500 416 (49),
513 382 584 409 κατὰ
599 382 648 418 τὴν
665 383 810 419 ἑνδεκάτην

33 427 106 463 ὤραν,
131 427 195 463 περὶ
209 428 260 460 τὴν
277 428 404 464 τελευτὴν
421 428 469 455 τοῦ
489 429 591 464 κόσμου
601 449 609 460 ,
625 429 668 455 ὅτε
683 428 784 456 ἔπαθεν
796 431 810 456 6

30 474 141 510 ΣωτήρΛ
151 473 236 510 Πρωῒ,
248 484 257 500 ι
267 474 310 500 ὅτε
317 474 426 509 ἀνέστη.
439 483 448 499 ι
460 473 649 509 Μεσημϐρίας,
661 484 670 499 ι
679 474 723 500 ὅτε
737 474 811 509 ισχυ-

30 520 130 556 ρότερον
151 520 306 552 πεισθέντες
325 520 497 547 ἐπίστευσαν.
514 521 548 546 Ἦ
562 521 676 556 ἄρχεται
690 521 739 556 τῆς
752 521 810 556 διη-

29 567 126 601 γήσεως
147 566 276 601 ἑσπέρας.
298 566 344 592 καὶ
369 564 488 600 ἀκμάζει
509 565 538 591 ὲν
558 565 632 600 αὐτῷ
655 565 744 600 πρωῖ’
762 565 810 592 καὶ

27 612 116 639 τελειοῖ
131 611 307 647 ἀκμαζούσης
321 612 429 647 ἡμέρας
439 611 468 638 ὲν
482 611 650 647 μεσημϐρίᾳ.

58 657 271 685 Εὶσακούσεται
285 658 301 683 ὁ
319 655 451 689 Θεὸς-,καὶ
464 656 641 682 ταπεινώσει
655 655 767 688 αὐτοὺς
793 656 810 681 ὁ

27 703 161 738 ὑπάρχων
176 702 233 737 πρὸ
252 701 312 728 τῶν
327 701 442 728 αἰώνων
453 709 460 716 ·
480 701 516 728 οὐ
532 700 587 735 γάρ
607 701 692 727 ἐστιν
707 700 809 732 αὐτοῖς

27 748 222 783 ἀντάλλαγμα,
250 748 299 775 καὶ
327 749 383 775 οὐκ
414 746 608 781 ἐφοϐήθησαν
637 747 691 773 τὸν
722 746 807 778 Θεὸν,

27 805 50 822 κ.
64 805 87 823 τ.
101 796 123 822 ἑ.
133 796 163 822 Εἰ
173 795 261 822 πάντα
268 795 301 821 δι’
310 793 392 821 αὑτοῦ
403 793 459 829 (50)
468 793 586 827 ἐγένετο,
601 793 690 825 καλῶς
699 793 808 826 λέγεται

26 841 149 876 ὑπάρχειν
161 840 214 875 πρὸ
230 839 284 866 τῶν
300 839 414 866 αἰώνων.
426 840 481 866 Καὶ
492 839 615 865 ἐντεῦθεν
626 837 806 873 γινώσκομεν,

26 888 60 913 ὅτι
75 887 168 918 αἰῶνες
182 886 237 913 ἀπὸ
253 885 300 912 τοῦ
318 885 354 920 μὴ
377 885 453 917 ὃντος
467 885 507 916 εἰς
524 884 554 911 τὸ
567 882 637 910 εἷναι
651 883 801 917 γεγόνασιν.
819 887 841 915 Β

62 932 230 966 Ἑπιρῤιψιον
248 931 297 957 ἐπὶ
307 931 417 964 Κύριον
427 929 485 963 τὴν
498 929 645 964 μέριμνάν
660 937 718 956 σου
730 950 737 962 ,
753 928 803 956 καὶ

26 979 108 1011 αὑτός
133 986 168 1004 σε
195 976 360 1011 διαθρέψει,
383 985 410 1004 κ.
438 985 464 1003 τ.
485 978 508 1003 ἐ.
536 976 581 1006 Ὧς
599 975 722 1010 διέθρεψε
750 974 804 1010 (fil)

27 1024 66 1049 τὴν
79 1023 188 1050 εἰπόντα
211 1021 323 1049 Ἰακώϐ·
349 1031 359 1048 ι
385 1022 413 1048 '0
428 1021 493 1053 θεὸς
506 1022 520 1048 6
532 1020 640 1056 τρέφων
656 1028 689 1055 με
701 1021 733 1046 ἐκ
747 1019 806 1046 νεό-

27 1069 98 1104 τητός
108 1077 167 1105 μου.
184 1078 195 1094 ι

297 1159 444 1186 ΨΑΛΜΟΣ
459 1159 523 1185 ΝΕ¹.

61 1205 202 1240 Ἐλέησόν
220 1213 270 1240 με,
285 1206 302 1232 ό
323 1204 406 1238 Θεὸς,
425 1203 469 1230 ὅτι
492 1202 681 1237 κατεπάτησέ
698 1211 735 1238 με
750 1202 803 1229 ἅν-

26 1254 128 1285 θρωπος
137 1260 144 1267 ·
154 1252 233 1286 ὅλην
243 1251 300 1285 τὴν
308 1250 421 1285 ἡμέραν
429 1249 569 1284 πολεμῶν
577 1249 684 1283 ἕθλιψέ
688 1257 736 1283 με,
745 1257 800 1275 κ.τ.

26 1297 45 1323 ἐ.
60 1297 86 1322 Ὀ
100 1297 214 1332 Χριστὸς
227 1295 282 1331 (52)
296 1295 370 1330 λέγει
385 1294 452 1330 πρὸς
464 1295 510 1321 τὸν
526 1295 649 1330 Πατέρα·
676 1304 684 1318 ι
713 1294 803 1329 Ἐλέη-

27 1341 64 1369 σόν
77 1350 117 1378 με.
137 1351 146 1367 ι
171 1341 241 1368 Θεὸν
255 1341 310 1376 γάρ
326 1349 359 1376 με
374 1341 439 1368 ὅντα
454 1340 596 1376 ἄνθρωπος
619 1340 801 1375 κατεπάτησε.

27 1389 81 1421 Καὶ,
104 1386 189 1423 οἶμαι,
213 1387 337 1415 ἐντεῦθεν
364 1387 484 1423 ἐλήφθη·
514 1396 523 1413 t
559 1387 588 1413 '0
610 1387 656 1413 τὸν
677 1387 741 1413 Υἱὺν
755 1385 802 1412 τοῦ

26 1434 82 1461 Θεοῦ
97 1434 301 1469 καταπατήσας.
316 1443 326 1459 ›

58 1482 107 1508 Τοῦ
123 1482 226 1509 αὐτοῦ.
241 1481 273 1508 Οἱ
294 1481 343 1516 μὲν
360 1479 477 1515 ἐπίγειοι
572 1479 699 1515 δαίμονες
718 1487 803 1505 κατα-

25 1527 142 1554 πατοῦσιν
158 1529 232 1564 ἡμᾶς
242 1536 249 1543 ·
269 1528 293 1554 οἱ
309 1528 338 1554 δὲ
355 1526 526 1562 καταχθόνιοι
543 1526 590 1553 ὲὰν
604 1525 735 1557 ἀναϐᾦσι¹
753 1534 801 1551 κα-
815 1536 836 1564 c

26 1573 158 1600 λύπτουσιν
181 1575 272 1610 ἡμᾶς·
298 1573 338 1600 διὸ
359 1573 485 1609 εἴρηται·
516 1581 525 1598 ι
557 1572 650 1608 Ὅριον
665 1571 726 1598 ἔθου
743 1571 757 1597 ὂ
772 1571 802 1597 οὐ

27 1619 233 1655 ⁵ικιρελεύιτονται,
247 1619 306 1646 οὐδὲ
319 1618 509 1653 ἐπιστρέφουσι
521 1617 640 1652 καλύψαι
655 1617 703 1652 τὴν
714 1617 774 1652 γῆν.
790 1626 800 1643 ι

56 1709 92 1735 Οὐ
109 1708 318 1743 φοϐηθήσομαι
337 1707 364 1734 τι
383 1707 503 1741 ποιήσει
520 1715 571 1741 μοι
585 1706 674 1741 σὰρξ,
692 1716 719 1733 κ.
736 1715 760 1733 τ.
777 1707 799 1734 ὲ.

31 1754 55 1779 '0
69 1754 112 1790 τὴν
128 1754 173 1781 τοῦ
191 1754 287 1781 δούλου
303 1753 359 1789 (54)
377 1753 483 1789 μορφὴν
500 1752 589 1779 λαϐὼν
601 1753 647 1779 καὶ
662 1753 689 1779 ἐν
703 1752 802 1788 ὁμοιώ-

31 1808 83 1833 ματι
96 1800 238 1835 γενόμενος
259 1799 359 1835 σαρκὸς
374 1798 519 1834 ἁμαρτίας,
539 1799 553 1824 6
570 1797 605 1834 μὴ
617 1799 697 1832 γνοὺς
712 1798 801 1833 ἁμαρ-

32 1846 84 1878 τίαν,
91 1847 158 1882 ὑπὲρ
169 1846 251 1882 ἡμῶν
258 1845 392 1881 ἁμαρτίαν
400 1843 584 1879 ἑαυτὸν-ἑποίη
589 1852 628 1874 σε,
640 1844 727 1880 σάρκα
736 1844 801 1870 ἁνα-

33 1892 165 1926 ιαμϐάνων,
181 1892 229 1919 καὶ
246 1891 328 1927 μηδὲν
344 1891 423 1927 μόνος
437 1890 492 1917 τῶν
508 1891 537 1916 ὲν
554 1891 636 1925 σαρκὶ
660 1889 800 1924 ζησάντων

34 1937 153 1973 ιμαρτὼν,
179 1936 354 1974 Θαρῤούντως
376 1936 450 1971 λέγοι
471 1936 517 1962 τό·
544 1944 553 1960 ι
574 1935 607 1962 Τί
629 1937 735 1971 ποιήσει
756 1944 800 1971 μοι

35 1982 84 2017 ῖάρξ
95 1992 101 2015 ;
126 1993 135 2009 ι

54 2029 274 2063 Παροικήσουσι
297 2028 345 2055 καὶ
363 2029 620 2063 κατακρύψουσιν,
636 2028 721 2054 αὐτοὶ
744 2027 801 2062 τὴν

37 2073 142 2107 πτέρναν
157 2083 214 2109 μου
229 2074 403 2109 φυλάξουσι
414 2096 421 2107 ,
441 2084 468 2101 κ.
487 2084 512 2101 τ.
529 2075 552 2101 ὲ.
571 2075 609 2100 Δι’
624 2071 662 2101 ὧν
679 2074 801 2110 ἐνεργοῦ-

38 2126 67 2144 ιεν
82 2119 134 2155 (55)
155 2120 350 2156 ἐπιτηροῦντες
376 2121 485 2156 μαθεῖν·
511 2119 724 2154 καρδιογνῶσται
745 2119 800 2155 γὰρ

39 2163 65 2190 ἰοκ
78 2166 142 2192 εἰσὶν
157 2167 180 2192 οἱ
193 2166 331 2201 δαίμονες.

861 243 945 272 Jztcoh
960 252 1020 271 cunt
1046 244 1161 278 angelo;
1183 244 1297 272 meridie
1318 245 1385 272 vidit
1409 245 1547 272 Abraham
1563 254 1646 281 ange-

861 291 922 323 los;
941 290 991 317 Lot
1009 298 1131 324 vespere.

896 382 1030 415 Ejusdem.
1042 391 1052 406 ι
1062 381 1191 416 Vespere,
1201 391 1210 408 ι
1220 383 1269 409 sul)
1278 382 1371 410 horam
1382 383 1563 416 undecimam,
1572 384 1646 411 circa

861 427 942 455 linem
957 427 1059 459 mundi,
1075 429 1184 462 quando
1198 436 1292 462 passus
1303 433 1343 455 est
1360 429 1492 456 Salvator.
1511 438 1520 454 ε
1532 429 1620 461 Mane,
1634 439 1644 456 ι

859 475 967 509 quando
976 475 1134 502 resurrexit.
1148 484 1157 500 ι
1171 475 1294 507 Meridie,
1308 485 1317 502 ι
1329 475 1436 510 quando
1447 475 1580 510 persuasi,
1591 476 1647 503 lor-

861 520 914 547 tius
925 520 1112 547 crediderunt.
1128 519 1174 547 Vel
1193 521 1302 547 inchoat
1320 521 1505 548 narrationem
1527 521 1644 555 vesperi.

859 570 886 592 et
901 565 972 599 viget
984 566 1040 600 ipso
1053 573 1152 599 mane;
1166 571 1248 600 atque
1260 567 1349 593 adulta
1363 566 1418 600 jam
1433 566 1476 594 die
1490 567 1517 593 in
1530 567 1644 594 meridie

859 611 932 638 illam
951 612 1068 646 perlicit.

897 657 978 684 Vens.
997 657 1043 684 ‘20.
1067 657 1196 685 Exaudiet
1213 657 1296 689 Deus.
1320 664 1342 684 et
1363 657 1514 684 Immiliabit
1532 665 1575 684 eos
1596 658 1644 692 qui

858 707 894 728 est
907 707 967 729 ante
983 703 1091 730 arcula.
1115 702 1175 729 Non
1198 703 1267 730 enim
1288 707 1326 730 est
1347 703 1400 730 illis
1420 703 1604 735 contmutatt'o,
1620 708 1645 730 el

858 756 909 774 non
922 748 1064 774 timuerunt
1076 748 1170 781 Deum,
1186 753 1239 775 elc.
1255 749 1283 775 Si
1298 749 1389 775 omnia
1404 756 1452 783 per
1468 749 1554 783 ipsum
1573 749 1644 775 facta

857 798 932 825 sunt.
950 794 1061 828 pulchre
1076 794 1176 821 dicitur
1191 801 1251 821 esse
1269 799 1332 821 ante
1346 795 1454 822 steculn.
1476 794 1544 822 llinc
1561 795 1644 821 etiam

858 840 1048 874 cognoscimus
1061 842 1170 873 smeula,
1183 848 1244 867 cutn
1257 848 1310 867 non
1326 846 1427 873 essent,
1441 848 1502 868 esse
1515 841 1644 875 coepisse.

893 926 976 954 Vens.
995 927 1040 955 ‘25.
1061 928 1140 955 laeta
1156 937 1234 962 super
1252 928 1392 955 Dominum
1410 937 1502 955 curam
1519 933 1602 960 tuam,
1619 933 1646 955 et

856 971 910 1006 ipse
924 977 949 999 tr
963 974 1086 1004 enutriet,
1098 978 1152 1000 etc.
1169 974 1402 1007 Quemadmodum
1417 974 1644 1002 euutrivitJueoh

856 1018 901 1052 qui
927 1019 1016 1046 dixit:
1042 1029 1050 1045 ι
1074 1020 1145 1048 Deus
1168 1021 1214 1055 qni
1238 1020 1368 1048 enutrivit
1391 1029 1433 1048 me
1458 1029 1472 1048 a
1496 1020 1641 1054 iuventute

856 1071 915 1091 mea
927 1065 960 1091 δ’.
984 1075 994 1091 ι

1131 1157 1290 1186 PSALMUS
1310 1158 1364 1188 LV.

894 1202 975 1230 Vens.
995 1203 1024 1230 2.
1045 1203 1170 1230 Miserere
1188 1205 1250 1237 mei,
1284 1205 1363 1239 Deus,
1389 1206 1514 1241 quoniam
1535 1206 1642 1233 cancul-

855 1249 922 1275 τηνεὶ
945 1257 986 1275 me
1008 1249 1106 1276 Immo:
1122 1255 1176 1276 tota
1199 1251 1239 1278 die
1256 1252 1413 1286 impugnans
1433 1252 1568 1284 tribulauit
1590 1261 1642 1285 me,

855 1299 910 1322 etc.
929 1295 1054 1322 Christus
1080 1296 1113 1322 ad
1133 1295 1239 1323 Patrem
1261 1297 1348 1324 dicit:
1370 1305 1380 1323 ι
1401 1297 1528 1324 Miserere
1548 1298 1612 1326 tnei.
1630 1307 1640 1324 ι

856 1340 898 1367 Me
913 1340 997 1372 enim,
1013 1341 1059 1375 qui
1075 1341 1146 1368 Deus
1160 1349 1231 1375 sum,
1254 1342 1338 1370 homo
1356 1343 1536 1370 conculcavit.
1555 1344 1643 1377 Atque

858 1387 932 1419 hinc,
947 1387 1052 1421 opinor.
1069 1393 1207 1422 sumptum
1221 1393 1264 1416 est
1278 1388 1364 1416 illud:
1386 1397 1395 1415 ι
1414 1388 1465 1422 Qui
1479 1388 1576 1417 Filium
1594 1389 1643 1417 Dei

857 1433 1029 1460 concnleavit
1042 1434 1076 1460 ³⁸.
1096 1442 1105 1459 ι

892 1478 1029 1512 Ejusdem.
1049 1478 1163 1506 Terreni
1177 1479 1313 1507 daemones
1327 1480 1489 1508 conculcant
1508 1489 1576 1514 nos;
1601 1482 1643 1509 in-

855 1524 924 1552 ferni
947 1530 1047 1556 autem,
1072 1525 1096 1552 si
1122 1526 1306 1559 ascenderint,
1333 1526 1461 1560 operiunt
1486 1535 1546 1554 nos.
1570 1528 1642 1560 Qua-

857 1576 967 1605 propter
988 1571 1091 1598 dictum
1123 1577 1190 1599 est:
1215 1580 1224 1597 ι
1250 1571 1407 1600 Terminum
1427 1573 1538 1608 posuisti
1561 1581 1640 1608 quem

856 1625 908 1644 non
934 1619 1181 1653 transgredientur,
1204 1625 1293 1652 neque
1315 1624 1513 1646 convertentur
1534 1620 1642 1654 operire

856 1668 956 1690 terram
969 1663 1002 1690 ⁸⁸.
1022 1673 1032 1689 i

891 1707 972 1735 Vens.
992 1708 1018 1736 5.
1041 1707 1103 1736 Non
1116 1708 1209 1736 timeba
1223 1709 1286 1744 quid
1302 1709 1384 1743 faciat
1403 1710 1468 1737 mihi
1491 1718 1565 1743 caro,
1586 1715 1640 1739 etc.

854 1753 905 1787 Qui
920 1754 992 1780 servi
1007 1753 1121 1780 formam
1135 1755 1241 1788 accepit
1251 1759 1278 1781 et
1290 1755 1316 1782 in
1332 1754 1538 1782 similitudinem
1551 1755 1640 1784 factus

854 1803 894 1826 est
911 1799 1001 1826 carnis
1021 1799 1142 1832 peccati,
1163 1800 1208 1833 qui
1234 1804 1376 1834 peceatum
1403 1808 1454 1827 non
1482 1801 1567 1833 novit,
1591 1809 1641 1836 pro

854 1844 932 1871 nobis
949 1848 1088 1878 peccatum
1113 1845 1230 1878 seipsum
1254 1845 1328 1878 fecit,
1353 1853 1463 1873 carnem
1485 1854 1639 1880 assumens,

854 1889 981 1922 solusque
998 1896 1093 1916 eorum
1106 1890 1150 1923 qui
1165 1890 1190 1916 iu
1206 1897 1290 1918 carne
1302 1891 1397 1917 vivunt
1410 1892 1513 1925 peccati
1528 1899 1638 1927 expers,

854 1935 1022 1963 conﬁdenter
1035 1935 1154 1962 dixerit:
1172 1943 1182 1960 ι
1201 1934 1270 1969 Quid
1287 1935 1368 1963 faciet
1385 1936 1450 1963 mihi
1469 1943 1534 1964 caro
1545 1937 1558 1964 3
1572 1947 1582 1964 ο

890 2021 970 2049 Vsus.
977 2021 1005 2048 7.
1014 2021 1094 2057 733
1105 2020 1292 2049 Inhabitabuut
1300 2026 1323 2049 et
1333 2023 1509 2050 abscondent:
1522 2023 1573 2057 ipsi
1580 2023 1638 2050 cal-

853 2075 962 2094 caneum
976 2076 1061 2094 meum
1072 2066 1255 2101 obrervabuut,
1269 2073 1324 2096 etc.
1338 2068 1390 2094 l‘er
1404 2075 1435 2095 ea
1450 2075 1510 2103 qua
1523 2068 1637 2102 agimus,

853 2114 958 2142 discere
971 2114 1123 2142 studentes.
1137 2114 1233 2142 Cordis
1245 2114 1317 2142 enim
1331 2115 1456 2142 notitiam
1469 2122 1524 2142 non
1536 2115 1640 2143 habent

852 2160 998 2188 daemones.

56 2210 105 2237 Τοῦ
123 2211 227 2238 αὐτοῦ.
262 2211 377 2245 Ὁμοίως
390 2210 428 2246 τῷ
443 2210 499 2245 (56)
517 2209 576 2244 ὄφει
593 2210 616 2235 oi
629 2209 752 2244 πονηροὶ,
763 2209 800 2241 ὡς

889 2206 1027 2241 Ejusdem.
1047 2207 1088 2234 Ad
1113 2207 1200 2236 instar
1223 2208 1358 2241 serpentis
1379 2207 1422 2235 cui
1446 2208 1547 2235 dictum
1575 2213 1638 2235 est:

41 2251 133 2288 ῐρηται·
152 2265 161 2282 ι
182 2255 238 2282 Καὶ
260 2256 292 2281 σὺ
308 2256 439 2291 τηρήσεις
460 2254 541 2281 αὑτοῦ
566 2254 696 2290 πτέρναν,
723 2264 732 2280 ι
750 2255 799 2291 τὴν

42 2299 130 2334 τὲρναν
141 2300 260 2337 Χριστοῦ
283 2301 300 2336 ἣ
318 2300 364 2327 τοῦ
379 2300 484 2327 δικαίου
503 2300 660 2335 φυλάξουσι.

60 2347 109 2373 Τοῦ
131 2347 333 2382 εὐιρσστῆο-αι
356 2346 484 2373 ἐνώπιον
499 2346 551 2373 τοῦ
571 2346 644 2373 Θεοῦ
666 2345 700 2371 ἐν
727 2345 800 2379 φωτὶ

44 2390 140 2424 ὃντων,
155 2401 184 2419 κ.
200 2401 225 2419 τ.
245 2393 268 2418 ὲ.
285 2391 344 2423 Φῶς
355 2390 463 2424 ζώντων
480 2391 536 2426 (57)
550 2391 622 2417 ἐστὶν
638 2392 654 2426 ἡ
668 2390 768 2424 γνῶσις
783 2391 798 2425 ἡ

45 2436 69 2464 iw
86 2438 217 2472 ἀγγέλων.

54 2481 76 2498 δ’
86 2482 151 2511 Gen.
166 2491 264 2515 xum,
277 2483 321 2510 l5.
360 2483 382 2498 "°
400 2482 482 2510 Hebr.
493 2490 521 2514 Χ,
536 2482 582 2509 28.
620 2482 644 2498 "
658 2481 730 2510 Psul.
742 2482 828 2514 cut,9.

54 2529 103 2563 (48)
125 2532 176 2557 Ἐν
186 2531 272 2565 μέσῳ
286 2530 340 2557 τοῦ
355 2531 438 2564 πρωΐ.
454 2535 507 2557 etc.
524 2530 635 2557 Schedm
654 2529 759 2565 Graliii.

54 2565 104 2600 (49)
126 2563 286 2599 Ἐσέτέρας.
300 2563 399 2592 Catena
415 2565 536 2592 Corderii
548 2570 572 2592 et
591 2565 675 2593 codex
701 2563 798 2592 Coisli-

49 2605 108 2626 Inus
122 2604 267 2627 secundus.

63 2633 103 2669 50)
117 2637 149 2663 El
167 2636 269 2662 πάντα
287 2635 325 2662 δι’
338 2635 442 2665 αὐτοῦ.
460 2639 513 2663 etc.
527 2634 639 2662 Schedm
656 2633 757 2661 Grabii.

63 2668 98 2729 sit
117 2670 164 2703 Ὧς
175 2670 326 2705 διέθρεψε,
349 2675 402 2698 etc.
425 2670 517 2697 Codex
549 2670 729 2697 Coisliniauus
752 2676 797 2696 se-

63 2711 75 2729 N
86 2713 123 2729 IIS.

51 2710 123 2731 Mus.

53 2737 105 2774 (52)
123 2739 155 2767 ὀ
171 2741 311 2775 Χριστός,
327 2745 382 2771 etc.
397 2740 487 2769 Codex
503 2740 682 2768 Coislinianus
696 2746 791 2767 secun-

854 2261 863 2278 ι
882 2252 914 2279 Et
935 2257 962 2280 tu
982 2252 1141 2280 observabis
1165 2253 1224 2288 ejus
1250 2253 1407 2280 calcaneum
1427 2254 1462 2286 ",
1485 2262 1496 2279 ι
1523 2253 1639 2288 improbi

852 2298 1010 2326 calcaneum
1026 2298 1126 2326 Christi
1142 2299 1185 2326 vel
1199 2299 1265 2333 justi
1279 2299 1473 2327 observabunt.

887 2343 969 2371 Vens.
991 2344 1035 2371 l5.
1056 2343 1091 2371 Ut
1110 2345 1228 2377 placeam
1247 2353 1336 2372 coram
1359 2345 1413 2372 Deo
1435 2345 1463 2372 in
1486 2344 1585 2372 lumine
1600 2345 1639 2372 ri-

852 2391 976 2423 ventium,
990 2395 1043 2418 etc.
1059 2390 1162 2417 Lumen
1185 2391 1333 2419 viventium
1353 2397 1394 2420 est
1415 2392 1532 2426 cognitio
1551 2399 1637 2426 augeo

854 2436 951 2462 lorum.

867 2483 890 2498 "‘
904 2482 973 2510 Gen.
992 2491 1032 2515 tu,
1048 2484 1091 2511 l5.

890 2530 945 2567 (ᾕό)
960 2532 993 2557 Ol
1004 2531 1062 2567 μὲν
1078 2532 1211 2567 ἐπίγειοι.
1227 2537 1280 2559 etc.
1297 2531 1409 2560 Schedze
1424 2530 1529 2558 Grabii.

887 2565 943 2600 (δι)
966 2566 993 2592 '0
1006 2565 1069 2601 τὴν
1083 2565 1138 2595 τοῦ
1149 2566 1271 2600 δούλου,
1286 2572 1338 2594 etc.
1350 2567 1440 2594 Codex
1455 2565 1639 2594 Coislinianus

851 2601 997 2670 sicgsnf‘fi
1010 2633 1054 2662 ὧν
1066 2636 1255 2671 ἐνεργοῦμεν,
1268 2640 1320 2663 etc.
1338 2636 1450 2671 Scheda:
1461 2634 1564 2662 Grnhii.

886 2670 941 2705 (56)
963 2671 1086 2705 Ὁμοίως
1100 2671 1149 2704 τῷ,
1165 2676 1218 2699 etc.
1233 2671 1322 2698 Codex
1337 2670 1519 2698 Coislinianus
1536 2677 1637 2701 secun-

850 2705 941 2776 ὼ¹ἷέη
959 2739 1023 2774 Φῶς
1034 2739 1158 2774 ζώντων,
1176 2744 1228 2768 etc.
1250 2740 1362 2769 Scltcdae
1378 2741 1482 2769 Grabii.
