1886 3052
43 139 114 168 1.575

535 147 687 175 Sl-ILECT.\
712 149 742 175 lX
763 150 928 180 i‘hALilOS.
952 169 984 173 ~
1006 154 1102 182 I’SAL.
1125 155 1201 182 LVII.

1614 163 1681 191 HTI

40 201 160 237 Ἷδωμεν
168 203 195 229 τί
212 203 285 230 ἐστιν
300 204 357 239 (69)
374 205 480 240 ἀληθῶς
493 207 667 244 δικαιοσύνην
679 209 779 241 λαλεῖν,
794 219 809 237 κ

918 213 1039 241 ideamus
1053 215 1117 249 quid
1134 214 1170 241 sit
1191 222 1253 242 vere
1267 215 1399 248 justitiam
1418 217 1555 253 proloqui,
1568 224 1595 246 et.
1613 227 1679 254 quot

36 249 148 284 ’ἰσαχῶς
162 249 298 285 ἐνδέχεται
312 250 342 277 τὸ
356 251 475 279 τοιοῦτον
492 253 624 286 γίνεσθαι.
648 253 703 281 Καὶ
716 255 776 282 καθ’
791 255 839 282 ἕνα

38 293 92 327 μὲν
107 294 210 330 τρόπον
225 295 400 332 δικαιοσύνην
419 296 477 324 ἔστι
496 298 597 331 λαλεῖν,
624 300 668 326 ὅτε
689 300 753 335 ὑγιῆ
773 301 838 336 περὶ

34 338 216 375 δικαιοσύνης
240 340 310 375 ἔχων
326 350 368 373 τις
387 342 526 377 δόγματα,
548 345 611 380 περὶ
627 347 730 372 τούτων
749 346 837 373 διαλέ-

35 391 120 416 γεται
131 393 138 399 ·
152 385 222 411 κατὰ
236 386 363 422 δεύτερον
378 387 406 414 δὲ
420 389 520 424 τρόπον
534 390 708 427 δικαιοσύνην
730 401 773 424 τις
791 392 837 420 λα-

34 428 79 455 λεῖ
95 430 109 456 ὀ
122 430 176 457 ἀπὸ
195 431 368 468 δικαιοσύνης
386 434 594 471 ἐνυπαρχούσης
610 438 642 472 τῇ
660 437 731 473 ψυχῇ
748 438 836 465 πάντα

34 474 138 509 λέγων,
163 476 329 512 Συναγαγὼν
350 479 379 506 δέ
402 489 444 512 τις
467 481 621 516 ἀμφότερα,
644 483 718 519 εὖροι
742 485 775 511 ἂν
791 485 836 512 τὸν

33 520 150 556 ἀληθῶς
166 523 339 558 δικαιοσύνην
349 524 490 552 λαλοῦντα.
510 528 540 553 υί
557 527 613 563 γὰρ
627 527 726 560 ἔξωθεν
742 531 835 564 φαινό-

35 575 116 601 μενοι
129 569 186 600 τοῖς
200 566 355 605 ἀνθρώποις
370 571 479 603 δίκαιοι,
496 573 598 601 ἔσωθεν
612 575 640 601 δὲ
659 577 752 610 μεστοὶ
771 577 836 604 ὐπο-

32 613 157 648 κρὶσεως
174 615 220 642 καὶ
236 616 350 651 ἀνομίας
358 619 548 654 τυγχάνοντες,
561 621 612 648 κᾶν
620 622 723 649 λαλῶσι
733 623 835 651 δικαιο-

33 659 134 695 σύνην,
149 661 199 688 οὐκ
209 661 317 697 ἀληθῶς
332 663 417 699 αὐτὴν
434 665 570 694 λαλοῦσιν.
594 668 728 703 Ἠγοῦμαι
750 670 778 696 δὲ
794 671 834 697 ὅτι

31 705 127 738 οὐδεὶς
150 706 260 734 δύναται
290 709 464 746 δικαιοσύνην
491 711 627 748 λαλῆσαι,
654 714 691 750 μὴ
713 716 834 751 μετέχων

30 753 169 787 Χριστοῦ,
189 764 198 780 t
213 755 242 786 ὅς
259 757 376 792 ἐγενήθη
390 759 456 794 ἡμῖν
474 760 554 794 σοφία
570 761 623 788 ὰπὸ
636 761 715 794 Θεοῦ,
728 763 832 790 δικαιο-

29 799 103 835 σύνη
113 808 146 826 τε
159 801 205 827 καὶ
219 802 355 837 ἁγιασμὸς
364 823 372 834 ,
389 805 436 831 καὶ
449 805 648 842 ἀπολύτρωσις.
668 818 677 833 ι
706 809 831 836 Ἀκολου-

28 845 76 872 θεῖ
94 846 124 873 δὲ
138 847 168 873 τὸ
181 846 289 884 ἀληθῶς
306 849 397 878 λαλεῖν
416 851 590 889 δικαιοσύνην
610 854 649 890 τῷ
664 855 744 882 εὐθέα
770 857 830 892 κρί-

891 259 977 285 modis
990 260 1075 293 possit
1097 261 1146 287 hoc
1168 261 1236 288 ﬁeri.
1253 262 1340 296 Atque
1360 270 1412 290 una
1437 264 1548 299 quidem
1573 266 1679 294 ratione

890 302 952 330 licet
965 304 1090 337 proferre
1111 305 1253 338 justitiam.
1280 307 1389 341 quando
1411 309 1471 343 quis
1488 317 1554 336 sana
1578 312 1611 338 de
1636 311 1681 346 ju-

888 349 963 376 stitia
990 349 1094 378 habens
1112 352 1249 385 dogmata,
1272 353 1304 379 de
1326 353 1421 380 iisdem
1444 355 1564 382 disserit.
1587 357 1680 384 Altero

889 402 954 421 vero
968 396 1048 426 modo
1062 396 1197 430 justitiam
1212 398 1274 432 quis
1293 398 1425 433 loquitur,
1444 402 1487 435 qui
1503 408 1535 427 ex
1554 402 1633 429 insita
1652 403 1677 430 in

889 440 980 467 animo
996 441 1079 475 ipsius
1093 441 1200 475 justitia
1226 448 1322 470 cuncta
1348 444 1425 471 dicit.
1453 444 1480 472 Si
1502 446 1564 480 quis
1585 452 1676 474 auten.

887 488 1036 519 utrumque
1060 485 1244 520 conjunxerit,
1261 488 1379 522 reperiet
1395 497 1456 516 eum
1478 491 1523 524 qui
1540 499 1604 519 vere
1632 491 1677 526 jn-

887 531 989 557 stitiam
1008 531 1147 564 loquatur.
1162 533 1213 566 Qui
1233 535 1330 560 enima
1356 535 1423 562 l'oris
1439 543 1566 570 apparent
1585 539 1676 566 homi-

888 577 967 604 nibus
980 576 1058 610 justi,
1072 578 1145 605 intus
1161 584 1250 606 autem
1270 580 1341 614 pleni
1357 585 1420 608 sunt
1438 582 1572 616 hypocrisi
1586 588 1613 610 et
1626 583 1676 611 ini-

886 622 990 656 quitate
1010 623 1054 655 5°;
1077 624 1126 651 etsi
1154 624 1300 659 loquantur
1322 626 1475 661 justitiam,
1504 636 1556 655 non
1584 635 1672 657 tamen

885 674 947 694 vere
974 667 1047 695 illam
1071 669 1228 704 loquuntur.
1255 671 1388 700 Existimo
1412 678 1503 700 autent
1538 676 1672 703 nemiuem

884 718 962 745 posse
977 712 1050 747 loqui
1063 714 1210 749 jusutiam,
1227 716 1273 750 qui
1290 724 1343 743 non
1358 717 1393 743 sit
1407 718 1544 752 particeps
1559 719 1673 752 Christi,

887 767 897 783 α
912 759 956 792 qui
973 758 1062 787 factus
1079 765 1122 787 est
1139 762 1219 789 nobis
1240 763 1405 796 sapientiaa
1427 765 1489 797 Deo,
1514 770 1541 792 et
1555 766 1672 801 justitia,

882 808 910 830 et
922 805 1115 839 sanctiﬁcatio,
1129 812 1156 834 et
1168 808 1318 842 redemptio
1329 809 1373 836 “2
1393 820 1401 835 ι
1418 810 1504 838 Porro
1519 819 1580 839 vere
1600 812 1673 847 loqui

879 849 1014 882 justitiam
1031 853 1157 886 sequitur
1172 860 1205 879 ex
1224 859 1298 881 recto
1312 855 1428 890 judicio,
1453 857 1487 883 ita
1506 862 1533 883 ul
1549 858 1615 885 nihil
1636 860 1673 886 sit.

27 899 101 922 νειν,
121 891 192 918 ὥστε
215 893 298 928 μηδὲν
315 893 384 922 εἶναι
409 897 514 924 σκολιὸν
532 899 560 925 ὲν
576 901 632 931 τοῖς
650 901 766 936 κρίμασι

918 897 1022 932 liquttm
1038 898 1186 932 injudiciis
1199 904 1226 927 et
1243 902 1458 936 cogitationibus
1472 905 1529 939 ejus
1545 905 1592 939 qni
1605 913 1669 933 vere

26 936 89 967 τοῖς
105 936 247 973 λογισμοῖς
264 939 311 966 τοῦ
326 940 435 977 ἀληθῶς
448 943 625 980 δικαιοσύνην
637 945 790 980 λαλοῦντος.

67 984 126 1009 Καὶ
147 984 202 1018 γὰρ
223 985 258 1011 ἐν
273 986 380 1020 καρδίᾳ
400 988 536 1023 ἀνομίας,
563 1000 590 1017 κ.
615 1000 640 1018 τ.
664 993 687 1019 ἐ.
708 994 765 1020 Ἵνα
781 994 829 1029 δη-

27 1027 107 1064 λώσῃ
125 1029 179 1065 (70)
194 1031 209 1057 ὁ
221 1030 299 1065 λόγος
311 1033 404 1070 πηγὴν
419 1035 468 1070 μὲν
480 1037 526 1063 καὶ
538 1037 625 1073 ἀρχὴν
639 1039 729 1075 πάσης
742 1027 829 1076 ἀμαρ-

24 1075 91 1106 τίας
107 1075 138 1101 τὸ
157 1076 203 1102 τοῦ
219 1077 321 1111 φαύλου
341 1080 504 1116 ἡγεμονικὸν
517 1103 524 1113 ,
550 1084 670 1119 ἀνομιῶν
686 1075 827 1123 πεπληρω-

27 1120 124 1168 μένον,
144 1121 182 1153 ὥς
203 1131 228 1149 τι
255 1124 344 1159 ῥεῦμα
370 1127 423 1153 ἀπὸ
439 1127 488 1162 τῆς
505 1129 572 1164 γῆς·
598 1130 647 1166 τὴν
669 1131 697 1157 δὲ
715 1120 824 1168 ﬂgiti-tv,

25 1163 62 1200 ἧς
81 1166 216 1202 σύμϐολον
224 1170 250 1195 αἱ
269 1171 368 1206 χεῖρες,
382 1172 430 1207 τὴν
445 1173 498 1200 ἀπὸ
512 1163 559 1200 τοῦ
577 1163 742 1212 ἡγεμονικού
759 1163 826 1214 ’προζ

25 1212 161 1247 αχθεῖσαν
177 1215 304 1252 μελέτην·
317 1219 448 1255 πρότερον
464 1220 512 1255 μὲν
527 1221 557 1248 τὸ
568 1223 638 1250 κατὰ
649 1224 698 1259 τὴν
711 1212 824 1260 καρδίαν

25 1259 167 1295 ὠνόμασε,
180 1262 305 1300 δεύτερον
321 1265 348 1292 δὲ
365 1266 395 1293 τὸ
411 1268 481 1295 κατὰ
498 1268 547 1300 τὰς
561 1271 663 1305 χεῖρας.
677 1259 759 1308 Καὶῆ
773 1273 824 1306 μὲν

25 1306 82 1340 τῆς
97 1307 235 1343 ἁμαρτίας
253 1310 323 1346 ἀρχή
340 1312 413 1337 ἐστιν
428 1313 481 1340 ἀπὸ
497 1314 618 1349 καρδίας,
638 1316 684 1342 καὶ
705 1317 734 1343 τὸ
749 1306 823 1351 τέλος

23 1352 55 1378 ὲν
73 1354 135 1384 ταῖς
156 1355 303 1389 πράξεσιν·
328 1357 374 1384 ἐπὶ
396 1358 424 1385 δὲ
440 1359 494 1385 τῶν
517 1361 736 1396 ἐπιστρεφόντων
756 1365 823 1400 πρὸς

24 1397 94 1424 Θεὸν
117 1398 133 1433 ἡ
150 1399 221 1435 ἀρχὴ
248 1401 296 1435 μὲν
315 1402 368 1428 ἀπὸ
385 1402 434 1437 τῆς
451 1404 556 1439 ἀποχῆς
569 1405 624 1432 τῶν
644 1407 736 1434 κακῶν
755 1397 824 1443 πρά-

23 1442 112 1474 ξεωνσ
133 1444 209 1475 τέλος
222 1445 249 1472 δὲ
265 1447 280 1481 ἡ
293 1446 449 1484 καθαρότης
463 1449 512 1485 τῆς
525 1451 648 1486 καρδίας.
667 1453 767 1488 Διόπερ
778 1442 823 1480 γὲν-

22 1488 116 1516 ταῦοα
133 1490 182 1524 μὲν
200 1491 244 1517 ὅτε
266 1492 421 1528 ἐλέγχονται
438 1496 462 1521 oi
475 1496 580 1530 ψεκτοι,
596 1497 629 1523 τὰ
646 1498 695 1533 τῆς
709 1499 822 1535 καρδίας

22 1536 193 1571 ἀνομήματα
216 1539 365 1575 πρότερον,
388 1542 433 1568 καὶ
462 1542 522 1569 τότε
550 1543 582 1570 τὰ
610 1545 820 1581 συμπλεκόμενα

20 1581 182 1618 ἀδικήματα
195 1585 254 1616 ταῖς
265 1586 360 1621 χερσιν
373 1587 539 1623 ὠνόμασται.
559 1589 630 1616 ’Λντι
637 1590 665 1616 δὲ
673 1591 719 1617 τοῦ
731 1601 739 1616 ι
754 1600 822 1627 συμ-

20 1627 157 1655 πλέκουσι
183 1640 192 1655 ι
217 1630 363 1659 Θεοδοτίων
377 1634 453 1670 καὶὴ
474 1635 585 1671 πέμπτη
599 1636 714 1670 ἕκδοσις,
733 1648 742 1663 ι
763 1638 822 1664 δια-

20 1674 235 1710 σταθμίζουσιν·
251 1688 260 1703 ι
287 1678 399 1711 Ἀκύλας
414 1680 442 1706 δὲ
458 1691 466 1706 ι
481 1681 701 1717 διασταθμίζεται
717 1693 726 1710 ι
742 1693 821 1720 περι-

18 1720 90 1755 έχει.
113 1721 171 1757 Οὐχ
186 1722 223 1754 ὡς
240 1723 328 1759 ἔτυχε,
344 1726 420 1760 φησι,
443 1727 629 1761 συμπλέκουσι
640 1729 690 1764 τὴν
702 1729 819 1763 ἀδικίαν,

17 1767 90 1793 ἀλλὰ
106 1767 151 1794 διὰ
172 1769 273 1802 ταύτας
287 1771 336 1803 τὰς
352 1771 461 1804 κακίας,
479 1772 637 1806 ἐπελθόντος
652 1775 719 1810 αὐτῇ
736 1785 819 1812 στρα-

16 1814 148 1846 τοπέδου,
164 1815 281 1850 ἔφθασεν
298 1818 313 1853 ὴ
331 1819 431 1854 ἀνομία
453 1820 499 1846 καὶ
515 1820 531 1855 ἠ
546 1820 695 1855 ἀντιλογία,
709 1823 756 1849 καὶ
773 1824 819 1849 ἐπὶ

15 1860 53 1886 τὰ
70 1860 149 1897 τείχη
173 1862 259 1897 αύτῆς
275 1864 337 1895 τοὺς
354 1865 538 1900 φρουροῦντας
563 1867 647 1902 αὐτὴν
666 1867 754 1903 ἱεροὺς
770 1869 819 1903 ἀγ-

15 1906 118 1940 γέλους
131 1915 137 1921 ·
155 1908 200 1934 καὶ
214 1908 266 1944 γὰρ
281 1906 352 1936 οὗτοι
367 1911 544 1945 ἐγκατέλιπον
561 1912 644 1948 αὐτὴν
665 1914 817 1949 ἀνομοῦσαν

16 1953 67 1979 καὶ
81 1953 277 1987 ἀντιλέγουσαν
294 1955 456 1992 ἑωρακότες.
480 1958 552 1984 Διότι
572 1968 580 1984 t
596 1959 694 1994 ἀνομία
710 1961 754 1986 καὶ
770 1961 818 1987 πό-

14 2008 75 2031 νος,
93 2009 102 2024 ι
121 1999 242 2032 ἐναντίος
256 2003 289 2037 τῇ
305 2003 435 2039 ὲπαινετῇ
450 2004 540 2040 ἡδονῇ,
559 2006 606 2031 (ἐν
623 2007 698 2042 μέσῳ
711 2008 794 2043 αὐτῆς
805 2019 813 2034 ι

14 2045 67 2071 οὖν
95 2045 189 2082 ἀδικίᾳ
212 2047 367 2083 γεγένηται,
391 2048 429 2080 ὡς
456 2059 465 2075 ι
482 2050 518 2086 μὴ
546 2051 681 2079 ἐκλείπειν
705 2054 736 2079 ἐκ
762 2054 815 2080 τῶν

13 2089 156 2116 πλατειῶν
171 2091 254 2126 αὐτῆς
269 2092 347 2119 τόκον
364 2093 411 2120 καὶ
424 2094 510 2126 δόλον,
527 2105 535 2120 ι
552 2095 744 2132 δολιευομένων
761 2099 815 2125 τῶν

12 2135 166 2163 οἰκούντων
183 2137 268 2171 αὐτὴν
285 2138 317 2164 δι’
335 2135 371 2164 ὧν
386 2140 512 2174 φρονοῦσι
537 2142 678 2177 πονηρῶς·
699 2143 815 2170 κοπιών-

11 2191 69 2208 των
85 2182 115 2208 δὲ
139 2183 177 2217 τῷ
194 2183 282 2218 αἴρειν
305 2184 346 2218 ἐφ’
364 2185 471 2217 ἑαυτοῖς
497 2186 526 2212 τὸ
540 2187 590 2222 τῆς
607 2189 706 2220 κακίας
720 2190 812 2225 ἄχθος,

12 2228 136 2264 μολίϐδῳ
154 2229 405 2266 παραδαλλομένης.
427 2233 482 2258 Καὶ
499 2232 628 2265 πλατείας
644 2235 729 2270 αὐτῆς
745 2237 813 2272 ἡγη-
830 2245 850 2271 ο

9 2274 74 2300 τὲον
89 2271 160 2301 εἶναι
175 2274 224 2305 τὰς
238 2275 281 2302 διὰ
297 2275 328 2302 τὸ
345 2276 484 2312 φιλήδονον
500 2278 685 2312 πλατυνούσας
700 2282 810 2314 ἑαυτὰς,

8 2319 52 2355 τῷ
68 2320 119 2356 τὴν
135 2320 264 2347 πλατεῖαν
281 2322 328 2348 καὶ
342 2323 497 2359 εὐρύχωρον
515 2324 616 2352 ὁδεύειν
636 2326 706 2359 ὁδὸν,
721 2328 812 2354 τουτέ-

9 2375 66 2397 στι,
81 2365 130 2392 τὺν
148 2366 270 2402 ἡδονικὺν
286 2369 333 2395 καὶ
347 2369 496 2405 παθητικὸν
516 2370 572 2406 βίον
582 2380 588 2386 ·
604 2373 632 2398 ὲν
648 2373 744 2406 αὐταῖς
756 2375 809 2411 γὰρ

9 2413 56 2439 ἀεὶ
83 2412 175 2447 μένων
200 2414 214 2439 ὁ
237 2415 300 2450 περὶ
323 2415 356 2442 τὰ
374 2416 446 2442 κακὰ
473 2417 565 2449 κόπος,
579 2419 630 2449 ,καὶ
652 2419 665 2444 ὁ
683 2421 745 2455 περὶ
761 2422 809 2453 τὰς

8 2460 124 2492 ἀπάτας
145 2460 230 2493 δόλος,
248 2461 418 2498 πληροῦσθαι
445 2465 518 2490 ποιεῖ
534 2465 573 2495 τὺ,
594 2475 602 2491 t
618 2467 675 2493 Οὐκ
688 2466 810 2499 ἐξέλιπεν

8 2507 44 2532 ἐκ
66 2506 123 2532 τῶν
148 2506 283 2533 πλατειῶν
297 2507 383 2543 αὐτῆς
398 2509 478 2541 τόκος
492 2511 538 2537 καὶ⁴
559 2510 642 2544 δόλος.
657 2522 666 2538 ι
686 2513 740 2539 Καὶ
757 2513 810 2550 γὰρ

7 2549 255 2587 διασταθμίζοντες
266 2554 368 2581 ἕκαστα
379 2554 432 2582 τῶν
445 2555 619 2593 ἀδικημάτων
631 2559 670 2590 εἰς
681 2559 729 2595 τὴν
742 2568 811 2594 συμ-

7 2599 117 2635 πλοκὴν
145 2599 194 2635 τῆς
212 2600 310 2632 κακίας
336 2602 360 2628 οἱ
382 2603 451 2637 πρὸς
474 2604 524 2639 τὴν
551 2604 658 2631 ἀδικίαν
677 2606 809 2642 εὐχερεῖς,

6 2644 182 2676 ἁδιαστάτως
205 2647 345 2683 ἐνεργοῦσι
373 2648 407 2675 τὰ
434 2649 529 2685 αἱρετὰ
556 2651 596 2682 εἰς
619 2651 810 2684 ἀνεξάλειπτον

7 2690 113 2727 στήλην
139 2691 430 2729 παραλαμϐανομένων
455 2695 508 2721 τῶν
534 2696 658 2730 πράξεων
684 2697 733 2733 τῆς
751 2698 811 2725 ἀδι-

6 2739 70 2770 κίας
89 2737 194 2766 αὐτῶν.

38 2831 63 2847 ³⁸
91 2829 189 2856 Matth.
215 2837 295 2859 xxnt.
313 2830 358 2858 28.
397 2831 430 2847 ³⁶”
449 2831 535 2860 lCor.
555 2841 574 2865 t,
596 2832 640 2860 30.

39 2878 100 2914 (ὅθ)
118 2878 245 2914 Ἰὃωμεν
265 2879 293 2904 τί
307 2879 402 2914 ἐστιν,
415 2885 467 2907 etc.
486 2880 586 2908 Catena
612 2881 744 2910 (lorderii.

879 943 1014 978 justitiam
1037 945 1167 979 loquitur.

916 989 998 1018 Vens.
1020 992 1047 1019 ὃ.
1078 992 1183 1020 Etenim
1210 994 1236 1021 in
1261 995 1338 1021 corde
1363 995 1525 1029 iniquitates.
1554 1003 1608 1025 etc.
1634 997 1670 1026 Ut

879 1042 970 1062 sermo
1000 1037 1137 1071 signiticet
1171 1038 1274 1065 fontem
1304 1040 1414 1074 quidem
1440 1049 1471 1067 ac
1505 1042 1668 1078 principium

878 1082 968 1109 omnis
984 1084 1088 1116 peccati
1105 1091 1165 1111 esse
1179 1090 1297 1112 mentem
1319 1086 1447 1120 improbi,
1464 1096 1524 1122 qua:
1538 1090 1666 1124 iniquita-

879 1129 950 1155 tibus
961 1130 1105 1162 redundat,
1119 1131 1191 1157 sicut
1203 1132 1314 1166 quidam
1326 1132 1416 1159 ﬂuxus
1426 1135 1458 1161 de
1471 1140 1562 1168 terra;
1578 1142 1667 1164 actum

878 1182 953 1206 vero,
973 1175 1049 1209 cujus
1062 1177 1216 1211 symbolum
1238 1183 1301 1204 sunt
1323 1187 1432 1210 manus.
1453 1188 1513 1208 esse
1531 1183 1665 1210 exercitus

879 1222 979 1249 tionetn
995 1230 1055 1256 quae
1074 1231 1086 1249 ιι
1112 1229 1202 1250 tuente
1226 1230 1370 1258 promanat
1390 1233 1396 1256 ;
1417 1226 1533 1260 prittttttn
1556 1228 1666 1261 quidem

879 1276 928 1303 per
943 1275 990 1295 cor
1009 1269 1170 1302 nominavit,
1185 1271 1336 1298 secundum
1350 1278 1415 1298 vero
1430 1279 1478 1307 per
1493 1280 1599 1301 manus.
1621 1275 1669 1301 At-

877 1322 930 1348 que
944 1315 1048 1349 peccati
1064 1315 1175 1349 quidem
1191 1317 1354 1350 principium
1370 1322 1411 1344 est
1427 1325 1440 1344 ιι
1456 1319 1551 1350 corde,
1564 1324 1591 1346 et
1606 1319 1667 1346 linis

876 1360 901 1386 in
919 1361 1125 1394 operationibus
1140 1368 1147 1388 :
1164 1362 1190 1388 in
1208 1362 1240 1388 iis
1257 1366 1348 1389 autent
1373 1363 1419 1398 qui
1444 1365 1476 1390 ad
1499 1364 1582 1391 Deum
1602 1372 1668 1393 coo-

876 1410 1029 1438 \erluntnr,
1050 1406 1218 1441 principium
1234 1408 1344 1434 ducitur
1359 1417 1371 1434 ιι
1387 1416 1531 1443 pravorum
1554 1416 1664 1438 actuum

875 1451 1039 1479 abstinentia
1055 1461 1061 1484 ;
1082 1453 1144 1479 linis
1169 1461 1233 1479 vero
1252 1458 1295 1480 est
1319 1455 1427 1488 pnritas‘
1443 1457 1546 1484 cordis.
1561 1456 1665 1485 Idcirco

874 1498 983 1531 quando
996 1498 1040 1525 hic
1061 1499 1079 1525 ii
1098 1499 1144 1533 qui
1169 1499 1321 1533 cltlpabiles
1336 1505 1397 1527 sunt
1416 1502 1664 1535 reprehenduntur,

874 1543 990 1576 primum
1007 1544 1106 1570 delicta
1130 1545 1230 1578 cordis,
1248 1553 1279 1573 ac
1300 1545 1398 1574 deinde
1416 1547 1584 1582 iniquitates,
1603 1557 1663 1584 qua:

874 1588 1000 1615 manibus
1018 1590 1188 1616 concinnam:
1205 1596 1277 1623 sunt,
1294 1592 1482 1620 nominantur.
1498 1593 1551 1621 Pro
1570 1605 1578 1620 t
1598 1602 1664 1622 con-

874 1633 988 1659 cinnant
1010 1643 1019 1659 ι
1056 1640 1146 1661 autent
1178 1635 1347 1663 Tlteodotion
1383 1643 1411 1664 et.
1435 1639 1530 1672 quinta
1567 1639 1663 1673 editio,

874 1678 955 1713 735
972 1689 982 1703 ι
998 1679 1112 1712 librant;
1132 1690 1141 1706 ι
1157 1681 1252 1715 Aquila
1271 1689 1335 1709 vero
1350 1692 1358 1708 t
1377 1683 1460 1711 librat
1478 1694 1488 1710 ›
1504 1685 1594 1712 habet.
1605 1685 1663 1713 Non

872 1726 1139 1760 qttomodocunque,
1167 1727 1265 1761 inquit,
1288 1730 1454 1756 concinnant
1480 1731 1662 1765 iniquitatem,

871 1771 918 1797 sed
947 1777 1058 1806 propter
1091 1773 1140 1799 has
1170 1774 1337 1807 pravitates,
1372 1777 1581 1809 superveniente
1612 1779 1661 1813 ipsi

871 1816 1005 1847 exercitu.
1032 1818 1157 1851 pervenit
1176 1819 1306 1852 iniquitas
1323 1825 1350 1846 et
1375 1821 1556 1849 contradictio
1575 1824 1659 1850 etiam

870 1862 903 1887 ad
919 1869 1012 1889 nmros
1032 1862 1100 1896 ejus,
1115 1865 1241 1890 custodes
1254 1865 1385 1892 nimirum
1407 1866 1464 1899 ejus
1483 1872 1593 1894 sanctos
1609 1877 1659 1895 an-

869 1908 943 1943 gelos
963 1916 971 1935 :
990 1909 1017 1936 hi
1045 1910 1117 1936 enim
1141 1910 1212 1936 illaut
1241 1911 1440 1945 deseruerunt,
1468 1913 1539 1947 quod
1568 1915 1659 1941 vidis-

869 1960 929 1982 sent
949 1956 1150 1990 delinquentem
1173 1961 1200 1984 et
1214 1959 1459 1986 contradicentcm.
1487 1959 1659 1995 Quapropter

870 2010 880 2025 ι
913 2001 1044 2036 iniquitas
1072 2007 1099 2029 et
1128 2001 1227 2034 lahor,
1261 2012 1270 2028 ι
1303 2004 1350 2037 qui
1371 2003 1496 2032 laudabili
1527 2006 1657 2041 voluptati

868 2048 1022 2076 contrarius
1046 2053 1097 2078 est,
1126 2057 1135 2074 t
1165 2048 1190 2075 in
1209 2049 1298 2076 ntedio
1321 2049 1391 2084 ejus,
1414 2060 1422 2075 ι
1441 2058 1502 2078 cum
1523 2051 1656 2086 injustilia

867 2094 1040 2125 exstiterunt,
1058 2098 1088 2122 ut
1109 2104 1119 2120 ‹
1134 2102 1186 2121 non
1205 2096 1333 2122 deliceret
1350 2097 1383 2123 de
1394 2097 1490 2131 plateis
1503 2098 1561 2132 ejus
1574 2107 1655 2127 usura

866 2145 893 2166 ct
906 2141 982 2167 dolus
994 2143 1028 2174 ",
1043 2151 1051 2166 ι
1063 2141 1160 2169 incolis
1176 2141 1235 2176 ejus
1251 2150 1298 2176 per
1317 2150 1348 2170 ca
1365 2151 1424 2177 qua:
1439 2152 1565 2178 perverse
1577 2154 1657 2174 com-

867 2186 1050 2214 miniscuntttr
1067 2187 1160 2215 dolose
1187 2189 1348 2223 agentibus;
1376 2190 1562 2219 laborantibus
1588 2201 1654 2221 vero

867 2236 896 2258 ιιι
921 2232 1049 2260 tollerent
1077 2241 1159 2267 super
1175 2242 1204 2261 se
1225 2243 1293 2262 onus
1319 2236 1439 2269 malitiae,
1456 2245 1516 2271 quae
1544 2238 1656 2273 plumbo

865 2283 1050 2315 comparatur.
1078 2280 1159 2314 Atqui
1181 2281 1286 2315 plateas
1305 2282 1365 2317 ejus
1384 2283 1594 2312 existimandum
1615 2291 1656 2314 est

864 2333 925 2353 esse
938 2325 1008 2357 illas,
1029 2332 1089 2359 qum
1103 2333 1151 2360 per
1166 2334 1287 2353 amorem
1300 2327 1446 2362 voluptatis
1468 2329 1572 2365 seipsas
1586 2332 1654 2358 dila~

865 2376 934 2404 tant,
962 2371 1026 2398 dum
1049 2371 1131 2398 latam
1151 2376 1179 2398 et
1205 2373 1352 2407 spatiosum
1369 2375 1439 2401 viam
1456 2376 1608 2409 ambulant,
1627 2378 1654 2406 id

864 2421 915 2449 cst,
942 2417 1026 2443 vitam
1058 2416 1238 2451 voluptariam
1266 2423 1293 2445 et
1319 2420 1492 2454 passionibus
1518 2421 1652 2452 deditam;

866 2471 927 2490 cum
948 2463 1019 2489 enim
1036 2462 1062 2489 in
1084 2463 1117 2490 iis
1137 2471 1245 2497 semper
1262 2471 1371 2492 maneat
1387 2465 1462 2493 labor
1476 2467 1548 2493 circa
1571 2468 1650 2499 mala,

865 2515 947 2545 atque
963 2510 1040 2538 dolus
1057 2511 1132 2538 circa
1154 2512 1340 2546 deceptiones,
1358 2513 1420 2540 hinc
1439 2514 1468 2540 lit
1489 2519 1519 2540 nt
1539 2515 1651 2549 imple»

864 2561 908 2584 tur
933 2557 1016 2589 illud.
1042 2567 1051 2583 t
1072 2558 1130 2585 Non
1151 2559 1250 2585 defecit
1269 2559 1302 2586 de
1322 2559 1417 2594 plateis
1436 2560 1496 2594 ejus
1516 2569 1597 2588 usura
1623 2567 1651 2590 ct

862 2601 949 2629 dolus.
966 2612 975 2628 ι
990 2603 1096 2631 Etenim
1114 2604 1176 2631 dntn
1191 2603 1284 2638 hi,qui
1303 2606 1336 2632 ad
1351 2605 1521 2640 iniquitatem
1533 2608 1650 2642 prompti

861 2654 934 2680 sunt,
956 2650 1081 2684 singulas
1109 2651 1269 2684 iniquitates
1293 2651 1326 2678 ad
1345 2659 1428 2678 unum
1449 2652 1559 2680 malitiae
1575 2661 1649 2681 cont-

861 2695 969 2729 plexum
984 2695 1097 2728 librant,
1118 2697 1306 2724 indesinenter
1326 2697 1478 2726 desiderata
1493 2699 1648 2733 pertieiunt,

861 2742 894 2768 ad
919 2742 1091 2769 indelebilem
1116 2743 1272 2770 columnam
1293 2745 1443 2780 assumptis
1456 2745 1584 2780 operibus
1596 2747 1648 2775 ιηι-

861 2787 972 2822 quitatis
986 2794 1091 2815 eorum.

679 2834 701 2849 "
726 2833 798 2862 Psal.
823 2842 876 2866 LIV,
904 2835 947 2863 ll.

890 2883 945 2919 (ΤΟ)
965 2884 1030 2910 Ἵνα
1047 2883 1182 2919 δηλώσῃ,
1202 2889 1254 2912 etc.
1274 2885 1384 2913 Eadem.
