1886 3052
218 151 289 179 H75

271 209 350 236 Vens.
377 209 402 235 4.
437 208 548 234 Alienati
588 211 649 233 sunt
679 210 826 240 peccatores
855 213 871 231 ο
902 205 1036 236 υιιιιεη,Α

218 258 372 282 erraverunt
404 253 436 280 ab
472 259 571 284 ntere,
610 251 689 278 locuti
722 256 782 278 sunt
821 250 913 284 Ialm,
947 255 999 277 etc.

214 300 373 327 Alienautur
395 305 408 324 a
427 297 505 324 vulva
525 301 552 323 et
571 301 664 322 errant
683 296 716 322 ab
736 301 814 322 tttero
832 296 878 330 qui
899 303 914 322 a
935 303 1001 329 pue-

217 345 279 372 ritia
300 351 352 371 non
372 344 406 370 ad
424 343 570 375 virtutem,
597 342 642 369 sed
663 342 696 368 ad
718 341 849 368 malitiam
871 341 1000 376 gradiun—

215 395 269 418 tur.

251 436 333 462 \‘ns.
348 434 374 462 5.
392 433 483 460 Furor
499 433 554 460 illis
571 433 714 459 secundant
734 431 934 459 similitudinem
947 439 1001 457 ser-

212 482 309 515 pentis,
327 481 396 507 sicut
410 479 511 510 aspidis
525 479 613 506 surdw
626 484 650 505 et
660 479 812 505 obturantis
831 485 908 504 eum
924 486 996 509 suas,

213 532 267 554 etc.
283 525 379 554 Omnis
399 526 488 552 anima
503 533 564 559 quae
582 525 718 552 salutares
739 532 790 551 non
805 524 880 552 audit
897 531 1001 551 sermo-

213 580 271 604 nes,
293 572 367 606 aspis
378 577 420 598 est
437 579 498 605 qua:
513 571 622 598 obturat
638 577 717 597 aures
728 577 803 596 suas.

248 661 385 697 Ejusdem.
413 661 525 696 Propter
544 665 718 695 peccatorum
743 658 864 686 iurorem
885 659 931 692 qui
956 662 999 686 est

213 709 284 736 sicut
304 707 382 734 l‘uror
406 707 562 740 serpentis,
583 705 683 732 dicitur
703 705 744 732 eis
766 713 773 731 :
797 713 808 731 ι
829 705 999 739 Serpentes,

213 755 350 790 genimina
375 754 531 787 viperarum
547 753 580 779 ".
610 762 619 778 ι
648 752 706 779 Non
733 751 805 779 euiut
830 751 856 778 id
874 751 945 785 quod
959 755 1001 778 est

212 800 362 828 secundum
381 799 587 826 similitudinem
615 798 673 830 Dei,
691 798 740 825 sed
758 798 830 832 quod
847 802 891 824 est
903 805 1000 824 secun-

905 147 950 173 ΕΚ
967 145 1117 174 ORIGENF‘.

1781 146 1837 175 “76

1093 202 1396 237 Ἀπηλλοτρίώθησαν
1409 203 1436 230 ol
1454 201 1622 237 ἁμαρτωλοὶ
1643 201 1705 229 ἀπὸ
1722 201 1838 237 μήτρας,

1051 248 1269 282 ἐπλανήθησαν
1297 248 1358 276 ἀπὸ
1382 248 1522 283 γαστρὸς,
1555 249 1719 282 ἐλάλησαν
1737 250 1839 282 grex-(ri,

1051 303 1078 321 κ.
1094 303 1120 321 τ.
1133 296 1155 321 ὲ.
1184 294 1396 329 Ἀλλοτριοῦνται
1420 295 1476 330 (Ἠ)
1493 294 1549 321 ἀπο
1573 295 1693 330 μήτρας,
1713 296 1762 322 καὶ
1782 298 1840 322 πλα-

1051 340 1149 367 νῶνται
1165 340 1218 366 ἀπὸ
1241 340 1357 375 γαστρὸς
1372 341 1397 366 οἱ
1421 340 1453 367 ὲκ
1475 340 1569 372 παιδὸς
1585 340 1636 366 οὐκ
1651 341 1699 366 ἐπὶ
1720 340 1770 376 τὴν
1785 341 1841 376 ἁρε-

1052 386 1112 422 τὴν,
1127 386 1184 412 ἀλλ’
1202 387 1248 412 ἐπὶ
1261 386 1311 421 τὴν
1326 386 1426 412 κακίαν
1440 385 1588 417 ὁδεύοντες.

1088 433 1186 467 θυμὸς
1199 433 1301 465 αὐτοῖς
1325 432 1399 458 κατὰ
1424 432 1481 465 τὴν
1500 433 1644 466 ὁμοίωσιν
1664 431 1719 458 τοῦ
1742 432 1842 466 ὄρειος.

1052 478 1122 505 ὡσεὶ
1139 477 1270 511 ἀσπίδος
1292 477 1406 512 κωφῆς,
1429 477 1478 503 καὶ
1497 477 1640 511 βυούσης
1660 477 1698 504 τὰ
1716 474 1777 504 ὦτα
1791 479 1843 506 αἱσ-

1053 525 1118 559 τῆς,
1133 534 1159 551 κ.
1172 533 1197 551 τ.
1210 524 1233 550 ἑ.
1261 524 1340 550 Πᾶσα
1362 522 1434 558 ψυχὴ
1451 523 1506 558 (72)
1531 523 1568 558 μὴ
1593 523 1736 550 ἀκούσασα
1761 524 1845 558 λόγων

1055 571 1195 602 σωζόντων
1213 569 1307 605 αὐτὴν,
1332 569 1415 600 ἀσπίς
1438 569 1498 595 ἐστι
1532 568 1634 603 βύουσα
1658 568 1694 595 τὰ
1715 566 1775 596 ὦτα
1798 570 1845 596 αὺο

1050 625 1109 652 της.

1089 662 1144 689 Τοῦ
1158 661 1259 689 αὑτοῦ.
1289 661 1338 687 Διὰ
1353 660 1398 686 τὸν
1415 659 1471 695 (75)
1485 659 1523 692 ὡς
1538 659 1627 694 ὖφεως
1648 659 1703 686 τῶν
1720 660 1847 695 ἁμαρτα-

1050 710 1149 736 νόντων
1161 708 1246 744 θυμὸν
1269 707 1377 742 λέγεται
1392 708 1499 739 αὐτοῖς’
1529 716 1539 732 ‹
1553 708 1660 739 ’οωεις,
1686 708 1848 743 γεννήματα

1051 755 1180 791 ἐχιδνῶν·
1212 764 1222 780 ι
1249 754 1286 789 μὴ
1312 754 1468 789 ἀνειληφόσι
1489 754 1520 780 τὸ
1542 755 1604 781 καθ’
1627 753 1778 788 ὁμοιότητα
1799 753 1848 779 τοῦ

1050 801 1129 832 Θεοῦ,
1146 800 1214 827 ἀλλά
1229 800 1275 827 τοῦ
1288 799 1385 833 ὄφεως.
1406 799 1460 825 Καὶ
1471 801 1484 826 ό
1499 799 1548 835 μὲν
1565 799 1643 832 ἅγιος
1658 798 1718 834 βύει
1734 799 1770 825 τὰ
1781 796 1849 829 ὦτα,

213 846 276 871 dntn
297 844 500 871 similitudinem
523 844 669 877 serpentis,
692 848 864 878 receperunt.
879 844 918 870 Ac
937 851 1001 870 san-

1085 856 1096 874 ι
1110 847 1147 882 μὴ
1163 847 1268 882 ἀκούσῃ
1290 846 1380 881 κρίσιν
1404 845 1528 880 αἵματος,
1549 845 1596 871 καὶ
1613 845 1680 871 ὡσεὶ
1693 845 1787 879 κωφὸς
1799 846 1851 871 οὐκ

214 896 274 918 ctus
298 890 405 925 quidem
423 891 533 916 obturat
563 897 655 918 aures.
686 897 719 915 ue
749 889 842 916 audiat
866 889 996 923 judicium

1085 881 1146 920 ιούει
1167 892 1220 918 τῶν
1243 881 1387 928 χειρόνων·
1411 892 1425 917 ὁ
1446 891 1475 917 δὲ
1501 890 1661 926 ἁμαρτωλὸς
1684 891 1736 916 οὒκ
1755 891 1850 917 ἀκούει

214 936 364 970 sanguinis,
391 941 418 962 et
449 941 577 969 tanquam
606 935 705 962 surdus
733 942 785 962 uon
807 935 882 962 audit
907 935 996 968 mala;

214 985 340 1015 peccator
358 987 448 1008 autem
470 988 522 1007 non
549 981 623 1007 audit
652 981 741 1012 bona,
771 980 998 1015 quemadmodum

214 1028 287 1062 aspis
306 1027 387 1054 surda
403 1034 463 1061 quze
482 1028 683 1053 obturataures
701 1033 777 1057 suas,
799 1032 832 1052 ne
847 1025 938 1052 audiat
952 1032 1000 1052 vo-

213 1081 271 1101 cem
300 1073 508 1100 incantantium.
537 1072 673 1100 Obturaut
693 1076 783 1099 autem
803 1076 830 1098 et
850 1071 877 1098 lii
897 1078 998 1104 aures,

212 1119 246 1147 de
265 1120 363 1153 quibus
393 1126 482 1147 sermo
510 1122 563 1150 est,
584 1125 636 1144 non
666 1117 779 1145 sensiles
798 1136 807 1149 ,
826 1117 874 1144 sed
895 1117 1000 1144 intelle-

212 1166 324 1198 ctuales,
347 1173 380 1192 ne
398 1166 509 1192 audiant
528 1172 575 1192 eos
593 1165 638 1199 qui
653 1165 787 1200 sapientes
807 1163 998 1198 prophetarum

212 1216 239 1238 et
268 1211 452 1246 apostolorum
485 1211 688 1238 incantationes
723 1210 862 1236 adhibent.
893 1208 995 1236 ﬂorum

212 1257 284 1283 enim
300 1256 486 1290 unusquisque
512 1255 620 1290 sapiens
634 1260 675 1283 est
696 1254 877 1282 remediorum
909 1253 1000 1281 confe-

214 1307 286 1333 ctor,
303 1302 352 1328 hoc
369 1306 421 1333 est,
435 1306 569 1336 praeparat
586 1301 734 1328 remedium
745 1299 913 1332 rationabile,
929 1300 1000 1334 quod

214 1347 315 1381 aspidis
331 1346 464 1381 impetum
482 1351 600 1374 coercet.

252 1391 332 1419 Vsus.
350 1393 375 1419 7.
396 1392 464 1419 Deut
483 1397 595 1419 conteret
608 1393 706 1425 dentes,
725 1396 779 1419 etc.
803 1401 813 1417 ι
828 1391 967 1425 Confregit
985 1400 995 1417 ι

217 1445 267 1470 pro
286 1447 295 1463 ι
317 1438 471 1472 confringet
489 1448 498 1464 ι
520 1439 608 1473 posuit
621 1445 668 1473 per
689 1438 818 1473 temporis
834 1438 999 1464 immutatio-

214 1492 286 1511 nem.
309 1484 364 1511 lloc
376 1490 465 1512 autem
491 1485 560 1511 Deus
581 1484 647 1511 facit
671 1485 739 1511 bene
754 1485 787 1511 de
802 1484 867 1518 ipsis
892 1492 999 1511 tueren-

213 1531 258 1562 do,
286 1539 320 1558 ne
343 1531 467 1558 homines
484 1537 498 1557 ιι
513 1538 542 1557 se
561 1531 688 1564 deceptos
712 1530 874 1557 devorantes
900 1530 997 1564 majori
1014 1560 1032 1569 ﬁ

213 1576 296 1611 736
322 1575 456 1610 supplicio
482 1575 653 1602 addicantur.
685 1575 769 1602 Porro
793 1575 879 1601 molas
902 1583 996 1602 eorum

213 1630 321 1656 quoque
346 1621 490 1655 confregit,
509 1628 542 1648 ne
558 1621 722 1653 morderent,
736 1628 803 1648 neve
821 1621 996 1648 devorarent.

214 1666 366 1692 Notandum
393 1671 494 1698 autem,
508 1665 589 1700 juxta
604 1666 785 1700 Scripturatn,
802 1665 886 1693 molas
900 1674 914 1692 a
933 1666 999 1693 den-

214 1712 285 1738 tibus
301 1711 412 1738 diﬂerre
429 1719 435 1737 :
458 1711 590 1746 siquidem
611 1711 705 1738 dentes
725 1711 814 1738 cibum
829 1712 951 1740 dividunt
965 1719 998 1740 ac

214 1757 353 1788 scindunt,
381 1756 458 1783 molas
485 1763 549 1783 vero
568 1757 707 1784 masticant
733 1764 765 1784 ac
793 1762 940 1785 macerant.
961 1757 999 1785 Ut

212 1808 276 1827 vero
293 1808 361 1835 aqua
376 1808 424 1836 per
439 1807 556 1828 meatum
571 1802 715 1835 quemdam
737 1802 872 1829 transiens
884 1802 997 1829 minime

213 1852 373 1881 permanet,
397 1848 455 1875 sed.
472 1848 603 1882 dissipata
623 1847 780 1880 evanescit,
811 1850 850 1875 sic
869 1848 949 1875 etiam
970 1847 996 1874 hi

212 1893 426 1920 attenuabuutur
446 1902 507 1921 cutn
530 1894 598 1921 nihil
613 1894 712 1921 stabile
727 1901 759 1921 ac
773 1901 936 1929 permanens
950 1894 998 1921 ha-

212 1940 304 1967 beant.
327 1940 403 1967 Unde
418 1941 558 1976 subiungit
573 1950 581 1967 :
600 1950 608 1967 ι
628 1940 753 1968 intendet
767 1948 860 1968 arcum
876 1948 966 1968 suum.
985 1950 994 1966 ι

212 1985 341 2020 Figurate
361 1987 506 2021 descripsit
530 1987 634 2014 illatum
653 1995 667 2014 a
694 1988 747 2014 Deo
767 1987 928 2022 supplicium
951 1987 997 2021 qui

212 2033 288 2066 quasi
314 2033 347 2060 de
368 2041 432 2059 arcu
453 2033 624 2060 incessanter
641 2034 755 2069 sagittas
776 2033 877 2060 emittit
902 2037 930 2060 et
944 2041 998 2060 otn-

213 2085 261 2105 nes
281 2079 392 2106 occidit.
410 2079 515 2105 Tandin
529 2080 613 2112 enim,
631 2080 729 2114 inquit,
749 2080 998 2114 sagittarumjacti—

213 2124 262 2151 bus
292 2125 396 2156 utitur,
425 2124 512 2151 donec
542 2132 637 2152 omnes
665 2126 847 2160 transligendo
875 2126 998 2153 iulirmos

214 2170 371 2197 reddiderit.

251 2216 332 2243 Vens.
354 2216 381 2244 9.
401 2215 476 2243 Sicut
493 2224 552 2244 cera
571 2224 628 2251 qum
638 2217 708 2252 ﬂuit,
722 2216 894 2251 auferantur;
908 2225 997 2251 super-

1051 938 1106 965 τῶν
1122 937 1223 968 καλῶν,
1238 936 1337 972 ὁμοίως
1351 935 1443 962 ἀσπίδι
1459 936 1538 970 κωφῇ
1560 934 1660 970 βυούσῃ
1677 934 1713 960 τὰ
1729 932 1789 961 ὦτα
1802 935 1850 961 αὖ·

1051 984 1111 1019 τῆς,
1123 983 1167 1010 ἵνα
1185 982 1222 1018 μὴ
1236 981 1340 1018 ἀκούσῃ
1353 981 1443 1016 φωνὴν
1457 980 1619 1016 ἐπᾳδόντων.
1640 979 1741 1006 Βύουσι
1757 980 1787 1006 δὲ
1804 982 1849 1006 καὶ

1050 1024 1124 1054 οὗτοι
1137 1027 1170 1054 τὰ
1185 1024 1252 1059 ὦτα,
1267 1027 1331 1062 περὶ
1342 1023 1378 1052 ὧν
1392 1027 1406 1052 ὁ
1419 1025 1508 1059 λόγος,
1524 1025 1554 1051 οὺ
1567 1024 1602 1051 τὰ
1615 1024 1666 1060 τῆς
1681 1025 1850 1060 αἰσθήσεως,

1053 1074 1120 1101 ἀλλά
1136 1074 1186 1109 τῆς
1212 1074 1341 1109 νοήσεως,
1356 1073 1430 1103 ὅπως
1453 1072 1490 1107 μὴ
1505 1071 1643 1098 ἀκούσωσι
1667 1071 1723 1098 τῶν
1739 1071 1791 1102 τὰς
1808 1080 1849 1097 σο-

1053 1120 1106 1155 φὰς
1129 1120 1234 1156 ἐπῳδὰς
1259 1118 1431 1155 προφητικάς
1456 1118 1503 1145 καὶ
1525 1117 1710 1149 ἀποστολικὰς
1730 1126 1850 1153 προσ-’ςε-

1055 1166 1163 1201 ρόντων.
1194 1165 1302 1192 Τούτων
1324 1165 1378 1200 γὰρ
1404 1163 1519 1195 ἔκαστος
1545 1163 1627 1198 σοφός
1651 1164 1712 1190 ἐστι
1737 1172 1849 1199 φαρμαο

1053 1213 1151 1244 κεύων,
1176 1213 1298 1239 τουτέστι
1324 1210 1463 1243 σκευάζων
1479 1210 1624 1246 φάρμακον
1642 1209 1763 1244 λογικὸν,
1790 1210 1848 1236 ἀλε-

1052 1259 1115 1294 ξοῦν
1128 1258 1179 1295 τὴν
1190 1259 1239 1295 τῆς
1253 1258 1364 1290 ἀσπίδος
1377 1258 1476 1294 ὁρμήν.

1092 1393 1124 1421 '0
1135 1393 1207 1426 Θεὸς
1231 1392 1391 1426 συντρΙψει
1415 1392 1486 1425 τοὺς
1512 1391 1648 1424 ὀδόντας,
1679 1400 1745 1418 κ.τ.
1762 1392 1784 1417 ὲ.
1815 1392 1849 1417 ΤΞ

1055 1448 1065 1464 ι
1078 1439 1239 1466 συνέϐλασεν
1253 1448 1262 1464 ι
1280 1438 1335 1473 (74)
1350 1437 1409 1464 ἀντὶ
1424 1437 1471 1464 τοῦ
1488 1447 1497 1462 ι
1513 1437 1656 1463 συνϐλάσει
1671 1446 1679 1461 ι
1697 1438 1758 1465 κατ’
1773 1437 1848 1463 ἀλλ-ι-

1052 1487 1103 1522 γὴν
1118 1486 1224 1522 χρόνου.
1246 1484 1331 1511 Τοῦτο
1343 1484 1370 1510 δὲ
1384 1480 1476 1514 αὐτοῖς
1491 1484 1504 1508 ὁ
1519 1482 1585 1514 Θεὸς
1598 1483 1671 1509 ποιεῖ
1684 1482 1849 1517 εὐεργετῶν,

1053 1533 1096 1559 ἵνα
1113 1532 1150 1567 μὴ
1161 1531 1345 1562 κατεσθίοντες
1360 1530 1422 1561 τοὺς
1437 1528 1490 1556 ὑπό
1499 1536 1575 1563 σφων
1590 1528 1791 1563 ἀπατωμένους
1806 1529 1846 1554 ἀν-

1051 1577 1176 1614 θρώπους
1189 1575 1394 1612 ὑπερϐαλλούσῃ
1408 1575 1529 1610 τιμωρίᾳ
1540 1574 1687 1600 ὑπεύθυνοι
1702 1573 1848 1608 γένωνται.

1051 1625 1106 1651 Καὶ
1127 1623 1176 1655 τὰς
1193 1622 1279 1658 μύλας
1302 1621 1330 1648 δὲ
1353 1620 1442 1647 αὐτῶν
1457 1620 1630 1652 συνέθλασεν,
1654 1620 1731 1652 ὅπως
1750 1620 1849 1655 tat-Sti-

1051 1678 1145 1702 κνωσι,
1163 1669 1229 1705 μηδὲ
1255 1667 1427 1694 κατεσθίωσι.
1457 1666 1630 1702 Σημειωτέον
1652 1666 1692 1696 δὲ,
1717 1667 1762 1692 ὅτι
1780 1666 1849 1692 κατά

1050 1717 1100 1751 τὴν
1123 1714 1232 1751 Γραφὴν
1257 1714 1414 1749 διαιρέρουσι
1440 1712 1522 1747 μύλαι
1538 1712 1666 1739 όδόντωψ
1686 1713 1711 1738 οι
1730 1713 1789 1747 γὰρ
1804 1720 1847 1738 το-

1052 1761 1161 1796 μεύουσι
1177 1760 1224 1786 καὶ
1237 1758 1368 1794 διαιροῦσι
1379 1758 1427 1793 τὴν
1441 1757 1542 1793 τροφὴν
1559 1756 1675 1789 ὀδόντες,
1689 1757 1717 1782 αἱ
1734 1756 1764 1782 δὲ
1782 1765 1848 1791 μαε-

1051 1804 1170 1840 σώμεναι
1197 1804 1242 1830 καὶ
1267 1803 1419 1830 λεαίνουσι-αι
1437 1801 1528 1836 μύλαι.
1548 1802 1652 1836 Ὥσπερ
1666 1801 1694 1827 δὲ
1710 1801 1847 1828 remam-

1051 1850 1194 1886 ρευόμενον
1208 1849 1252 1876 διά
1264 1857 1336 1880 τινος
1351 1848 1435 1884 πόρου
1453 1847 1525 1882 ὕδωρ
1544 1847 1575 1873 οὐ
1591 1847 1765 1882 παραμένον,
1781 1847 1849 1873 ἀλλὰ

1051 1895 1263 1931 σκεδαννύμενον
1278 1895 1455 1927 ἐξουδενεῖται
1464 1902 1470 1909 ·
1485 1893 1555 1920 οὕτω
1571 1894 1618 1920 καὶ
1628 1891 1702 1920 οὗτοι
1717 1893 1848 1926 ἐξευτελιε

1050 1943 1203 1978 σθήσονται,
1231 1941 1307 1969 οὐδὲν
1333 1941 1440 1976 βέϐαιον
1468 1940 1514 1966 καὶ
1542 1940 1704 1975 παράμονον
1729 1940 1847 1974 ἔχοντες.

1051 1988 1131 2014 Ὅθεν
1145 1987 1268 2023 ἐπιφέρει
1279 1995 1286 2002 ⁸
1306 1996 1316 2012 ί
1329 1987 1443 2013 Ἐντενεῖ
1456 1986 1487 2012 τὸ
1511 1985 1587 2017 τόξον
1603 1984 1696 2011 αὐτοῦ.
1710 1994 1720 2010 ι
1751 1985 1847 2020 Ἐςχη-

1051 2035 1147 2070 μάτισε
1171 2034 1219 2069 τὴν
1233 2033 1279 2060 τοῦ
1301 2032 1367 2059 Θεοῦ
1391 2032 1535 2068 τιμωρίαν,
1559 2032 1596 2063 ὡς
1608 2032 1654 2058 ἐπὶ
1666 2031 1759 2064 τόξου,
1774 2039 1847 2057 συνε-

1049 2080 1103 2115 χῶς
1116 2080 1269 2116 πέμποντος
1281 2079 1315 2106 τὰ
1328 2078 1401 2114 βέλη,
1412 2079 1458 2105 καὶ
1470 2079 1574 2108 πάντας
1589 2078 1779 2113 ἀναιροῦντος.
1797 2078 1848 2104 Ms”.

1048 2135 1092 2161 χρι
1101 2126 1154 2161 γὰρ
1164 2125 1300 2156 τοσούτου,
1308 2125 1383 2160 φησὶ,
1392 2125 1451 2155 ταῖς
1459 2124 1572 2158 ἀφέσεσι
1580 2123 1742 2158 χρῆταιτῶν
1753 2123 1847 2157 βελῶν,

1050 2171 1147 2206 μέχρις
1170 2170 1203 2197 ἂν
1226 2170 1329 2201 πάντας
1344 2169 1530 2201 κατατοξεύων
1545 2168 1669 2200 ἀσθενεῖς
1682 2168 1846 2203 ἐργάσηται.

1093 2216 1171 2243 Ὧσεὶ
1194 2215 1284 2250 κηρὸς
1298 2214 1397 2247 music
1410 2213 1719 2248 ἀνταναιρεθήσωται
1731 2221 1738 2228 ’
1755 2213 1848 2239 ἔπεσε

217 2262 311 2289 recidit
337 2262 406 2296 ignis
433 2267 456 2289 et
481 2270 531 2289 non
556 2247 676 2289 viderunt
692 2247 783 2295 solem,
798 2267 851 2289 etc.
866 2247 998 2296 Quemad-

1085 2263 1110 2296 ip
1121 2262 1168 2288 ἐπ’
1183 2247 1302 2294 αὐτοὺς,
1323 2261 1439 2292 καὶούκ
1457 2247 1540 2286 εἶδονλ
1554 2260 1607 2286 τόν
1624 2259 1725 2293 ἥλιον,
1743 2269 1771 2285 κ.
1785 2268 1811 2284 τ.
1824 2260 1846 2285 ἑ.

215 2307 324 2333 modum
345 2307 417 2334 melli
432 2307 590 2342 supervenit
602 2315 676 2340 cera,
695 2307 730 2334 ita
742 2312 770 2334 et
787 2308 888 2334 malitia
901 2307 998 2335 anima.-

217 2352 385 2380 rationabili.

248 2395 387 2430 Ejusdem.
408 2396 492 2430 Quem
513 2402 543 2425 ut
562 2397 646 2425 solem
667 2406 718 2425 non
737 2399 862 2425 viderunt
879 2419 887 2432 ,
916 2406 1000 2434 expc-

214 2442 319 2469 rientur
330 2446 359 2469 ut
380 2442 482 2477 ignem.

249 2485 329 2513 Vens.
344 2487 387 2514 Η.
402 2486 549 2514 Laetabitur
558 2487 648 2522 justus
665 2496 722 2514 cum
736 2488 827 2515 viderit
845 2489 998 2522 vindictam,

212 2537 265 2558 etc.
280 2531 435 2560 Peccatoris
455 2534 614 2569 supplicium
629 2533 794 2560 securiorem
809 2538 837 2561 et
861 2536 998 2569 puriorem

210 2576 311 2610 justum
323 2578 414 2606 cilicii.

249 2646 271 2662 ⁵⁸
284 2646 381 2674 Matth.
394 2655 460 2675 xxnt
474 2668 482 2681 ,
496 2648 541 2675 '55.

249 2702 305 2738 (7|)
319 2703 566 2737 Ἀλλοτριοῦνται,
576 2709 628 2732 etc.
643 2705 756 2733 Schedte
765 2704 859 2733 Grabii
871 2709 899 2734 et
913 2707 998 2734 codex

214 2737 397 2765 Coislinianus
411 2740 524 2772 primus.

251 2772 306 2808 αἳ)
317 2772 404 2800 Πᾶσα
421 2773 517 2808 ψυχή,
532 2779 584 2802 etc.
606 2774 687 2802 Iidem
704 2783 770 2802 mss.

250 2807 307 2839 (75-)
322 2808 373 2833 Διὰ
387 2809 450 2838 τόν,
475 2814 526 2835 etc.
543 2809 634 2836 Codex
654 2809 836 2838 Coislinianns
851 2811 996 2839 secundus.

250 2842 307 2878 (71-,
323 2842 571 2876 Tdmwtﬂlarrsr,
588 2850 640 2872 etc.
660 2845 730 2872 Idem
753 2848 836 2873 codex
851 2851 879 2873 ct
897 2847 997 2874 Catena

1051 2308 1156 2343 Ὥσπερ
1177 2307 1216 2342 τῷ
1231 2307 1287 2342 (75)
1307 2306 1393 2342 μέλιτι
1417 2305 1608 2340 ὲπισυμϐαἰνει
1636 2305 1735 2340 κηρὸς,
1761 2305 1847 2335 οὕτως

1050 2353 1134 2379 κακία
1149 2351 1221 2387 ψυχῇ
1238 2351 1332 2392 λογικῇ
1339 2377 1346 2385 _

1088 2398 1144 2425 Τοῦ
1158 2397 1260 2424 αὑτοῦ.
1282 2397 1329 2422 Ὃν
1350 2396 1388 2427 ὡς
1409 2395 1484 2431 ἥλιον
1502 2395 1557 2431 (76)
1575 2395 1626 2422 οὐκ
1648 2392 1732 2427 εἶδον,
1746 2396 1785 2427 ὡς
1798 2405 1846 2422 πυ-

1052 2443 1098 2479 ρὸς
1112 2442 1333 2478 πειραθήσονται.

1084 2487 1331 2523 Εὐφρανθήσετιιι
1357 2485 1471 2518 δίκαιος
1497 2485 1572 2512 ὅταν
1599 2485 1650 2519 wn
1674 2485 1844 2519 ἐκδίκησιν,

1051 2544 1079 2564 κ.
1091 2543 1116 2561 τ.
1128 2535 1152 2561 ὲ.
1175 2534 1205 2560 Ἡ
1222 2533 1331 2564 κόλασις
1346 2532 1402 2567 (77)
1422 2530 1468 2558 τοῦ
1487 2531 1653 2568 ἁμαρτωλοῦ
1677 2532 1844 2566 ἀσφαλέστε-

1054 2588 1099 2616 ρον
1115 2579 1162 2607 καὶ
1175 2578 1365 2615 καθαρώτερον
1380 2577 1424 2604 τὸν
1438 2577 1541 2604 δίκαιον
1557 2577 1761 2613 ἀπεργάζεται.

1053 2707 1186 2735 Corderii.

1085 2743 1142 2778 (75)
1157 2741 1337 2778 "arma-piri),
1358 2745 1410 2769 etc.
1438 2741 1552 2768 Schedze
1578 2741 1679 2770 Grabii
1703 2747 1733 2770 et
1759 2742 1843 2770 eode!

1052 2777 1234 2805 Coisliuiauus
1247 2777 1360 2812 primus.

1087 2812 1143 2848 (76)
1158 2813 1208 2838 Ὃν
1222 2810 1262 2845 ὡζι
1275 2811 1374 2845 ἣλιον,
1391 2815 1445 2848 etc.
1459 2810 1541 2848 iidem
1560 2818 1634 2838 mss.

1089 2846 1145 2883 (77)
1164 2848 1194 2875 Ἡ
1211 2847 1347 2880 κόλασις,
1361 2851 1413 2874 etc.
1429 2846 1511 2873 Iidem
1525 2853 1593 2874 mss.
