1886 3052
56 139 115 166 ΜΠ

55 244 93 274 είς
101 243 128 269 τὺ
138 240 289 273 κολάζεσθαι
299 240 362 271 τοὺς
372 238 480 269 ἀδίκους
491 237 566 269 θείας
576 237 702 272 κρίσεως,
713 235 827 270 εὐφραν-

54 289 162 325 θήσεται.

514 133 668 162 SELECTA
684 132 717 160 IN
734 130 903 159 PSALMOS.
923 146 956 151 ——
976 131 1073 158 PSAL.
1092 128 1158 157 LIX.

89 197 137 224 Τοῦ
148 196 246 223 αὐτοῦ.
271 194 301 221 ’0
326 193 429 224 δίκαιος
453 191 520 227 (78),
538 191 610 227 ὁρῶν
624 191 655 217 τὸ
678 190 759 225 σοφὸν
775 189 823 224 τῆς

911 187 1048 222 Ejusdem.
1077 187 1170 214 Justus
1194 186 1288 214 videns
1314 187 1473 221 sapientiam
1506 185 1590 215 divini
1620 188 1661 223 iu-

1544 72 1576 95 /

1593 130 1660 157 ms

881 233 944 260 dicit
971 241 1024 267 quo
1051 233 1135 268 iniqui
1170 232 1303 267 supplicio
1334 232 1528 265 destinantur.
1558 232 1662 261 laetabi—

881 283 935 304 (ΗΓ.

312 373 458 400 ΨΑΛΜΟΣ
478 372 546 398 NH’.

92 421 197 454 Ἐξελοῦ
220 423 260 455 με
279 420 312 446 ἐκ
337 419 396 446 τῶν
416 417 531 453 ἐχθρῶν
545 426 617 452 μου,
635 419 650 444 ό
664 416 734 449 Cede;
759 424 829 450 μου,

52 476 77 494 tt.
89 477 111 496 τ.
122 469 142 494 ἐ.
151 467 195 494 Διὰ
206 467 235 493 τὸ
251 465 316 501 (79),
329 475 338 491 t
353 465 434 490 Ἀνευ
443 464 558 498 ἀνομίας
571 463 687 500 ἔδραμον
704 462 750 489 καὶ
765 470 831 489 κατ-

53 512 153 539 εὐθυνα-
166 521 174 537 t
192 512 236 538 καὶ
257 510 300 537 διὰ
311 510 349 542 τὸ,
371 519 379 534 ι
392 509 428 536 Τὸ
442 509 541 544 κράτος
557 517 607 544 μου
619 508 687 543 πρὸς
703 507 733 534 σε
746 507 830 542 φυλά-

51 558 96 589 ξω,
106 567 114 583 t
129 558 140 583 ὸ
157 556 247 591 Σωτὴρ
263 555 336 589 λέγει
354 554 399 580 τὸν
413 553 520 588 ψαλμὸν
530 561 537 568 ⁸
559 553 606 579 καὶ
621 552 665 579 διὰ
679 552 719 585 τὺ,
735 561 743 577 ι
756 551 826 587 Πρό-

51 611 110 638 σχες
119 602 161 629 τοῦ
174 600 371 636 ἐπισκέψασθαι
386 599 474 627 πάντα
487 599 522 625 τὰ
539 598 612 633 ἔθνη.
627 608 636 624 ι
819 617 821 621 ,

83 691 141 717 ὀτι
163 688 224 716 ίδοὺ
249 687 419 722 ἐθήρευσαν
441 687 498 721 τὴν
512 686 619 721 ψυχήν
636 694 706 720 μου,
725 694 752 712 κ.
763 694 788 713 τ,
801 687 824 712 ὲ.

54 735 208 772 Ἐθήρευσαν
231 734 286 769 (80)
312 733 361 768 τὴν
383 733 472 768 ψυχήν
498 741 548 767 μου
565 732 589 757 οἱ
616 732 752 766 κραταιοὶ,
779 731 826 757 καὶ

45 781 163 815 ἐπέθεντό
179 788 230 816 μοι.
251 779 308 806 Οὐκ
321 780 352 805 ὲκ
371 778 522 813 παρέργου,
538 776 616 811 φησὶ,
629 776 678 811 τὴν
694 776 762 811 πρὸς
777 775 826 810 ἐμὲ

46 828 133 863 μάχην
145 827 304 858 ἐνίστανται,
319 824 376 851 ἀλλ’
394 823 554 854 ἐπίκεινται,
571 822 608 857 μὴ
633 821 735 857 βραχὺν
757 821 827 847 ὲχδι-
843 843 863 870 Β

45 874 131 904 δόντες
145 872 246 908 καιρὸν,
270 870 351 898 παντὶ
376 870 404 896 δὲ
429 869 523 904 τρόπῳ
545 867 725 902 πολεμοῦντες
742 868 825 902 ἡμᾶς.

45 918 188 954 Κραταιοὺς
203 917 229 943 δὲ
253 914 338 947 εἶπεν,
356 915 426 941 ὥστε
447 914 494 940 καὶ
523 913 578 940 ὰπὸ
601 912 650 947 τῆς
673 911 826 948 προσούσης

43 965 131 996 αὐτοῖς
151 963 237 998 ίσχύος
253 962 365 998 μείζονα
378 961 461 993 δεῖξαι
477 961 526 995 τὴν
547 959 606 986 κατ’
621 958 702 985 αὑτοῦ
716 957 826 984 ἐπιδου-

42 1011 101 1035 λήν.

79 1017 101 1035 ν.

59 1010 159 1081 ήἌνευ
176 1051 301 1086 ἀνομίας
312 1050 443 1085 ἔδραμον
461 1048 511 1076 καὶ
531 1048 709 1079 κατεύθυνα,
725 1056 751 1074 κ.
765 1055 789 1073 τ.
802 1048 825 1073 ὲ.

47 1101 78 1127 '0
99 1100 182 1133 λέγων
195 1098 249 1134 (81)
262 1107 269 1114 ·
289 1107 297 1123 t
312 1097 364 1124 Τὸν
380 1096 473 1131 ἀγῶνα
497 1095 541 1122 τὸν
557 1095 639 1121 καλὸν
660 1093 826 1128 ἠγώνισμαι,

40 1146 88 1172 τὸν
112 1145 205 1180 δρόμον
221 1143 360 1175 τετέλεκα,
377 1141 425 1177 τὴν
442 1141 533 1168 πίστιν
557 1141 710 1176 τετήρηκα·
722 1149 731 1165 t
748 1140 828 1174 φήσει

38 1192 81 1223 τὸ,
93 1200 102 1216 ι
115 1191 191 1217 Ἀνευ
205 1189 318 1224 ἀνομίας
336 1189 451 1224 ἐδραμον
464 1188 511 1214 καὶ
522 1186 673 1214 κατεύθυνα
682 1193 688 1200 ·
700 1195 710 1211 ›
720 1185 737 1220 ἣ
750 1185 828 1211 ὸΣω-

38 1237 92 1272 τὴρ
108 1235 203 1271 μᾶλλον
216 1234 303 1262 ταῦτα
319 1235 410 1270 φήσει.

78 1281 132 1308 Τοῦ
146 1281 248 1308 αὑτοῦ.
275 1280 332 1307 Οὐκ
360 1280 419 1306 ἔστι
436 1279 491 1315 (82)
513 1277 677 1305 κατευθῦναι
702 1276 751 1313 τὴν
772 1277 830 1303 ὁδὸν

37 1328 89 1363 τὴν
106 1326 232 1353 εἰποῦσαν
243 1334 249 1341 ·
277 1335 286 1351 ι
298 1324 368 1360 Ἐγώ
391 1325 447 1360 εἰμι
472 1325 489 1359 ἡ
505 1324 563 1355 ὁδός
574 1332 581 1339 ”
595 1333 605 1349 t
624 1323 661 1358 μὴ
687 1322 750 1349 ἄνευ
769 1323 831 1349 ἀνο-

38 1374 106 1409 μίας
124 1373 269 1409 δραμόντα.

81 1419 265 1454 Ἐξεγέρθητι
297 1419 340 1451 είς
372 1417 563 1450 συνάντησιν
591 1424 662 1450 μου,
696 1415 744 1442 καὶ
775 1415 830 1447 ἴδε,

38 1473 68 1491 κ.
81 1472 106 1490 τ.
120 1464 143 1491 ἑ.
163 1463 210 1494 Τίς
224 1463 278 1498 ἄρα
296 1463 350 1498 (85)
374 1461 464 1493 ίκανδς
488 1462 574 1487 εἰπεῖν
590 1459 629 1495 τῷ
651 1459 723 1495 Θεῷ·
741 1469 752 1485 ι
773 1459 830 1493 Ἑξ-

33 1509 166 1544 εγέρθητι
182 1510 221 1541 είς
235 1508 397 1543 συνάντησίν
413 1516 475 1542 μου,
490 1507 537 1533 καὶ
550 1506 604 1538 ῐδε;
618 1515 628 1531 t

74 1553 130 1580 Τοῦ
143 1553 246 1580 αὑτοῦ.
268 1553 313 1588 Τῷ
338 1552 393 1589 γὰρ
419 1551 591 1578 ἀναὸαίνοντι
607 1550 662 1586 (8ἠι)
686 1550 720 1576 δι’
738 1549 829 1584 ὑγιοῦς

31 1600 95 1635 βίου
114 1599 182 1636 πρὸς
203 1599 270 1626 Θεὸν
295 1598 460 1633 ἐξεγείρεται
476 1598 516 1629 εἰς
539 1596 700 1631 συνάντησιν
723 1596 737 1622 ὁ
754 1594 830 1626 Θεός.

31 1647 91 1673 Καὶ
106 1647 136 1673 ὲν
153 1646 191 1681 τῷ
205 1645 364 1680 Εὑαγγελίῳ
386 1645 414 1671 δὲ
430 1644 444 1669 ὁ
461 1644 552 1679 πατὴρ
567 1643 676 1678 ἀπαντᾷ
689 1641 728 1677 τῷ
745 1643 830 1668 ὲπαν-

31 1701 45 1718 ε
49 1691 180 1728 ρχομένῳ
193 1692 261 1727 πρὸς
274 1690 354 1717 αὑτὸν
371 1689 431 1725 υἱῷ.

68 1737 128 1764 Καὶ
145 1737 280 1772 ⁴ρομςραία
304 1736 339 1763 ὲν
361 1736 423 1768 τοῖς
437 1735 573 1770 χείλεσιν
592 1733 701 1766 αὐτῶν,
719 1742 747 1760 κ.
762 1742 787 1760 τ.
801 1733 824 1759 ἑ.

32 1783 177 1819 Ῥομφαία
201 1782 255 1818 (85)
279 1783 308 1808 ὲν
336 1783 391 1813 τοῖς
417 1781 518 1816 χείλεσι
548 1780 601 1807 τῶν
627 1780 756 1816 δύσφημα
780 1781 827 1806 καὶ

24 1828 124 1863 ἀσεσῆ
143 1827 322 1854 διδασκόντων
342 1826 510 1862 ἑτεροδόξων.

64 1874 119 1909 Μὴ
138 1874 322 1907 ἀποκτείνῃς
347 1872 468 1905 αὐτοὺς,
489 1871 605 1906 μήποτε
631 1870 828 1898 ἐπιλάθωνται

22 1921 84 1948 τοῦ
112 1921 210 1955 νόμου
229 1927 297 1952 σου,
325 1928 352 1945 κ.
371 1927 395 1945 τ.
409 1919 432 1944 ἑ.
459 1917 626 1944 ’Δποκτείνει
644 1916 754 1948 τούτους
778 1916 831 1951 (86)

20 1969 37 1994 ὁ
69 1966 179 2002 Κύριος
201 1965 248 1997 οὓς
276 1965 411 2000 συγχωρεῖ
436 1964 482 1990 ἐπὶ
512 1963 578 1990 πολὺ
601 1963 785 1998 ἁμαρτάνειν
801 1963 833 1988 ὲκ

20 2013 84 2048 γὰρ
101 2012 204 2039 τούτου
230 2011 374 2047 συμϐαίνει
398 2010 483 2046 λήθην
504 2009 631 2044 γενέσθαι
653 2008 736 2035 Θεοῦ·
767 2008 831 2034 «Ἑν

20 2059 86 2095 γὰρ
102 2058 146 2093 τῷ
160 2058 213 2093 ᾄδῃ
228 2057 270 2090 τίς
286 2056 511 2092 ἐξομολογήσεται
526 2064 583 2088 σοι;
598 2065 606 2080 t

62 2103 124 2130 Καὶ
140 2102 178 2135 ἐξ
195 2102 271 2137 ἀρᾶς
285 2102 333 2129 καί
352 2102 486 2136 ψεύδους
499 2101 748 2135 διαπελήσονται
762 2108 833 2127 συν-

18 2147 157 2180 τέλειαι,
173 2148 210 2174 ὲν
229 2146 301 2182 ὀργῇ
315 2147 501 2180 συντελείας,
515 2146 565 2173 καί
576 2147 612 2173 οὐ
622 2146 665 2180 μὴ
681 2145 832 2180 ὑπάρξου-

17 2201 69 2226 σι,
88 2202 119 2220 κ.
131 2202 161 2220 τ.
175 2194 199 2220 ὲ.
228 2193 294 2229 Ἀρὰ
309 2193 356 2220 καὶ
376 2192 471 2228 ψεῦδος
493 2192 547 2228 (87)
572 2192 646 2219 αἰτία
673 2192 723 2226 τῆς
738 2199 832 2218 συντε-

17 2239 104 2271 λείας
117 2248 124 2254 ·
145 2239 188 2271 ὡς
212 2240 236 2266 εἰ
261 2239 298 2275 μὴ
313 2238 400 2266 ταῦτα
421 2237 465 2274 ἦν,
486 2238 547 2265 οὒτε
569 2237 638 2273 ὀργὴ
661 2236 723 2263 οὗτε
739 2236 830 2264 συντέ-

17 2285 87 2312 λεια
103 2283 156 2321 ἦν.

328 2373 474 2401 ΨᾹΛΜΟΣ
487 2373 550 2400 ΝΘ’.

61 2421 100 2448 ’0
118 2420 211 2453 Θεὸς,
223 2419 332 2448 ἀπώσω
347 2421 435 2455 ἡμᾶς,
454 2427 479 2445 κ.
493 2428 518 2445 τ.
533 2419 557 2445 ὲ.
576 2417 619 2449 Ὠς
635 2418 668 2444 ὲκ
683 2418 831 2454 προσώπου

1137 368 1297 396 PSALMUS
1315 368 1404 396 LVIII.

914 414 996 442 Vens.
1017 415 1041 442 I.
1065 415 1143 449 Eripe
1166 423 1206 442 me
1218 415 1250 442 de
1267 415 1380 442 inimicis
1396 416 1471 448 meis,
1487 415 1553 442 Deus
1569 423 1641 442 meus
1653 435 1661 448 ,

882 467 935 489 etc.
952 461 1068 496 Propter
1083 461 1159 494 illud,
1178 470 1187 487 (
1207 460 1272 488 Sine
1294 462 1438 496 iniquitate
1452 461 1561 489 cucurri
1580 465 1607 489 et
1620 461 1663 489 di-

881 507 959 540 rexi,
990 516 999 532 t
1025 511 1053 533 et
1079 511 1190 541 propter
1217 506 1304 533 illud:
1323 516 1332 532 ι
1355 506 1552 534 Fortitudinem
1574 514 1661 533 meam

881 553 913 579 ad
935 556 962 579 te
981 552 1145 584 custodiam,
1171 561 1181 578 t
1202 552 1328 579 Salvator
1346 553 1419 579 hunc
1437 552 1569 586 psalmum
1580 552 1662 584 dicit;

881 605 984 625 necnon
1002 602 1112 632 propter
1129 598 1193 625 illud
1211 605 1218 625 :
1236 607 1246 624 ‹
1263 598 1374 626 Intende
1388 598 1421 625 ad
1433 597 1585 625 visitaudas
1605 605 1663 624 om-

879 651 927 671 nes
946 647 1050 678 gentes.
1065 653 1073 670 ι

914 689 996 716 Vsus.
1016 689 1042 716 4.
1065 688 1135 721 Quia
1151 697 1209 716 ecce
1232 689 1318 717 senati
1340 694 1401 717 sunt
1422 689 1539 716 animum
1556 697 1641 716 meum
1655 709 1662 721 ,

879 734 1035 763 clc.Venati
1049 740 1111 762 sunt
1130 735 1247 762 animam
1263 743 1350 762 meam
1371 735 1463 768 fortes,
1480 739 1505 762 et
1525 735 1664 762 irruerunt

880 780 905 806 iu
919 787 969 807 me.
991 779 1048 807 Non
1063 780 1160 811 obiter.
1179 780 1275 815 inquit,
1294 785 1389 807 contra
1403 787 1446 807 me
1464 780 1586 814 przelium
1598 787 1660 807 cou-

881 825 1010 856 citaruut,
1031 825 1078 852 sed
1096 825 1223 857 irruunt,
1250 832 1284 852 ne
1308 826 1391 852 breve
1421 825 1528 858 quidem
1558 830 1663 859 tempus

880 870 1072 904 indulgentes,
1102 870 1149 897 sed
1183 870 1256 897 otnni
1287 870 1367 897 modo
1397 877 1448 897 nos
1467 875 1661 905 oppugnantes.

878 915 975 943 Fartes
1001 920 1090 942 autem
1121 916 1210 947 dixit,
1239 919 1268 942 ut
1296 916 1378 942 etiam
1409 922 1441 942 ex
1468 916 1576 943 viribus
1604 923 1664 950 quae

879 961 946 995 ipsis
973 961 1067 987 insunt
1094 959 1213 994 majores
1233 961 1365 988 adversus
1390 967 1419 988 se
1436 952 1549 988 insidias
1571 966 1664 988 osten-

878 1007 963 1034 deret.

914 1053 994 1080 Vsus.
1023 1054 1050 1081 5.
1072 1053 1136 1081 Siue
1161 1053 1300 1089 iniquitate
1318 1053 1424 1080 cucurri
1438 1059 1461 1080 et
1492 1053 1592 1088 direxi,
1609 1058 1662 1080 etc.

879 1098 928 1131 Qui
952 1100 1020 1127 dicit
1045 1109 1077 1126 τε
1105 1099 1209 1126 Bonum
1238 1103 1376 1126 certamen
1402 1099 1527 1130 certuvi,
1556 1106 1663 1125 cursum

881 1145 1075 1178 consummavi,
1092 1145 1169 1171 Iidem
1181 1144 1285 1171 servavi
1295 1144 1328 1175 ",
1344 1153 1353 1169 t
1368 1143 1448 1175 dicet,
1467 1153 1475 1168 ι
1490 1143 1554 1171 Sine
1567 1143 1664 1177 iniqui.

882 1195 937 1217 tate
956 1192 1064 1218 cucurri
1083 1196 1111 1218 et
1130 1191 1236 1224 direxi;
1267 1200 1277 1217 ι
1300 1190 1341 1217 vel
1355 1189 1445 1225 potius
1459 1188 1583 1216 Salvator
1607 1190 1665 1217 haec

882 1237 964 1263 (licet.

919 1281 998 1317 737
1025 1281 1160 1316 Ejusdem.
1179 1281 1230 1314 Qui
1254 1281 1314 1308 sine
1330 1281 1474 1314 iniquitate
1495 1289 1547 1307 non
1568 1289 1666 1308 cucur-

884 1328 928 1358 rit,
946 1335 998 1353 non
1012 1331 1100 1361 potest
1111 1327 1229 1362 dirigere
1244 1327 1314 1354 viam
1329 1334 1388 1362 qum
1401 1325 1468 1352 dixit
1487 1334 1493 1352 :
1510 1335 1519 1352 ι
1539 1326 1593 1361 Ego
1604 1333 1664 1353 sunt

881 1373 923 1398 via
944 1373 977 1399 ‘°.
1002 1382 1011 1398 t

920 1418 999 1446 Vens.
1020 1419 1047 1446 6.
1071 1418 1189 1453 Exsurge
1207 1419 1234 1445 in
1245 1426 1383 1445 occursum
1397 1426 1480 1445 meum
1493 1424 1515 1446 et
1529 1419 1597 1451 ride,
1611 1423 1664 1448 etc.

883 1463 949 1497 Quis
964 1465 1076 1491 idoneus
1090 1469 1131 1491 est
1144 1465 1235 1492 dicere
1252 1465 1315 1498 Deo,
1327 1474 1336 1490 ι
1348 1464 1469 1499 Exsurge
1484 1466 1510 1492 iu
1523 1473 1665 1492 occursum

845 1509 865 1536 C
885 1517 971 1536 meum
992 1513 1018 1536 et
1032 1509 1116 1536 vide?
1135 1519 1143 1535 t

939 1555 1074 1589 Ejusdem.
1105 1556 1271 1582 Ascendeuti
1309 1556 1381 1584 enim
1418 1564 1466 1591 per
1500 1565 1594 1583 sanant
1627 1557 1667 1583 vi-

885 1606 938 1628 tant
971 1601 1005 1628 ad
1043 1601 1152 1634 Deum,
1189 1602 1312 1636 exsurgit
1344 1602 1370 1628 in
1405 1609 1548 1629 occursum
1584 1602 1666 1630 Deus.

883 1646 916 1674 Et
939 1647 966 1674 in
995 1647 1142 1681 Evangelio
1166 1653 1243 1682 pater
1261 1649 1380 1675 occurrit
1409 1649 1555 1676 revertenti
1581 1649 1613 1675 ad
1638 1656 1668 1676 sc

885 1693 950 1720 tilio.

920 1737 1002 1764 Vens.
1019 1738 1045 1764 8.
1059 1736 1093 1763 Et
1106 1737 1212 1771 gladius
1223 1737 1252 1764 in
1277 1737 1353 1764 labiis
1365 1745 1466 1770 eorum,
1483 1743 1537 1766 etc.
1554 1738 1665 1765 Gladius

883 1788 926 1811 est
942 1784 967 1809 in
982 1783 1060 1809 labiis
1071 1783 1298 1810 heterodoxorum
1314 1784 1358 1817 qui
1374 1783 1532 1818 blaspltenta
1546 1787 1573 1810 et
1586 1784 1666 1818 impia

884 1830 992 1856 docent.

921 1877 1001 1904 Vens.
1027 1877 1070 1903 I2.
1095 1876 1136 1904 Ne
1152 1877 1256 1904 occidui
1271 1884 1326 1909 eos,
1351 1875 1486 1910 nequando
1510 1873 1667 1900 obiiviuan-

884 1926 928 1949 tur
950 1923 1014 1957 legis
1039 1927 1111 1955 tum,
1142 1927 1195 1950 etc.
1214 1923 1276 1950 Illos
1301 1922 1402 1950 occidit
1425 1921 1572 1953 Dominus,
1600 1927 1667 1954 quos

884 1968 951 1995 sinit
981 1967 1094 1994 multum
1125 1975 1250 2002 peccare.
1278 1967 1347 1994 IIittc
1375 1967 1446 1994 enim
1480 1965 1568 1992 oritur
1596 1964 1666 1991 obli-

883 2014 927 2040 vio
961 2013 1024 2040 Dei.
1057 2012 1124 2040 Nam
1157 2022 1166 2039 ‹
1204 2013 1233 2040 In
1271 2013 1377 2040 interno
1407 2012 1468 2046 quis
1497 2010 1668 2038 conﬁtebitur

885 2060 931 2087 tibi
952 2060 997 2087 °‘?
1020 2069 1029 2085 t

922 2103 1003 2130 Vens.
1024 2103 1067 2135 I5.
1082 2103 1126 2132 Μ,
1145 2103 1178 2129 Et
1194 2103 1226 2130 de
1234 2102 1414 2130 exsecratione
1433 2106 1456 2128 et
1472 2101 1607 2127 mendacio
1625 2110 1670 2127 au-

885 2149 1078 2175 mmtiabuntur
1100 2149 1348 2178 consummationes,
1361 2148 1388 2174 iu
1405 2147 1445 2173 ira
1462 2146 1671 2173 consummatio-

886 2194 938 2225 nis,
961 2198 984 2220 et
1008 2202 1058 2220 non
1075 2199 1160 2225 erunt,
1173 2199 1226 2220 etc.
1244 2192 1494 2220 Consummntionis
1508 2199 1590 2219 causa
1608 2196 1672 2219 sunt

887 2238 1041 2265 exsecratio
1057 2244 1082 2265 et
1100 2239 1281 2266 mendacium.
1299 2238 1365 2265 Nam
1384 2239 1406 2264 si
1422 2237 1479 2265 haec
1499 2245 1550 2265 non
1566 2242 1670 2270 essent,

887 2284 980 2318 utique
995 2292 1046 2311 non
1063 2289 1137 2312 esset
1151 2285 1190 2312 ira
1207 2292 1256 2312 uec
1266 2285 1475 2312 consummatio.

1156 2374 1316 2402 PASLMUS
1341 2374 1409 2402 LIX.

924 2419 1006 2447 Vens.
1024 2419 1052 2446 5.
1072 2419 1154 2451 Deut,
1171 2419 1287 2454 repulisti
1313 2428 1369 2451 nos,
1393 2423 1446 2445 etc.
1471 2418 1611 2452 Tanquam
1637 2425 1669 2444 ex

17 2467 82 2502 [88)
101 2466 168 2493 τῶν
188 2465 323 2492 Ἰουδαίων
346 2464 421 2499 σφῶν
445 2464 580 2499 ἀποϐολὴν
596 2463 685 2490 αὐτῶν
700 2464 775 2498 δηλοῖ
792 2464 825 2490 διέ

907 2473 1003 2493 ersona
1030 2465 1182 2493 Iudaeorum
1216 2465 1391 2500 rejectionem
1417 2471 1510 2491 eorum
1536 2462 1672 2497 signiﬁcat

17 2514 65 2540 τοῦ
99 2513 202 2540 εἰπεῖν
213 2520 220 2527 ·
252 2521 261 2538 ι
272 2512 301 2538 '0
315 2511 391 2544 Θεὸς,
405 2510 510 2538 ἀπώσω
527 2510 610 2545 ἡμᾶς,
639 2510 687 2536 καὶ
712 2509 825 2536 καθεῖλε

907 2511 1014 2546 icendo,
1034 2520 1043 2537 ι
1063 2511 1146 2544 Deus,
1162 2511 1284 2545 repulisti
1299 2518 1356 2541 nos,
1372 2514 1399 2536 et
1411 2508 1567 2536 destruxisti
1581 2515 1641 2541 nos,
1658 2517 1669 2535 ι

48 2573 79 2588 ⁵’
102 2572 142 2598 Il.
166 2571 239 2598 Titn.
261 2578 297 2603 tv,
321 2571 347 2597 7.
385 2571 408 2586 '°
432 2569 509 2597 Juan.
528 2577 574 2603 vt,
593 2570 635 2596 I4.
674 2569 695 2584 ⁶¹
713 2568 784 2596 PsaI.
806 2577 842 2602 vt,
858 2569 882 2597 6.

48 2631 124 2668 (78)
149 2631 323 2668 Ὀγδιθιαιος,
337 2636 398 2668 etc._
410 2630 494 2668 Iidem
505 2637 570 2668 mss.

47 2664 124 2702 ('79)
141 2667 201 2694 Διὰ
214 2667 257 2702 τό,
272 2672 324 2694 etc.
344 2665 433 2693 Codex
443 2665 630 2702 goisliniunus
646 2664 791 2702 secundus.

142 2698 348 2743 _‘E012pévo'ar_,
365 2705 418 2728 etc.
438 2698 540 2728 Catena
558 2699 678 2727 Corderii
697 2703 724 2726 et
745 2699 831 2727 codex

17 2738 229 2766 Ioislittianus
241 2738 383 2764 secundus.

64 2773 124 2807 8|)
144 2772 177 2798 '0
189 2771 300 2807 λέγων,
316 2776 370 2798 etc.
383 2768 681 2807 (ZodexVCoiinnianus.

64 2804 125 2839 8‘2)
152 2808 220 2834 Οὐκ
233 2804 310 2839 ἔστι,
324 2811 379 2834 etc.
395 2805 508 2833 Scltedte
522 2804 626 2832 Grabii.

50 2841 125 2879 «83)
142 2842 197 2875 Τίς
208 2842 275 2875 ἄρα,
292 2847 343 2869 etc.
362 2841 478 2868 Eaedem.

923 2629 979 2666 (84)
994 2629 1036 2663 Τῷ
1049 2630 1104 2665 γὰρ
1118 2630 1318 2661 ἀναϐαίνοντι,
1333 2631 1385 2655 etc.
1403 2626 1521 2654 Emdem.

921 2676 977 2712 (85)
998 2676 1149 2711 Ῥομφαία,
1165 2679 1218 2702 etc.
1233 2675 1323 2702 Codex
1336 2673 1517 2702 Coislinianus
1525 2671 1671 2699 secundus.

921 2721 976 2758 (86)
1001 2722 1177 2749 Ἀποκτείνει
1201 2721 1338 2754 τούτους,
1361 2724 1415 2747 etc.
1437 2718 1551 2746 Scltedte
1566 2717 1671 2745 Grabii.

921 2767 977 2802 (87)
1000 2767 1065 2801 Ἀρὰ
1090 2767 1139 2794 καὶ
1163 2766 1287 2800 ψεῦδος,
1302 2771 1355 2795 etc.
1374 2766 1465 2794 Codex
1491 2763 1673 2793 Coislinianus

886 2803 1045 2871 seiiiiliti}
1054 2837 1088 2862 ἐκ
1100 2836 1272 2870 προσώπου,
1285 2841 1340 2864 etc.
1353 2836 1454 2864 Catena
1466 2835 1599 2863 Cordcrii.
