1886 3052
216 145 283 173 11117

910 145 954 173 EX
971 144 1123 173 ORIGENE

1786 150 1796 175 1
1801 150 1845 175 4118

254 202 332 230 Vsus.
359 202 399 229 l0.
423 201 576 237 Prtvcipt‘la,
598 202 718 234 Domine,
742 207 767 229 et
790 202 877 229 divide
899 202 1002 237 lingua:

1095 203 1332 235 Καταπόντισον,
1348 203 1446 237 Κύριε,
1460 202 1509 230 καὶ
1523 203 1683 230 namNa/te
1697 203 1752 237 τὰς
1764 205 1845 238 γλώσ·

215 257 318 282 eorum,
332 249 456 284 quoniam
472 249 526 276 uilli
541 250 709 283 iniquitatem
729 252 754 276 et
769 248 1005 275 contradictionem

215 296 243 322 in
259 296 376 327 civitate,
392 300 446 322 etc.
465 294 499 322 lis
513 295 559 329 qui
574 302 608 322 ex
625 295 728 322 malitia
742 301 771 322 et
783 294 860 322 falsis
875 294 1006 329 dogmati-

215 342 266 369 bus
291 342 428 368 civitatem
447 340 598 373 aediﬁcant,
624 341 781 377 supervenit
806 341 957 376 ignorantia
979 346 1006 368 et

214 387 371 422 linguarum
387 386 514 413 confusio
533 394 592 421 quae
607 386 681 421 ipsos
703 395 717 413 a
735 387 806 414 malo
823 394 905 420 opere
927 387 1006 414 cohi-

217 432 272 463 bet,
302 432 534 466 quemadmodum
565 432 682 465 contigit
711 432 794 459 etiam
823 431 877 459 illis
905 432 951 466 qui
979 431 1005 458 in

213 477 336 504 tinaluue
359 479 456 504 turrim
483 482 709 505 construxerunt.
735 477 763 504 In
787 485 862 505 mare
885 477 1005 513 demergi

214 523 314 550 dicitur
339 524 364 550 id
391 524 462 558 quod
491 523 525 550 ub
549 523 637 550 oculis
660 523 813 555 evanescit,
842 523 905 558 quia
926 531 1007 551 omne

214 570 287 603 quod
309 569 335 596 iu
361 570 498 604 profundo
513 574 565 599 est.
578 568 612 595 ab
628 569 713 597 oculis
723 569 874 597 evanescit.
889 569 1005 596 Profun-

214 615 278 642 dum
296 615 377 650 igitur
394 621 535 650 peccatum
555 619 607 646 est,
624 619 651 641 et
667 616 706 642 rei
723 617 1007 651 quazsubsistitinter-

214 662 285 693 itus,
312 662 424 689 malitiae
434 662 588 690 dissolutio.
606 663 755 699 Propterea
770 663 837 691 dicit
852 663 878 690 in
895 662 1003 697 profun-

214 709 278 735 dtun
295 716 309 735 a
325 708 380 736 Deo
397 710 517 744 demergi
534 710 647 743 malum,
661 719 724 739 cum
737 709 1008 744 dividunturlingua‘.

217 762 314 781 eorum
331 755 358 782 iu
376 757 477 783 malum
495 759 720 793 conspiraulium.

254 800 390 834 Ejusdem.
398 811 408 827 1
420 802 571 838 l’raecipita,
581 804 703 831 Domine.
715 813 725 829 1
733 803 853 837 Quortun
863 811 873 828 1
884 808 1004 832 eorum.)

215 846 268 873 nisi
295 847 397 874 inimici
421 853 449 875 et
473 850 644 883 peccatoris?
670 849 712 876 vel
735 854 864 883 tanquam
890 848 1006 882 abyssus

215 893 361 926 sapientia,
388 894 414 920 in
436 902 488 928 qua
514 902 578 923 sunt
602 897 738 931 profunda
765 896 824 928 Dei,
853 894 1006 930 praecipitat

215 937 354 966 inundans
380 940 486 975 linguas
510 947 538 969 et
559 950 640 970 voces
657 942 794 970 sermonis
810 941 912 968 inimici
930 940 1004 968 veri-

215 984 291 1016 Iulis,
306 991 333 1012 et
351 993 445 1014 coruut
467 987 512 1021 qui
539 989 612 1015 illum
633 989 781 1024 111-181Ιὶ811111
803 997 810 1021 ;
834 992 861 1015 et
879 987 1006 1014 dissolvit

214 1030 300 1063 ipsas,
312 1038 428 1065 arguens
442 1032 638 1061 dissonantiam
652 1033 886 1061 etdisseusioucm
897 1040 1004 1060 eorum.

216 1075 301 1103 I'orro
322 1085 415 1111 causa,
445 1087 495 1106 cur
516 1080 573 1107 Inec
593 1080 729 1112 dicantur,
751 1080 935 1115 subiungitur.
959 1079 1006 1107 Est

213 1122 286 1149 1-111111
302 1123 383 1150 etiam
401 1125 581 1153 contradictio
595 1126 668 1153 inter
683 1134 730 1154 eos
751 1126 796 1161 qui
820 1131 917 1154 contra
932 1125 1005 1153 veri-

215 1172 299 1194 tatem
318 1169 499 1202 contendunt,
518 1178 578 1205 quae
591 1171 631 1197 'ad
648 1170 714 1198 nihil
738 1171 814 1198 utilis
830 1175 884 1203 est,
904 1169 956 1197 nisi
972 1169 1005 1196 ad

214 1213 418 1242 subverslonem
445 1216 626 1244 audientium.
656 1217 792 1244 Caeterum
820 1215 946 1243 Christus
972 1221 1005 1241 ea

214 1268 275 1294 qua!
291 1267 442 1296 sequuntur
454 1263 545 1290 dicere
559 1263 645 1298 possit
656 1263 690 1290 de
701 1263 812 1290 civitate
822 1261 1004 1296 Jerosolyma.

214 1307 310 1333 videns
327 1307 352 1334 111
371 1315 403 1334 ea
429 1308 610 1342 iniquitatem,
626 1313 652 1336 et
669 1309 800 1336 adversus
814 1316 845 1336 se
868 1307 1006 1335 801111³111-

214 1353 332 1379 8110118111
349 1353 456 1381 diversa
474 1355 508 1382 de
521 1355 579 1389 ipso
592 1356 796 1384 disserentium.
815 1365 825 1381 1
845 1355 878 1382 Et
891 1362 944 1381 non
960 1354 1005 1380 de-

215 1397 278 1425 fecit
292 1398 324 1425 de
338 1399 433 1433 plateis
445 1400 514 1434 ejus.
531 1410 540 1426 1
555 1401 683 1435 llocjure
697 1402 795 1429 tnerito
808 1401 842 1428 ad
860 1406 1004 1436 personam

214 1445 361 1479 proditoris
381 1445 476 1472 referri
490 1447 585 1480 possit.

253 1490 332 1518 Vens.
354 1491 396 1519 16.
423 1491 514 1519 Veniat
528 1501 598 1520 mors
612 1502 692 1527 super
713 1494 774 1521 illo:
796 1500 820 1522 et
842 1495 1004 1523 descendant

213 1536 241 1562 in
256 1536 390 1570 infernum
405 1543 527 1570 viventes,
548 1539 673 1573 quoniam
696 1541 813 1575 nequitia
833 1541 861 1567 in
879 1542 1003 1569 taberna-
1019 1555 1039 1582 ρ

213 1582 282 1608 culis
293 1590 382 1609 eorum
404 1583 430 1609 in
456 1584 542 1610 medio
564 1592 666 1617 eorum,
685 1589 738 1613 etc.
753 1585 851 1614 Veniat
870 1595 946 1616 ntors
958 1596 1004 1615 su-

213 1634 262 1661 per
278 1627 350 1661 illos,
364 1636 439 1656 mors
458 1630 576 1657 animam
596 1637 728 1666 separans
740 1639 755 1658 a
769 1633 881 1660 malitia.

248 1719 384 1754 Ejusdem.
406 1719 445 1748 Illi
472 1721 499 1748 in
521 1721 658 1750 infernum
679 1722 849 1752 descendunt
868 1725 1002 1758 viventes,

212 1766 258 1800 qui
270 1765 370 1794 divinis
383 1767 598 1795 institutionibus
607 1776 658 1795 non
669 1773 733 1797 sunt
742 1769 852 1797 initiati.
865 1770 915 1804 Qui
928 1773 1001 1799 enim

212 1813 296 1839 verba
313 1813 376 1840 vitae
391 1821 445 1841 non
461 1814 593 1848 gustavit,
606 1819 730 1844 mortuus
743 1821 786 1843 est
802 1827 808 1844 :
827 1824 916 1852 neque
929 1819 1002 1846 enim

213 1858 270 1885 fieri
287 1863 375 1893 potest
387 1864 416 1887 ut
432 1861 496 1895 quis
517 1867 692 1889 communem
711 1862 781 1890 hanc
797 1863 879 1890 vitam
897 1864 1002 1896 vivens,

212 1903 240 1930 iu
268 1904 404 1932 infernum
425 1906 582 1934 descendat.
604 1907 738 1940 Quoniam
767 1916 833 1944 ergo
861 1909 945 1937 .ludas
976 1914 1003 1937 et

213 1951 330 1986 populus
354 1952 508 1980 .ludatorum
536 1953 562 1980 in
588 1953 645 1988 lege
666 1958 693 1980 et
720 1955 861 1989 prophetis
885 1956 1002 1984 instituti

214 2001 288 2028 sunt,
304 1998 430 2025 veniente
445 2007 527 2033 super
541 1999 602 2026 illos
618 2004 707 2027 morte
719 2008 781 2035 qua:
800 2006 946 2035 peccatum
958 2010 1002 2030 se-

213 2045 317 2080 quitur,
339 2045 463 2074 viventes
487 2046 514 2073 in
541 2046 678 2074 infernum
701 2048 882 2075 descendunt.
914 2048 1002 2076 Simili

212 2098 294 2118 sensu
311 2091 393 2118 etiam
409 2099 525 2127 sequens
542 2093 640 2120 dicitur
654 2093 816 2126 versiculus,
840 2103 848 2120 1
866 2094 1002 2127 Quoniam

214 2137 334 2171 nequitia
351 2137 376 2164 iu
391 2138 577 2166 tabernaculis
593 2146 689 2165 eorum
708 2139 735 2166 iu
761 2139 849 2167 medio
866 2148 973 2168 eorum.
990 2150 999 2166 1

214 2182 270 2209 Etsi
293 2183 365 2209 enim
389 2183 558 2211 viviﬁcarum
581 2184 785 2219 Scripturarum
802 2191 929 2221 expertes
949 2195 1003 2214 non

1057 257 1117 281 σας
1126 247 1226 275 αὐτῶν
1237 269 1244 281 ,
1262 248 1308 275 ὅτι
1325 248 1407 275 εἶδον
1418 249 1548 284 ἀνομίαν
1564 249 1613 276 καὶ
1630 248 1806 285 ἀντιλογίαν
1816 251 1845 278 111·

1057 294 1095 329 τῇ
1108 296 1205 328 πόλει,
1223 303 1249 322 ac.
1267 303 1292 322 τ.
1310 295 1333 321 ὲ.
1352 296 1415 327 Τοῖς
1433 296 1488 322 ἀπὸ
1509 295 1608 328 κακίας
1620 296 1676 331 (tu)
1690 297 1739 323 καὶ
1751 297 1846 332 ψευδῶν

1056 341 1200 377 δογμάτων
1219 341 1296 368 πόλιν
1313 341 1500 376 οἰκοδομοῦσιν
1519 342 1643 376 ἀγνωσία
1660 343 1845 378 ὲπισυμὸαίνει

1058 388 1104 414 καὶ
1118 386 1249 422 σύγχυσις
1269 386 1399 421 γλωσσῶν
1423 386 1549 414 παύουσα
1573 388 1674 419 αὐτοὺς
1691 388 1743 423 τῆς
1767 389 1846 425 κακῆς

1058 433 1199 470 ἐνεργείας
1211 454 1219 464 ,
1237 433 1364 468 καθάπερ
1376 433 1426 459 καὶ
1444 434 1501 464 τοῖς
1516 433 1546 458 ὲν
1559 433 1670 469 Χαλανῃ
1686 431 1734 459 τδν
1750 433 1847 469 πύργον

1058 479 1308 505 κατασκευάσασιν.
1332 478 1361 503 Ὀ
1381 477 1602 511 καταποντισμὸς
1625 477 1671 504 τὸν
1700 477 1847 513 ἀφανισμὸν

1057 524 1142 560 δηλοῖ,
1168 523 1237 551 διότι
1260 524 1314 550 πᾶν
1333 523 1364 550 τὸ
1390 524 1420 549 ὲν
1445 523 1517 558 βυθῷ
1543 522 1655 557 γεγονὸς
1681 523 1847 557 ἀφανίζεται.

1058 570 1144 602 Βυθὸς
1169 568 1215 597 οὖν
1238 570 1361 605 ἁμαρτία
1384 570 1442 596 ἐστὶ
1463 570 1510 596 καὶ
1531 569 1657 596 ἀπώλεια
1685 570 1702 604 ἡ
1719 569 1768 595 τοῦ
1790 577 1848 595 συν-

1058 617 1175 648 εστῶτος
1183 616 1231 651 τῆς
1240 616 1339 648 κακίας
1351 616 1481 647 διάλυσις.
1498 615 1546 642 Διὰ
1556 615 1634 642 τοῦτό
1643 623 1711 650 φησι
1720 624 1850 643 καταπον-

1057 663 1179 695 τίζεσθαι
1199 662 1274 698 παρὰ
1290 662 1356 689 Θεοῦ
1374 662 1404 688 τὸ
1420 661 1505 688 κακὸν
1520 662 1548 687 ὲν
1566 661 1604 697 τῷ
1620 661 1850 697 καταδιαιρεῖσθαι

1057 712 1108 744 τὰς
1120 711 1246 746 γλώσσας
1259 710 1349 737 αὐτῶν
1363 711 1410 737 ἐπὶ
1425 709 1502 745 κακῷ
1518 709 1749 745 συμφωνούντων.

1096 802 1151 829 Τοῦ
1164 802 1270 829 αὐτοῦ,
1287 811 1296 828 1
1315 801 1524 828 Καταπόντισον
1538 801 1606 837 (45),
1618 801 1718 836 Κύριε.
1740 811 1748 826 1
1768 801 1849 828 Τίνων

1059 849 1159 882 αὐτῶν,
1173 849 1190 884 ἢ
1205 848 1303 884 ἐχθροῦ
1320 849 1368 875 καὶ
1386 848 1568 884 ἁμαρτωλοῦ;
1587 847 1603 883 ἢ
1618 848 1656 880 ὡς
1674 847 1795 879 ἄϐυσσος
1809 856 1850 873 1ιό⁸

1058 896 1117 930 φία,
1135 897 1165 922 ὲν
1218 896 1277 921 ἐστι
1291 894 1326 921 τὰ
1343 894 1412 930 βάθη
1429 894 1477 920 τοῦ
1491 894 1571 926 Θεοῦ,
1587 893 1782 924 καταποντίζει
1798 895 1851 920 ἐπι-

1057 941 1192 974 κλύζουσα
1203 941 1329 976 γλώσσας
1349 941 1396 967 καὶ
1408 940 1500 976 φωνὰς
1514 939 1611 975 ἐχθροῦ
1628 941 1662 975 τῇ
1678 939 1794 975 ἀληθείᾳ
1805 940 1850 965 τοῦ

1057 988 1147 1022 λόγου,
1168 989 1215 1015 καὶ
1231 987 1286 1014 τῶν
1304 987 1509 1024 πρεσϐευόντων
1525 987 1606 1013 αὑτὸν
1617 1007 1624 1019 ,
1646 986 1696 1013 καὶ
1713 986 1852 1013 καταδιαι-

1058 1036 1099 1070 per
1111 1034 1206 1066 αὑτὰς,
1222 1033 1397 1069 διελέγχουσα
1411 1033 1441 1060 τὸ
1457 1033 1621 1068 ἀσύμφωνον
1631 1032 1679 1059 καὶ
1694 1031 1729 1058 τδ
1739 1032 1851 1059 διεσπα-

1058 1081 1156 1116 σμένον
1177 1080 1277 1107 αὺτῶν.
1302 1080 1334 1106 ’11
1346 1079 1376 1106 δὲ,
1391 1079 1467 1106 αἰτία
1486 1078 1532 1105 τοῦ
1549 1078 1635 1105 ταῦτα
1648 1078 1776 1111 λέγεσθαι
1794 1079 1852 1105 ἑπι-

1057 1127 1178 1163 φέρεται.
1205 1127 1282 1153 Ἐστι
1301 1126 1356 1162 γὰρ
1375 1125 1422 1152 καὶ
1442 1125 1615 1160 ἀντιλογίαή
1638 1124 1708 1160 πρὸς
1721 1125 1770 1159 τὴν
1788 1124 1851 1160 ἁλή-

1057 1173 1132 1200 θειαν
1145 1172 1200 1199 τῶν
1220 1171 1455 1208 λογομαχούντων,
1471 1171 1512 1202 εἰς
1529 1170 1604 1197 οὐδὲν
1620 1171 1759 1205 χρήσιμον
1774 1171 1798 1196 εἱ
1814 1171 1850 1205 μὴ

1056 1219 1103 1245 ἐπὶ
1121 1219 1296 1254 καταστροφῇ
1322 1217 1376 1244 τῶν
1402 1217 1564 1243 ἀκουόντων.
1584 1216 1704 1251 Χριστὸς
1726 1216 1755 1242 δὲ
1778 1216 1851 1249 λέγοι

1057 1265 1090 1292 ἂν
1103 1266 1139 1292 τὰ
1159 1265 1222 1300 ἑξῆς
1239 1263 1366 1300 περὶτῆς
1390 1262 1567 1298 Ἰερουσαλὴμ
1587 1261 1703 1294 πόλεως,
1727 1262 1789 1288 ἰδὼν
1803 1262 1852 1297 τὴν

1056 1312 1085 1338 ἐν
1101 1311 1170 1347 αὐτῇ
1186 1311 1320 1346 ἀνομίαν,
1343 1310 1390 1336 καὶ
1411 1309 1460 1344 τὴν
1487 1309 1552 1344 περὶ
1575 1308 1658 1334 αὐτοῦ
1683 1308 1849 1342 ἀντιλογίαν,

1055 1357 1110 1384 τῶν
1123 1358 1240 1393 διάφορα
1257 1356 1321 1393 περὶ
1339 1355 1422 1383 αὑτοῦ
1437 1355 1582 1389 λεγόντων.
1603 1363 1611 1379 1
1630 1354 1685 1381 Καὶ
1700 1355 1752 1380 οὐκ
1768 1354 1853 1388 ἐξέλι-

1056 1413 1107 1431 πεν
1126 1406 1159 1431 ἐκ
1179 1403 1234 1430 τῶν
1251 1402 1386 1429 πλατειῶν
1407 1401 1504 1436 αὐτῆς.
1528 1410 1536 1426 1
1563 1401 1610 1431 Εἰς
1631 1400 1780 1436 πρόσωπον
1805 1400 1852 1428 τοῦ

1056 1450 1184 1485 προδότου
1198 1448 1345 1484 ἀνεφέρετο
1361 1447 1393 1475 ἃν
1407 1447 1528 1478 δικαίως.

1097 1494 1224 1523 Ἐλθέτω
1239 1494 1367 1526 θάνατος
1382 1492 1558 1526 ἐπάὺτοὺς,
1572 1492 1620 1519 καὶ
1634 1493 1853 1526 καταδήτωσσν

1056 1543 1099 1574 εις
1118 1541 1192 1574 ᾅδου
1206 1539 1327 1572 ζῶντες·
1350 1539 1394 1565 ὅτι
1409 1539 1537 1572 πονηρία
1553 1538 1588 1565 ἐν
1603 1538 1668 1570 ταῖς
1680 1539 1853 1572 παροικίαις

1057 1586 1156 1614 αὐτῶν
1179 1586 1215 1613 ἐν
1234 1585 1319 1620 μέσῳ
1339 1583 1449 1615 αὐτῶν.
1474 1593 1502 1610 κ.
1522 1593 1546 1611 τ.
1563 1584 1586 1610 ὲ.
1614 1584 1732 1611 Ἑλθέτω
1747 1585 1780 1620 δὴ
1796 1585 1852 1620 (16)

1057 1634 1172 1665 θάνατος
1195 1633 1239 1659 ἐπ’
1258 1632 1374 1664 αὐτοὺς,
1395 1631 1512 1662 Θάνατος
1527 1631 1541 1657 6
1560 1630 1673 1667 διαιρῶν
1693 1631 1786 1667 ψυχὴν
1799 1632 1853 1658 ἀπὸ

1058 1680 1165 1711 κακίας.

1095 1726 1150 1753 Τοῦ
1160 1725 1263 1752 αὑτοῦ.
1288 1725 1401 1751 Ἐκεῖνοι
1418 1724 1458 1755 είς
1475 1724 1538 1760 ᾷδου
1559 1723 1615 1757 (47)
1631 1723 1734 1756 ζῶντες
1754 1723 1855 1762 κατέρ-

1057 1780 1158 1807 χονται,
1165 1772 1194 1798 οὐ
1205 1771 1356 1806 κατήχησιν
1363 1771 1417 1798 τῶν
1430 1771 1510 1798 Θείων
1522 1770 1716 1805 παιδευμάτων
1725 1770 1838 1804 ἔχοντες
1845 1778 1852 1784 ·

1057 1819 1070 1845 ὁ
1086 1818 1141 1854 γὰρ
1155 1817 1286 1852 ἄγευστος
1304 1817 1358 1843 τῶν
1377 1818 1426 1853 τῆς
1443 1817 1516 1853 ζωῆς
1537 1817 1624 1852 λόγων
1640 1815 1740 1852 νεκρός
1761 1817 1852 1843 ἐστιν·

1056 1865 1088 1890 οὐ
1113 1864 1166 1899 γὰρ
1190 1861 1246 1890 οἷόν
1271 1872 1300 1890 τε
1318 1864 1415 1895 ζῶντά
1439 1873 1501 1891 τινα
1522 1864 1572 1898 τὴν
1599 1863 1693 1899 κοινὴν
1713 1862 1791 1897 ζωὴν
1816 1863 1854 1894 εἰς

1057 1911 1125 1946 ᾅδην
1145 1910 1335 1946 κατέρχεσθαι.
1373 1910 1450 1937 Ἐπεὶ
1474 1908 1520 1937 οὖν
1547 1909 1650 1941 Ἰούδας
1671 1909 1719 1935 καὶ
1747 1910 1762 1935 6
1790 1909 1854 1940 λαὸς

1064 1955 1195 1982 Ἰουδαίων
1212 1956 1364 1991 κατήχησιν
1383 1953 1455 1991 εἶχον
1473 1955 1519 1982 τοῦ
1538 1955 1622 1990 νόμου
1639 1956 1687 1981 καὶ
1708 1954 1767 1980 τῶν
1790 1963 1855 1989 προ-

1058 2001 1160 2036 φητῶν,
1177 2001 1292 2029 θανάτου
1309 2001 1352 2028 ἐπ’
1370 2001 1469 2033 αὐτοὺς
1489 2000 1637 2037 ἐρχομένου
1654 1999 1700 2026 τοῦ
1716 2000 1853 2034 ἑπομένου

1057 2048 1090 2082 τῇ
1106 2047 1239 2082 ἁμαρτίᾳ,
1255 2046 1354 2079 ζῶντες
1375 2047 1415 2078 εἰς
1431 2046 1496 2082 ᾅδην
1515 2046 1705 2082 κατέρχονται.
1731 2045 1855 2071 Ἀκολού-

1058 2092 1112 2124 θως
1132 2093 1178 2119 καὶ
1187 2094 1201 2119 6
1214 2092 1410 2128 ἐπιφερόμενος
1422 2092 1532 2126 λέγεται
1547 2092 1648 2127 στίχος,
1670 2102 1679 2117 1
1698 2092 1763 2117 ’Ὁτι
1776 2100 1856 2125 πονη-

1059 2139 1106 2174 ρία
1123 2139 1152 2165 ἐν
1167 2140 1228 2170 ταῖς
1241 2139 1398 2174 παροικίαις
1418 2139 1508 2165 αὐτῶν
1530 2139 1559 2165 ὲν
1581 2138 1656 2173 μέσῳ
1672 2137 1776 2164 αὐτῶν.
1802 2148 1810 2162 1
1828 2137 1855 2163 Ei

1058 2185 1112 2220 γὰρ
1127 2185 1173 2211 καὶ
1185 2186 1282 2220 πεῖραν
1297 2182 1370 2219 εἶχον
1381 2184 1434 2211 τῶν
1448 2184 1588 2216 ζωοποιῶν
1599 2183 1730 2219 Γραφῶν,
1747 2184 1780 2210 οὐ
1793 2191 1856 2210 κατ-

215 2228 336 2261 fueruut,
353 2236 405 2256 non
426 2229 478 2256 lixa
496 2229 523 2256 in
541 2230 606 2264 illis,
625 2231 673 2258 sed
696 2231 852 2259 transitoria
874 2233 1002 2260 taberna-

1095 2239 1177 2266 ιησαν,
1193 2230 1260 2257 ἀλλὰ
1274 2230 1455 2265 παρῴκησαν,
1475 2230 1504 2256 ὲν
1520 2230 1625 2261 αὐταῖς.
1638 2229 1686 2260 Τὺ,
1705 2238 1714 2254 1
1734 2229 1857 2264 Πουηρξα

213 2273 273 2301 cula
284 2275 450 2302 habuerunt.
463 2275 536 2302 Istud
551 2285 558 2303 :
574 2285 583 2302 1
601 2276 725 2310 Nequitia
736 2277 762 2304 in
774 2278 863 2305 medio
873 2285 979 2310 eorum,
990 2288 1000 2305 1

213 2320 285 2348 idem
304 2325 345 2348 est
363 2328 396 2348 ac
411 2321 433 2348 si
449 2321 570 2354 dicatur,
585 2322 666 2358 732
690 2322 717 2350 in
733 2323 817 2350 animi
837 2324 1002 2358 principatu.

214 2366 241 2393 lu
260 2366 350 2394 medio
365 2367 437 2393 enim
455 2366 574 2400 cujusvis
593 2367 721 2395 animalis
742 2375 803 2396 esse
826 2369 937 2397 dicitur.
956 2369 1004 2397 Vel

213 2413 295 2439 etiatn
313 2412 378 2439 illud
394 2421 401 2439 :
428 2421 439 2439 1
458 2412 485 2439 111
502 2412 638 2440 infernum
660 2413 795 2446 viventes,
818 2423 827 2440 1
850 2415 921 2443 1111118
938 2423 1003 2443 seu-

212 2466 272 2485 sum
282 2458 363 2486 habet
373 2467 380 2485 ι
390 2458 479 2485 subito
491 2459 655 2486 moriantur.
668 2468 677 2485 1
692 2459 878 2488 Taberuacula
890 2471 899 2488 1
912 2467 1002 2490 autem

212 2508 294 2530 vocat
318 2504 532 2539 uniuscuiusque
564 2505 647 2532 vitam
684 2511 795 2540 propter
827 2506 1001 2536 brevitatem.

1055 2277 1085 2303 έν
1108 2276 1184 2312 μέσῳ
1199 2276 1300 2307 αὐτῶν,
1319 2286 1327 2302 1
1347 2276 1471 2303 τουτέστι
1485 2275 1524 2311 τῷ
1536 2274 1704 2310 ἡγεμονικῷ.
1722 2275 1770 2301 Ἐν
1782 2275 1857 2310 μέσῳ

1055 2324 1109 2359 γὰρ
1124 2321 1193 2350 εἶναι
1204 2322 1311 2357 λέγεται
1322 2322 1367 2349 τοῦ
1380 2323 1441 2349 ὅλου
1454 2321 1572 2354 ξὼου.“11
1589 2321 1635 2348 καὶ
1648 2321 1691 2352 τὸ,
1708 2330 1718 2346 1
1735 2321 1785 2352 Εἰς
1795 2321 1857 2355 iam

1055 2370 1166 2402 ζῶντες,
1180 2380 1188 2395 1
1199 2369 1339 2404 αἰφνιδίως
1351 2369 1520 2396 ἀποθάνειεν.
1534 2378 1543 2394 1
1557 2368 1708 2404 Παροικίας
1720 2378 1730 2394 1
1744 2369 1773 2396 δὲ
1782 2368 1859 2394 καλΞί

1054 2417 1100 2443 τὸν
1115 2417 1229 2443 ἑκάστου
1249 2416 1306 2451 βίον
1324 2415 1368 2442 διὰ
1385 2415 1416 2442 τὸ
1433 2415 1628 2451 ὀλιγοχρόνιον.
1644 2415 1717 2451 Φησὶ
1740 2413 1800 2445 οὖν,
1818 2415 1857 2440 ὃτι

1058 2465 1104 2490 καὶ
1120 2465 1135 2490 6
1151 2463 1207 2498 βίος
1227 2462 1317 2490 αὐτῶν
1334 2463 1380 2489 καὶ
1397 2463 1414 2497 ἡ
1433 2462 1490 2497 ζωὴ
1506 2461 1596 2497 πάσης
1611 2462 1797 2497 πεπλήρωται

1056 2509 1152 2545 νηρίας
1172 2510 1219 2535 καὶ
1239 2509 1348 2541 κακίας,
1372 2509 1422 2535 οὐκ
1445 2508 1606 2535 ὲννοούντων
1621 2508 1652 2534 τὸ
1661 2509 1855 2545 ὀλιγοχρόνιον.

211 2551 394 2584 Quamobrem
412 2551 450 2578 ait
466 2553 549 2579 vitam
565 2560 660 2580 eorum
680 2554 754 2580 omni
777 2554 908 2588 repletam
925 2563 988 2584 esse
1010 2558 1131 2592 nequitia
1148 2577 1154 2585 .
1181 2557 1244 2584 dum
1270 2564 1323 2583 non
1349 2556 1494 2582 attendunt
1515 2563 1596 2589 quam
1618 2555 1696 2582 brevi
1729 2555 1857 2590 temporis

212 2599 302 2634 spalio
316 2599 508 2627 concludatur.

249 2647 329 2675 Vus.
352 2647 395 2674 19.
422 2647 542 2681 Vespere,
565 2652 589 2674 et
613 2656 700 2680 mane,
717 2653 741 2675 et
758 2649 866 2676 meridie
885 2651 1000 2678 narrabo

1095 2649 1244 2684 Ἐσπέρας
1265 2649 1314 2676 καὶ
1336 2649 1411 2683 πρωῒ
1433 2649 1481 2675 καὶ
1500 2650 1693 2683 μεσημϐρίας
1717 2649 1854 2684 διηγήσο-

211 2696 235 2717 et
256 2693 430 2725 unnuntiabo,
444 2699 467 2719 et
485 2693 606 2720 exaudiet
628 2702 717 2721 vocem
740 2703 835 2726 meam,
852 2699 906 2723 etc.
927 2696 1001 2724 Inter

1097 2705 1123 2729 ι,
1143 2695 1193 2722 καὶ
1218 2694 1387 2730 ἀπαγγελῶ,
1418 2695 1467 2721 καὶ
1488 2696 1707 2722 εὶσακοὺσεται
1726 2695 1783 2729 τῆς
1807 2704 1855 2729 ρω-

321 2793 602 2842 Ξοζεὰᾗιὸμίικίαςλ
613 2801 666 2838 etc.
680 2795 764 2842 ltLetn.

211 2862 233 2888 C
249 2827 303 2888 (215°)
317 2829 554 2867 ρςαταπόντισον,
571 2827 674 2864 Κύριε.
702 2833 806 2866 Τίνων,
831 2839 883 2861 etc.
904 2834 1002 2861 Catena

236 2869 265 2888 111·
303 2869 347 2890 ru.

1097 2799 1153 2831 (16)
1175 2799 1302 2826 ἐλθέτω
1313 2799 1362 2832 δή,
1377 2804 1431 2825 etc.
1449 2798 1563 2826 Sclteda:
1575 2799 1686 2826 Grabii.

1096 2835 1159 2897 (172l
1171 2834 1295 2861 Ἐκεῖνοι
1313 2836 1356 2867 εἰς
1372 2833 1455 2867 ᾆδον,
1472 2839 1525 2862 etc.
1552 2835 1645 2862 Codex
1676 2836 1854 2863 Coislinianus

1060 2878 1140 2897 ﬁCCllll
1163 2878 1204 2898 U5-
