1886 3052
52 117 118 145 1469

561 117 714 145 SELECTA
734 118 767 145 ΙΝ
788 118 956 146 PSALMOS.
973 134 1005 138 ——
1027 117 1122 146 I’SAL.
1142 117 1198 146 LV.

1607 119 1674 147 1470

51 176 107 209 γῆς
119 184 189 210 μου.
204 184 232 203 κ.
249 184 274 213 τ.
292 176 314 202 ἐ.
339 176 382 202 Ἐν
400 175 475 211 μέσῳ
489 175 537 202 τοῦ
562 176 633 212 πρωῒ
645 176 700 212 (48)
723 178 770 204 καὶ
786 177 821 212 τῆ

913 185 1001 212 aspere
1021 182 1049 204 et
1068 185 1146 204 mane
1167 181 1209 205 est
1231 178 1367 206 meridies.
1392 177 1470 206 Mane
1494 178 1612 207 luctatus
1634 185 1674 207 est

50 222 166 258 ἑσπέρας
182 222 257 249 ἐστὶν
275 223 291 258 ή
310 222 478 258 μεσημϐρία.
500 222 556 249 Καὶ
575 223 590 249 ὁ
611 223 660 258 μὲν
679 224 776 250 Ἰακὼό
791 224 838 260 ὀρ-

49 268 145 305 θρίσας
171 269 285 295 ὲπάλαιε
320 269 388 304 μετά
418 268 534 302 ἀγγέλου
550 277 556 283 ·
595 269 721 305 Ἀϐραὰμ
749 270 777 297 δὲ
810 272 838 298 ἐν

49 315 208 352 μεσημϐρίᾳ
220 314 293 350 ἑώρα
309 316 372 347 τοὺς
386 314 533 349 ἀγγέλους·
549 315 610 342 Λὼτ
631 316 660 342 δὲ
677 316 706 342 ὲν
723 316 836 352 ἑσπέρᾳ.

83 360 144 388 Τοῦ
158 361 259 388 αὐτοῦ.
273 371 282 387 ε
293 361 428 396 Ἑσπέρας
441 371 449 387 ι
462 361 528 396 (49),
541 361 612 388 κατὰ
627 361 676 397 τὴν
693 362 838 398 ἑνδεκάτην

50 406 133 442 ὤραν,
159 407 223 442 περὶ
237 407 287 439 τὴν
305 407 432 443 τελευτὴν
449 408 496 433 τοῦ
516 408 619 442 κόσμου
630 428 637 440 ,
653 408 697 434 ὅτε
711 407 812 435 ἔπαθεν
824 409 838 435 ὁ

48 453 168 489 ᾓοτήρά
178 452 264 489 Πρωῖ,
276 463 284 479 ι
295 454 338 479 ὅτε
345 453 454 488 ἀνέστη.
467 462 476 478 ι
488 452 677 488 Μεσημϐρίας,
689 462 698 478 ›
707 453 751 480 ὅτε
766 454 839 488 ίσχυ-

47 499 158 535 ρότερον
179 499 333 531 πεισθέντες
353 499 525 526 ἐπίστευσαν.
542 500 576 525 Ἢ
591 499 704 535 ἄρχεται
718 500 767 535 τῆς
780 499 838 535 διη-

46 546 154 581 γήσεως
175 545 304 580 ἑσπέρας,
326 545 372 571 καὶ
397 543 516 579 ἀκμάζει
537 545 566 571 ὲν
586 544 660 580 αὐτῴ
683 545 772 580 πρωῒ·
790 545 838 571 καὶ

44 591 143 618 τελειοί
159 590 334 626 ἀκμαζούσης
348 591 456 626 ἡμέρας
467 591 496 617 ὲν
510 590 679 626 μεσημϐρίᾳ.

79 637 299 664 Είσακούσεται
313 637 329 662 ὁ
346 634 479 668 Θεὸς-,καὶ
491 635 669 662 ταπεινώσει
683 634 796 667 αὐτοὺς
821 635 837 661 ό

43 682 190 717 ὑπάρχων
204 681 261 716 πρὸ
280 681 340 708 τῶν
356 681 470 708 αἰώνων
481 689 488 695 ·
508 681 544 706 οὐ
560 679 615 714 γάρ
635 680 721 706 ἐστιν
735 679 837 712 αὐτοῖς

43 728 250 763 ἀντάλλαγμα,
278 727 327 754 καὶ
355 728 412 754 οὐκ
442 725 637 761 ἐφοϐήθησαν
665 726 719 752 τὸν
751 725 834 758 Θεὸν,

43 785 69 802 κ.
85 784 113 802 τ.
127 775 151 801 ὲ.
162 775 192 801 Εἰ
202 774 289 801 πάντα
296 774 329 800 δι’
338 773 420 800 αὑτοῦ
431 773 486 808 (50)
496 772 614 807 ἐγένετο,
629 772 718 804 καλῶς
728 772 836 805 λέγεται

42 821 178 856 ὑπάρχειν
190 819 243 855 πρὸ
259 819 312 845 τῶν
327 818 442 845 αἰώνων.
453 819 509 845 Καὶ
520 817 643 844 ἐντεῦθεν
655 816 834 852 γινώσκομεν,

41 867 82 893 ὅτι
99 866 197 897 αἰῶνες
211 865 265 892 ἀπὸ
282 864 328 891 τοῦ
346 864 382 899 μὴ
405 864 481 896 ὄντος
495 865 535 895 εἰς
552 863 582 890 τὸ
596 861 665 889 εἶναι
679 862 830 896 γεγόνασιν.
847 867 869 894 Β

83 911 258 945 Ἐπίρῤιψον
276 910 325 937 ἐπὶ
335 911 445 944 Κύριον
455 909 513 943 τὴν
526 909 673 944 μέριμναν
688 915 746 935 σου
759 929 765 941 ,
782 908 831 935 καὶ

40 959 135 990 αὑτός
161 965 198 983 σε
224 956 387 990 διαθρέψει,
411 965 438 983 κ.
466 964 492 982 τ.
514 957 536 982 ἐ.
565 955 609 986 Ὠς
627 954 751 989 διέθρεψε
778 953 832 988 (51)

42 1004 88 1030 τὸν
104 1003 218 1029 εἰπόντα
240 1000 351 1028 Ἰακώϐ·
377 1011 387 1027 ι
412 1001 441 1027 '0
456 1001 521 1032 θεὸς
534 1001 548 1027 ὁ
561 999 668 1035 τρέφων
684 1007 718 1034 με
730 1000 761 1025 ἐκ
776 999 834 1025 νεό-

41 1049 125 1084 τητός
136 1057 197 1084 μου.
214 1057 224 1073 ι

325 1139 472 1166 ΨΑΛΜΟΣ
487 1138 551 1164 NE’.

83 1184 231 1219 Ἐλέησόν
249 1193 298 1220 με,
313 1185 330 1211 ό
351 1183 434 1216 Θεὸς,
454 1183 497 1209 ὅτι
520 1182 709 1216 κατεπάτησέ
726 1190 764 1217 με
778 1181 831 1208 ἄν-

38 1235 158 1266 θρωπος
167 1239 175 1246 ·
185 1231 262 1265 ὅλην
271 1230 328 1264 τὴν
336 1229 450 1264 ἡμέραν
457 1228 597 1263 πολεμῶν
606 1228 764 1262 ἕθλιψέμε,
773 1236 828 1254 κ.τ.

38 1278 63 1304 ἑ.
81 1277 113 1303 ’0
128 1275 242 1311 Χριστὸς
255 1275 310 1311 (52)
324 1274 398 1309 λέγει
413 1273 480 1309 πρὸς
492 1274 538 1300 τὸν
554 1274 677 1309 Πατέρα·
704 1283 713 1298 ‹
741 1272 831 1308 Ἐλέη-

39 1322 87 1350 σόν
102 1330 147 1358 με.
168 1331 177 1346 ›
203 1320 269 1347 Θεὸν
283 1320 338 1356 γάρ
355 1329 388 1356 με
402 1321 467 1347 ὄντα
483 1320 624 1356 ἄνθρωπος
647 1319 829 1354 κατεπάτησε.

37 1369 106 1401 Καὶ,
132 1365 219 1403 οἶμαι,
242 1367 365 1394 ἐντεῦθεν
391 1366 512 1403 ἐλήφθη·
543 1376 551 1392 t
587 1366 616 1392 Ὀ
638 1366 683 1393 τὸν
706 1366 769 1392 Υἰὺν
783 1365 830 1392 τοῦ

37 1414 108 1442 Θεοῦ
124 1413 329 1448 καταπατήσας.
344 1422 353 1438 ι

78 1462 136 1489 Τοῦ
153 1461 255 1488 αὑτοῦ.
270 1461 301 1487 Οἱ
321 1460 371 1495 μὲν
388 1459 505 1494 ἐπίγειοι
524 1459 580 1495 (55)
600 1459 727 1494 δαίμονες
747 1466 831 1485 κατα-

34 1507 172 1535 πατοῦσιν
188 1508 277 1542 ἡμᾶς·
297 1507 321 1533 οἱ
338 1507 366 1533 δὲ
383 1505 554 1540 καταχθόνιοι
571 1505 618 1532 ἐὰν
632 1504 763 1535 ἀναϐῶσι,
782 1513 830 1530 κα-
843 1515 864 1543 α

34 1554 188 1581 λύπτουσιν
211 1553 300 1588 ἡμᾶς·
326 1552 366 1579 διδ
388 1551 514 1588 εἴρηταιθ
544 1561 553 1576 ι
586 1551 679 1587 Ὅριον
694 1550 755 1576 ἔθου
771 1550 785 1576 ὃ
801 1550 829 1576 οὐ

34 1599 262 1636 παρελεύσονται,
275 1598 334 1624 οὐδὲ
347 1597 537 1632 ἐπιστρέφουσι
550 1596 668 1631 καλύψαι
683 1595 731 1632 τὴν
742 1596 802 1631 γῆν.
819 1605 828 1622 ι

75 1690 119 1716 Οὐ
138 1687 346 1722 φοϐηθήσομαι
365 1687 393 1713 τι
412 1686 532 1720 ποιήσει
548 1694 599 1720 μοι
613 1685 703 1720 σὰρξ,
721 1695 747 1712 κ.
764 1694 789 1712 τ.
805 1686 828 1712 ὲ.

41 1736 74 1761 ’0
92 1735 142 1770 τὴν
157 1733 204 1760 τοῦ
222 1733 315 1760 δούλου
332 1732 387 1768 (54)
405 1731 511 1768 μορφὴν
528 1731 617 1758 λαῦὼν
629 1732 675 1758 καὶ
690 1733 717 1758 ἐν
731 1731 830 1767 ὁμοιώ-

35 1789 108 1816 ματι
123 1779 267 1814 γενόμενος
287 1778 387 1814 σαρκὸς
402 1777 547 1813 ἁμαρτίας,
568 1778 581 1803 ὁ
598 1777 634 1813 μὴ
645 1778 725 1811 γνοὺς
741 1777 829 1812 ἁμαρ-

29 1828 110 1859 τίαν,
118 1826 188 1861 ὑπὲρ
199 1825 279 1861 ἡμῶν
286 1824 420 1860 ἁμαρτίαν
429 1823 656 1858 ἑαυτὸν·ἐποίησε,
668 1823 755 1859 σάρκα
765 1823 830 1849 ἁνα-

31 1873 196 1909 λαμϐάνων,
212 1871 259 1898 καὶ
275 1870 357 1906 μηδὲν
372 1870 451 1906 μόνος
466 1869 520 1896 τῶν
536 1869 565 1894 ὲν
583 1869 664 1904 σαρκὶ
688 1868 829 1903 ζησάντων

30 1917 183 1954 ἁμαρτὼν,
210 1915 382 1952 θαρρούντως
405 1915 478 1950 λέγοι
499 1915 546 1941 τό²
572 1923 581 1939 ι
603 1914 635 1940 Τί
657 1915 764 1950 ποιήσει
785 1923 828 1949 μοι

33 1962 129 1999 σάρξς
156 1971 165 1988 ι

73 2007 302 2042 Παροικήσουσι
325 2007 373 2034 καὶ
391 2008 648 2042 κατακρύψουσιν,
665 2006 749 2033 αὐτοὶ
772 2006 829 2040 τὴν

30 2054 173 2088 πτέρναν
188 2062 245 2088 μον
259 2053 431 2088 φυλάξουσι
442 2075 449 2086 ,
469 2062 497 2080 κ.
515 2062 541 2080 τ.
558 2054 580 2080 ὲ.
600 2054 638 2079 Δι’
653 2049 691 2080 ὧν
707 2053 830 2088 ἐνεργοῦ-

31 2109 90 2136 μεν
107 2099 164 2135 (55)
186 2099 378 2134 ἐπιτηροῦντες
405 2099 513 2135 μαθεῖν·
540 2098 753 2133 καρδιογνῶσται
774 2098 828 2134 γὰρ

27 2147 87 2173 οὐκ
103 2145 172 2171 εἰσὶν
188 2145 212 2171 οἱ
224 2144 359 2179 δαίμονες.

889 223 973 251 Jacob
988 231 1049 250 cum
1074 223 1189 257 angelo;
1211 223 1325 251 meridie
1347 224 1413 251 vidit
1437 224 1575 251 Abraham
1591 232 1674 260 ange-

889 270 951 302 los;
969 269 1019 296 Lot
1037 277 1159 303 vespere.

924 361 1058 395 Ejusdem.
1071 369 1080 385 ι
1090 360 1219 395 Vespere,
1230 370 1238 386 ι
1248 361 1297 388 sub
1307 362 1399 388 horam
1410 362 1591 396 undecimam,
1601 362 1674 390 circa

889 407 969 434 linem
985 407 1087 439 mundi,
1104 408 1212 441 quando
1226 415 1320 441 passus
1331 412 1371 434 est
1388 407 1521 435 Salvator.
1539 417 1548 432 ι
1559 408 1648 440 Mane,
1663 417 1673 434 ι

888 453 995 488 quando
1004 454 1163 481 resurrexit.
1176 463 1185 479 ‹
1200 453 1321 486 Meridie.
1337 464 1346 480 ι
1358 455 1464 489 quando
1476 455 1608 489 persuasi,
1619 455 1676 482 [οι⁸

889 499 942 526 tius
954 499 1140 526 crediderunt.
1156 498 1202 526 Vel
1221 500 1330 526 inchoat
1348 500 1533 526 narrationem
1555 500 1672 534 vesperi,

887 549 914 571 et
929 544 1000 579 viget
1012 546 1069 579 ipso
1082 552 1180 578 mane;
1194 550 1276 579 atque
1288 545 1378 572 adulta
1391 545 1446 580 jam
1462 545 1505 573 die
1519 545 1545 572 in
1558 546 1672 572 meridie

887 591 960 617 illam
979 591 1096 626 perﬁcit.

925 636 1006 663 VERS.
1025 636 1070 664 20.
1094 635 1224 664 Exaudite!
1242 637 1324 668 Deus,
1348 643 1370 663 et
1392 636 1542 663 humiliabit
1560 645 1603 663 eos
1625 637 1672 671 qui

886 686 996 708 extante
1011 681 1119 709 sa’cula.
1144 681 1203 708 Non
1226 682 1295 709 enim
1316 687 1354 709 est
1375 682 1428 708 illis
1448 682 1632 714 commulatio,
1648 686 1673 709 et

886 735 937 754 non
950 727 1091 754 timuerunt
1105 727 1198 760 Deum,
1214 732 1267 754 etc.
1284 727 1312 754 Si
1326 727 1417 754 omnia
1432 735 1480 762 per
1496 728 1582 762 ipsum
1602 727 1672 754 facta

886 778 960 804 sunt,
978 773 1089 807 pulchre
1105 773 1204 800 dicitur
1218 780 1279 800 esse
1298 779 1360 800 anle
1374 774 1482 801 saecula.
1504 773 1572 800 Hinc
1589 773 1672 800 etiam

886 819 1075 854 cognoscimus
1089 821 1198 852 srecula,
1211 827 1272 847 cum
1286 827 1338 846 non
1354 825 1456 852 essent,
1470 827 1530 846 esse
1544 819 1672 854 cwpisse.

922 905 1003 934 Vnus.
1023 907 1068 934 23.
1089 907 1168 934 Jacta
1184 916 1262 942 super
1280 907 1420 934 Dominum
1438 915 1530 934 curam
1547 912 1630 938 luant,
1648 912 1674 934 et

884 950 937 985 ipse
952 956 977 978 ιε
991 953 1113 983 enutriel,
1126 957 1180 979 etc.
1198 953 1430 986 Quemadmodum
1445 953 1577 980 entttrivit
1587 953 1672 980 Iacob

885 997 929 1031 qui
955 998 1043 1025 dixit:
1070 1008 1079 1024 ‹
1103 999 1173 1026 Deus
1197 1000 1241 1034 qui
1266 999 1396 1026 cnutrivit
1419 1007 1461 1027 me
1486 1008 1501 1026 a
1524 999 1669 1034 iuventute

884 1050 943 1070 mea
955 1043 989 1070 ".
1013 1054 1022 1070 I

1160 1136 1318 1165 PSALMUS
1338 1137 1392 1167 LV.

921 1181 1003 1208 Vens.
1024 1181 1052 1208 '2.
1073 1182 1198 1209 Miserere
1216 1184 1278 1215 mei,
1311 1183 1391 1218 Deus,
1417 1185 1542 1220 quoniam
1564 1185 1671 1211 concul-

884 1227 950 1254 cavit
974 1236 1014 1254 me
1036 1228 1134 1255 homo:
1151 1233 1204 1255 lota
1227 1230 1267 1256 die
1285 1231 1441 1265 impugnans
1462 1231 1596 1263 tribulavit
1619 1240 1670 1264 me,

884 1279 938 1301 etc.
957 1273 1081 1300 Christus
1108 1275 1141 1301 ad
1161 1274 1267 1301 Patrem
1289 1275 1376 1302 dicit:
1397 1284 1408 1302 ι
1429 1275 1557 1303 Miserere
1577 1277 1640 1304 mei.
1659 1286 1668 1302 ι

884 1319 927 1346 Me
941 1319 1025 1351 enim,
1041 1320 1088 1354 qui
1104 1320 1173 1347 Deus
1188 1327 1259 1354 sum,
1283 1321 1365 1349 homo
1384 1321 1564 1349 conculcavit.
1583 1323 1672 1356 Atque

886 1366 961 1398 hinc,
975 1367 1081 1400 opinor,
1097 1371 1234 1401 sumptum
1250 1372 1292 1395 est
1306 1367 1391 1395 illud:
1413 1377 1423 1394 ι
1442 1367 1493 1401 Qui
1506 1367 1604 1396 Filium
1622 1368 1671 1396 Dei

885 1412 1058 1439 conculcavit
1070 1413 1103 1439 ⁵⁸.
1124 1421 1133 1438 ι

920 1458 1057 1492 Ejusdem.
1078 1457 1190 1485 Terreni
1205 1457 1341 1485 dmmones
1355 1459 1518 1487 conculcant
1536 1467 1604 1492 nos;
1629 1461 1671 1487 in-

883 1503 952 1531 l'erni
976 1509 1075 1534 autem,
1100 1504 1124 1530 si
1150 1504 1334 1538 ascenderint,
1361 1505 1488 1539 operiunt
1514 1513 1574 1532 nos.
1598 1507 1671 1539 Qua-

885 1555 995 1584 propter
1017 1550 1119 1577 dictum
1151 1555 1217 1578 est:
1243 1559 1252 1576 ι
1278 1550 1435 1578 Terminum
1455 1552 1566 1586 posuisti
1589 1560 1669 1586 quem

884 1604 937 1623 non
962 1597 1209 1632 transgredientur,
1233 1604 1321 1631 neque
1343 1602 1541 1625 convertentur
1562 1599 1671 1633 operire

885 1647 984 1669 terram
997 1642 1030 1669 “.
1050 1651 1059 1668 ι

919 1686 1000 1714 Vens.
1021 1687 1047 1714 5.
1070 1686 1131 1715 Non
1144 1687 1238 1714 timebo
1251 1688 1314 1722 quid
1331 1688 1413 1722 faciat
1431 1689 1496 1715 mihi
1520 1697 1593 1722 caro,
1614 1694 1668 1718 etc.

883 1732 933 1765 Qui
948 1733 1020 1759 servi
1035 1732 1150 1759 formam
1163 1734 1269 1767 accepit
1279 1738 1306 1760 et
1318 1733 1345 1760 in
1360 1733 1566 1760 similitudinem
1580 1734 1668 1762 factus

882 1782 922 1804 est
939 1777 1030 1804 carnis
1049 1778 1171 1811 peccati,
1192 1779 1236 1812 qui
1262 1783 1404 1813 peccatum
1431 1786 1482 1805 non
1511 1780 1595 1812 novit,
1620 1788 1669 1815 pro

883 1823 960 1850 nobis
977 1827 1116 1857 peccatum
1141 1824 1259 1857 seipsum
1283 1824 1356 1856 fecit,
1381 1831 1492 1852 carnem
1513 1833 1668 1859 assumens,

882 1868 1010 1901 solusque
1026 1875 1121 1895 eorum
1134 1869 1179 1902 qui
1193 1869 1219 1895 in
1235 1876 1318 1896 carne
1330 1870 1425 1896 vivunt
1439 1870 1542 1903 peccati
1557 1877 1666 1905 expers,

882 1913 1050 1941 conﬁdenter
1063 1913 1183 1941 dixerit:
1201 1923 1210 1939 ι
1229 1913 1299 1948 Quid
1315 1914 1396 1941 faciet
1413 1914 1479 1941 tnihi
1497 1915 1586 1943 caro?
1601 1925 1610 1942 ι

918 2000 1034 2028 γεηεῆ.
1043 2000 1122 2036 733
1133 1999 1320 2028 lnhabilabunt
1328 2005 1351 2028 et
1362 2001 1537 2029 abscondent:
1551 2002 1602 2036 ipsi
1609 2002 1666 2029 cal-

881 2054 991 2073 caneum
1005 2054 1090 2073 meum
1100 2045 1283 2080 obseruabant,
1298 2052 1352 2074 etc.
1366 2047 1418 2073 I‘er
1432 2054 1464 2074 ea
1479 2055 1539 2081 qua:
1550 2047 1665 2081 agimus.

881 2093 986 2120 discere
1000 2093 1152 2121 studentes.
1166 2092 1261 2121 Cordis
1273 2093 1345 2121 enim
1360 2093 1484 2121 notitiam
1498 2101 1552 2121 non
1565 2094 1668 2121 habent

880 2139 1026 2167 daemones.

75 2190 134 2217 Τοῦ
154 2189 257 2217 αὐτοῦ.
291 2189 405 2224 Ὁμοίως
418 2189 456 2224 τῷ
472 2189 527 2224 (56)
546 2188 605 2223 ὕφει
621 2189 645 2214 οἱ
658 2188 781 2223 πονηροὶ,
791 2188 823 2220 ὡς

917 2185 1056 2220 Ejusdem.
1076 2186 1117 2213 Ad
1142 2186 1229 2214 instar
1251 2187 1385 2220 serpentis
1407 2187 1450 2214 cui
1474 2187 1575 2214 dictum
1603 2191 1666 2214 est:

27 2235 164 2270 εἴρηται·
183 2243 192 2260 t
213 2234 268 2261 Καὶ
289 2235 320 2260 σὺ
337 2235 467 2270 τηρήσεις
488 2232 570 2260 αὐτοῦ
595 2233 724 2269 πτέρναν,
752 2243 761 2259 ι
778 2233 828 2269 τὴν

28 2280 160 2316 πτέρναν
171 2279 288 2316 Χριστοῦ
312 2280 328 2315 ἢ
346 2279 393 2306 τοῦ
408 2279 512 2306 δικαίου
531 2279 689 2314 φυλάξουσι.

79 2326 139 2354 Τοῦ
161 2325 361 2361 εὐίρσστῆσαι
385 2325 513 2352 ἐνώπιον
527 2325 580 2352 τοῦ
599 2324 673 2351 Θεοῦ
694 2325 729 2350 ἐν
755 2324 828 2358 φωτὶ

26 2374 154 2405 ζώντων
164 2391 171 2402 τ
187 2380 215 2398 κ.
231 2380 255 2398 τ.
275 2371 297 2397 ὲ.
314 2370 372 2402 Φῶς
384 2369 491 2403 ζώντων
509 2369 564 2405 (57)
579 2369 650 2396 ἐστὶν
667 2370 682 2404 ἡ
696 2368 796 2403 γνῶσις
811 2369 827 2404 ἡ

24 2419 91 2447 τῶν
111 2417 247 2452 ἀγγέλων.

882 2240 892 2256 ι
911 2230 943 2257 Ει
964 2236 991 2258 ιιι
1011 2231 1169 2259 observabis
1194 2232 1252 2266 ejus
1278 2232 1435 2259 calcaneum
1455 2233 1490 2265 ",
1514 2241 1524 2258 ι
1551 2232 1667 2267 improbi

880 2277 1038 2305 calcaneum
1055 2276 1155 2304 Christi
1171 2277 1213 2304 vel
1228 2278 1293 2312 justi
1308 2277 1501 2306 observabunt.

915 2322 998 2350 Vens.
1019 2323 1063 2350 15.
1085 2322 1119 2350 Ut
1139 2323 1256 2355 placeant
1276 2332 1365 2350 coram
1387 2323 1441 2351 Dea
1463 2324 1491 2351 in
1514 2323 1613 2350 ίιιηιὶηρ
1629 2324 1667 2350 ci-

881 2369 1005 2401 ventium.
1019 2373 1072 2396 etc.
1088 2368 1191 2396 Lumen
1214 2370 1361 2398 viventium
1381 2376 1423 2398 est
1443 2371 1561 2405 cognitio
1580 2377 1666 2405 ange-

882 2414 980 2441 lorum.

71 2463 98 2481 ”
111 2462 182 2491 Gen.
198 2461 349 2494 vaut,15.
388 2462 410 2477 '°
428 2461 511 2489 Hebr.
522 2469 549 2494 ς,
565 2461 610 2488 28.
649 2461 671 2477 ⁵¹
686 2460 759 2488 Ρε;ι1.
770 2468 823 2493 «ειη¹

913 2462 918 2476 '
933 2461 1001 2489 Gen.
1020 2462 1120 2494 "1,15.

70 2511 131 2543 (48)
155 2511 207 2536 'Er
217 2509 301 2543 μέσῳ
315 2509 369 2536 τοῦ
384 2510 466 2543 πρωΐ,
483 2514 535 2536 etc.
553 2509 663 2536 Scbedze
682 2508 788 2535 Grabii.

70 2542 131 2581 (49)
155 2542 314 2578 Ἐσέῖέρας.
329 2542 428 2571 Catena
444 2544 564 2571 Corderii
576 2549 601 2571 et
619 2544 704 2572 codex
729 2542 827 2570 Coisli-

24 2582 135 2610 nianus
150 2582 296 2607 secundus.

81 2615 128 2651 50)
144 2616 179 2643 El
198 2614 298 2641 πάντα
316 2614 354 2641 δι’
367 2614 471 2643 αὐτοῦ.
489 2618 542 2642 etc.
555 2613 667 2641 Scheda:
684 2612 786 2640 Grabii.

66 2618 113 2687 (51
144 2650 194 2683 Ὣς
206 2649 354 2684 διέθρεψε,
378 2654 431 2677 ctc.
454 2649 545 2677 Codex
577 2648 758 2676 Coisliuianus
781 2655 786 2675 ι

80 2648 124 2678 51⁷
144 2650 194 2683 Ὣς
206 2649 354 2684 διέθρεψε,
378 2654 431 2677 ctc.
454 2649 545 2677 Codex
577 2648 758 2676 Coislinianus
781 2655 825 2675 se-

19 2687 184 2757 cu?g-ZII)S"O
201 2720 340 2754 Χριστός,
355 2724 411 2750 etc.
426 2719 516 2748 Codex
531 2719 710 2747 Coislinianus
725 2725 819 2746 secun-

19 2757 92 2784 dus.

918 2509 973 2544 (55)
989 2511 1021 2536 οἱ
1032 2510 1092 2545 μὲν
1107 2511 1240 2545 ἐπίγειοι,
1256 2515 1309 2538 etc.
1326 2510 1438 2538 Scbetlte
1452 2509 1558 2538 Grabii.

916 2544 972 2579 (54)
994 2545 1021 2571 ’0
1041 2545 1098 2579 τὴν
1111 2544 1166 2573 τοῦ
1178 2545 1300 2579 δούλου,
1314 2550 1367 2573 etc.
1379 2545 1469 2573 Codex
1484 2545 1669 2573 Coislinianuo

880 2580 1026 2651 ειλῗὲὲῖιᾎὶἶ
1039 2612 1082 2641 ὧν
1095 2615 1284 2651 ἐνεργοῦμεν,
1297 2619 1349 2651 etc.
1367 2614 1478 2651 §chedm
1491 2613 1593 2642 Grabii.

914 2650 969 2684 (56)
992 2650 1114 2684 Ὁμοίως
1129 2649 1178 2683 to"),
1195 2649 1247 2678 etc.
1262 2650 1351 2678 Codex
1366 2649 1548 2678 Coislinianus
1566 2657 1666 2680 secun-

878 2684 969 2755 δηῗέτ)
987 2719 1052 2753 Φῶς
1063 2719 1188 2754 ζώντων,
1205 2724 1257 2748 etc.
1279 2719 1391 2748 Schedte
1407 2720 1511 2749 Grabii.
