1886 3052
40 137 51 162 i
63 139 111 166 ΠΒ

531 144 682 172 Sl-ILECT.\
708 146 738 172 IN
759 147 925 177 PSALHOS.
948 166 980 170 —~
1002 151 1099 179 l’SAL.
1121 151 1197 179 LV”.

1610 160 1677 188 ιιτι

37 199 157 234 Ἶδωμεν
165 200 192 226 τί
208 200 280 227 ἐστιν
296 201 353 236 (69)
370 202 476 238 ἀληθῶς
489 204 663 241 δικαιοσύνην
675 206 774 238 λαλεῖν,
790 217 805 234 κ

914 210 1035 238 ideamus
1049 212 1113 246 quid
1130 211 1166 238 sit
1187 219 1249 239 vere
1263 212 1395 245 justitiam
1414 215 1551 250 proloqui.
1564 220 1591 244 et
1609 224 1675 252 quot

32 247 145 282 σεσαχῶς
159 246 294 282 ἐνδέχεται
308 247 338 274 τὸ
351 248 471 276 τοιοῦτον
488 250 619 283 γίνεσθαι.
644 250 699 278 Kal).
712 252 771 279 καθ’
787 252 835 279 ἕνα

34 290 88 325 μὲν
104 291 206 327 τρόπον
222 292 396 330 δικαιοσύνην
416 293 473 321 ἔστι
492 295 592 328 λαλεῖν,
620 297 664 323 ὅτε
685 297 749 332 ὑγιῆ
769 298 834 333 περὶ

31 335 213 372 δικαιοσύνης
236 337 306 372 ἔχων
323 347 364 371 τις
383 339 522 374 δόγματα,
544 342 607 377 περὶ
622 344 726 370 τούτων
745 343 834 370 διαλέ-

32 388 116 414 γεται
127 390 134 396 ·
147 382 218 408 κατὰ
232 383 358 419 δεύτερον
374 384 402 410 δὲ
415 385 515 421 τρόπον
530 387 704 424 δικαιοσύνην
725 398 768 421 τις
786 389 833 416 λα-

31 425 75 452 λεῖ
90 427 105 453 ό
117 427 172 454 ἀπὸ
192 428 364 466 δικαιοσύνης
382 431 590 468 ἐνυπαρχούσης
606 435 637 469 τῇ
655 434 727 470 ψυχῇ
744 435 832 462 πάντα

30 471 134 506 λέγων.
159 473 326 509 Συναγαγὼν
346 476 375 503 δέ
397 486 440 509 τις
463 478 617 514 ἀμφότερα,
640 480 714 516 εὖροι
738 482 771 509 ἂν
786 482 832 509 τὸν

29 518 146 553 ἀληθῶς
162 520 335 555 δικαιοσύνην
345 521 486 549 λαλοῦντα.
506 525 536 550 Ul
553 525 608 560 γὰρ
623 525 722 558 ἔξωθεν
737 528 831 561 φαινό-

30 572 112 598 μενοι
125 566 182 597 τοῖς
197 564 351 602 ἀνθρώποις
366 568 475 600 δίκαιοι,
493 570 594 599 ἔσωθεν
608 572 636 598 δὲ
655 574 748 608 μεστοὶ
766 574 831 602 ὑπο-

28 611 153 645 κρίσεως
170 612 216 639 καὶ
232 613 346 648 ἀνομίας
354 616 544 650 τυγχάνοντες,
557 618 608 645 κᾶν
616 619 719 646 λαλῶσι
729 621 831 648 δικαιο-

29 656 130 692 σύνην,
145 658 195 685 οὐκ
205 659 314 694 ἀληθῶς
328 661 412 696 αὐτὴν
430 661 566 691 λαλοῦσιν.
590 665 724 701 Ἠγοῦμαι
745 667 774 693 δὲ
790 668 830 694 ὅτι

27 703 122 735 οὐδεὶς
146 703 257 731 δύναται
286 706 460 743 δικαιοσύνην
487 708 622 745 λαλῆσαι,
650 712 687 747 μὴ
709 713 830 748 μετέχων

27 750 165 784 Χριστοῦ,
186 761 194 777 ι
209 752 239 784 ὃς
255 753 372 790 ἐγενήθη
386 756 451 790 ἡμῖν
470 758 550 791 σοφία
566 758 619 785 ἀπὸ
632 759 711 791 Θεοῦ,
724 760 828 787 δικαιο-

25 796 98 832 σύνη
108 805 142 824 τε
155 798 201 824 καὶ
215 799 351 834 ἁγιασμὸς
361 820 367 832 ,
385 801 432 828 καὶ
445 802 643 839 ἀπολύτρωσις.
664 815 673 831 ι
701 806 827 833 Ἀκολου-

24 842 71 869 θεῖ
89 843 119 870 δὲ
134 844 164 870 τὸ
177 844 285 880 ἀληθῶς
303 846 392 874 λαλεῖν
412 848 586 886 δικαιοσύνην
606 851 645 886 τῷ
660 852 741 880 εὐθέα
767 855 826 889 κρί-

887 256 973 282 modis
986 257 1071 290 possit
1093 258 1142 284 hoc
1164 257 1232 285 ﬁeri.
1249 259 1336 293 Atque
1356 268 1408 287 una
1433 262 1544 296 quidem
1569 263 1675 291 ratione

886 299 947 327 licet
961 301 1086 334 proferre
1107 303 1249 335 justitiam.
1276 305 1386 338 quando
1407 306 1468 340 quis
1484 314 1551 333 sana
1574 309 1607 335 de
1632 308 1677 343 ju-

884 346 959 372 stitia
986 347 1090 375 habens
1108 349 1246 382 dogmata,
1268 351 1300 376 de
1322 351 1417 377 iisdem
1440 352 1561 380 disserit.
1584 353 1676 381 Altero

885 399 950 418 vero
964 394 1045 422 modo
1059 393 1193 427 justitiam
1209 395 1270 429 quis
1290 395 1421 430 loquitur,
1440 399 1484 432 qui
1500 406 1531 424 ex
1550 399 1630 426 insita
1648 401 1673 427 in

885 437 977 464 animo
992 437 1076 472 ipsius
1090 438 1196 472 justitia
1222 446 1319 467 cuneta
1344 441 1422 468 dicit.
1450 442 1476 469 Si
1498 443 1560 477 quis
1581 449 1672 472 auten.

883 485 1032 516 utrumque
1057 482 1240 517 conjunxerit,
1257 485 1375 519 reperiet
1392 494 1453 513 eum
1474 488 1519 521 qui
1536 496 1601 517 vere
1628 489 1673 524 ju-

883 527 985 554 stitiam
1004 528 1143 562 loquatur.
1158 530 1209 563 Qui
1229 531 1327 558 enimn
1353 532 1419 559 foris
1435 540 1563 567 apparent
1582 536 1672 563 homi-

883 574 963 600 nibus
976 573 1054 607 justi,
1068 575 1141 602 intus
1157 581 1246 603 autem
1266 577 1337 611 pleni
1354 582 1417 605 sunt
1434 579 1568 613 hypocrisi
1583 586 1609 607 et
1623 581 1672 608 ini-

882 619 986 653 quitate
1006 620 1050 652 ⁸⁶;
1073 621 1122 648 etsi
1151 621 1296 656 loquantttr
1319 623 1471 658 justitiam,
1500 633 1552 652 non
1580 631 1669 654 tamen

881 671 943 691 vere
970 665 1043 692 illam
1068 666 1225 701 loquuntur.
1251 668 1384 697 Existimo
1408 675 1500 697 autent
1535 673 1669 700 nemiuem

880 715 958 742 posse
972 709 1046 744 loqui
1059 711 1206 746 justitiam,
1223 713 1269 747 qui
1286 721 1339 740 non
1354 714 1389 741 sit
1403 716 1541 750 particeps
1555 717 1669 750 Christi,

883 764 893 780 ι
907 757 952 790 qui
969 755 1058 784 factus
1076 763 1118 784 est
1135 759 1215 786 nobis
1236 760 1401 793 sapicntiaa
1423 762 1486 794 Deo,
1510 767 1537 789 et
1551 763 1668 798 justitia,

878 805 906 827 et
917 802 1111 836 sanctiﬁcatio,
1124 809 1152 831 et
1164 805 1314 840 redemptio
1325 806 1370 833 ⁸““.
1389 817 1398 832 ι
1415 807 1500 835 Porro
1514 816 1576 836 vere
1596 809 1668 844 loqui

875 847 1010 880 justitiam
1027 850 1153 883 sequitur
1169 857 1201 876 ex
1220 857 1294 878 recto
1309 852 1424 887 judicio,
1448 855 1484 881 ita
1502 859 1530 880 nt
1545 855 1611 882 nihil
1632 857 1669 884 sit

22 896 97 919 νειν,
116 888 188 916 ὥστε
211 891 294 926 μηδὲν
311 890 380 919 εἶναι
405 894 510 921 σκολιὸν
527 897 556 922 ὲν
572 898 628 928 τοῖς
646 898 762 933 κρίμασι
779 909 806 926 κο

914 894 1018 929 liquum
1034 896 1060 922 in
1070 895 1182 930 jntiiciis
1195 902 1223 924 et
1239 899 1454 933 cogitatioaibns
1467 902 1525 936 ejus
1541 903 1588 936 qui
1601 910 1666 930 vere

22 934 84 964 τοῖς
101 933 243 970 λογισμοῖς
260 937 307 963 τοῦ
322 937 431 974 ἀληθῶς
444 940 621 977 δικαιοσύνην
633 943 787 976 λαλοῦντος.

62 981 121 1006 Καὶ
143 981 197 1015 γὰρ
219 982 254 1008 ἐν
268 983 376 1017 καρδίᾳ
396 985 532 1020 ἀνομίας,
559 997 586 1014 κ.
611 997 636 1016 τ.
660 990 683 1016 ἑ.
703 991 761 1017 Ἵνα
777 991 825 1026 διη-

23 1024 102 1061 λώσῃ
121 1026 175 1062 (70)
191 1029 205 1054 6
217 1027 295 1062 λόγος
307 1030 400 1067 πηγὴν
415 1032 464 1067 μὲν
476 1034 522 1059 καὶ
534 1034 621 1070 ἀρχὴν
635 1036 725 1072 πάσης
738 1024 825 1073 ἀμαρ-

20 1072 86 1103 τίας
103 1072 134 1098 τὸ
153 1073 199 1099 τοῦ
216 1074 317 1108 φαύλου
337 1077 501 1112 ἡγεμονικὸν
514 1100 521 1110 ,
546 1081 666 1116 ἀνομιῶν
682 1083 824 1120 πεπληρω-

22 1117 120 1151 μένον,
140 1118 178 1151 ὥς
199 1128 224 1146 τι
251 1121 340 1156 ῥεῦμα
365 1124 419 1149 ἀπὸ
435 1124 484 1160 τῆς
501 1126 569 1160 γῆς·
594 1127 643 1163 τὴν
665 1128 693 1154 δὲ
711 1117 820 1164 πρέξιν,

21 1161 58 1198 ἧς
76 1163 212 1199 σύμϐολον
220 1166 246 1191 αἱ
265 1168 364 1202 χεῖρες,
377 1169 426 1204 τὴν
441 1171 494 1197 ἀπὸ
508 1171 555 1198 τοῦ
573 1161 738 1209 ὴγεήμονικού
755 1161 822 1210 προέ

21 1209 158 1245 αχθεῖσαν
173 1212 301 1248 μελέτην·
313 1216 444 1252 πρότερον
460 1218 508 1252 μὲν
523 1218 553 1245 τὸ
564 1220 634 1247 κατὰ
645 1221 694 1256 τὴν
707 1209 820 1257 καρδίαν

21 1256 163 1292 ὠνόμασε,
176 1259 301 1297 δεύτερον
317 1262 344 1289 δὲ
362 1264 392 1289 τὺ
407 1265 477 1291 κατὰ
494 1265 543 1297 τὰς
557 1268 659 1302 χεῖρας.
674 1256 755 1305 Καὶῆ
770 1271 820 1304 μὲν

20 1302 77 1337 τῆς
92 1304 231 1340 ἁμαρτίας
249 1307 319 1343 ἀρχή
336 1309 409 1335 ἐστιν
424 1309 477 1336 ἀπὸ
493 1311 614 1346 καρδίας,
634 1313 680 1339 καὶ
701 1314 730 1340 τὸ
745 1302 820 1348 τέλος

19 1349 50 1374 ἐν
68 1351 131 1381 ταῖς
152 1352 300 1386 πράξετιν’
325 1354 370 1381 ἐπὶ
392 1355 419 1382 δὲ
437 1356 491 1382 τῶν
513 1358 732 1393 ἐπιστρεφόντων
752 1362 820 1397 πρὸς

20 1394 89 1421 Θεὸν
112 1395 129 1430 ἡ
146 1395 217 1432 ἀρχὴ
244 1397 292 1432 μὲν
311 1398 365 1425 ἀπὸ
381 1400 430 1435 τῆς
447 1400 552 1436 ἀποχῆς
565 1402 620 1429 τῶν
639 1403 732 1430 κακῶν
751 1394 820 1440 πρά-

19 1439 108 1471 ξεων·
129 1441 205 1471 τέλος
217 1441 245 1469 δὲ
260 1444 276 1478 ἠ
290 1443 445 1480 καθαρότης
459 1447 508 1482 τῆς
521 1448 645 1483 καρδίας.
663 1450 763 1485 Διόπερ
774 1439 819 1477 γὲν-

17 1485 112 1512 ταῦθα
129 1487 178 1521 μὲν
195 1488 240 1514 ὅτε
261 1489 417 1524 ἐλέγχονται
434 1493 458 1518 οἱ
471 1492 576 1527 (faex-tot,
592 1494 625 1521 τὰ
642 1495 691 1530 τῆς
705 1496 818 1532 καρδίας

17 1532 189 1568 ἀνομήματα
212 1536 361 1572 πρότερον,
384 1539 430 1565 καὶ
458 1539 518 1566 τότε
546 1540 579 1567 τὰ
606 1542 816 1578 συμπλεκόμενα

16 1578 178 1614 ἀδικήματα
190 1582 250 1613 ταῖς
261 1583 356 1618 χερσὶν
369 1584 535 1619 ὠνόμασται.
555 1586 626 1613 Ἀντὶ
634 1587 661 1613 δὲ
670 1587 716 1614 τοῦ
727 1598 736 1613 ι
750 1597 781 1615 συ
785 1598 818 1624 μ-

16 1624 153 1652 πλέκουσι
179 1636 188 1653 )
213 1627 359 1656 Θεοδοτίων
373 1631 449 1667 καὶὴ
470 1632 581 1668 πέμπτη
596 1633 710 1667 ἕκδοσις,
729 1645 739 1660 ι
759 1635 818 1662 δια-

16 1671 231 1707 σταθμίζουοιν·
248 1685 256 1700 ι
283 1676 396 1708 Ἀκύλας
410 1677 438 1703 δὲ
454 1688 463 1703 ι
477 1678 697 1714 διασταθμίζεται
713 1690 722 1706 ι
738 1690 818 1717 περι-

14 1717 85 1752 έχει.
109 1718 166 1754 Οὐχ
182 1719 219 1752 ὡς
235 1720 324 1757 ἔτυχε,
340 1723 416 1758 φησὶ,
439 1724 625 1758 συμπλέκουσι
636 1725 686 1761 τὴν
698 1726 815 1759 ἀδικίαν,

13 1764 86 1790 ἀλλὰ
102 1765 147 1791 διὰ
168 1766 269 1799 ταύτας
283 1768 332 1800 τὰς
348 1769 457 1801 κακίας,
475 1769 633 1803 ἐπελθόντος
648 1772 716 1808 αὐτῇ
732 1782 815 1810 στρα-

12 1811 144 1843 τοπέδου,
160 1812 276 1848 ἔφθασεν
294 1815 309 1850 ἡ
328 1815 427 1851 ἀνομία
449 1817 496 1843 καὶ
512 1818 527 1852 ἡ
543 1817 691 1852 ἀντιλογία,
706 1820 752 1846 καὶ
769 1820 815 1846 ἐπὶ

12 1857 49 1883 τὰ
67 1858 145 1894 τείχη
169 1859 255 1894 αὐτῆς
271 1861 333 1892 τοὺς
350 1862 535 1897 φρουροῦντας
558 1864 643 1899 αὐτὴν
662 1864 750 1900 ἱεροὺς
766 1866 815 1900 ἀγ-

11 1903 114 1937 γέλους
126 1913 133 1919 “
151 1906 196 1931 καὶ
210 1905 262 1941 γὰρ
277 1904 348 1933 οὗτοι
363 1908 541 1942 ἐγκατέλιπον
557 1909 640 1945 αὐτὴν
661 1911 813 1946 ἀνομοῦσαν

12 1950 63 1976 καὶ
78 1950 273 1984 ἀντιλέγουσαν
290 1952 452 1990 ἑωρακότες.
476 1955 548 1982 Διότι
568 1966 576 1981 ι
592 1956 690 1992 ἀνομία
707 1958 749 1984 καὶ
765 1958 814 1984 πό-

10 2005 71 2028 νος,
90 2006 99 2022 ι
118 1997 238 2030 ἐναντίος
252 2000 285 2035 τῇ
301 2000 431 2036 ὲπαινετῇ
446 2001 536 2037 ἡδονῇ,
555 2012 564 2028 ι
574 2004 602 2029 ἐν
619 2004 693 2039 μέσῳ
707 2005 790 2040 αὐτῆς
801 2016 809 2031 ι

10 2043 64 2069 σῦν
92 2042 184 2079 ἀδικίᾳ
208 2045 363 2080 γεγένηται,
387 2045 425 2078 ὠς
452 2056 461 2072 ι
478 2047 514 2083 μὴ
542 2048 677 2076 ἐκλείπειν
701 2051 733 2076 ὲκ
758 2051 811 2077 τῶν

10 2087 152 2113 πλατειῶν
166 2088 250 2123 αὐτῆς
265 2090 343 2116 τόκον
360 2090 407 2116 καὶ
420 2091 506 2123 δόλον,
523 2102 531 2117 ι
548 2093 740 2129 δολιευομένων
757 2095 810 2122 τῶν

8 2132 162 2160 οἰκούντων
179 2134 264 2169 αὐτὴν
280 2135 313 2161 δι’
331 2132 367 2162 ὧν
382 2137 508 2172 φρονοῦσι
534 2139 674 2174 πονηρῶς·
695 2140 811 2168 κοπιών-

8 2188 66 2206 των
82 2180 112 2205 δὲ
135 2180 173 2214 τῷ
190 2180 278 2216 αἴρειν
301 2182 342 2216 ἐφ’
360 2183 467 2214 ἑαυτοῖς
493 2183 522 2209 τὸ
536 2184 586 2219 τῆς
604 2186 701 2217 κακίας
716 2187 807 2222 ἄχθος,

9 2225 133 2261 μολίϐδῳ
150 2226 401 2264 παραϐαλλομένης.
423 2229 478 2255 Καὶ
495 2229 624 2262 πλατείας
641 2231 724 2267 αὐτῆς
741 2233 809 2269 ἡγη-
826 2242 846 2268 D

6 2271 71 2297 τέον
86 2269 157 2298 εἶναι
171 2271 220 2301 τὰς
234 2272 278 2299 διὰ
294 2273 323 2299 τὸ
341 2273 479 2309 φιλήδονον
496 2275 681 2309 πλατυνούσας
697 2279 806 2311 ἑαυτὰς,

5 2317 50 2352 τῷ
65 2317 115 2352 τὴν
131 2316 260 2344 πλατεῖαν
277 2320 324 2345 καὶ
338 2319 493 2356 εὐρύχωρον
512 2321 612 2348 ὁδεύειν
632 2323 702 2356 ὁδον,
717 2325 807 2351 τοοτέο

6 2372 64 2394 στι,
78 2362 127 2389 τὸν
144 2363 266 2398 ἡδονικὸν
282 2365 329 2392 καὶ
343 2366 492 2401 παθητικὸν
512 2367 584 2403 βίον·
600 2370 628 2395 ὲν
643 2370 739 2402 αὐταῖς
752 2371 805 2407 γὰρ

6 2410 54 2436 ἀεὶ
80 2409 171 2444 μένων
196 2411 210 2436 ό
234 2411 296 2446 περὶ
319 2412 352 2438 τὰ
370 2413 442 2439 κακὰ
469 2414 561 2446 κόπος,
575 2415 626 2446 ,καὶ
648 2415 662 2441 ὁ
678 2417 742 2452 περὶ
756 2418 805 2450 τὰς

5 2457 120 2489 ἀπάτας
142 2457 226 2489 δόλος,
244 2458 414 2494 πληροῦσθαι
441 2463 513 2487 ποιεῖ
530 2462 569 2492 τὸ.
590 2473 598 2487 ι
614 2464 671 2490 Οὐκ
684 2463 806 2496 ἐξέλιπεν

5 2504 42 2529 ἐκ
63 2502 120 2529 τῶν
145 2502 279 2530 πλατειῶν
293 2504 379 2540 αὐτῆς
394 2505 474 2538 τόκος
488 2509 534 2534 καὶ
556 2507 638 2540 δόλος.
652 2518 662 2535 ι
682 2510 736 2536 Καὶ
753 2510 806 2546 γὰρ

4 2546 251 2584 διαστὰθμίζοντες
263 2550 364 2578 ἕκαστα
375 2551 428 2578 τῶν
441 2553 614 2589 ἀδικημάτων
627 2556 666 2587 εἰς
677 2556 725 2591 τὴν
738 2565 806 2591 συμ-

5 2595 114 2632 πλοκὴν
141 2596 191 2631 τῆς
208 2597 306 2628 κακίας
332 2599 355 2624 οἱ
378 2599 447 2634 πρὸς
470 2600 520 2636 τὴν
547 2601 654 2628 ἀδικίαν
673 2603 805 2638 εὐχερεῖς,

4 2641 178 2674 ἁδιαστάτως
201 2643 341 2679 ἐνεργοῦσι
370 2645 404 2672 τὰ
430 2646 525 2681 αἱρετὰ
552 2648 592 2679 εἰς
615 2647 806 2680 ἁνεξάλειπτον

4 2687 110 2724 στήλην
135 2688 426 2725 παραλαμϐανομένων
451 2692 504 2718 τῶν
530 2693 654 2727 πράξεων
680 2695 729 2729 τῆς
747 2695 807 2721 ἀδι-

4 2736 68 2767 κίας
86 2734 190 2762 αὐτῶν.

37 2827 61 2844 ⁸⁸
88 2826 186 2853 Matth.
212 2834 291 2856 xxnt.
309 2827 354 2854 28.
393 2828 426 2843 "‘
445 2827 532 2856 lCor.
552 2837 571 2861 ι,
592 2829 636 2856 50.

37 2875 96 2911 (69)
115 2874 242 2910 Ἰὃωμεν
261 2875 289 2902 τί
303 2875 398 2909 ἐστιν,
411 2881 463 2903 etc.
482 2877 583 2904 Catena
608 2878 740 2906 (lorderii.

874 940 1010 975 justitiam
1033 942 1163 976 loquitur.

912 986 994 1015 Vens.
1017 989 1043 1016 5.
1073 989 1179 1017 Etenim
1206 991 1232 1018 in
1257 992 1334 1018 corde
1359 992 1521 1026 iniquitates.
1550 999 1604 1022 etc.
1630 995 1666 1023 Ut

875 1039 966 1059 sermo
996 1034 1132 1068 signiticet
1167 1034 1271 1062 fontem
1300 1037 1409 1071 quidem
1436 1045 1467 1064 ac
1500 1040 1663 1074 principium

874 1079 964 1106 omnis
980 1081 1084 1113 peccati
1101 1088 1160 1108 esse
1175 1087 1293 1108 mentem
1316 1083 1443 1118 improbi,
1460 1093 1520 1119 quae
1534 1087 1662 1121 iniquita«

876 1126 946 1152 titms
957 1127 1101 1158 redundat,
1116 1128 1187 1154 sicut
1199 1129 1310 1163 quidam
1322 1129 1412 1156 ﬂuxus
1422 1131 1454 1158 de
1467 1137 1538 1158 terra
1551 1141 1557 1165 ;
1574 1139 1663 1161 actum

874 1179 949 1203 vero,
969 1172 1045 1206 cujus
1058 1174 1211 1208 symbolum
1234 1180 1297 1202 sunt
1320 1184 1428 1207 manus,
1449 1185 1509 1204 esse
1527 1180 1661 1207 exercita-

875 1219 975 1246 tionem
992 1227 1051 1253 qnze
1069 1228 1083 1246 ιι
1108 1226 1198 1247 mente
1222 1227 1366 1255 promanat
1386 1231 1392 1253 ;
1413 1223 1530 1257 primum
1553 1225 1663 1258 quidem

875 1273 924 1299 per
939 1273 986 1292 cor
1005 1266 1166 1299 nominavit,
1182 1268 1332 1294 secundum
1346 1275 1410 1295 vero
1426 1276 1474 1303 per
1489 1277 1595 1297 manus.
1617 1271 1665 1298 At-

873 1319 926 1345 que
940 1313 1044 1346 peccati
1060 1313 1170 1346 quidem
1187 1314 1351 1347 principium
1366 1319 1407 1341 est
1424 1322 1436 1340 a
1453 1316 1547 1346 corde.
1559 1320 1587 1343 et
1602 1316 1663 1343 finis

872 1357 897 1383 in
915 1358 1121 1391 operationibus
1136 1365 1143 1384 :
1160 1358 1186 1385 in
1204 1359 1237 1386 iis
1253 1363 1344 1386 autent
1370 1361 1415 1395 qui
1439 1362 1473 1387 ad
1495 1361 1578 1388 Deum
1597 1370 1664 1389 coo-

872 1407 1025 1435 verlnntnr,
1046 1403 1213 1438 principium
1230 1405 1340 1431 ducitur
1354 1414 1367 1431 a
1383 1413 1527 1440 pravorum
1550 1413 1660 1435 actuum

871 1449 1057 1481 abstinentia;
1078 1450 1140 1476 ﬁnis
1166 1457 1229 1476 vero
1249 1455 1291 1477 est
1315 1452 1424 1485 puritas‘
1439 1454 1542 1481 cordis.
1558 1453 1662 1482 Idcirco

870 1495 979 1528 quando
992 1495 1036 1522 hie
1057 1496 1075 1522 ii
1094 1496 1139 1531 qui
1165 1496 1317 1530 culpabiles
1331 1502 1393 1524 sunt.
1412 1500 1660 1533 reprehenduntur,

870 1540 986 1574 primum
1003 1541 1102 1568 delicta
1125 1542 1226 1575 cordis,
1244 1550 1275 1569 ac
1295 1543 1394 1571 deinde
1412 1544 1579 1579 iniquitates,
1599 1554 1658 1581 qua:

871 1585 996 1612 manibus
1014 1587 1184 1613 concinnata:
1200 1593 1273 1620 sunt,
1290 1589 1478 1617 nominantur.
1494 1590 1548 1618 Pro
1565 1601 1574 1617 ι
1594 1599 1660 1619 eon-

871 1630 984 1656 cinnant
1007 1640 1015 1656 t
1052 1636 1142 1658 autem
1174 1632 1343 1660 Theodotion
1380 1639 1407 1661 et
1431 1636 1526 1668 quinta
1562 1637 1659 1670 editio,

870 1675 951 1710 735
968 1686 977 1700 ι
994 1676 1107 1709 librant;
1128 1687 1137 1703 ι
1153 1678 1248 1712 Aquila
1267 1686 1330 1706 vero
1346 1689 1355 1704 ι
1373 1680 1456 1708 librat
1474 1690 1483 1706 ι
1500 1681 1590 1709 habet.
1601 1682 1659 1710 Non

869 1723 1135 1757 quomodocunque,
1163 1724 1261 1758 inquit,
1284 1726 1450 1753 concinnant
1476 1727 1658 1761 iniquitatem,

867 1768 914 1794 sed
943 1775 1053 1803 propter
1087 1770 1136 1796 has
1166 1771 1334 1804 pravitates,
1368 1774 1577 1806 superveniente
1607 1776 1657 1810 ipsi

867 1813 1001 1844 exercitu,
1028 1815 1153 1848 pervenit.
1172 1816 1301 1849 iniquitas
1319 1822 1346 1843 et
1371 1818 1551 1846 contradictio
1571 1821 1656 1847 etiam

866 1859 899 1884 ad
915 1866 1007 1886 muros
1027 1859 1095 1894 ejus,
1111 1862 1237 1888 custodes
1250 1862 1381 1889 nimirum
1402 1862 1460 1896 ejus
1479 1869 1589 1891 sanctos
1605 1873 1656 1892 an.

865 1905 938 1940 gelos
959 1913 967 1932 :
986 1906 1012 1933 hi
1041 1907 1112 1933 enim
1136 1907 1208 1934 illam
1237 1908 1436 1942 deseruerunt,
1465 1910 1536 1944 qttod
1564 1911 1655 1938 vidis—

864 1957 924 1979 sent
945 1953 1146 1987 delinquentem
1169 1959 1196 1980 et
1210 1955 1455 1982 contradiceutcm.
1483 1956 1655 1992 Quapropter

866 2007 875 2022 ι
909 1998 1040 2033 iniquitas
1068 2004 1095 2026 ct
1125 1999 1222 2031 labor,
1257 2009 1265 2025 ι
1299 2001 1346 2035 qui
1367 2001 1493 2029 laudabili
1523 2003 1653 2038 voluptati

864 2045 1018 2072 contrarius
1042 2051 1092 2075 est,
1122 2054 1131 2071 ι
1161 2046 1186 2072 in
1205 2046 1293 2073 medio
1317 2047 1387 2081 ejus,
1410 2057 1418 2072 ι
1437 2055 1498 2075 ettm
1519 2049 1652 2083 injustitia

863 2091 1036 2122 exstiterunt,
1054 2096 1084 2119 nt
1105 2101 1114 2117 ι
1131 2099 1182 2118 non
1201 2093 1329 2120 deﬁceret
1346 2094 1378 2120 de
1390 2094 1486 2128 plateis
1499 2095 1557 2129 ejus
1570 2103 1651 2124 usura

862 2142 889 2163 et
902 2137 978 2164 dolus
990 2140 1024 2171 ",
1038 2147 1047 2164 ι
1060 2138 1156 2166 incolis
1172 2139 1231 2173 ejus
1246 2147 1294 2174 per
1312 2148 1343 2167 ca
1360 2149 1420 2174 quae.
1434 2149 1561 2175 perverse
1574 2151 1653 2171 com-

863 2183 1046 2210 miniscuntur
1064 2184 1156 2212 dolose
1183 2187 1344 2220 agentibus;
1372 2187 1559 2216 laborantibus
1583 2197 1650 2217 vero

863 2233 892 2255 ut
917 2229 1045 2257 tollerent
1073 2238 1155 2265 super
1171 2239 1200 2259 se
1221 2240 1289 2260 onus
1315 2233 1434 2266 malitiae,
1452 2242 1512 2268 quae
1539 2235 1652 2270 plumbo

861 2280 1046 2312 comparatur.
1074 2277 1155 2311 Atqui
1176 2278 1281 2312 plateas
1301 2279 1360 2314 ejus
1380 2281 1589 2309 existimandum
1611 2288 1652 2311 est

860 2330 921 2350 esse
935 2322 1004 2353 illas,
1025 2329 1085 2356 qum
1100 2330 1147 2357 per
1161 2331 1283 2350 amorem
1296 2325 1441 2360 voluptatis
1463 2327 1567 2362 seipsas
1581 2329 1650 2355 dila~

861 2373 929 2401 tant,
958 2367 1022 2394 dum
1045 2368 1126 2395 latam
1147 2373 1175 2395 et
1200 2370 1348 2404 spatiosum
1365 2372 1434 2398 viam
1451 2373 1603 2406 ambulant,
1623 2375 1650 2403 id

860 2417 911 2446 est,
937 2414 1022 2440 vitam
1054 2413 1234 2448 voluptariam
1262 2419 1289 2442 et
1314 2417 1488 2451 passionibus
1513 2419 1648 2450 deditam;

861 2467 923 2487 cum
944 2460 1016 2486 enim
1032 2459 1058 2486 in
1080 2459 1114 2487 iis
1133 2467 1241 2494 semper
1258 2468 1366 2489 maneat
1383 2463 1458 2491 labor
1472 2464 1544 2491 circa
1566 2466 1646 2497 mala,

861 2513 944 2542 atque
959 2507 1036 2535 dolus
1053 2507 1128 2535 circa
1150 2508 1336 2544 deceptiones,
1354 2510 1416 2538 hinc
1434 2511 1463 2538 ﬁt
1485 2516 1515 2538 ut
1534 2512 1646 2547 implea~

859 2558 903 2580 tur
929 2554 1012 2586 illud,
1038 2564 1047 2580 ι
1068 2554 1126 2581 Νοιι
1147 2555 1246 2582 defecit
1265 2557 1298 2583 de
1318 2556 1413 2591 plateis
1432 2557 1492 2592 ejus
1511 2567 1592 2586 usura
1619 2565 1647 2587 ct

858 2598 945 2626 dolus.
962 2609 970 2625 ι
986 2600 1093 2628 Etenim
1110 2601 1172 2627 dum
1187 2601 1280 2635 hi,qui
1299 2603 1332 2628 ad
1346 2602 1517 2637 iniquitatem
1529 2606 1645 2639 prompti

857 2651 930 2677 sunt,
952 2646 1078 2681 singulas
1105 2647 1265 2681 iniquitates
1290 2649 1322 2675 ad
1341 2656 1423 2676 unum
1445 2650 1555 2678 malitiae
1571 2658 1644 2678 com-

857 2691 964 2726 plexum
979 2692 1093 2725 librant,
1115 2694 1302 2722 indesinenter
1322 2694 1474 2722 desiderata
1488 2696 1644 2730 perﬁciunt,

857 2738 890 2765 ad
916 2738 1088 2766 indelebilcm
1113 2740 1268 2768 columnam
1289 2742 1438 2777 assumptis
1452 2743 1580 2777 operibus
1591 2744 1644 2772 iniv

857 2783 968 2819 quitatis
982 2791 1087 2811 eorum.

675 2830 697 2845 "’
721 2829 793 2858 Psal.
818 2839 872 2863 Liv.
899 2832 943 2859 Η.

885 2879 941 2916 (70)
961 2880 1026 2907 Ἵνα
1043 2879 1179 2916 δηλώσῃ,
1198 2886 1250 2909 etc.
1270 2882 1380 2910 Eadem.
