1886 3052
52 141 128 168 ΜΠ

542 148 697 176 SELECTA
714 150 747 177 IN
763 151 932 182 PSALMOS.
952 170 986 174 —
1006 156 1102 184 PSAL.
1121 158 1187 186 LIX.

1575 112 1607 135 /

1623 172 1689 199 ma

94 200 154 227 Τοῦ
167 201 273 228 αὐτοῦ.
299 201 328 228 ’0
354 202 457 235 δίκαιος
481 203 547 239 (78),
565 206 638 241 ὁρῶν
652 207 683 234 τὸ
706 209 787 242 σοφὸν
803 218 815 235 τ

94 253 99 259 ·
109 246 141 265 ἐλ
155 245 313 265 νῆὶᾶίνεκηηι
325 248 389 265 ιγηῗιρ
399 249 507 265 Ardua-tn-
518 249 592 265 Ωιτ..-
603 252 689 265 ηιξ--.
699 262 719 265 ._
742 254 788 265 μνη,
798 263 807 265 -

939 211 1076 245 Ejusdem.
1105 215 1198 244 Justus
1222 218 1315 247 videns
1341 222 1500 256 sapientiam
1533 225 1617 255 divini
1648 230 1688 265 iu-

51 245 99 276 είς
109 246 141 272 τὺ
155 245 315 278 κολάζεσθαι
325 248 389 280 τοὺς
398 249 507 281 ἀδίκους
518 249 592 283 Θείας
603 252 729 287 κρίσεως,
739 254 854 290 εὐφραν-

49 291 183 326 θήσεται.

335 382 481 410 ΨΑΛΜΟΣ
501 385 569 412 NH'.

96 424 218 457 Έξελοῦ
242 429 281 461 με
300 427 335 454 ἐκ
359 428 418 454 τῶν
438 429 552 464 ἐχθρῶν
567 441 638 466 μου,
656 435 673 460 ὁ
686 435 756 467 Θεός
781 444 851 469 μου,

47 477 77 495 κ.
91 478 118 498 τ.
130 471 155 498 ὲ.
165 472 214 498 Διὰ
227 472 256 498 τὸ
272 472 337 508 (79),
350 484 359 499 ι
374 475 455 501 Ἀνευ
464 476 579 511 ἀνομίας
591 477 708 515 ἔδραμον
724 481 771 507 καὶ
786 489 851 508 κατ-

48 513 167 541 εύθυνα·
182 525 191 541 ι
210 517 255 543 καὶ
276 517 319 544 διὰ
330 518 369 550 τὸ,
390 528 399 544 ι
412 520 448 546 Τὸ
462 521 560 556 κράτος
576 513 626 557 μου
639 513 706 559 πρὸς
723 526 752 552 σὲ
766 527 850 561 φυλά-

46 558 98 590 ξω,
110 568 120 585 ι
137 561 151 586 ὁ
170 561 265 597 Σωτὴρ
282 561 354 596 λέγει
372 563 417 590 τὸν
432 564 538 600 ψαλμόν
549 574 555 581 '
578 568 625 594 καὶ
640 558 683 595 διὰ
697 569 737 602 τὸ,
754 558 845 606 «Πρό-

45 613 114 639 σχες
125 605 174 632 τοῦ
189 607 389 643 ἐπισκέψασθαι
403 610 491 637 πάντα
505 611 540 638 τὰ
556 612 629 648 ἔθνη.
644 623 653 639 ι

82 692 150 720 Ὅτι
174 692 239 720 ἰδοὺ
264 695 434 730 ἐθήρευσαν
456 698 513 733 τὴν
527 700 634 735 ψυχήν
650 711 721 736 μου,
740 713 767 731 κ.
779 714 803 732 τ.
816 707 839 732 ἑ.

46 737 222 774 Ἐθήρευσαν
246 740 300 776 (80)
326 742 374 776 τὴν
397 742 486 779 ψυχήν
511 753 561 780 μου
578 747 602 772 οι
631 750 766 782 κραταιοὶ,
793 752 840 778 καὶ

31 783 173 815 ,ἐπέθεντό
189 793 243 820 μοι.
264 786 320 813 Οὐκ
333 788 364 813 ἐκ
384 789 534 824 παρέργου,
551 791 629 825 φησὶ,
642 792 690 828 τὴν
707 794 775 830 πρὸς
789 796 839 830 ἐμὲ

37 829 137 864 μάχην
151 831 315 865 ὲνίπτανται,
331 833 388 858 ἀλλ’
405 833 566 868 ἐπίκεινται,
583 836 619 871 μὴ
644 838 746 874 βραχὺν
768 829 839 867 ἐκδι-

36 874 134 906 δόντες
151 877 257 912 καιρὸν,
281 878 361 904 παντὶ
386 879 415 905 δὲ
440 881 533 916 τρόπῳ
555 883 736 918 πολεμοῦντες
752 886 835 921 ἡμᾶς.

36 920 197 954 Κραταιοὺς
212 922 239 948 δὲ
262 920 347 954 εἶπεν,
365 923 434 951 ὥστε
457 926 503 952 καὶ
532 927 586 954 ἀπὸ
610 928 659 963 τῆς
682 931 835 966 προσούσης

34 966 133 998 αὐτοῖς
156 967 245 1002 ἰσχύος
261 969 372 1004 μείζονα
386 970 469 1004 δεῖξαι
485 973 533 1008 τὴν
555 973 615 1000 κατ’
629 974 710 1001 αὐτοῦ
725 976 835 1003 ἐπιϐου-

33 1012 100 1037 λήν.

52 1011 163 1082 ήῖᾸνευ
180 1056 307 1092 ἀνομίας
318 1058 448 1093 ἔδραμον
467 1061 517 1088 καὶ
536 1064 714 1097 κατεύθυνα,
731 1074 757 1092 κ.
770 1075 795 1093 τ.
808 1068 831 1094 ἑ.

39 1101 73 1128 '0
97 1102 185 1136 λέγων
199 1103 254 1139 (8I)
267 1113 273 1120 '
293 1115 302 1130 ί
317 1106 369 1132 Τὸν
385 1107 477 1140 ἀγῶνα
501 1108 546 1135 τὸν
562 1110 644 1136 καλὸν
665 1111 831 1148 ἠγώνισμαι,

31 1147 84 1173 τὸν
110 1147 209 1183 δρόμον
225 1150 363 1184 τετέλεκα,
380 1151 429 1187 τὴν
446 1153 537 1181 πίστιν
561 1157 714 1192 τετήρηκα·
726 1167 735 1183 ι
752 1147 831 1194 φήσει

30 1193 76 1224 τὸ,
89 1202 98 1218 ι
113 1194 193 1221 Ἀνευ
207 1195 321 1230 ἀνομίας
338 1197 454 1234 ἔδραμον
466 1200 513 1227 καὶ
525 1201 690 1230 κατεύθυνα·
703 1213 712 1229 ι
723 1203 739 1239 ἢ
753 1193 831 1231 ὸΣω-

30 1237 88 1273 τὴρ
105 1239 204 1273 μᾶλλον
217 1240 303 1268 ταῦτα
321 1243 411 1278 φήσει.

72 1284 129 1311 Τοῦ
144 1286 248 1313 αὐτοῦ.
275 1287 332 1315 Οὐκ
360 1289 419 1316 ἔστι
436 1290 491 1326 (82)
513 1292 676 1321 κατευθῦναι
702 1294 751 1331 τὴν
772 1297 830 1323 ὁδὸν

29 1328 83 1364 τὴν
101 1330 248 1358 εἰποῦσαν·
276 1342 285 1358 ι
298 1333 367 1368 Ἐγώ
390 1335 446 1370 είμι
471 1337 487 1371 ὴ
504 1337 580 1369 ὁδός·
594 1347 603 1364 ι
623 1339 660 1375 μὴ
685 1328 749 1367 ἄνευ
768 1342 830 1368 ἀνο-

30 1375 100 1409 μίας
119 1376 267 1412 δραμόντα.

75 1421 261 1458 Ἐξεγέρθητι
294 1427 337 1458 εἰς
368 1427 560 1462 συνάντησιν
587 1440 658 1465 μου,
692 1434 740 1461 καὶ
771 1435 826 1468 ἴδε,

30 1474 61 1492 κ.
74 1474 100 1492 τ.
113 1467 137 1494 ἐ.
158 1468 206 1499 Τίς
219 1469 273 1504 ἄρα
291 1470 346 1506 (85)
370 1471 459 1504 ἱκανὸς
483 1475 569 1501 εἰπεῖν
585 1475 624 1510 τῷ
646 1476 718 1512 Θεῷ·
737 1488 747 1504 ι
769 1479 825 1512 Ἐξ-

25 1511 160 1547 εγέρθητι
175 1515 215 1545 εις
229 1515 391 1552 συνάντησιν
406 1527 469 1553 μου,
485 1520 531 1546 καὶ
545 1520 598 1553 ῖδε;
612 1530 622 1547 ›

66 1556 122 1583 Τοῦ
136 1558 239 1585 αὐτοῦ.
261 1560 305 1596 Τῷ
331 1561 386 1597 γὰρ
412 1563 584 1591 ἅναῦαινοντι
600 1566 655 1602 (84)
679 1567 714 1593 δι’
731 1568 823 1602 ὑγιοῦς

23 1600 87 1635 βίου
106 1603 174 1638 πρὸς
195 1604 261 1632 Θεὸν
287 1606 451 1643 ἐξεγείρεται
468 1610 508 1641 είς
531 1600 692 1647 συνάντηΙσιν
715 1615 729 1640 ὁ
746 1600 822 1646 8εόςλ

23 1648 82 1674 Καὶ
97 1649 127 1675 ὲν
144 1650 181 1685 τῷ
195 1651 354 1688 Εὑαγγελίῳ
376 1653 404 1680 δὲ
421 1655 435 1680 ό
452 1656 543 1692 πατὴρ
558 1657 666 1695 ἀπαντᾷ
680 1660 719 1695 τῷ
735 1662 820 1688 ὲπαν-

24 1694 170 1730 ερχομένῳ
183 1697 250 1732 πρὸς
263 1698 343 1724 αὐτὸν
360 1699 420 1734 υἱῷ.

59 1740 117 1767 Καὶ
134 1742 268 1776 ῥομφαία
291 1744 327 1771 ὲν
349 1745 411 1778 τοῖς
425 1746 562 1781 χείλεσιν
580 1750 689 1783 αὐτῶν,
708 1760 735 1778 κ.
750 1761 774 1779 τ.
789 1754 812 1780 ἑ.

25 1785 164 1821 Ῥομφαία
188 1787 242 1823 (85)
266 1790 294 1815 ἐν
323 1791 378 1822 τοῖς
404 1792 505 1826 χείλεσι
535 1794 588 1821 τῶν
614 1796 743 1834 δύσφημα
767 1801 813 1826 καὶ.

17 1830 111 1865 ἀσεεῆ
131 1831 308 1860 διδασκόντων
328 1836 496 1871 ἑτεροδόξων.

54 1876 107 1911 Μὴ
125 1878 307 1913 ἀποκτείνῃς
332 1882 453 1915 αὐτοὺς,
473 1884 590 1918 μήποτε
615 1887 812 1917 ἐπιλάθωνται

16 1922 74 1949 τοῦ
99 1923 193 1958 νόμου
212 1933 280 1959 σου,
309 1935 336 1953 κ.
354 1936 379 1954 τ.
392 1929 415 1955 ὲ.
443 1929 610 1958 Ἀποκτείνει
628 1933 738 1966 τούτους
761 1936 814 1971 (86)

13 1969 29 1994 ὁ
59 1968 162 2003 Κύριος
184 1969 230 2002 οὒς
258 1975 394 2009 συγχωρεῖ
418 1975 464 2001 ἐπὶ
494 1976 560 2003 πολὺ
584 1968 769 2014 ἁμαρτάνεινί
784 1968 815 2008 ἐκ

14 2014 73 2049 γὰρ
89 2015 186 2042 τούτου
211 2018 354 2052 συμϐαίνει
379 2020 464 2056 λήθην
485 2023 611 2057 γενέσθαι
634 2025 717 2052 Θεοῦ·
748 2028 812 2055 «Ἑν

14 2059 75 2095 γὰρ
90 2060 129 2096 τῷ
142 2061 192 2098 ᾄδῃ
208 2063 250 2095 τις
266 2064 491 2102 ἐξομολογήσεται
506 2077 563 2102 σοι;
578 2079 586 2095 ι

53 2105 110 2132 Καὶ
124 2106 159 2138 ἐξ
175 2107 250 2141 ἀρᾶς
263 2110 311 2136 καὶ
331 2111 464 2146 ψεύδους
478 2113 726 2149 διαττελήσονται
740 2127 811 2146 συν-

11 2148 137 2183 τέλειαι,
153 2151 188 2178 ὲν
206 2153 279 2188 ὀργῇ
293 2157 479 2191 συντελείας,
493 2159 542 2186 καὶ
550 2148 590 2187 οὐ
599 2162 642 2196 μὴ
659 2163 810 2197 ὑπάρξου-

10 2202 58 2227 σι,
75 2204 140 2223 κ.τ.
153 2197 176 2224 ἑ.
205 2197 270 2234 ’Δρὰ
285 2201 332 2227 καὶ
353 2201 448 2236 ψεῦδος
469 2204 523 2240 (87)
549 2207 622 2233 αῑτία
650 2208 699 2243 τῆς
714 2218 808 2237 συντε-

9 2239 108 2273 λείας·
126 2242 164 2274 Lb;
187 2245 211 2270 εί
236 2245 273 2280 μὴ
288 2246 375 2275 ταῦτα
396 2246 440 2284 ἦν,
461 2239 522 2277 οὕτε
545 2252 613 2288 ὀργὴ
637 2239 698 2280 οὔτε
714 2256 806 2283 συντέ-

8 2285 74 2313 λεια
88 2285 134 2323 ἦν.

300 2382 445 2411 ΨΑΛΜΟΣ
458 2385 522 2413 ΝΘ’.

52 2421 84 2449 ’0
99 2423 182 2458 Θεὸς,
194 2425 302 2454 ἀπώσω
318 2429 406 2464 ἡμᾶς,
424 2439 450 2456 κ.
464 2440 489 2457 τ.
504 2432 527 2458 ὲ.
547 2431 590 2464 Ὡς
606 2434 639 2461 ὲκ
654 2437 802 2471 προσώπου

8 2467 69 2503 (88)
84 2468 140 2496 τῶν
159 2470 292 2499 Ἰουδαίων
316 2473 391 2508 σφῶν
414 2476 550 2513 ἀποϐολὴν
566 2479 655 2506 αὐτῶν
670 2467 744 2517 δηλοῖ
761 2483 805 2512 διὰ

4 2514 56 2540 τοῦ
82 2516 188 2543 εἰπεῖν·
221 2518 270 2544 I'O
283 2518 360 2553 Θεὸς,
374 2521 477 2548 ἀπώσω
495 2523 578 2558 ἡμᾶς,
608 2526 655 2552 καὶ
681 2514 804 2562 καθεῖλες

42 2572 67 2589 ⁸⁹
83 2574 116 2601 ΙΙ.
136 2574 206 2603 Tim.
228 2584 264 2610 tv,
288 2578 314 2605 7.
353 2580 375 2595 '°
399 2580 476 2608 Juan.
495 2590 520 2610 vt
533 2603 540 2616 ,
560 2585 602 2611 14.
641 2586 662 2601 ⁶¹
680 2587 751 2616 Psal.
773 2597 810 2624 vt,
825 2591 850 2620 6.

121 2634 288 2675 '_0_6[u_aroc,
302 2644 353 2675 etc.
375 2640 456 2668 Iidem
469 2650 535 2675 mss.

178 2672 221 2711 τό,
237 2669 289 2700 etc.
308 2674 398 2702 Codex
409 2669 595 2711 goiSIiiiiantts
610 2683 756 2711 secundus.

41 2704 100 2747 (89)
113 2704 311 2747 _‘E'01ﬁpeuo'arj,
328 2714 381 2737 etc.
402 2709 504 2739 Catena
521 2704 794 2747 corderii'e'tmc'bvdex

4 2737 192 2768 Coisli'nianus
204 2737 346 2772 secundus.

40 2774 98 2824 (ﬁt)
114 2775 261 2824 'gldéyxr,
277 2783 331 2824 etc.
345 2780 642 2824 CnOtIGXICOiSIIIIIﬂnIIS.

51 2809 98 2847 se)
114 2812 186 2847 rorat
195 2809 271 2845 ἔστι,
285 2818 340 2842 ctc.
356 2814 468 2844 Scheda:
478 2809 586 2847 omni;

40 2845 98 2881 .85)
111 2846 159 2879 Τίς
168 2846 236 2880 ἄρα,
252 2854 304 2875 etc.
321 2849 438 2878 Eadem.

907 256 970 284 (Iicii
998 266 1052 292 quo
1078 260 1162 296 iniqui
1197 264 1329 298 supplicio
1360 268 1554 304 destinantur,
1585 256 1688 303 laetabi-

907 305 961 327 IUI'.

1161 397 1320 428 PSALMUS
1338 402 1427 432 LVIII.

937 438 1018 467 Vens.
1039 441 1063 468 I.
1086 442 1165 477 Eripe
1188 453 1228 472 me
1240 446 1273 474 de
1289 447 1401 477 inimicis
1418 453 1493 485 meis,
1508 453 1574 482 Deus
1591 464 1663 484 mea:
1674 478 1683 490 .

902 490 956 512 etc.
973 485 1089 522 Propter
1104 489 1180 524 illud,
1199 500 1208 517 ι
1228 491 1292 520 Sine
1315 495 1458 531 iniquitate
1473 501 1581 528 cucurri
1600 506 1627 529 et
1641 503 1683 530 di-

900 531 979 564 rexi,
1009 541 1018 557 ι
1045 538 1072 560 et
1099 541 1210 570 propter
1237 537 1324 566 illud:
1343 550 1352 566 ι
1374 542 1571 572 Fortitudinem
1593 555 1680 575 meam

899 576 932 601 ad
954 580 981 604 te
999 579 1164 613 custodiam,
1190 591 1200 608 ι
1220 583 1346 612 Salvator
1364 587 1437 616 hunc
1456 590 1586 622 psalmum
1598 593 1680 626 dicit;

898 628 1002 649 necnon
1020 630 1129 659 propter
1146 627 1211 655 illud
1228 636 1236 656 :
1253 639 1263 656 ι
1280 630 1391 660 Intende
1405 634 1438 661 ad
1451 635 1602 664 visitandas
1621 646 1680 665 om~

895 673 943 694 nes
962 673 1066 702 gentes.
1081 680 1090 696 ι

929 712 1011 740 Vsus.
1031 715 1058 742 4.
1081 716 1150 748 Quia
1166 727 1224 747 ecce
1247 723 1333 750 renati
1355 730 1415 751 sunt
1437 726 1553 754 animum
1571 737 1655 757 meam
1669 752 1676 763 ,

893 758 1049 787 ctc.Vcnati
1063 767 1126 789 sunt
1144 765 1261 793 animant
1277 775 1364 796 meam
1385 770 1476 805 fortes,
1493 778 1518 800 et
1539 774 1677 804 irruerqu

893 802 918 829 iu
932 811 982 830 me.
1003 805 1061 833 Non
1076 808 1173 841 obiter,
1191 810 1287 846 inquit,
1307 819 1401 842 contra
1416 823 1458 843 me
1476 818 1597 851 praelium
1610 828 1672 848 cou-

854 865 874 892 Β
892 847 1022 881 citaruut,
1043 852 1090 879 sed
1108 853 1234 888 irruunt.
1261 865 1295 884 ne
1319 859 1403 887 breve
1432 862 1539 895 quidem
1569 870 1674 901 tempus

890 892 1083 930 indulgentes,
1112 899 1158 926 sed
1194 902 1266 928 omni
1297 905 1377 931 modo
1407 892 1457 933 nos
1477 892 1670 944 oppugnantes.

887 938 984 967 Fortes
1010 946 1099 969 autem
1131 945 1219 978 dixit,
1248 951 1277 974 ut
1306 950 1386 976 etiam
1418 958 1450 979 ex
1477 954 1585 992 viribus
1613 965 1673 992 quae

887 984 955 1018 ipsis
982 986 1075 1013 insunt
1103 989 1221 1023 majores
1241 993 1373 1022 adversus
1398 1003 1427 1024 se
1443 991 1556 1027 insidias
1578 1007 1671 1030 osten-

885 1030 917 1056 de
921 1038 947 1056 rc
952 1035 970 1058 t.

920 1076 999 1105 Vens.
1029 1080 1056 1108 5.
1078 1080 1141 1109 Sine
1166 1083 1306 1119 iniquitate
1323 1089 1429 1115 cucurri
1443 1095 1467 1116 et
1497 1091 1596 1127 direxi,
1613 1099 1667 1122 etc.

884 1120 933 1154 Qui
957 1124 1024 1152 dicit
1049 1136 1057 1152 :
1073 1136 1082 1152 ι
1109 1127 1213 1156 Bonum
1243 1136 1380 1160 certamen
1406 1137 1508 1162 certavi
1524 1157 1531 1168 ,
1560 1145 1667 1166 cursum

884 1172 1078 1205 consummavi,
1095 1173 1173 1200 tidem
1185 1177 1288 1203 servavi
1299 1177 1331 1208 ",
1347 1188 1356 1203 ι
1370 1178 1450 1212 dicet,
1470 1190 1478 1205 ι
1493 1181 1557 1209 Siue
1569 1184 1666 1218 iniqui-

885 1217 939 1240 tate
958 1218 1066 1245 cucurri
1085 1224 1113 1246 ct
1132 1220 1238 1255 direxi;
1270 1232 1279 1249 ι
1302 1224 1342 1251 vel
1356 1225 1446 1259 potius
1461 1225 1585 1256 Salvator
1609 1230 1666 1259 hac

883 1260 965 1287 (licet.

918 1305 999 1341 737
1025 1307 1160 1342 Ejusdem.
1179 1311 1230 1345 Qui
1254 1314 1314 1341 sine
1330 1314 1474 1350 iniquitate
1494 1327 1546 1346 non
1567 1329 1665 1349 cucur-

882 1350 926 1382 rit,
944 1359 996 1378 non
1010 1358 1099 1386 potest
1110 1355 1228 1392 dirigere
1243 1359 1312 1386 viam
1327 1368 1386 1395 qua:
1399 1362 1466 1389 dixit
1485 1372 1491 1390 :
1508 1373 1518 1390 ι
1538 1365 1592 1401 Ego
1603 1375 1662 1394 sum

879 1395 920 1421 via
942 1397 974 1423 δί’.
999 1407 1008 1424 ι

916 1441 995 1470 Vens.
1016 1445 1043 1471 6.
1067 1446 1185 1482 Exsurge
1203 1450 1230 1476 in
1242 1458 1378 1479 occursum
1393 1462 1476 1481 meum
1489 1462 1511 1483 et
1524 1459 1593 1492 ride.
1607 1465 1659 1490 etc.

877 1486 943 1519 Quis
959 1490 1070 1518 idoneus
1086 1497 1126 1519 est
1139 1494 1230 1522 dicere
1246 1496 1310 1531 Deo,
1322 1507 1331 1524 ι
1343 1498 1464 1536 Exsurge
1479 1504 1505 1529 in
1517 1512 1660 1534 occursuro

839 1530 859 1557 C
878 1540 965 1559 mennt
985 1539 1012 1561 et
1026 1537 1110 1564 vide?
1128 1547 1137 1563 ι

931 1578 1067 1613 Ejusdem.
1098 1584 1264 1614 Ascendeuti
1301 1590 1373 1617 enim
1411 1600 1459 1627 per
1493 1603 1586 1623 sanam
1619 1599 1660 1625 vi-

876 1628 930 1650 tam
963 1626 996 1653 ad
1034 1627 1144 1663 Deum,
1180 1635 1303 1668 exsurgit
1335 1636 1361 1662 in
1396 1646 1539 1668 occursum
1575 1643 1656 1672 Deus.

873 1669 906 1696 Et
930 1671 956 1697 in
985 1672 1133 1708 Evangelia
1157 1683 1233 1711 pater
1251 1683 1370 1709 oceurrit
1399 1688 1545 1714 revertenti
1571 1689 1604 1716 ad
1629 1698 1658 1718 sc

874 1716 939 1743 tiiio.

908 1761 990 1789 Vens.
1007 1763 1033 1790 8.
1047 1763 1081 1790 Et
1094 1765 1200 1799 gladius
1212 1767 1239 1795 in
1265 1769 1341 1798 labiis
1353 1780 1453 1806 eorum,
1472 1781 1525 1804 etc.
1542 1777 1653 1807 Gladius

870 1811 912 1833 est
929 1807 954 1833 in
969 1807 1047 1836 labiis
1058 1810 1285 1842 heterodoxorum
1300 1817 1345 1851 qui
1360 1818 1519 1854 blasphema
1533 1827 1560 1850 et
1572 1824 1652 1859 impia

869 1852 977 1879 docent.

906 1900 985 1928 Vens.
1011 1903 1055 1930 I2.
1079 1904 1121 1932 Νρ
1136 1908 1241 1935 occidat
1255 1916 1310 1943 eos,
1335 1913 1470 1945 nequando
1494 1913 1650 1941 obliviscan-

867 1948 912 1972 tur
933 1947 998 1982 legis
1022 1954 1094 1983 true,
1125 1957 1178 1980 etc.
1196 1953 1258 1982 Illos
1284 1956 1385 1983 occidit
1409 1957 1555 1992 Dominus,
1583 1967 1650 1994 quas

866 1991 933 2018 sinit
963 1993 1076 2022 multum
1107 2003 1232 2030 peccare.
1260 2000 1329 2028 Hinc
1357 2003 1428 2029 enim
1462 2004 1549 2031 oritur
1578 2005 1648 2032 obli-

865 2037 908 2063 vio
943 2037 1005 2066 Dei.
1038 2039 1105 2068 Natn
1138 2052 1148 2069 ι
1185 2044 1214 2072 1η
1252 2046 1358 2074 interno
1387 2049 1449 2082 quis
1477 2050 1649 2078 conﬁtebitur

865 2083 911 2109 tibi
932 2084 977 2112 "'I
1000 2095 1009 2111 ι

901 2126 982 2155 Vens.
1003 2129 1045 2162 I5,
1061 2131 1104 2160 II.
1124 2132 1157 2159 Et
1172 2134 1204 2161 de
1213 2137 1393 2164 exsecratione
1412 2143 1435 2165 et
1450 2140 1585 2168 mendacio
1602 2151 1648 2169 an-

863 2174 1055 2201 nuntiabunlur
1078 2182 1326 2212 cansummationes,
1338 2183 1365 2208 in
1383 2183 1422 2210 ira
1439 2187 1647 2214 consummatio-

863 2216 914 2248 nis,
937 2223 960 2244 et
984 2228 1034 2246 non
1051 2228 1136 2254 erunl,
1149 2229 1203 2251 etc.
1221 2225 1469 2256 Consummationis
1484 2238 1566 2259 causa
1583 2238 1647 2260 sunt

862 2264 1016 2291 exsecratio
1032 2271 1057 2292 et
1075 2269 1255 2298 mendacium.
1274 2271 1340 2299 Nam
1359 2274 1381 2300 si
1396 2274 1454 2302 huic
1473 2284 1524 2303 non
1541 2284 1644 2312 essent,

861 2307 955 2342 utique
969 2318 1021 2337 non
1037 2318 1110 2340 esset
1125 2314 1164 2341 ira
1181 2323 1230 2344 nec
1240 2322 1448 2348 consmnmatiu.

1127 2404 1167 2431 PA
1174 2406 1287 2434 SLIIUS
1313 2408 1380 2437 LIX.

896 2442 977 2472 Vens.
994 2445 1022 2473 3.
1042 2445 1124 2480 Deus,
1141 2450 1258 2484 repulislt'
1283 2461 1339 2485 nos,
1364 2458 1416 2481 etc.
1442 2455 1581 2491 Tanquam
1607 2468 1639 2486 cx

859 2495 972 2521 persona
999 2491 1152 2521 Judaeorum
1185 2497 1360 2531 rejectionem
1385 2508 1478 2528 eorum
1505 2502 1640 2537 signiﬁcat

856 2534 983 2571 dicendo,
1002 2546 1011 2563 ι
1031 2538 1114 2573 Deus,
1130 2542 1251 2575 repulisti
1267 2551 1323 2575 nos,
1339 2549 1366 2571 et
1379 2545 1534 2575 destruxisti
1549 2556 1608 2582 nos,
1626 2558 1636 2577 I

888 2654 945 2690 (84)
959 2655 1001 2689 Τῷ
1014 2657 1070 2692 γὰρ
1083 2658 1283 2693 ἀναϐαίνοντι,
1298 2665 1349 2689 etc.
1368 2662 1486 2691 Eandem.

885 2699 941 2736 (85)
962 2701 1113 2737 Ῥομφαία,
1129 2709 1181 2732 etc.
1197 2706 1286 2734 Codex
1299 2707 1480 2737 Coisliuianus
1488 2712 1634 2741 secundus.

884 2745 939 2782 (86)
964 2747 1139 2777 Ἀποκτεινει
1164 2752 1300 2786 τούτους,
1324 2759 1377 2782 etc.
1399 2755 1512 2784 Schedze
1527 2756 1633 2785 Grabii.

883 2791 949 2833 (87)_
962 2792 1027 2827 Ἀρὰ
1051 2795 1100 2822 καὶ
1125 2796 1248 2831 ψεῦδος,
1263 2804 1316 2829 etc.
1335 2801 1425 2829 Codex
1451 2803 1633 2833 Coislinianus

847 2827 994 2854 secundus.

880 2860 936 2895 (88)
959 2862 1004 2895 Ὠς
1013 2863 1047 2889 ἐκ
1059 2866 1231 2901 προσώπου,
1245 2873 1299 2897 etc.
1313 2854 1413 2899 Catena
1425 2871 1558 2903 Corderii.
