1886 3052
66 118 139 146 1313

541 117 694 147 SELECTA
715 119 749 147 IN
768 120 936 148 PSALMOS.
957 136 990 141 —-
1009 121 1109 149 PSAI..
1125 120 1242 149 LXVIII.

1636 124 1706 151 15H

65 177 266 214 είσακοὺσησῡέ
281 186 342 213 μου,
359 177 389 205 τὰ
400 177 491 212 ἀγαθὰ
502 178 552 214 τῆς
564 179 617 215 γῆς
631 179 762 213 φάγεσθε.
774 190 783 207 ι
802 181 832 206 'Il

927 180 1062 208 tomedetis
1077 182 1110 208 ”.
1126 191 1136 207 ›
1158 181 1260 216 Raptus
1272 187 1314 209 est
1327 182 1427 209 Paulus
1441 190 1527 218 usque
1537 183 1570 210 ad
1595 184 1703 211 tertium

63 224 145 259 πάγη
164 224 192 251 δὲ
217 225 232 250 6
247 223 353 255 Παῦλος
374 223 427 255 ἕως
441 224 534 259 τρίτου
551 225 667 260 οὐρανοῦ
680 245 688 258 ,
704 225 753 261 ἤδη
767 226 863 252 ἑαυτὸν

63 269 240 301 ἐπιδεδωκὼς
254 269 294 304 τῷ
308 269 368 304 Θεῷ

108 316 140 342 '0
156 316 238 348 Θεὸς,
255 315 296 342 σὺ
312 316 406 351 ἔγνως
422 316 480 350 τὴν
494 317 673 351 ἀφροσύνην
688 325 756 349 μου,
771 318 820 344 καὶ
833 320 863 345 αἱ

63 361 267 396 πλημμέλειαί
276 369 336 395 μου
350 360 409 388 ἀπὸ
426 360 484 387 σοῦ
499 361 555 388 οὐκ
567 360 749 394 ἑκρύσησαν,
764 369 790 387 κ.
802 369 827 388 τ.
836 362 860 388 ἐ.

64 406 105 432 Οὐ
120 406 229 432 πάντων
242 405 280 441 (7)
295 406 346 441 τὴν
364 404 521 440 ἀφροσύνην
547 404 676 439 γινώσκει
699 404 775 437 Θεὸς,
794 405 862 432 ἀλλὰ

64 451 114 478 τοῦ
130 451 276 486 γενομένου
289 451 405 486 ἄφρονος
417 450 461 477 διὰ
475 450 539 482 τοὺς
552 450 682 486 ἄφρονας.
695 451 741 478 καὶ
754 451 800 477 τοῦ
815 459 861 485 γε-

65 498 181 532 νομένου
196 497 297 532 ἀνόμου
310 497 354 523 διὰ
367 497 430 529 τοὺς
443 496 572 532 ἀνόμους,
587 496 636 523 καὶ
647 496 694 523 τοῦ
714 497 859 532 γενομένου

64 542 196 575 ἀσθενοῦς
208 543 252 570 διὰ
264 543 327 575 τοὺς
342 543 474 575 ἀσθενεῖς.

108 588 164 615 Τοῦ
180 587 284 615 αὐτοῦ.
313 588 421 624 Ἐπειδὴ
443 588 664 624 ψευδομάρτυρες
683 587 720 623 (8)
742 588 860 623 ἔστησαν

63 635 122 660 κατ’
138 634 216 669 ἐμοῦ,
228 635 260 661 σὺ
271 631 356 666 οἶδας,
371 634 386 660 6
401 634 478 666 Θεὸς,
491 634 517 660 εἴ
526 634 587 661 τινά
598 643 643 670 μοι
657 635 858 670 πεπλημμέλη-

61 688 126 706 mw
142 680 173 706 οὐ
193 679 248 715 γὰρ
270 679 304 706 ἂν
324 679 480 716 ὲκρύόησάν
497 688 547 706 σοι.
564 680 620 706 Καὶ
641 679 728 712 ἄλλως
749 680 858 708 δέ·’Ότι

58 725 109 757 τὰς
125 725 262 761 ἡμετέρας
277 724 421 757 ἀνεδέξατο
435 724 584 760 ἁμαρτίας,
599 725 646 751 καὶ
663 724 775 759 γέγονεν
787 725 857 759 ὑπὲρ

57 770 138 806 ἡμῶν
153 771 277 806 κατάρα,
291 770 340 798 καὶ
355 770 454 801 ταύτας
466 789 472 800 ,
490 770 573 805 φησὶ,
587 769 636 801 τὰς
654 770 855 806 πλημμελείας,

56 817 90 849 ἃς
103 817 174 852 ὑπὲρ
186 816 339 852 ἀνθρώπων
352 815 531 850 ἀνεδεξάμην,
548 816 580 842 σὺ
597 815 695 849 ἔγνως.

915 225 1024 258 οωΙιιιυ,
1042 233 1102 253 cum
1114 225 1169 260 jam
1188 234 1217 254 se
1233 226 1287 254 Deo
1308 231 1392 254 totum
1413 229 1578 255 tradidisset.

950 317 1033 343 Vens.
1055 316 1082 343 6.
1106 316 1175 343 Deus
1189 337 1197 349 ,
1219 322 1247 342 lu
1266 317 1319 343 scis
1343 316 1522 349 insipientium
1548 325 1631 344 meum
1645 338 1652 349 ,
1679 322 1704 344 et

912 361 1007 389 delicta
1035 370 1093 388 utea
1119 371 1135 389 a
1160 367 1184 388 te
1208 370 1259 388 non
1287 367 1347 388 sunt
1373 363 1537 394 abscondita,
1567 368 1621 390 etc.
1646 363 1703 390 Non

912 408 1032 435 omnium
1048 407 1230 442 insipientiam
1247 409 1385 443 cognoscit
1405 409 1485 440 Dens,
1510 410 1558 436 sed
1580 410 1638 443 ejus
1655 411 1700 445 qui

912 452 1043 487 insipiens
1055 452 1144 480 factus
1155 458 1197 480 est
1220 459 1330 488 propter
1351 454 1519 489 insipientes,
1541 460 1569 482 et
1583 456 1639 490 ejus
1655 458 1701 492 qui

911 499 988 526 exlex
1009 499 1097 526 lactus
1119 503 1160 527 est
1176 504 1286 533 propter
1303 500 1421 534 exleges,
1437 505 1464 528 et
1481 501 1538 535 ejus
1557 504 1602 537 qni
1623 503 1701 530 inlir-

911 551 972 571 mus
990 543 1078 571 factus
1090 549 1131 571 est
1142 549 1253 578 propter
1271 543 1403 571 inﬁrmos.

945 590 1086 624 Ejusdem.
1109 589 1240 623 Quoniam
1258 589 1318 617 I‘alsi
1345 594 1428 617 testes
1454 595 1588 618 steterunt
1603 597 1699 619 contra

911 643 966 668 me,
984 640 1012 663 tu
1035 635 1117 668 nosti,
1139 635 1221 669 Dens,
1241 643 1274 662 an
1300 635 1398 663 delicta
1421 644 1480 663 mea
1505 637 1595 672 aliqua
1618 638 1698 665 sint:

909 687 996 715 neque
1011 681 1082 708 cuitu
1107 681 1154 708 tibi
1177 681 1338 708 abscondita
1356 681 1429 710 sunt.
1458 683 1491 709 Et
1517 683 1697 717 aliter:Quo-

908 726 982 753 niam
1000 731 1111 761 peccata
1134 731 1226 754 nostra
1252 726 1309 761 ipsc
1336 728 1466 762 suscepit,
1495 734 1523 756 et
1543 727 1630 756 factus
1658 735 1699 757 est

908 778 956 806 pro
970 771 1049 798 nobis
1062 772 1246 804 maledictum,
1273 773 1355 799 etiam
1383 772 1451 805 luteo,
1477 773 1574 809 inquit,
1599 774 1696 802 delicta

907 823 967 850 qum
981 823 1030 850 pro
1043 817 1202 844 hominibus
1215 817 1334 850 suscepi,
1351 821 1376 844 tu
1392 818 1475 844 nosti.

93 863 160 889 ’Ὁτι
180 863 197 889 ὀ
219 862 308 896 ζῆλος
324 862 377 889 τοῦ
392 862 478 888 οἴκου
492 868 551 888 σου
567 861 715 896 κατέφαγέ
728 871 777 897 με,
802 870 832 889 ut

938 861 1021 889 Vens.
1053 862 1098 890 10.
1119 861 1253 894 Quoniam
1279 862 1351 889 zelus
1381 863 1476 890 domus
1505 868 1558 891 tum
1582 865 1697 893 comedit

52 910 81 935 οι
98 908 265 943 ὀνειδισμοὶ
289 907 349 934 τῶν
365 906 568 938 ὀνειδιζόντων
583 915 620 934 σε
632 908 785 935 ἐπέπεσον
805 909 851 935 ἐπ’

49 953 117 988 ἐμὲ,
132 963 161 982 χ.
175 963 200 980 τ.
214 954 237 980 ὲ.
253 950 336 986 Οὗτος
350 954 365 980 6
380 953 471 989 στίχος
487 953 524 989 (9)
541 953 658 980 τέθειται
673 954 702 980 ὲν
723 955 779 986 τοῖς
800 955 852 981 Εὑ-

51 1002 193 1037 αγγελίοις
207 1002 255 1028 ἐπὶ
275 1003 330 1033 τοῖς
346 1001 517 1036 ὲκϐληθείσιν
533 1002 564 1028 ἐκ
574 1001 621 1028 τοῦ
639 1001 711 1037 ἱεροῦ
726 1001 850 1029 κολλυϐι-

51 1051 132 1081 σταῖς
143 1049 190 1076 καὶ
200 1047 386 1083 τραπεζίταις.
402 1048 448 1079 Τὸ,
466 1057 475 1074 ι
493 1048 639 1084 Κατέφαγὲ
655 1057 688 1083 με
698 1069 705 1080 ,
728 1059 736 1073 1
751 1049 765 1074 6
777 1049 850 1084 Σύμ-

52 1103 153 1130 μαχος,
176 1104 185 1120 ι
202 1093 403 1125 κατανάλωσεν,
422 1103 430 1118 ι
447 1093 588 1126 ἐξέδωκεν.

90 1141 148 1168 Τοῦ
160 1140 263 1168 αὐτοῦ.
280 1139 360 1167 Εἴποι
376 1140 399 1166 δ’
415 1139 448 1166 ἂν
461 1139 549 1167 ταῦτα
564 1140 621 1175 (10)
638 1141 685 1167 καὶ
707 1141 761 1172 πᾶς
778 1139 849 1175 ὑπὲρ

47 1187 98 1214 τοῦ
111 1186 286 1222 Δημιουργοῦ
304 1185 390 1220 λέγων
407 1185 476 1221 πρὸς
497 1185 561 1217 τοὺς
576 1185 798 1221 προσκόπτοντας
815 1187 846 1221 τῇ

27 1249 30 1251 λ
47 1232 186 1268 Προνοίᾳ,
207 1232 224 1267 ἡ
249 1231 316 1267 πρὸς
333 1231 395 1263 τοὺς
419 1230 636 1265 κακολογοῦντας
651 1231 698 1258 τὸν
717 1232 847 1258 κτίσαντα

46 1276 232 1314 ὲτεροδόξους.
247 1277 311 1304 Καὶν
319 1277 435 1313 μάλιστα
450 1277 521 1314 ὑπὲρ
535 1277 582 1304 τοῦ
600 1277 667 1304 Θεοῦ
679 1276 846 1312 ὀνειδιζόμε-

46 1333 94 1356 νος
107 1323 181 1357 λέγοι
193 1323 240 1350 ἂν·
263 1332 272 1348 ι
290 1323 321 1349 Οἱ
338 1322 496 1358 ὀνειδισμοὶ,
515 1332 524 1349 ι
539 1323 587 1350 καὶ
603 1323 637 1350 τὰ
650 1322 723 1358 ἑξῆς.

82 1368 141 1395 Καὶ
161 1367 361 1401 avumavum
376 1368 411 1393 ἐν
430 1368 555 1402 νηστείᾳ
571 1368 628 1402 τὴν
647 1367 753 1403 ψυχήν
773 1377 843 1403 μου,

47 1414 99 1441 καὶ
123 1413 250 1448 ἐγενήθη
272 1414 316 1445 εὶς
332 1412 522 1447 ὀνειδισμοὺς
540 1413 603 1448 ἐμοὶ
614 1434 622 1446 ,
637 1423 663 1440 κ.
677 1422 703 1441 τ.
719 1414 742 1440 ὲ.
759 1413 845 1440 Τοῦτο

44 1461 70 1486 οἱ
87 1459 207 1495 μαθηταὶ
219 1459 273 1495 (II)
289 1458 520 1494 ἐμνήσθησαν,ὼς
536 1460 564 1486 ἐν
579 1459 618 1495 τῷ
629 1459 700 1486 κατὰ
717 1459 844 1494 Ἰωάννην

42 1506 202 1541 γέγραπται
213 1514 219 1520 ⁸
241 1515 251 1531 ι
269 1504 324 1532 Καὶ
336 1504 510 1540 συνεκάλυψα
526 1506 555 1532 ὲν
568 1505 678 1540 νηστείᾳ
690 1505 739 1540 τὴν
754 1505 842 1540 ψυχήν

46 1560 99 1586 μου
111 1571 119 1583 ,
135 1551 182 1578 καὶ
205 1550 319 1586 ἐγενήθη
336 1550 377 1582 είς
392 1550 562 1585 ὀνειδισμοὺς
576 1550 655 1585 ἐμοὶ,
675 1551 722 1576 χαὶ
741 1549 842 1585 ἐθέμην

43 1598 76 1624 τὸ
94 1597 198 1632 ἕνδυμά
213 1605 263 1632 μου
281 1596 393 1628 σάκκον,
414 1595 461 1622 καὶ
476 1596 610 1631 ἐγενόμην
631 1596 722 1626 αὐτοῖς
736 1596 776 1626 εἰς
789 1604 842 1622 πα-

43 1643 175 1679 ραὸολήν.
193 1653 203 1669 ι

81 1690 139 1717 Τοῦ
155 1689 257 1717 αὐτοῦ.
274 1689 414 1724 Κάλυμμα
435 1688 485 1724 τῆς
506 1688 595 1724 ψυχῆς
611 1688 666 1724 (12)
689 1689 705 1723 ἠ
729 1687 840 1722 νηστεία

40 1733 204 1768 κρύπτουσα
217 1733 251 1760 τὰ
267 1733 340 1768 πάθη
356 1732 443 1767 αὐτῆς
454 1753 462 1766 ,
476 1733 616 1759 τουτέστιν
629 1731 777 1767 ἐπιθυμίαν
798 1732 841 1758 αἱ·

40 1779 151 1815 ηρὰν,
167 1779 214 1806 καὶ
233 1778 319 1814 θυμὸν
342 1778 449 1812 ἄλογον.
473 1778 501 1804 '0
521 1779 611 1804 τοίνυν
639 1778 676 1813 μὴ
702 1777 840 1812 νηστεύων

38 1824 218 1860 γεγύμνωται
232 1825 406 1860 ἀσχημονῶν.

78 1871 136 1898 Τοῦ
149 1871 252 1898 αὐτοῦ.
271 1871 365 1902 Οὐδὲν,
383 1871 461 1906 φησὶ,
478 1870 554 1904 ξένον
572 1869 627 1904 (15)
643 1870 765 1904 γέγονεν,
780 1870 836 1896 ἀλλ’

36 1918 63 1944 οῑ
81 1918 112 1944 ὲν
126 1919 159 1952 τῇ
171 1917 278 1953 Παλαιᾷ
294 1917 473 1948 ὀνειδίσαντες
487 1917 535 1943 καὶ
551 1916 713 1952 ὑϐρίσαντι-ες
730 1925 769 1949 σε,
786 1915 836 1942 Θεὲ

38 1964 144 1998 Πάτερ,
160 1960 232 1990 οὗτοι
245 1963 291 1990 καὶ
303 1962 375 1989 κατὰ
389 1963 437 1989 τοῦ
451 1962 517 1989 Tini}
532 1970 578 1988 σου
590 1961 657 1997 ἐμοῦ
672 1959 763 1997 ἦλθον.

74 2054 130 2081 Καὶ
141 2055 185 2087 εις
196 2054 248 2089 ἐμὲ
255 2055 394 2089 ἔψαλλον
401 2056 428 2081 ol
438 2054 577 2086 πίνοντες
587 2053 640 2080 τὸν
648 2051 741 2086 οἶνον,
752 2053 833 2080 κ.τ.ὲ.

35 2097 124 2132 οὗτος
140 2101 155 2127 6
169 2099 239 2132 οἶνος
253 2100 307 2135 (Μ)
323 2100 408 2136 θυμός
421 2100 479 2126 ἐστι
491 2099 546 2126 τῶν
559 2099 724 2135 δρακόντων.

74 2146 180 2173 Σῶσόν
186 2155 224 2181 με
237 2146 295 2173 ἀπὸ
305 2146 415 2180 πηλοῦ,
427 2146 477 2172 Ira
484 2145 527 2180 μὴ
536 2145 656 2180 ἐμπατῶ
667 2154 673 2160 -
686 2146 835 2180 puerve-:an

33 2193 70 2218 ἐκ
96 2191 157 2218 τῶν
169 2192 341 2226 μισούντων
354 2200 403 2226 με,
425 2191 474 2217 καὶ
498 2191 532 2217 ἐκ
556 2191 609 2218 τοῦ
631 2190 749 2223 βάθους
772 2191 832 2218 τῶν
847 2204 870 2232 D

33 2237 165 2269 ὑδάτων,
179 2246 206 2264 κ.
221 2247 246 2264 τ.
260 2238 283 2264 ὲ.
300 2237 404 2268 Σκοπὸς
418 2238 467 2272 οὐχ
491 2238 505 2263 6
526 2236 614 2271 wyc‘uv
637 2236 693 2272 (15)
716 2237 832 2272 ἀλληγο-

33 2285 122 2321 ρῆσαι
135 2284 169 2311 τὰ
185 2283 366 2319 γεγραμμένα
380 2283 427 2310 ἐπὶ
438 2283 485 2310 τοῦ
504 2283 630 2318 Σωτῆρος
653 2282 732 2317 ἡμῶν
750 2291 830 2317 γεγο-

31 2330 110 2356 νότα.
124 2327 207 2364 Οἶμαι
223 2329 252 2356 δὲ
276 2329 362 2355 ταῦτα
381 2329 470 2355 πάντα
490 2329 536 2354 ἐπὶ
549 2329 582 2364 τῇ
603 2329 631 2355 ἐν
647 2327 711 2363 ᾅδου
732 2327 830 2364 πορεία

30 2373 231 2409 λαμὸάνεσθαι.

71 2419 129 2447 Τοῦ
151 2419 254 2447 αὑτοῦ.
278 2419 363 2451 Βάθος
377 2414 481 2446 ὑδάτων
498 2418 553 2452 (16)
569 2417 643 2444 ἐστὶν
656 2420 696 2450 εἰς
711 2417 725 2444 ὃ
743 2418 830 2452 γίνον-

71 2490 94 2505 ¹⁷
108 2488 170 2516 Isai.
188 2497 208 2522 ι,
226 2489 270 2517 I9.
309 2489 330 2504 ¹⁸
342 2488 421 2516 Joan.
444 2496 475 2521 ιι,
491 2489 536 2516 I7.

70 2560 111 2594 (7)
122 2561 164 2588 οὐ
195 2560 326 2593 πάντων,
352 2566 406 2590 etc.
433 2561 548 2590 Schedze
571 2561 664 2590 Grabii
691 2566 718 2590 et
740 2562 825 2590 codex

32 2595 224 2623 Coislinianus
236 2597 351 2630 primus.

66 2631 106 2665 (8)
129 2630 246 2665 Ἐπειδὴ
262 2631 516 2666 ψευδομάρτυρες,
542 2635 596 2660 etc.
613 2631 702 2659 Codex
730 2631 828 2659 Coisli-

32 2667 133 2693 nianus
148 2667 294 2694 secundtls.

64 2701 104 2736 (9)
115 2698 210 2733 Οὗτος
229 2702 246 2728 ὁ
265 2701 379 2737 στίχος,
396 2706 451 2729 etc.
467 2701 560 2730 Codex
573 2701 758 2730 Coisliuianus
770 2702 826 2737 pri-

27 2743 100 2766 mus.
117 2741 146 2763 et
160 2737 267 2762 schedm
281 2736 386 2764 Grabii.

62 2771 119 2806 (I0)
133 2771 222 2798 Εἴποι
242 2770 266 2797 δ’
290 2771 327 2798 ἂν
342 2772 445 2803 ταῦτα.
461 2776 516 2799 etc.
533 2771 623 2799 Codex
640 2770 824 2798 Coisliniauus

27 2807 178 2833 secundus.

61 2840 120 2876 (11)
142 2840 232 2868 Τοῦτο
250 2842 277 2866 01
297 2841 437 2875 μαθηταί,
450 2846 503 2868 etc.
518 2840 605 2867 Idem.-

190 2889 325 2918 Pnnou
349 2889 405 2917 Gn.
423 2888 491 2918 XII.

904 915 956 940 me,
966 912 989 934 et
1007 907 1147 942 opprobria
1161 907 1378 941 exprobrantium
1393 909 1440 935 tibi
1452 910 1602 938 ceciderunt
1616 919 1698 946 super

902 961 952 985 me.
969 958 1023 980 etc.
1043 953 1092 981 llic
1102 961 1198 980 versus
1213 953 1317 988 posittts
1328 959 1371 981 est
1387 955 1414 982 iu
1432 955 1589 991 Evangeliis
1604 957 1637 990 “,
1650 958 1695 984 ubi

902 1005 993 1026 sermo
1011 999 1102 1026 estde
1126 998 1219 1033 ejectis
1235 1007 1251 1026 c
1270 1000 1371 1034 templo
1393 1001 1534 1036 lrapezitis
1562 1007 1589 1030 et
1615 1011 1696 1030 num-

903 1045 1035 1072 mulariis.
1055 1045 1134 1078 Illud,
1152 1054 1161 1070 ι
1175 1046 1292 1073 comedit
1309 1054 1362 1080 me,
1376 1055 1385 1072 ι
1407 1047 1589 1083 Symmachus
1601 1051 1694 1082 vertit,

905 1099 915 1116 ι
927 1091 1094 1125 consumpsit
1108 1099 1160 1117 me.
1177 1100 1186 1117 ι

938 1135 1076 1170 Ejusdem.
1097 1135 1191 1164 Omnis
1210 1136 1291 1163 etiam
1305 1137 1350 1171 qui
1364 1145 1413 1172 pro
1435 1139 1583 1167 (.‘onditore
1606 1141 1694 1176 loqui-

901 1185 943 1208 tur
955 1181 1014 1209 llaec
1031 1181 1120 1209 dicere
1139 1182 1224 1215 possit
1238 1182 1270 1209 ad
1288 1183 1470 1212 helerodoxos
1484 1185 1528 1219 qui
1544 1185 1693 1214 Providen-

901 1227 946 1254 tia:
960 1226 1116 1260 detrahunt,
1146 1227 1188 1254 vel
1214 1228 1246 1254 ad
1269 1236 1316 1255 cos
1338 1229 1383 1263 qui
1409 1230 1479 1256 male
1507 1231 1540 1257 de
1565 1232 1692 1260 Creatore

898 1271 1055 1306 loquuntur.
1069 1273 1101 1299 Et
1118 1273 1237 1300 maxime
1253 1281 1313 1299 cum
1332 1281 1380 1307 pro
1393 1273 1447 1301 Deo
1462 1276 1616 1310 opprobriis
1631 1278 1691 1305 alli-

898 1316 980 1350 citur,
993 1317 1082 1344 dicere
1095 1318 1180 1351 possit
1197 1327 1202 1344 :
1220 1327 1228 1343 ι
1239 1317 1401 1353 Opprobrin,
1418 1328 1427 1345 ι
1445 1325 1498 1347 ctc.

934 1363 1015 1390 Vens.
1039 1363 1082 1390 II.
1106 1363 1139 1391 Et
1156 1364 1247 1398 operui
1258 1365 1283 1390 in
1294 1365 1400 1400 jejunio
1414 1365 1531 1392 animum
1549 1375 1643 1401 ineat»,
1665 1375 1690 1396 ct

896 1408 996 1440 factum
1019 1415 1056 1436 est
1070 1410 1097 1435 in
1112 1410 1281 1444 opprobrium
1297 1411 1373 1443 mihi,
1390 1415 1444 1438 etc.
1462 1411 1549 1444 Ilujus
1563 1413 1613 1440 loci
1631 1422 1690 1441 me-

884 1449 1034 1482 ‘minerunt
1064 1456 1198 1490 discipuli,
1226 1457 1455 1491 quemadmodum
1486 1458 1512 1484 in
1542 1459 1688 1494 Evangelio

896 1500 1043 1527 secundum
1060 1500 1193 1528 Joannem
1221 1502 1353 1536 scripuun
1374 1507 1436 1529 est:
1456 1511 1466 1528 ι
1483 1503 1513 1530 Et
1542 1506 1637 1539 operui
1662 1507 1688 1534 in

891 1544 994 1580 jejunio
1009 1546 1128 1574 animam
1144 1554 1279 1581 meam,et
1295 1549 1396 1577 factum
1413 1554 1455 1578 est
1472 1551 1497 1577 in
1511 1551 1686 1586 opprobrium

894 1592 971 1625 mihi,
981 1596 1008 1620 et
1022 1593 1098 1626 posui
1113 1593 1305 1622 vestimentum
1316 1603 1404 1623 meum
1419 1596 1550 1630 cilicium,
1564 1598 1688 1626 etractus

893 1645 952 1665 sum
968 1638 1019 1666 illis
1035 1639 1061 1665 in
1079 1639 1246 1673 parabolam.
1260 1649 1269 1665 ›
1481 1667 1483 1670 ς

928 1683 1067 1718 Ejusdem.
1083 1683 1285 1720 Operimenlum
1302 1687 1400 1714 anima:
1412 1687 1543 1723 jejunium
1562 1691 1686 1725 estquod

890 1728 951 1763 ejus
974 1730 1095 1757 occultat
1123 1730 1259 1763 affectus,
1289 1732 1340 1759 hoc
1369 1738 1410 1760 cst
1438 1735 1685 1768 concupiscentiam

892 1779 1010 1809 turpem,
1036 1779 1064 1801 et
1089 1775 1209 1803 furorem
1236 1777 1349 1804 rationis
1366 1784 1517 1812 expertem.
1543 1779 1592 1812 Qui
1619 1787 1685 1816 ergo

891 1820 1067 1856 nonjejunat,
1088 1822 1215 1849 indecore
1231 1823 1348 1850 nudatus
1366 1827 1417 1851 est.

926 1866 1064 1902 Ejusdem.
1079 1866 1162 1899 Nihil,
1179 1867 1280 1902 inquit,
1300 1869 1362 1895 novi
1383 1870 1498 1902 accidit,
1523 1871 1570 1897 sed
1588 1872 1635 1906 qui
1653 1873 1679 1899 in

889 1912 980 1941 Veteri
1006 1913 1183 1941 Testamento
1204 1914 1359 1948 opprobriis
1386 1920 1422 1947 te,
1443 1915 1513 1944 Deus
1535 1916 1628 1951 Pater,
1655 1924 1682 1946 et

888 1959 1061 1987 contumeliis
1077 1958 1238 1990 adiciebant.
1249 1959 1329 1987 iidem
1344 1964 1372 1987 et
1386 1965 1480 1988 contra
1492 1961 1590 1989 Filium
1605 1969 1679 1990 tuum

888 2012 932 2032 me
943 2009 1087 2033 venerunt.

925 2052 1007 2078 Vens.
1028 2051 1072 2079 15.
1086 2051 1119 2078 Et
1131 2051 1158 2078 in
1171 2059 1211 2078 me
1222 2051 1368 2086 psallebant
1384 2053 1430 2087 qui
1445 2053 1565 2081 bibebant
1577 2056 1677 2089 vinum,

887 2101 940 2125 etc.
954 2097 1011 2125 Hoc
1025 2098 1118 2124 vinum
1131 2097 1166 2125 fel
1180 2102 1222 2125 est
1238 2098 1397 2125 draconum.

921 2143 1004 2171 Vens.
1027 2143 1070 2170 I5.
1085 2143 1166 2178 ’157
1181 2143 1261 2177 Eripe
1274 2151 1314 2170 me
1325 2146 1357 2171 de
1375 2144 1431 2171 luto
1448 2150 1475 2171 ut
1494 2154 1546 2172 non
1559 2146 1658 2182 iuﬁgar
1668 2155 1679 2175 :

884 2189 966 2216 libera
978 2197 1018 2216 me
1034 2189 1067 2215 ab
1087 2189 1119 2215 iis
1138 2189 1183 2224 qui
1194 2189 1306 2215 oderunt
1321 2198 1361 2216 me
1372 2195 1396 2217 et
1408 2190 1441 2217 de
1449 2191 1580 2225 profundo
1591 2201 1676 2228 aqua-

885 2242 954 2265 rum,
976 2238 1029 2262 etc.
1047 2233 1192 2269 Allegoriis
1214 2241 1350 2269 exponere
1371 2243 1431 2270 quae
1453 2236 1589 2265 Salvatori
1614 2245 1677 2265 cve-

886 2283 994 2311 neruut,
1020 2286 1071 2306 non
1097 2279 1208 2314 vulgare
1239 2284 1280 2306 est
1309 2281 1466 2309 consilium.
1487 2281 1555 2309 Puto
1585 2289 1675 2310 autem

886 2326 943 2353 haec
958 2325 1048 2353 omnia
1066 2325 1151 2360 aceipi
1171 2326 1205 2354 de
1235 2327 1367 2355 descensu
1391 2327 1450 2362 ejus
1475 2329 1501 2356 in
1525 2329 1672 2357 infernum.

919 2416 1056 2452 Ejusdem.
1076 2417 1242 2446 Profundum
1257 2426 1389 2454 aquarum
1408 2420 1471 2448 illud
1490 2425 1542 2454 est,
1563 2422 1588 2448 in
1601 2423 1672 2457 quod

916 2561 973 2597 (I2)
989 2561 1136 2597 κάλυμμα
1150 2561 1206 2596 τῆς
1219 2561 1335 2596 ψυχῆς,
1352 2565 1405 2589 etc.
1433 2562 1547 2591 Schedze
1561 2563 1668 2596 Grabii.

879 2601 907 2624 et
922 2596 1007 2624 codex
1023 2596 1206 2624 Coisliuiauns
1223 2598 1366 2623 secundus.

914 2631 972 2666 (I3)
991 2631 1096 2664 οὐδὲν,
1112 2632 1198 2666 φησι,
1216 2631 1315 2666 ξένον,
1331 2635 1383 2658 etc.
1407 2631 1499 2659 Codex
1521 2632 1667 2660 Coislinia-

879 2674 930 2693 nus
941 2667 1089 2694 secundus.

915 2701 971 2736 (14)
988 2698 1112 2738 Οὗτοςό
1124 2701 1216 2738 ojroc.
1230 2706 1283 2730 etc.
1302 2701 1394 2729 Codex
1408 2701 1595 2730 Coislinianus
1610 2703 1667 2738 pri--

878 2743 949 2766 mus.
965 2740 994 2763 et
1011 2737 1118 2763 seliedte
1130 2736 1235 2764 Grabii.

879 2806 894 2831 Ι,
914 2771 970 2811 (15)
988 2771 1106 2804 Σκοπὸς
1117 2773 1174 2806 οὐχ
1188 2773 1204 2798 ὁ
1216 2772 1324 2808 τυχὰη·,
1339 2778 1392 2800 etc.
1409 2773 1481 2801 ldcm
1499 2772 1666 2801 codchois~

889 2814 1004 2831 InlalllIS.

889 2814 1004 2833 mlanus.

1482 2889 1520 2918 h8
