1886 3052
197 129 278 167 ista

906 136 950 163 EX
973 134 1124 163 ORIGENE

1767 141 1833 168 1520

195 207 255 227 esse
280 198 366 226 Deum
384 201 522 233 precatur.
537 195 588 232 Qui
603 194 670 222 dicit
686 204 692 222 :
710 194 788 230 t’Ego
801 196 828 222 in
843 195 923 223 Patre
933 196 982 228 ¹⁷,ι

1076 204 1110 222 ιν·
1129 205 1138 222 ι
1157 195 1227 230 Ἐγὼ
1245 196 1273 222 ἐν
1293 196 1330 231 τῷ
1348 196 1446 232 Πατρὶ,
1458 206 1467 222 ι
1487 197 1554 233 φησι
1576 197 1622 225 καὶ
1639 198 1684 224 τό·
1702 207 1711 224 ι
1730 197 1791 225 Ἐπὶ
1809 201 1834 226 σὲ

196 248 235 275 ait
246 247 347 274 etiam:
365 255 374 271 ι
390 244 417 271 In
430 249 455 272 te
469 242 608 278 projectus
623 249 682 270 sum
694 250 727 270 ex
738 246 828 275 utero,
844 242 878 270 dc
892 247 987 270 ventre

196 293 292 320 matris
318 299 384 319 mea:
401 295 428 317 tu
453 297 483 317 es
498 292 637 323 protector
653 295 745 315 meus:
764 298 773 315 )
793 288 858 315 illud
875 288 985 324 quidem

195 347 227 366 co
241 338 312 374 quod
329 345 343 365 a
356 336 500 364 nativitate
515 335 601 363 sensit
615 334 699 362 Deum
713 339 740 361 et
753 334 778 361 in
798 334 844 362 illo
858 334 980 366 conlidit;

196 383 268 411 istull
284 389 348 409 vero
363 385 474 416 propter
493 380 606 407 insidias
627 386 694 414 quas
712 380 738 406 in
754 379 915 406 adoratione
929 378 986 405 Ma-

196 435 289 464 gorum
312 426 434 454 llerodes
455 424 556 452 struxit
579 424 690 452 Christo
705 424 752 459 qtti
767 424 833 452 nihil
848 424 910 451 mali
925 431 986 459 pas-

194 483 240 502 sus
263 479 316 507 est,
329 478 491 509 protegente
505 473 580 500 illurn
597 472 662 505 Deo,
682 471 791 507 quando
811 479 825 498 a
840 471 943 498 bimam
959 474 987 498 et

194 519 265 547 inl'ra
289 519 462 547 necabantur
479 518 554 553 pueri
575 518 602 545 in
630 517 728 545 ﬁnibus
741 516 908 545 Betltlebem.
921 516 987 550 Quis

194 574 259 594 vero
277 565 359 593 etiam
370 574 379 590 (
393 564 485 598 adjicit
500 571 582 598 super
595 571 705 591 omnem
718 562 825 590 laudem
840 571 850 589 ι
865 562 912 589 Dei
927 570 987 597 qua:

194 614 220 639 in
239 611 299 646 lege
314 615 340 639 et
353 609 495 646 prophetis
507 612 560 642 est,
578 608 629 636 nisi
644 608 747 635 Filius?
762 607 809 635 llic
822 615 885 635 vero
905 607 988 634 mise—

194 665 238 685 ros
255 656 409 692 przcdicat’ts
432 655 557 686 Scribas,
575 662 628 681 non
651 655 779 689 cognovit
803 654 985 681 litteratttratu

191 711 296 731 eorum.
317 703 421 730 Etenim
448 701 523 729 novit
548 700 717 728 occidentem
742 701 860 728 litteram
888 701 986 728 docere

192 758 252 785 qua:
273 754 338 777 sunt
354 748 518 776 viviﬁcantis
541 748 669 784 Spiritus.
687 748 725 775 Ex
752 748 866 775 mortuis
894 752 985 775 autem

193 796 332 824 redivivus
346 800 489 830 postquam
506 795 678 822 annuntiavit
692 794 833 822 brachium
850 793 896 821 Dci
910 794 984 821 omni

191 841 373 877 generationi,
389 841 427 868 ait
442 840 517 868 Patri
533 848 539 866 :
558 850 568 866 ι
583 840 622 868 Ex
648 839 754 876 abyssis
781 846 861 867 terra:
887 839 984 867 iterum

195 888 328 916 reduxisti
343 895 398 916 me.
416 898 425 914 ι

228 935 310 962 Vsus.
328 935 357 962 2.
375 934 409 961 In
427 939 462 966 te.
479 933 602 966 Domine,
625 933 747 968 speravi:
760 941 812 960 non
835 933 985 967 confundor

191 983 218 1008 in
233 988 373 1013 mentum,
389 986 446 1008 etc.
458 979 488 1007 Si
504 979 532 1007 in
546 979 768 1007 tribulationibus
786 979 983 1010 sustineamns,

192 1034 245 1053 non
258 1025 457 1053 confundcmur
476 1025 503 1052 in
527 1024 620 1052 futuro
632 1024 750 1056 saeculo;
766 1031 828 1050 nam
846 1032 856 1049 ι
871 1023 986 1050 tribula-

193 1073 230 1099 tio
245 1071 407 1107 patientiam
424 1075 563 1106 operatur,
580 1070 712 1105 patientia
728 1074 821 1096 autem
843 1070 985 1104 probatio-

193 1124 264 1148 nem,
279 1116 404 1151 probatio
423 1123 488 1143 vero
505 1123 593 1150 spem,
609 1122 672 1150 spes
692 1120 780 1142 autem
799 1123 851 1142 non
869 1114 984 1143 confun-

190 1163 226 1190 dil
239 1162 271 1189 ".
290 1172 299 1188 ι

227 1207 309 1234 Vt-Ztts.
324 1208 350 1235 ι.
366 1207 435 1234 Deus
448 1215 533 1240 meus,
550 1207 622 1241 eripe
634 1215 675 1234 me
689 1207 721 1234 de
732 1215 813 1233 manu
825 1206 983 1242 peccatoris,

190 1255 222 1281 dc
239 1263 319 1281 mrum
344 1261 439 1281 contra
463 1254 546 1289 legem
564 1254 668 1288 agentis
683 1258 707 1280 et
725 1253 822 1288 iniqui,
832 1257 887 1280 etc.
902 1253 983 1280 Sata-

193 1308 254 1327 nam
283 1300 349 1328 dicit
371 1305 556 1335 peccatorem,
572 1304 671 1327 contra
697 1299 782 1334 legem
798 1303 936 1334 agentem,
957 1304 985 1326 et

193 1347 333 1382 iniquum:
353 1351 526 1380 peccatorcm
538 1347 573 1373 ob
592 1345 741 1380 pessimum
759 1345 901 1377 habitum;
917 1353 984 1373 con-

193 1398 234 1420 tra
259 1393 346 1428 legem
376 1397 522 1428 agentem,
547 1396 692 1427 propterea
724 1392 799 1426 quod
832 1392 983 1419 naturalem

191 1441 277 1475 legem
293 1438 528 1473 transgrediatur;
547 1438 671 1473 iniquum
685 1445 761 1471 vero,
776 1438 848 1473 quod
864 1439 982 1473 seipsum

190 1486 297 1513 fraudat
311 1484 467 1520 cognitione
481 1484 541 1512 Dei.

226 1531 308 1559 Vens.
322 1531 348 1558 6.
360 1530 394 1557 In
405 1535 430 1558 te
444 1530 618 1565 conﬁrmatus
628 1539 687 1559 sum
702 1539 736 1558 ea;
747 1537 820 1558 utero
832 1537 841 1557 :
855 1531 887 1558 de
896 1535 983 1558 ventre

189 1580 283 1606 matris
298 1586 362 1606 metu
382 1584 410 1606 tu
421 1587 449 1606 es
464 1583 597 1613 protector
612 1586 696 1612 metu,
714 1583 767 1605 etc.
785 1577 837 1611 Qui
858 1578 933 1605 solus
948 1578 982 1604 ab

189 1630 268 1652 utero
283 1625 311 1651 in
327 1625 381 1652 Deo
395 1624 554 1652 confirmari
580 1624 657 1651 novit
670 1623 763 1656 Jcsus,
779 1624 837 1651 haec
849 1623 898 1650 ait.
915 1623 982 1651 Pro-

191 1674 277 1697 tector
294 1676 359 1696 vero
384 1669 442 1703 ejus
458 1669 519 1701 fuit,
536 1670 648 1705 quando
662 1668 744 1704 Magi,
760 1669 787 1696 in
805 1670 910 1697 somnis
924 1677 982 1697 mo-

190 1717 250 1748 niti.
261 1725 309 1752 per
322 1717 402 1744 aliam
419 1717 493 1744 viam
511 1716 615 1744 reversi
626 1720 690 1744 sunt
704 1716 730 1743 in
743 1716 882 1751 regionem
895 1723 982 1749 suam,

189 1769 215 1790 et
234 1762 346 1798 Joscplt,
375 1768 487 1798 accepto
514 1770 600 1798 puero
621 1769 682 1790 cum
700 1767 787 1790 matre
803 1762 871 1795 ejus,
892 1762 984 1796 jussus

189 1814 231 1836 est
247 1810 273 1836 in
293 1808 441 1845 Egyptum
457 1809 545 1842 abire,
563 1816 598 1837 tte
623 1808 704 1837 simul
719 1815 781 1836 cum
807 1807 869 1835 aliis
893 1807 984 1842 pueris

191 1855 394 1884 interficeretur
405 1855 493 1884 Jesus.

227 1946 307 1974 Vens.
324 1946 350 1973 7.
371 1945 508 1980 Tanquam
530 1944 680 1979 prodigium
709 1944 797 1979 factus
821 1952 879 1971 sum
914 1943 983 1971 nm!-

189 1993 235 2027 tis,
250 1998 304 2020 etc.
319 1992 353 2020 lis
369 1993 415 2027 qui
427 1993 453 2019 in
471 1991 526 2019 lata
539 1997 567 2019 et
580 1991 699 2026 spatiosa
715 1995 742 2019 et
757 1990 856 2018 multos
867 1990 984 2018 ducente

191 2039 218 2066 in
234 2037 415 2074 perditionem
441 2037 606 2072 gradiuntur
621 2037 674 2064 via.
692 2036 768 2064 Multi
795 2036 868 2064 enim
889 2043 937 2072 per
955 2037 984 2063 il-

190 2085 243 2112 lam
261 2088 415 2113 transeunt.
429 2083 571 2119 Tanquam
588 2083 743 2119 prodigium
760 2083 848 2111 factus
873 2089 915 2112 est
936 2084 982 2112 Je-

190 2136 246 2161 sus,
262 2129 309 2156 sed
324 2136 377 2156 non
398 2129 493 2164 paucis
513 2129 561 2164 qui
584 2128 727 2156 inveniunt
740 2133 844 2155 arctam
858 2133 886 2156 et
898 2136 982 2164 angu-

189 2179 259 2202 stam
274 2175 346 2201 viam
359 2182 420 2210 quae
431 2174 508 2202 ducit
522 2175 554 2202 ad
572 2175 665 2202 vitam.

1039 245 1192 280 ἐπερρίφην
1216 245 1248 271 ἐκ
1272 246 1405 281 γαστρός
1421 246 1452 272 ὲκ
1476 245 1580 278 κοιλίας
1609 245 1716 281 μητρός
1737 254 1789 280 μου
1806 246 1834 271 σύ

1040 298 1090 325 μου
1102 287 1127 316 εἴ
1145 291 1299 326 σκεπαστής
1309 299 1316 305 θ
1332 301 1341 317 ι
1361 291 1391 317 τὸ
1415 291 1474 326 μὲν,
1489 292 1528 323 εἰς
1552 291 1611 326 ἁμα
1631 290 1746 325 γενέσει
1760 291 1836 326 μόνος

1039 336 1242 372 συνῃσθημένος
1257 337 1335 368 Θεοῦ,
1353 337 1400 364 καὶ
1413 337 1628 374 ἐπερεισάμενος
1639 337 1717 373 αὐτῷ
1727 346 1734 353 ·
1751 338 1784 363 τὸ
1799 338 1835 368 δὲ,

1037 383 1082 409 διὰ
1104 384 1154 419 τὴν
1177 383 1224 410 ἐπὶ
1247 385 1280 419 τῇ
1299 384 1480 419 προσκυνήσει
1498 383 1552 411 τῶν
1577 385 1673 419 μάγων
1690 384 1836 419 ἐπιϐουλὴν

1038 430 1078 461 είς
1092 430 1219 466 Χριστὸν,
1244 428 1365 465 Ἡρώδου
1382 430 1464 466 μηδὲν
1481 431 1601 458 παθόντα
1611 430 1651 467 τῷ
1667 431 1835 458 ἐσκεπάσθαι

1039 475 1092 502 ὑπὸ
1108 475 1174 502 Θεοῦ
1189 476 1235 502 ὅτε
1248 476 1284 502 τὰ
1297 476 1351 502 ἀπὸ
1364 476 1469 509 διετοῦς
1484 478 1530 504 καὶ
1545 477 1697 512 κατωτέρω
1711 477 1836 512 ἀνῃρεῖτο

1038 522 1131 548 παιδία
1148 523 1177 549 ὲν
1199 522 1284 558 ὁρίοις
1302 522 1436 559 Βηθλεέμ.
1461 523 1509 555 Τίς
1525 523 1554 550 δὲ
1570 523 1617 550 καὶ
1647 533 1657 549 ι
1669 524 1684 550 ὁ
1709 523 1835 558 προσθεὶς

1038 568 1084 594 ἐπὶ
1104 569 1194 595 πᾶσαν
1214 568 1263 604 τὴν
1280 568 1384 595 αἴνεσιν
1397 579 1406 595 ι
1422 568 1470 596 τοῦ
1493 569 1562 596 Θεοῦ
1584 569 1634 605 τὴν
1649 569 1680 596 ἐν
1697 569 1776 604 νόμῳ
1793 570 1834 595 καὶ

1038 615 1191 650 προφήταις
1203 614 1220 649 ἢ
1244 615 1258 641 ὀ
1282 615 1362 647 Hoc;
1383 612 1467 646 οὗτος
1484 615 1523 649 δὲ,
1538 614 1693 646 ταλανίζων
1707 623 1836 650 γραμμα-

1037 661 1103 692 τεῖς,
1119 660 1169 686 οὐκ
1185 659 1261 698 ,ἔγνω
1289 660 1338 692 τὰς
1360 661 1552 697 γραμματείας
1576 660 1677 688 αὐτῶν.
1705 661 1762 688 Καὶ
1787 661 1837 695 γὰρ

1037 704 1091 732 οἵδε
1113 706 1144 732 τὸ
1163 706 1324 733 ἀποκτεῖνον
1344 707 1462 742 γράμμα
1482 707 1619 734 διδάσκειν
1638 707 1674 733 τὰ
1699 706 1749 733 τοῦ
1775 706 1837 738 ζωο-

1039 750 1179 783 ποιοῦντος
1190 751 1358 788 ῐῐνεύματος.
1376 749 1460 783 Οὗτος
1480 752 1518 783 δὲ,
1534 753 1566 778 ὲκ
1580 751 1688 788 νεκρῶν
1707 751 1836 782 ἀναστὰς.

1037 794 1114 830 οὗτος
1140 798 1188 824 καὶ
1207 798 1379 833 ἀπαγγείλας
1401 798 1531 834 βραχίονα
1547 798 1596 824 τοῦ
1615 797 1687 824 Θεοῦ
1706 799 1741 833 τῇ
1760 798 1838 831 γενεᾷ

1038 844 1123 880 πάτῃ,
1142 845 1208 880 φησὶ
1226 845 1265 880 τῷ
1288 845 1390 880 Πατρί’
1410 855 1420 870 ι
1436 845 1483 871 Ἐκ
1498 844 1552 871 τῶν
1575 844 1706 871 ἀϐύσσων
1720 843 1774 878 τῆς
1788 843 1838 877 γῆς

1040 890 1119 917 πάλιν
1135 890 1274 926 ἁνήγαγές
1290 899 1334 925 με.
1348 900 1357 916 ι

1080 936 1143 962 Ἐπὶ
1166 936 1226 968 σοὶ,
1251 937 1350 971 Κύριε,
1375 936 1502 971 ἤλπισα,
1516 937 1560 971 μὴ
1580 936 1837 971 καταισχυνθεΙην

1038 983 1082 1015 εἷς
1098 982 1151 1008 τὸν
1167 981 1270 1013 ultima,
1288 991 1315 1009 κ.
1335 991 1359 1009 τ.
1380 983 1404 1008 ὲ.
1433 983 1495 1009 Ἐὰν
1512 983 1541 1008 ὲν
1557 983 1619 1013 ταῖς
1636 982 1765 1016 θλίψεσιν
1785 982 1835 1016 (38)

1040 1028 1229 1063 ὑπομένωμεν,
1254 1029 1304 1054 οὐκ
1321 1028 1559 1063 αἰσχυνθησόμεοα
1582 1027 1612 1054 ὲν
1634 1027 1675 1063 τῷ
1700 1027 1780 1053 αἰῶνι
1801 1028 1835 1061 τῷ

1040 1075 1179 1111 μέλλοντι·
1199 1084 1208 1100 ι
1227 1075 1259 1101 Ἦ
1273 1074 1328 1110 γὰρ
1345 1074 1433 1109 θλίψις
1457 1071 1599 1110 ὑπομονὴν
1613 1074 1831 1109 κατεργάζεται·

1039 1122 1092 1158 ἠδὲ
1105 1121 1228 1157 ὑπομονὴ
1240 1121 1370 1156 δοκιμήν*
1387 1122 1403 1156 ἡ
1416 1120 1443 1146 δὲ
1453 1119 1552 1155 δοκιμὴ
1566 1119 1680 1146 ὲλπίδα⁴
1694 1120 1710 1154 ή
1725 1119 1754 1145 δὲ
1763 1119 1832 1150 ἐλπὶς

1038 1169 1069 1194 οὑ
1081 1167 1267 1202 καταισχύνει.
1282 1176 1296 1200 ι,

1079 1214 1111 1240 '0
1124 1215 1197 1247 Θεός
1208 1222 1278 1248 μου,
1287 1211 1383 1247 ῥῦσαί
1395 1221 1433 1247 με
1447 1212 1481 1239 ἐκ
1489 1212 1589 1246 χειρὸς
1599 1210 1790 1246 ἁμαρτίαισῧ,
1803 1210 1830 1235 ἐι

1038 1260 1139 1295 χειρὸς
1164 1259 1410 1294 παρανομοῦντος
1433 1259 1482 1286 καὶ
1503 1258 1696 1290 ἀδικοῦντος,
1719 1265 1748 1283 κ.
1771 1265 1794 1283 τ.
1809 1257 1829 1282 ὲ.

1039 1307 1092 1333 Τὸν
1106 1307 1229 1332 Σατανᾶν
1252 1304 1325 1339 λέγει
1346 1305 1399 1340 (59)
1417 1304 1590 1340 ἁμαρτωλὸν,
1612 1303 1660 1330 καὶ
1678 1302 1830 1338 παράνομον

1039 1351 1085 1377 καὶ
1099 1350 1203 1377 ἄδικον⁴
1223 1349 1386 1385 ἁμαρτωλὸν
1404 1350 1453 1384 μὲν
1469 1349 1513 1375 διὰ
1537 1349 1586 1384 τὴν
1603 1348 1748 1384 χειρίστην
1764 1347 1829 1380 ’ἐξιτ-

1039 1397 1196 1432 παράνομον
1213 1395 1241 1422 δὲ
1265 1395 1309 1422 διὰ
1331 1395 1361 1422 τὸ
1379 1395 1536 1431 παραϐῆναι
1552 1394 1598 1421 τὸν
1621 1394 1740 1428 φυσικὸν
1755 1393 1829 1428 νόμον

1038 1442 1120 1469 αὑτοῦ
1131 1451 1137 1457 ·
1154 1442 1246 1469 ἄδικον
1262 1441 1290 1468 δὲ
1310 1441 1354 1468 διὰ
1370 1441 1400 1468 τὸ
1417 1441 1498 1468 αὐτὸν
1513 1441 1680 1476 ἀποστερεῖν
1694 1440 1747 1474 τῆς
1767 1438 1830 1473 γνὼ-

1040 1497 1108 1520 σεως
1121 1488 1168 1514 τοῦ
1183 1487 1262 1514 Θεοῦ.

1080 1534 1145 1560 Ἐπὶ
1159 1534 1196 1560 σὲ
1207 1533 1430 1568 ἐπεστηρίχθην
1442 1533 1500 1559 ἀπὸ
1514 1533 1658 1566 γαστρός·
1673 1531 1709 1558 ἐκ
1722 1531 1833 1562 maluo

1033 1581 1147 1615 μητρός
1161 1589 1221 1614 μου
1239 1580 1279 1607 σύ
1302 1588 1360 1614 μου
1377 1579 1406 1606 εἴ
1418 1578 1607 1612 σκεπαστὴς,
1623 1587 1651 1604 κ.
1669 1587 1695 1604 τ.
1713 1578 1737 1604 ὲ.
1759 1577 1789 1604 '0
1800 1579 1832 1603 εἱ-

1035 1626 1088 1657 δὼς
1112 1625 1168 1660 (40)
1197 1625 1252 1652 ἀπὸ
1273 1625 1392 1660 γαστρὸς
1419 1625 1499 1659 μόνος
1525 1624 1755 1659 ὲτπστηρίζεσθαι
1779 1623 1831 1656 Θεῷ

1042 1671 1144 1706 Ἰησοῦς
1159 1671 1246 1698 ταῦτα
1261 1680 1336 1706 φησι,
1352 1671 1514 1706 Σκεπαστὴς
1526 1671 1555 1697 δὲ
1572 1670 1656 1697 αὑτοῦ
1670 1671 1781 1704 ἐγένετο
1794 1671 1831 1696 ὅτε

1035 1719 1059 1744 οἱ
1078 1718 1160 1753 μάγοι
1175 1717 1418 1753 ὲχρηματίσθησαν
1430 1717 1463 1743 δι’
1477 1717 1561 1752 ἄλλης
1578 1716 1640 1743 ὀδοῦ
1655 1716 1830 1752 ἀναχωρῆσαι

1035 1764 1075 1795 εἰς
1091 1764 1139 1799 τὴν
1165 1763 1257 1799 χώραν
1279 1762 1379 1794 αὐτῶν,
1404 1762 1451 1789 καὶ
1483 1762 1593 1797 Ἰωσὴφ,
1621 1761 1791 1797 παραλαὸὼν
1806 1761 1830 1785 τδ

1035 1809 1142 1836 παιδίον
1153 1809 1212 1844 ἄμα
1222 1810 1256 1844 τῇ
1269 1808 1353 1844 μητρὶ
1364 1808 1457 1840 αὑτοῦ,
1472 1809 1512 1840 είς
1524 1808 1665 1842 Αἴγυπτον
1679 1806 1832 1835 κελευσθεὶς

1035 1856 1166 1891 ἀπῆλθεν,
1185 1856 1228 1883 ἵνα
1248 1855 1284 1891 μὴ
1300 1855 1428 1891 ἀναιρεθῇ
1452 1855 1521 1890 μετὰ
1546 1854 1601 1881 τῶν
1625 1854 1734 1881 παίδων
1755 1854 1770 1879 ὁ
1787 1854 1831 1886 ‘lr;

1036 1910 1110 1934 σονς.

1075 1947 1156 1975 Ὠσεὶ
1180 1947 1268 1982 τέρας
1295 1947 1445 1982 ἐγενήθην
1475 1947 1536 1980 τοῖς
1556 1946 1698 1980 πολλοῖς,
1722 1955 1750 1974 κ.
1772 1955 1795 1972 τ.
1809 1946 1829 1972 ἒ.

1035 1993 1097 2024 Τοῖς
1111 1992 1162 2028 τὴν
1178 1992 1308 2020 πλατεῖαν
1321 1991 1377 2027 (Μ)
1396 1993 1444 2019 καὶ
1464 1991 1620 2027 εὐρύχωρον
1641 1991 1770 2018 ὁδεύουσι
1791 1990 1830 2017 καὶ

1035 2039 1191 2073 ἐπάγουσαν
1211 2039 1258 2064 ἐπὶ
1279 2037 1327 2073 τὴν
1351 2037 1490 2064 ἀπώλειαν
1513 2037 1638 2069 πολλούς·
1661 2037 1758 2064 πολλοὶ
1783 2036 1828 2071 γὰρ

1034 2085 1059 2111 οἱ
1088 2084 1258 2120 διερχόμενοι
1283 2084 1318 2110 δι’
1346 2083 1442 2119 antri}?
1475 2083 1542 2110 ὡσεὶ
1566 2083 1651 2119 τέρας
1679 2083 1795 2118 ἐγενήθη
1817 2082 1828 2105 ὁ

1042 2130 1159 2165 Ἰησοῦς·
1177 2129 1235 2156 ἀλλ’
1250 2129 1280 2156 οὐ
1295 2129 1353 2160 τοῖς
1376 2128 1476 2164 ὀλίγοις
1496 2128 1658 2164 εὑρίσκουσι
1675 2128 1728 2164 τὴν
1743 2127 1828 2160 στενὴν

1036 2176 1082 2202 καὶ
1093 2175 1276 2211 τεθλιμμένην
1289 2174 1449 2208 ἁπάγουσαν
1460 2175 1500 2206 εἰς
1513 2175 1599 2209 ζωήν.

228 2221 307 2248 Vsus.
328 2221 355 2248 8.
366 2220 509 2256 chlentur
522 2229 550 2248 οε
565 2228 652 2248 meum
662 2220 752 2252 laude.
766 2226 794 2248 ut
808 2226 910 2248 cantem
922 2221 980 2256 glo-

1076 2220 1257 2254 ηληρωθήτω
1270 2219 1303 2246 τὸ
1318 2220 1416 2254 στόμα
1427 2228 1487 2254 μου
1503 2218 1661 2251 αἰνέσεως,
1681 2219 1764 2251 ὅπως
1781 2218 1827 2251 ὑμ-

190 2267 257 2293 riam
274 2272 357 2300 tuam,
371 2271 426 2294 tota
442 2267 484 2294 die
496 2266 705 2301 magnitudinem
727 2271 812 2300 tuum,
829 2271 884 2294 etc.
899 2266 982 2302 760

191 2312 246 2340 Nisi
273 2320 349 2340 mens
378 2313 515 2348 repleatur
539 2315 627 2349 gratia
649 2313 707 2346 Dei,
727 2318 838 2341 cantare
865 2313 980 2348 gloriam

191 2358 236 2386 llci
257 2366 309 2386 non
336 2362 436 2394 potest.
452 2358 488 2386 Os
517 2359 591 2386 enim
611 2359 710 2387 animae
728 2363 848 2386 utentem
863 2357 982 2391 vocavit,

191 2402 304 2438 gloriam
317 2407 407 2430 autem
425 2402 524 2430 Filium
541 2403 600 2431 Dei.

227 2489 308 2517 Vens.
328 2490 372 2517 ‘ll.
403 2489 547 2518 nitentes:
560 2490 631 2518 Deus
651 2491 792 2527 dereliquit
822 2499 895 2524 eum,
925 2496 980 2520 etc.

192 2534 248 2562 llas
267 2543 348 2564 voces
372 2536 462 2570 posuit
482 2540 610 2572 tanquam
630 2545 646 2564 a
664 2537 832 2566 daemonibus
849 2538 980 2573 prolatas.

227 2662 249 2678 "
264 2661 344 2692 Joan.
361 2671 388 2693 ιι.
402 2662 448 2691 58.
488 2663 510 2679 ³⁸
524 2662 604 2691 Rom.
619 2670 645 2697 ν,
662 2663 690 2696 5,
706 2663 734 2690 Δ.

229 2732 284 2768 (58)
296 2732 368 2760 Ἐὰν
383 2731 418 2768 ἐκ
434 2731 499 2768 ταῖς
518 2732 671 2766 θλίψεσιν,
696 2737 749 2760 etc.
775 2732 889 2761 Scltedzc
912 2734 981 2762 Gra-

188 2765 283 2806 bii,_et
296 2765 578 2806 co_d_ex'.Coislin_iaut_ts
595 2769 711 2803 primus.

227 2803 284 2836 (39)
315 2801 370 2829 Τὸν
391 2801 527 2829 σοτανᾶν
541 2801 633 2837 λέγει,
658 2809 711 2831 etc.
737 2804 842 2832 Eaedem
864 2804 982 2832 scheda‘.

226 2837 284 2872 (.10)
307 2837 339 2863 '0
356 2837 451 2871 εἰδώς,
465 2842 518 2865 etc.
534 2837 625 2866 Codex
642 2838 823 2868 Coislinianus
836 2841 983 2868 secundus.

1034 2267 1119 2300 νήσω
1132 2266 1189 2301 τὴν
1212 2266 1307 2298 δόξαν
1323 2273 1392 2297 σου,
1406 2265 1484 2299 ὅλην
1503 2264 1561 2298 τὴν
1584 2263 1704 2298 ἡμέραν
1716 2263 1773 2297 τὴν
1782 2270 1826 2297 με·

1036 2311 1256 2348 ταλοπρέπειάν
1271 2320 1340 2344 σου,
1355 2320 1382 2338 κ.
1403 2319 1428 2337 τ.
1446 2310 1469 2337 ὲ.
1493 2310 1557 2337 Ἐὰν
1575 2310 1613 2345 μὴ
1630 2309 1765 2345 πληρωθῇ
1781 2308 1826 2342 (Et

1035 2358 1049 2385 ὁ
1065 2357 1128 2389 νοῦς
1140 2358 1250 2394 χάριτος
1264 2357 1344 2390 Θεοῦ,
1360 2357 1479 2392 ὑμνῆσαι
1497 2356 1546 2391 τὴν
1564 2355 1645 2389 δόξαν
1662 2355 1734 2382 Θεοῦ
1749 2355 1778 2382 οὐ
1789 2354 1825 2380 δύ-

1037 2413 1126 2432 ναται.
1135 2403 1226 2440 Στόμα
1236 2404 1291 2440 γὰρ
1302 2403 1350 2439 τῆς
1360 2403 1449 2438 ψυχῆς
1463 2402 1509 2429 τὸν
1523 2402 1586 2428 νοῦν
1599 2401 1744 2437 ὠνόμασε,
1758 2399 1824 2432 δόξαν

1036 2450 1064 2476 δὲ
1079 2451 1125 2477 τὸν
1140 2450 1204 2477 Υἱδν
1219 2450 1266 2478 τοῦ
1283 2449 1361 2476 Θεοῦ.

1071 2497 1230 2532 Aemo-ter;-
1250 2497 1278 2523 '0
1298 2496 1370 2530 Θεὸς
1385 2495 1583 2531 ἐγκατέλιπεν
1596 2495 1705 2529 αὑτὸν,
1727 2503 1753 2521 κ.
1769 2502 1792 2519 τ.
1804 2492 1823 2517 ὲ.

1036 2542 1143 2574 Ταύτας
1156 2543 1206 2575 τὰς
1222 2542 1314 2578 φωνὰς
1326 2542 1382 2578 (45)
1399 2542 1522 2569 τέθεικεν
1536 2541 1576 2573 ὡς
1595 2541 1652 2568 ὑπὸ
1670 2541 1728 2568 τῶν
1741 2538 1824 2573 δαιμό-

1037 2596 1090 2614 νων
1105 2588 1265 2624 λεγομένας.

1086 2734 1130 2767 Η)
1151 2733 1215 2766 Τοῖς
1224 2733 1281 2767 τὴν
1293 2733 1449 2765 πλατεῖαν,
1464 2737 1520 2760 etc.
1536 2733 1623 2761 Idem.

1086 2734 1115 2760 Η
1151 2734 1215 2766 Τοῖς
1224 2734 1281 2767 τὴν
1293 2734 1449 2765 πλατεῖαν,
1464 2737 1520 2760 etc.
1536 2734 1623 2761 Idem.

1074 2734 1130 2804 ξω)
1145 2768 1219 2804 Ἐὰξή
1238 2768 1281 2802 μὴ
1302 2767 1457 2802 πληρωθῇ,
1484 2773 1539 2796 etc.
1558 2767 1678 2796 Scltedtc
1694 2766 1780 2795 Grabii
1800 2769 1820 2790 el

1039 2803 1125 2831 codex
1137 2803 1321 2830 Coislinianus
1331 2805 1445 2838 primus.

1076 2839 1131 2874 (45)
1146 2839 1258 2871 Ταύτας
1275 2837 1328 2871 τὰς
1343 2838 1455 2873 φωνάς,
1471 2843 1527 2866 etc.
1547 2837 1634 2866 Iidem
1648 2847 1714 2866 mss.
