1886 3052
73 130 144 158 1521

536 127 690 156 SELEC'I‘A
711 126 743 153 IN
763 124 934 154 PSALMOS.
956 141 990 144 —
1011 124 1108 152 I'SAL.
1130 124 1223 152 LXXI.

1644 123 1710 152 1522

115 190 242 224 'O‘GEdg,
252 190 295 225 [ιῆ
309 191 466 226 μιτκρύνῃς
478 189 527 217 ἀπ’
541 189 624 224 ἐμοῦ,
638 199 663 216 κ.
678 198 703 216 τ.
720 189 744 215 ὲ.
756 188 816 218 Τὸ,ι
824 188 850 214 Μ

961 187 1040 215 Vens.
1060 187 1102 214 l2.
1118 186 1197 219 Deus,
1215 193 1246 213 ne
1257 185 1385 220 elongeris
1401 194 1417 213 a
1432 193 1484 218 me,
1499 189 1552 213 etc.
1565 195 1574 211 ι
1588 185 1625 214 Nc
1635 186 1710 213 elon-

73 236 293 272 μακρύνῃςμ-ι),
309 246 317 262 ι
331 236 390 263 ἀντὶ
403 235 461 268 τοῦ,
476 235 521 270 Μὴ
532 235 641 270 μακρὰν
651 235 717 270 γένῃ
731 234 777 260 ἀπ’
789 233 866 269 ἐμοῦ.

113 282 169 309 Τοῦ
185 282 290 308 αὐτοῦ.
305 282 421 317 Μακρὰν
438 281 492 307 ἀπὺ
512 280 657 316 ἀνθρώπου
675 280 731 316 (45)
762 280 869 314 γίνεται

70 328 86 353 ὁ
99 327 178 359 Θεὸς,
195 327 225 354 οὖ
239 327 309 354 κατὰ
325 327 374 362 τὴν
388 327 492 354 οὐσίαν·
509 326 658 362 (πανταχοῦ
675 326 729 362 γὰρ
752 326 868 361 πάρεστι

70 373 122 400 καὶ
138 373 172 399 τὰ
188 373 276 400 πάντα
291 372 415 409 πληροί“)
429 373 496 400 ἀλλὰ
511 373 580 400 κατὰ
603 373 653 408 τὴν
674 373 725 407 τῆς
738 372 868 408 προνοίας

71 419 122 444 καὶ
136 419 184 454 τὴν
199 419 248 454 τῆς
270 418 394 455 βοηθείας
409 419 557 454 ἐνέργειαν.
575 418 730 454 Χωρίζεται
747 418 775 444 δὲ
790 417 868 453 ἡμῶν

70 463 118 490 διὰ
132 464 163 490 τὸ
177 464 294 496 δυσῶδες
308 463 362 491 τῶν
377 464 520 500 ἡμετέρων
542 464 761 500 ἁμαρτημάτων,
777 463 867 496 καθώς

71 518 141 544 φησι
156 510 297 545 προφήτης
306 509 408 546 ἕτερος·
424 520 433 536 t
445 511 478 536 Al
492 510 624 546 ἁμαρτίαι
641 509 718 545 ὑμῶν
732 509 869 536 διῖστῶσιν

70 555 127 581 ἀνὰ
145 555 226 590 μέσον
240 555 307 590 ἐμοῦ
323 556 370 582 καὶ
384 555 471 591 ὑμῶν.
486 566 495 582 ι

108 601 377 635 Περιϐωίέσθωσαν
405 602 558 636 αἰσχύνην
586 602 635 628 καὶ
661 600 815 636 ἐντροπὴν
842 604 868 628 ol

70 646 231 680 ζητοῦντές
241 656 292 682 μοι
307 648 395 679 κακὰ,
411 657 438 674 κ.
455 657 480 674 τ.
499 649 522 674 ὲ.
541 648 588 680 Τὸ,
606 657 614 673 t
630 649 715 683 Ἄφες
729 647 868 684 αὑτῷῌϐ)

69 693 101 719 τὸ
119 694 236 729 ἱμάτιον,
250 705 259 720 ι
278 694 389 721 δύναται
407 694 592 730 ἀναφέρεσθαι
607 695 653 721 ἐπὶ
671 695 720 730 τὴν
736 694 868 730 αἰσχύνην

69 739 119 765 καὶ
136 739 279 776 ἐντροπὴν,
296 740 329 772 ἃς
345 741 537 777 περιϐάλλεται
550 742 564 767 ὁ
575 741 690 768 τοιόσδε.

113 785 188 819 Ἐγὼ
203 785 237 811 δὲ
250 785 298 812 διὰ
312 787 427 820 παντὸς
446 786 550 818 ἐλπιῶ,
567 787 616 813 καὶ
633 787 797 821 προσθήσω
817 787 865 814 ἐπὶ

68 831 175 858 πᾶσαν
185 831 242 866 τὴν
252 832 372 859 αῖνεσ[ν
384 840 452 865 σου,
465 841 492 860 κ.
501 842 525 859 τ.
539 833 561 860 ὲ.
573 833 673 860 Πολλαὶ
684 833 801 865 αἰνέςεις
809 833 865 870 (i7)

67 876 194 912 εἴρηνται
210 877 256 904 τοῦ
268 877 335 904 Θεοῦ
348 879 376 904 ὲν
386 878 461 914 νόμῳ
472 879 519 905 καὶ
530 877 745 914 προφήταις,αἷς
755 880 865 916 προστί-

68 923 151 958 θησιν
165 925 178 950 ὁ
186 923 280 951 εἰπών·
293 934 302 950 t
314 925 370 951 Οὐκ
382 923 464 960 ἦλθον
475 924 625 952 καταλῦσαι
636 925 680 951 τὸν
689 925 770 961 νόμον
780 926 865 959 ἢτοῠς

67 970 226 1005 προφήτας,
252 970 321 997 ἀλλὰ
347 971 501 1006 πληρῶσαι,
517 981 526 997 ι
552 971 590 1003 ὡς
618 971 730 1007 ἀρέσκει
756 972 790 1007 τῇ
817 971 865 998 τοῦ

66 1015 190 1050 Χριστοῦ
206 1016 343 1052 ἐπωνύμῳ
365 1016 526 1052 Ἐκκλησία.

107 1060 172 1086 Ὅτι
197 1062 254 1088 οὐκ
278 1061 374 1096 ἔγνων
401 1061 609 1096 γραμματεὶας,
627 1071 653 1088 κ.
668 1071 692 1088 τ.
720 1063 744 1089 ὲ.
760 1062 791 1089 Εἰ
807 1062 865 1089 ἐστι

67 1105 187 1141 γράμμα
199 1105 254 1141 (18)
278 1106 326 1142 μὲν
341 1108 511 1139 ἁποκτεῖνον,
529 1107 637 1143 πνεῦμα
653 1108 681 1134 δὲ
705 1108 863 1140 ζωοποιοῦν,

66 1152 99 1177 τὸ
113 1152 163 1186 μὲν
177 1151 341 1188 παρώνυμον
353 1153 400 1180 τοῦ
415 1154 579 1189 γράμματος
592 1155 641 1181 οὐκ
655 1154 724 1189 ἔγνω
738 1156 752 1182 ὁ
767 1155 864 1190 γινώσ-

67 1205 126 1224 κων
147 1198 246 1233 Κύριος
259 1199 322 1232 τοὺς
338 1199 420 1231 ὖντας
434 1200 525 1227 αὑτοῦ·
540 1201 572 1227 τὸ
593 1201 622 1227 δὲ
639 1201 804 1237 παρώνυμον
816 1201 862 1228 τοῦ

67 1242 225 1277 πνεύματος
241 1243 321 1277 ἔγνω.

105 1289 203 1322 Κύριε,
222 1289 438 1325 μνησθήσομαι
455 1290 510 1325 τῆς
525 1291 721 1326 δικαιοσύνης
737 1299 795 1318 σου
810 1293 864 1326 μό-

66 1343 136 1366 νου,
147 1344 173 1361 κ.
183 1343 208 1362 τ.
219 1336 242 1363 ἑ.
251 1335 308 1371 Τῆς
321 1335 368 1362 τοῦ
378 1336 486 1372 Πατρὺς
496 1336 550 1373 (19)
558 1337 732 1373 δικαιοσύνης
746 1337 863 1372 Χριστὸς

68 1380 258 1416 μνησθήσεται
263 1402 270 1408 .
607 1404 608 1407 η

107 1425 185 1460 Ἕως
203 1427 241 1454 ἂν
260 1428 430 1463 tinam-stlta
447 1429 501 1456 τὸν
520 1430 671 1465 βραχίονά
696 1437 755 1458 σου
777 1429 862 1464 πάσῃ

66 1471 105 1506 τῇ
124 1471 211 1506 γενεᾷ
230 1472 267 1507 τῇ
282 1473 441 1509 ἐρχομένῃ,
463 1484 489 1501 κ.
514 1484 539 1503 τ.
558 1475 581 1502 ἑ.
605 1475 728 1511 Βραχίων
743 1475 800 1511 (50)
815 1475 862 1502 τοῦ

63 1517 136 1544 θεοῦ
148 1518 162 1543 ὁ
175 1519 300 1553 Χριστός.

108 1564 141 1590 '0
168 1566 249 1598 Θεὸς,
274 1566 329 1599 ἕως
351 1567 489 1601 ὑψίστων
511 1567 530 1595 ἃ
546 1567 692 1602 ἐποίησας
706 1567 861 1603 μεγαλεῖα,

64 1618 93 1636 κ.
110 1618 137 1637 τ.
151 1610 174 1636 ὲ.
193 1620 203 1636 ι
216 1611 433 1648 Εἰρηνοποιήσας
445 1612 501 1648 (51)
517 1612 561 1640 διὰ
580 1613 627 1640 τοῦ
645 1614 763 1649 αἵματος
777 1611 861 1640 αὑτοῦ

63 1655 100 1681 τὰ
114 1656 143 1681 ὲν
157 1656 281 1691 οὐρανοῖς
296 1658 343 1684 καὶ
354 1658 389 1684 τὰ
402 1659 450 1685 ἐπὶ
463 1659 525 1694 γῆς.
541 1668 550 1684 ι

103 1701 196 1734 Ὅσας
211 1701 330 1736 ἕδειξάς
341 1712 391 1738 μοι
407 1705 526 1737 θλίψεις
545 1704 662 1738 πολλὰς
683 1704 732 1731 καὶ
747 1704 861 1738 κακᾶς]

62 1746 116 1773 καὶ
132 1747 319 1782 ἐπιστρέψας
326 1747 581 1786 ἐζωοποιησάςμε,
593 1751 641 1778 καὶ
654 1751 688 1777 ἐκ
696 1750 756 1778 τῶν
766 1751 860 1778 ἀϐύσ-

61 1800 132 1818 σων
142 1792 197 1827 τῆς
207 1793 264 1828 γῆς
273 1794 367 1823 πάλιν
378 1796 580 1832 ἀνήγαγέςμε,
591 1806 617 1824 κ.
628 1806 654 1824 τ.
667 1798 689 1823 ὲ.
699 1796 860 1833 Σαφῶς

63 1838 133 1874 περὶ
145 1839 194 1874 τῆς
210 1840 241 1866 ὲκ
254 1841 358 1876 νεκρῶν
370 1842 546 1875 ἀναστάσεως
557 1843 644 1870 ταῦτα
660 1843 778 1879 εἴρηται.

103 1884 160 1911 Τοῦ
175 1886 278 1914 αὑτοῦ.
297 1887 431 1915 Ἀϐυσσον
447 1889 494 1915 νῦν
504 1889 558 1925 (55)
574 1889 698 1925 ὠνόμασε
715 1890 745 1916 τὸ
760 1890 859 1926 χωρίον

60 1929 120 1955 τῶν
134 1931 320 1966 καταχθονίων
334 1933 479 1969 δαιμόνων.
497 1935 558 1961 Elei.
581 1934 609 1961 δέ
623 1943 695 1966 τινες
709 1935 733 1961 οἳ
748 1935 795 1961 καὶ
810 1934 859 1961 αὑ-

60 1975 130 2006 τοὺς
144 1976 207 2008 τοὺς
222 1976 352 2012 δαίμονας
366 1979 502 2012 ἀϐύσσους
512 1980 619 2015 λέγουσι
631 1980 674 2007 διὰ
688 1981 719 2007 τὸ
738 1981 857 2017 ἀπέραν-

59 2028 111 2046 τον
127 2020 177 2056 τῆς
193 2023 293 2055 κακίας
306 2024 406 2052 αὐτῶν.

100 2066 155 2092 Καὶ
177 2067 232 2102 γὰρ
250 2068 307 2103 ἐγὼ
330 2069 590 2106 ἐξομολογηξσομαι
609 2072 644 2098 ὲν
658 2073 761 2099 σκεύει
780 2074 857 2106 ψαλ-

57 2111 123 2145 μοῦ
136 2112 195 2146 τὴν
212 2113 358 2147 ἀλήθειάν
373 2124 443 2149 σου,
459 2126 486 2144 κ.
501 2126 526 2145 τ.
539 2118 561 2144 ὲ.
572 2117 673 2150 Σκεῦας
681 2117 790 2153 ψαλμοῦ
801 2118 856 2155 (54)

57 2157 137 2192 ψυχὴ
155 2158 271 2194 καθαρά.

349 2250 496 2279 ΨΛΛΜΟΣ
515 2252 576 2279 OA’.

97 2293 151 2326 Εἷς
166 2295 321 2330 Σολομὼν,
337 2305 363 2324 κ.
379 2305 403 2323 τ.
418 2297 441 2323 ὲ.
460 2297 507 2329 Εἰς
521 2297 651 2333 Σαλομὼν
665 2297 722 2333 (55)
739 2298 785 2325 τὸν
797 2298 854 2326 υἱὸν

57 2339 173 2366 Δαυΐδοι
187 2341 281 2374 Βίϐλος
303 2343 358 2378 γὰρ
375 2344 510 2378 γενέσεως
542 2345 630 2379 Ἰησοῦ
650 2345 769 2380 Χριστοῦ
795 2344 854 2372 υἱοῦ

57 2385 153 2413 Δαυῖδ.
165 2396 174 2412 ›
191 2388 321 2423 Σαλομὼν
337 2390 391 2425 γὰρ
404 2390 583 2426 ἑρμηνεύεται
600 2392 758 2426 εἰρηνικός·
774 2393 855 2425 αὐτὸς

57 2431 117 2466 γάρ
132 2432 207 2459 ἐστιν
222 2434 238 2468 ἡ
251 2435 346 2470 εἰρήνη
361 2435 452 2470 ὴμῶν,

98 2491 122 2507 ¹⁹
134 2491 196 2519 lsai.
213 2500 267 2520 th.
280 2493 308 2521 2.
347 2494 370 2510 ³⁰
385 2494 481 2522 Matth.
497 2503 524 2528 ν,
535 2495 580 2523 40.
619 2496 639 2512 ³¹
657 2496 724 2523 ibid.
738 2504 764 2530 ν,
781 2497 824 2524 17.

94 2551 154 2591 (Μ)
176 2550 222 2582 Τὸ,
238 2550 281 2586 μὴ
294 2554 462 2588 pauperi/ig,
481 2557 534 2581 etc.
552 2553 644 2581 Codex
666 2553 852 2582 Coislinianus

57 2593 177 2622 prunus.

100 2621 160 2658 (ιδ)
175 2625 300 2658 Μαχρὰν
310 2623 368 2650 ἀπὸ
382 2623 549 2658 ἀνθρώπου,
563 2628 615 2650 ctc.
624 2623 736 2651 Schcdze
745 2623 849 2652 Grabii.

95 2656 155 2693 (⁷46)
175 2656 315 2694 rosam
328 2659 420 2691 αὐτῷ.
436 2656 490 2687 etc.
506 2658 598 2687 Codex
611 2658 794 2688 Coislinianus
807 2666 852 2687 se-

56 2694 177 2726 cundus,
191 2700 219 2720 et
232 2697 338 2723 scheibe
351 2694 455 2722 Grabii.

96 2729 154 2765 (47)
172 2731 287 2757 Πολλαὶ
302 2729 442 2762 ίιὶνέσεις.
460 2735 514 2758 etc.
527 2729 600 2757 ldem
611 2729 695 2757 codex
708 2729 852 2758 Coislinia-

56 2772 110 2792 nus
127 2767 275 2792 secundus.

94 2798 152 2868 (48)
169 2800 280 2839 Εξέστι
295 2799 420 2834 ππάμμα.
433 2805 485 2827 etc.
502 2799 584 2828 Idem.

110 2835 153 2866 l9)
172 2837 228 2868 Τιις
241 2834 292 2862 τοῦ
307 2836 433 2868 Πατρός.
447 2840 501 2862 etc.
516 2835 584 2863 Idem

110 2835 153 2866 l9)
172 2834 228 2868 Τῆς
241 2834 292 2862 τοῦ
307 2836 433 2869 Πατρός.
447 2840 501 2862 etc.
516 2835 600 2863 Idem.

93 2869 152 2905 (50)
169 2870 316 2905 Βριιχίων,
337 2875 390 2899 etc.
409 2870 503 2899 Codex
518 2870 698 2901 Coislinianus
714 2872 827 2907 primus.

921 233 993 268 geris
1005 243 1015 260 ›
1036 234 1106 261 idem
1121 238 1164 260 est
1180 239 1212 259 ac
1227 232 1250 260 si
1264 232 1347 265 dicat,
1358 232 1395 260 Ne
1409 233 1489 267 longe
1504 232 1542 259 sis
1557 239 1571 259 a
1588 240 1640 260 me.

959 279 1100 315 Ejusdem.
1113 279 1206 314 Longe
1216 280 1251 306 ab
1269 278 1383 306 hotnine
1392 284 1435 306 est
1450 279 1531 312 Deus,
1543 287 1597 306 non
1615 287 1712 307 secun-

921 326 984 354 dutn
999 325 1180 354 substantiam
1198 324 1272 361 (nam
1290 325 1390 360 ubique
1410 332 1530 360 praesens
1550 330 1593 353 est
1611 331 1639 354 et
1653 333 1712 354 om-

921 372 966 400 nia
982 372 1089 408 replet),
1106 372 1153 400 sed
1175 371 1325 400 secundum
1351 371 1529 406 providentia:
1540 376 1568 399 et
1583 371 1713 406 adjutorii

923 417 1084 446 ellicaciam.
1100 418 1250 453 Separatur
1260 422 1350 445 autem
1366 425 1382 444 a
1399 417 1479 445 nobis
1495 421 1606 452 propter
1618 425 1713 452 pecca-

921 469 1008 491 torum
1039 469 1196 492 nostrorum
1224 463 1360 496 faetorem,
1383 464 1613 498 quemadmodum
1644 464 1712 492 alius

922 509 1054 544 propheta
1073 509 1157 537 dicit:
1174 518 1183 535 ι
1194 509 1311 537 Peccata
1330 515 1422 538 vestra
1440 515 1569 544 separant
1585 510 1655 537 inter
1670 517 1713 537 me

919 559 948 582 ct
960 561 1008 582 vos
1017 555 1048 581 ”.
1068 564 1077 581 ι

955 600 1038 628 Vens.
1052 601 1095 628 15.
1124 601 1287 636 Oper-iantur
1313 601 1470 631 eonfuu‘one
1498 606 1522 629 et
1542 601 1642 636 pudore
1666 603 1711 635 qui

919 651 1039 680 quierunt
1057 646 1128 674 mata
1155 647 1233 680 mihi,
1253 652 1307 675 etc.
1338 647 1417 680 Illud,
1442 646 1572 675 «Dimitte
1590 647 1627 674 illi
1654 646 1710 681 pal-

920 692 985 718 lium
997 691 1030 725 ",
1047 702 1056 718 ι
1072 693 1169 720 referri
1196 698 1286 728 p0test
1305 693 1338 720 ad
1362 692 1551 721 confusionem
1570 698 1597 720 ct
1624 693 1710 728 pudo-

921 745 978 764 rem
997 737 1095 771 quibus
1108 737 1233 772 operitur
1249 737 1296 772 qui
1313 737 1446 772 ejusmodi
1457 742 1509 765 est.

957 783 1039 810 Vens.
1058 782 1100 810 M.
1120 782 1176 817 Ego
1190 788 1390 817 outemscntper
1401 783 1522 818 sperabo,
1547 788 1570 810 et
1582 783 1710 818 adjiciat»

919 837 998 863 super
1012 837 1115 856 omnem
1127 829 1234 856 Iaudem
1247 834 1331 862 tuam,
1344 833 1398 856 etc.
1412 829 1542 856 Plurima:
1556 829 1636 856 dictae
1648 834 1711 856 sunt

919 875 946 902 in
962 875 1021 909 lege
1036 879 1063 901 et
1083 875 1225 909 prophetis
1249 875 1295 902 Dei
1323 875 1428 908 laudes,
1443 875 1542 909 quibus
1558 875 1652 910 adjicit
1663 875 1710 909 qui

918 920 1014 948 dixit“
1030 929 1036 947 :
1056 929 1064 946 ι
1081 919 1139 947 Non
1154 920 1217 948 veni
1245 919 1352 947 solvere
1376 920 1462 955 legem
1481 924 1528 946 aut
1551 920 1710 954 prophetas.

917 966 964 994 scd
982 967 1163 1001 adimplere,»
1181 965 1411 1001 quemadmodum
1426 965 1463 993 illi
1476 965 1565 1000 placet
1582 965 1710 993 Ecclesiae

917 1020 977 1048 quae
990 1020 1005 1040 a
1020 1013 1129 1041 Christo
1144 1020 1243 1040 nomen
1259 1012 1353 1040 habet.

954 1061 1036 1090 Vens.
1053 1061 1097 1088 15.
1110 1061 1245 1094 Quoniam
1259 1069 1313 1088 non
1326 1061 1434 1096 cognoui
1449 1060 1642 1092 litteraturam,
1655 1063 1708 1087 etc.

917 1107 946 1136 Si
960 1112 1004 1135 cst
1018 1107 1107 1134 littera
1118 1105 1259 1139 occidens,
1277 1105 1391 1141 spiritus
1406 1109 1499 1133 autetn
1515 1104 1669 1137 viviﬁcans,
1680 1103 1707 1131 id

916 1153 989 1189 quod
1015 1161 1030 1180 a
1054 1153 1146 1180 littera
1166 1151 1421 1180 denominationem
1439 1151 1532 1184 habet,
1550 1158 1602 1178 non
1633 1151 1709 1178 novit

918 1199 1046 1227 Dominus
1057 1199 1104 1233 qui
1116 1198 1192 1226 novit
1206 1205 1254 1226 eos
1279 1198 1325 1233 qui
1343 1203 1409 1226 sunt
1420 1197 1480 1231 ejus
1493 1205 1500 1230 ;
1519 1197 1546 1225 id
1559 1204 1625 1225 vero
1635 1195 1708 1231 quod

916 1254 931 1272 a
944 1245 1042 1279 spiritu
1056 1244 1258 1279 dcnominatur,
1274 1245 1359 1272 novit.
1699 1246 1702 1250 '

952 1292 1034 1319 Vens.
1061 1291 1106 1319 16.
1124 1292 1247 1324 Domine,
1263 1290 1429 1319 memorabor
1444 1290 1560 1325 justitia:
1587 1294 1639 1316 tua:
1665 1296 1708 1316 εο-

916 1337 980 1370 lius,
1002 1342 1054 1365 etc.
1075 1336 1201 1365 Paterna:
1225 1336 1338 1372 justitize
1355 1336 1481 1365 Christus
1496 1335 1707 1367 memorabitur.

951 1430 1034 1458 Vens.
1052 1429 1096 1458 18.
1111 1430 1200 1458 Donec
1221 1431 1376 1458 annuntiem
1388 1429 1525 1457 brachium
1540 1434 1616 1457 tuum
1627 1437 1707 1465 gene-

916 1477 1015 1505 rationi
1031 1478 1103 1504 omni
1123 1485 1182 1512 qua:
1208 1483 1318 1505 ventura
1340 1483 1389 1510 est,
1408 1481 1462 1505 etc.
1489 1476 1633 1504 Brachium
1659 1477 1706 1504 Dei

874 1528 896 1558 ο
913 1523 1039 1552 Christus
1056 1528 1107 1551 est.

951 1570 1033 1599 Vens.
1051 1569 1094 1597 19.
1118 1569 1200 1602 Deus,
1219 1577 1302 1604 usque
1330 1569 1356 1596 in
1386 1569 1519 1596 altissima
1548 1576 1606 1603 qua:
1621 1568 1706 1602 fecisti

914 1615 1060 1651 magnalia,
1081 1619 1134 1642 etc.
1153 1623 1162 1640 ι
1176 1613 1327 1642 Pacilicans
1350 1621 1399 1649 per
1424 1613 1586 1648 sanguinem
1608 1613 1667 1648 ejus
1681 1617 1707 1640 et

914 1669 974 1697 qua:
989 1661 1016 1688 in
1034 1660 1112 1688 caelis
1124 1665 1152 1688 et
1166 1668 1227 1696 quae
1245 1660 1271 1688 in
1287 1666 1359 1688 terra
1375 1664 1438 1688 sunt
1451 1660 1484 1686 η.
1501 1668 1511 1685 ι

949 1707 1033 1735 Vens.
1052 1706 1098 1735 20.
1117 1707 1239 1739 Quantas
1262 1707 1401 1734 ostendisti
1427 1706 1493 1733 mihi
1519 1705 1706 1733 tribulatione;

912 1754 1011 1781 multas
1027 1759 1051 1780 et
1070 1753 1177 1780 titulos!
1190 1758 1213 1780 et
1226 1761 1367 1780 conversus
1385 1752 1526 1786 viviﬁcasti
1549 1759 1600 1784 me,
1625 1756 1649 1779 et
1675 1752 1706 1779 dc

913 1800 1015 1834 abyssi;
1028 1805 1105 1827 terrtc
1118 1799 1215 1826 iterum
1233 1798 1364 1825 reduxisti
1376 1806 1428 1830 me,
1443 1802 1498 1825 etc.
1514 1797 1658 1825 Manifesta
1671 1797 1704 1825 de

913 1844 1117 1873 resurrectione
1130 1852 1165 1873 ex
1178 1844 1295 1872 mortuis
1310 1845 1369 1872 haec
1381 1843 1455 1871 dicta
1471 1846 1547 1870 sunt.

948 1891 1086 1926 Ejusdem.
1104 1891 1240 1926 Abyssum
1268 1897 1341 1917 nunc
1368 1893 1448 1917 vocat
1466 1887 1557 1916 locum
1583 1886 1704 1914 inferno-

913 1946 972 1965 rum
993 1938 1156 1965 daemonum.
1181 1936 1252 1964 Sunt
1276 1940 1367 1964 autem
1388 1933 1510 1962 nonnulli
1527 1933 1573 1969 qui
1587 1938 1614 1961 et
1630 1933 1703 1968 ipsos

911 1984 1048 2011 daemones
1074 1983 1188 2019 abyssos
1210 1982 1304 2010 dicunt
1332 1985 1443 2016 propter
1470 1980 1633 2008 immensam
1656 1987 1703 2007 eo-

911 2037 971 2056 rum
994 2029 1137 2056 malitiam.

947 2075 1030 2102 Vtzns.
1045 2075 1092 2102 ‘22.
1111 2074 1183 2101 Nam
1204 2079 1228 2101 et
1242 2082 1289 2109 ego
1303 2072 1447 2108 conﬁtebor
1461 2073 1508 2099 tibi
1520 2073 1548 2099 in
1560 2080 1620 2099 vase
1629 2073 1702 2107 psal-

911 2121 947 2148 mi
959 2121 1093 2149 veritatem
1108 2125 1192 2153 tuam,
1209 2125 1263 2148 etc.
1284 2118 1336 2147 Vas
1352 2118 1453 2154 psalmi
1465 2118 1555 2146 anima
1570 2125 1648 2153 pura.

1115 2255 1194 2290 νει
1216 2252 1379 2283 PSALMUS
1398 2252 1492 2281 Lxxt.

947 2299 1030 2328 Vens.
1051 2299 1076 2327 1.
1096 2299 1130 2327 In
1155 2299 1335 2332 Salomonem,
1352 2302 1405 2327 etc.
1432 2298 1461 2325 ln
1481 2297 1657 2326 Salomonem
1669 2295 1702 2324 ll-

909 2347 975 2375 lium
994 2347 1097 2374 David:
1113 2353 1174 2373 nam
1192 2355 1201 2371 I
1218 2345 1298 2374 Liber
1312 2343 1497 2381 generationis
1516 2343 1580 2371 Jesu
1599 2341 1701 2371 Christi

910 2393 958 2421 lilii
976 2393 1060 2420 David
1073 2392 1107 2419 ³³.
1120 2402 1129 2419 ι
1146 2392 1278 2420 Salomon
1296 2396 1387 2420 autem
1411 2391 1609 2425 interpretatur
1622 2388 1700 2424 paci-

909 2440 976 2474 ficus
991 2448 1000 2466 :
1016 2440 1073 2475 ipse
1084 2440 1158 2467 enim
1172 2444 1215 2467 est
1230 2447 1281 2474 pax
1298 2443 1404 2466 nostra.

874 2497 897 2514 ³¹
910 2497 1016 2525 Coloss.
1035 2498 1061 2531 1,
1073 2498 1119 2526 20.
1157 2497 1180 2513 ³³
1191 2497 1288 2524 Matth.
1301 2504 1320 2530 I,
1334 2497 1358 2524 1.

942 2555 999 2597 (till).
1014 2555 1266 2590 Εἰρηνοποιήσας,
1280 2559 1334 2582 etc.
1346 2553 1419 2582 ldcm
1445 2553 1530 2581 codex
1549 2556 1576 2580 et
1590 2551 1698 2580 schcdac

905 2589 1122 2662 Gréggi'Zasaéc
1143 2626 1209 2661 περὶ
1232 2624 1297 2659 τῆς,
1316 2629 1370 2652 ctc.
1396 2623 1489 2651 Codex
1512 2623 1698 2652 Coislinianus

906 2662 1052 2689 secundus.

910 2731 922 2733 _
942 2696 998 2733 (55)
1016 2698 1166 2725 Ἀϐυσσον
1178 2696 1245 2730 νῦν,
1259 2702 1314 2725 etc.
1328 2695 1440 2723 Scheda:
1457 2693 1559 2725 Grabii,
1570 2698 1597 2721 et
1610 2694 1694 2722 codex

904 2731 1091 2760 Coislinianus
1101 2735 1215 2766 primus.

940 2767 997 2802 (54)
1008 2765 1118 2800 Σκεῦπ
1133 2767 1266 2802 ψαλμοῦ,
1285 2772 1339 2795 etc.
1354 2767 1437 2794 litlcm
1452 2765 1532 2793 codd.
1542 2772 1616 2802 mss.

940 2800 997 2839 (55)
1018 2803 1069 2836 Εἷς
1086 2800 1240 2837 Eulogii»;
1258 2808 1310 2830 etc.
1331 2802 1420 2830 Codex
1437 2800 1620 2830 Coisllniauus
1638 2801 1694 2836 pri.-

904 2846 974 2866 mus.
