1869 3052
741 96 869 106 ηε-αι-ψν

39 161 110 189 Ιὸξθ
510 159 665 187 SELECTA
683 158 714 186 IN
735 157 905 186 PSALMOS.
922 173 956 178 —
973 155 1069 186 PSAL.
1087 159 1204 189 LXXIII.
1606 165 1673 192 13,50

38 231 48 247 I
70 222 99 248 '0
112 219 281 256 κολλώμενος
295 220 335 256 τῷ
349 220 443 256 Κυρίῳ
456 220 485 247 ἐν
502 220 611 255 πνεῦμά
628 206 711 246 ἐστιν.
725 228 734 244 ι
752 219 822 253 Ἅμα

910 218 966 252 ino,
984 227 1053 247 unus
1067 220 1178 254 spiritus
1201 223 1253 247 est.
1271 230 1280 246 ι
1298 219 1367 249 lliuc
1386 221 1472 249 etiam
1490 221 1573 249 simul
1586 223 1668 250 disci-

35 268 64 293 δὲ
80 267 127 293 καὶ
143 267 314 303 μανθάνομεν
337 267 382 294 διὰ
396 266 500 294 τούτων
512 266 562 302 τὴν
581 265 629 292 τοῦ
644 264 747 300 ἀγαθοῦ
760 262 822 290 Θεοί

908 272 944 292 ms
960 265 1023 292 boni
1039 265 1087 293 Dei
1099 266 1296 294 substantiam.

35 313 140 340 οὐσίαν.

320 407 466 434 ΨΑΛΜΟΣ
485 407 545 434 Ol".

73 453 140 481 “Ira
151 453 190 486 τί,
213 454 229 480 ὀ
247 452 329 485 Θεὸς,
349 452 459 480 ἀπώσω
471 454 514 486 εις
535 452 631 485 τέλος,
646 461 673 479 κ.
692 461 718 479 τ.
738 452 762 478 ὲ.
788 451 832 482 Ὠς

35 499 107 533 πρὸς
121 499 152 525 τὸ
167 498 247 534 ῥητὸν
268 498 325 534 (89)
343 498 429 526 ταῦτά
449 507 531 533 φασιν
551 499 576 525 οἱ
594 498 623 525 ὲν
644 499 677 533 τῇ
695 496 833 532 αἰχμαλω-

35 545 94 579 σίᾳ.
122 543 285 570 ’Λπωθεῖται
307 542 335 569 δὲ
358 543 407 577 οὓς
423 543 573 570 ἀπωθεῖται
596 543 697 578 Κύριος
711 541 782 569 κατὰ
800 541 831 568 τὸ

34 589 140 625 πλῆθος
155 589 209 616 τῶν
231 589 362 616 ἀσεϐειῶν
380 589 486 616 αὐτῶνι
503 589 550 616 καί
569 598 646 621 τινας
667 588 829 620 ἀπωθεῖται,

34 636 75 666 ὼς
90 636 256 671 γέγραπται,
276 635 328 667 ἓως
353 635 464 671 σφόδρα·
487 635 534 667 οὓς
549 635 577 662 δὲ
594 644 604 660 ί
616 636 655 666 είς
670 634 746 666 τέλος
756 644 765 659 ι
784 634 831 660 καὶ

33 680 70 708 τὰ
84 681 195 716 ἔσχατα.

78 779 217 814 Ὡρτίσϐη
241 781 258 806 d
283 779 376 813 θυμός
401 786 460 805 σου
495 778 545 805 ἐπὶ
573 779 705 813 πρόϐατα
731 778 829 814 νομῆς

1131 402 1291 430 PSALMUS
1310 401 1427 430 LXXIII.

922 448 1001 476 Vens.
1014 448 1040 475 l.
1058 447 1091 475 Ut
1106 448 1181 483 quid,
1203 448 1283 481 Deus,
1310 449 1433 483 ‘repuliui
1448 451 1475 476 in
1493 449 1593 484 linem?
1618 456 1672 479 etc;

883 494 1021 528 Quantum
1036 494 1070 521 ad
1084 493 1202 521 litteram
1216 498 1334 530 spectat,
1348 495 1407 522 luteo
1429 495 1523 522 dicunt
1549 496 1594 530 qui
1611 502 1675 523 sunt.

883 538 909 565 in
925 537 1093 572 captivitate.
1110 537 1227 573 Repellit
1251 543 1342 567 autem
1355 547 1426 574 quos
1452 540 1559 575 repellit
1577 541 1672 568 Domi-

882 591 933 611 nus
960 584 1110 611 secundutn
1135 583 1338 612 multitudinem
1366 585 1537 620 impietalum
1567 593 1672 614 eorum.

882 630 915 657 Et
941 630 1072 664 quosdam
1099 630 1208 664 quidem
1222 630 1339 665 repellit,
1364 631 1437 658 sicut
1460 631 1591 666 scriptum
1619 637 1673 665 est,

883 677 1073 708 vehementer,
1100 677 1234 711 quosdam
1260 684 1325 705 vero
1342 686 1352 703 ι
1370 678 1398 705 in
1425 677 1507 706 linem
1522 688 1532 704 ι
1548 682 1575 706 et
1589 687 1675 714 usque

881 724 914 750 ad
928 723 1087 751 novissima.

918 771 981 798 IBID.
994 770 1085 797 Iratus
1105 776 1142 798 est
1158 771 1235 806 [uror
1247 776 1307 799 tuus
1318 780 1398 807 super
1410 780 1469 799 oves
1483 780 1591 806 passum
1608 778 1671 804 tum,

33 809 149 857 σθω-δι.
167 834 192 851 τ.
253 824 300 855 Τὸ,
317 809 532 851 ιΕίσελεύσ-εται
545 809 611 860 (90),
630 825 677 852 καὶ
693 809 822 858 eisiis-tias:

910 826 934 845 c.
953 817 1020 844 lllud
1032 816 1067 850 “,
1083 827 1092 843 ι
1108 817 1290 853 lngredietur,
1305 823 1332 846 et
1344 818 1510 853 egredietur,
1532 823 1559 845 et
1571 826 1671 853 pascua

31 878 91 902 ται,
108 870 155 896 καὶ
171 869 255 905 νομὴν
271 869 392 904 εὑρήσει,
406 878 415 894 ι
430 868 517 904 τούτῳ
530 869 674 905 χρήσιμον.

71 914 229 948 Μνήσθητι
242 913 297 947 τῆς
313 913 492 948 συναγωγῆς
510 922 568 941 σου
588 912 626 948 ἧς
643 914 761 948 ἐκτήσω
777 915 827 941 ἀπ’

31 960 143 994 ἀρχῆς,
158 969 184 987 κ.
201 969 225 986 τ.
241 960 264 992 ὲ.
274 960 405 995 Ζητήσεις
420 959 474 986 ἀπὸ
490 959 569 992 ποίας
582 959 638 996 (91)
653 960 740 996 ἀρχῆς
753 960 829 995 ἐκτή-

33 1015 103 1033 σατο
126 1006 175 1041 τὴν
202 1005 362 1041 συναγωγὴν
388 1005 484 1032 ἑαυτοῦ
503 1007 517 1032 ὁ
541 1005 617 1038 Θεὸς,
638 1007 685 1032 καὶ
702 1006 732 1032 τὸ
750 1007 839 1032 πότε-ο

34 1061 83 1087 ρον
99 1051 261 1088 προγνώσει,
275 1051 291 1086 ἢ
307 1051 404 1083 ἄλλως.
419 1051 463 1081 Τὸ,
483 1061 492 1077 ι
506 1052 549 1078 ἴνα
563 1052 589 1078 τί
602 1062 611 1078 ι
629 1053 698 1088 πρὸς
711 1052 776 1079 Θεὸν
789 1052 829 1079 λε-

31 1099 151 1134 γόμενον
175 1098 338 1130 πευπικῶς,
354 1098 495 1134 αἱτητικόν
515 1099 589 1125 ἐστιν
603 1099 776 1135 ἀποκρίσεως
788 1100 827 1126 δι-

31 1145 188 1180 δασκούσης
205 1145 252 1181 τὴν
273 1145 362 1172 αἰτίαν
382 1146 432 1181 τῆς
448 1145 581 1178 ἀπώσεως
597 1147 644 1173 καὶ
665 1147 714 1182 τῆς
731 1147 826 1182 ὀργῆς-

31 1191 62 1216 τὸ
84 1190 124 1221 δὲ,
154 1200 162 1216 ι
175 1189 315 1225 ὠργίσθης
337 1191 383 1217 ἐπὶ
408 1190 541 1226 πρόϐατα,
554 1201 563 1217 ι
583 1190 627 1218 διὰ
650 1190 763 1226 ἱλασμὸν
780 1190 827 1217 τοῦ

31 1236 211 1273 ὀργιζομένου
226 1236 350 1271 λέγεται·
368 1238 425 1269 τοῖς
444 1237 499 1273 γὰρ
513 1237 551 1269 ὡς
566 1237 689 1272 πρόϐατα
705 1238 828 1273 ἀνοήτοις

33 1282 202 1318 συγγνώμην
216 1283 261 1308 ἐπὶ
274 1283 331 1314 τοῖς
344 1283 383 1314 είς
397 1282 517 1309 διάνοιαν
528 1280 732 1318 ἡμαρτημῖένοις
747 1283 826 1308 αἰτεῖ.

36 1328 122 1356 Ἀλλὰ.
148 1328 195 1355 καὶ
223 1328 419 1363 ἐπιλαθόμενος
441 1328 486 1354 διὰ
508 1328 542 1355 τὰ
568 1328 755 1364 ἁμαρτήματα
779 1328 828 1363 τῆς

32 1374 205 1409 συναγωγῆς,
229 1373 364 1409 μνήσθητι
393 1373 478 1408 αὐτῆς
497 1374 647 1408 γενομένης
674 1374 721 1400 ἀπ’
740 1373 828 1409 ἀρχῆς

32 1422 183 1456 κτήματος.
198 1420 259 1451 Πῶς
272 1419 300 1446 δὲ
317 1429 326 1445 ι
340 1419 386 1446 ἀπ’
396 1419 493 1455 ἀρχῆς,
505 1429 514 1444 ι
528 1419 577 1446 οὑκ
590 1419 761 1454 ἐμφαίνεται,
773 1419 826 1446 οὐδ’

31 1468 66 1494 ἂν
78 1465 111 1498 ἐξ
120 1465 257 1500 Δίγύπτου
268 1467 331 1500 νοῇς
343 1465 427 1500 αὐτὴν
440 1465 536 1500 κτῆσιν
550 1463 690 1499 γεγονέναι
702 1465 780 1492 Θεοῦ.

79 1510 253 1545 Ἐλυτρώσω
259 1510 373 1544 ῥάϐδον
384 1511 586 1545 κληρονομίας
597 1519 663 1538 σου·
675 1511 742 1545 ὅρος
752 1511 830 1538 Σιὼν

30 1558 123 1585 τοῦτο
137 1557 151 1584 ὃ
165 1555 403 1589 κιιτεσκήνωσας
418 1556 453 1582 ἐν
465 1556 555 1589 αὐτῷ,
572 1565 598 1582 κ.
614 1565 639 1583 τ.
657 1557 680 1583 ὲ.
696 1557 830 1592 Ζητήσεις

30 1605 90 1631 εἴτε
190 1603 324 1638 ἐκτήσατο
343 1602 357 1628 ὁ
375 1602 441 1633 Θεὸς
461 1602 524 1636 ὅρος
548 1601 627 1633 Σιὼν,
643 1603 697 1628 εἴτε
716 1602 830 1637 ἐλυτρώ-

31 1658 102 1676 σατο
117 1648 192 1681 αὐτὸ,
219 1647 277 1680 πῶς
292 1647 339 1674 ἀπ’
353 1648 441 1685 ἀωῆς
466 1648 600 1683 ἐκτήσατο
613 1647 629 1682 ἢ
647 1647 827 1683 ὲλυτρώσατο.

31 1696 117 1730 Ζήτει
133 1694 282 1730 μυστικῶς.

68 1742 150 1768 Ὅσα
163 1740 387 1773 ἐπογηρεύσατο
409 1741 425 1766 ό
448 1739 555 1774 ἐχθρὸς
569 1740 604 1766 ἐν
617 1739 657 1772 τῷ
671 1740 744 1775 ἁγίῳ
759 1747 827 1772 σου,

31 1788 83 1815 καὶ
97 1785 344 1821 ὲνεχαυχήσαντο
355 1788 382 1814 ol
393 1785 556 1821 μισοῦντές
571 1794 618 1819 σε,
634 1786 674 1813 ἐν·
678 1785 762 1820 μέσῳ
774 1786 830 1820 τῆς

29 1831 139 1867 ἑορτῆς
158 1841 227 1864 σου,
246 1841 273 1860 κ.
295 1840 321 1858 τ.
340 1832 364 1859 ὲ,
385 1832 423 1858 Οὐ
445 1831 606 1866 τόπου(93),
625 1831 682 1857 ἀλλ’
702 1831 802 1866 ἀρετῆς
814 1830 828 1856 ὁ

29 1880 110 1911 Θεός.
141 1879 172 1905 Ἦ
195 1879 223 1904 δὲ
249 1878 295 1905 τοῦ
320 1878 404 1905 τόπου
433 1878 527 1914 μνήμη
553 1877 597 1904 διὰ
622 1877 829 1912 φιλανθρωπίας

29 1925 146 1952 ἐλπίδα·
160 1923 230 1950 ὥστε
248 1924 313 1955 τοὺς
334 1923 483 1955 ἐπιϐάντας
503 1925 559 1955 τοῖς
580 1923 756 1960 ἀφιερωθεῖσι
769 1923 828 1958 Θεῷ

29 1971 144 2007 χωρίοις
153 1969 314 2005 ἀμείϐεσθαι
335 1978 401 2005 φησι
425 1969 563 2000 τοῦτο,ὅτι
573 1969 587 1996 ὁ
598 1969 675 2004 λόγος
686 1971 700 1996 ὁ
711 1970 829 2005 πονηρὸς

29 2015 131 2051 ἐχθρὸς
150 2016 179 2041 ὲν
197 2016 253 2046 τοῖς
275 2015 363 2049 ἁγίοις
384 2014 452 2041 ἐστί.
471 2015 527 2041 Καὶ
547 2014 594 2041 νῦν
613 2015 794 2051 πονηρεύεται
813 2016 828 2042 ὁ

29 2061 132 2096 ὲχορὸς
153 2061 181 2086 ὲν
194 2059 233 2095 τῷ
248 2060 328 2095 ἁγίῳ,
345 2060 483 2087 τουτέστιν
498 2061 527 2086 ὲν
541 2062 575 2096 τῇ
594 2060 753 2096 Ἑκκλησίᾳ.
773 2062 828 2089 Καὶ

29 2108 80 2135 ἐὰν
96 2106 202 2143 ἐκπέσῃ
215 2115 257 2137 τις
280 2106 335 2132 τῶν
358 2106 459 2141 ἑορτῶν
475 2105 523 2133 τοῦ
544 2105 625 2139 Θεοῦ,
641 2106 828 2142 ὲγκαυχῶνται

880 863 1012 896 inveniet,
1029 872 1038 889 ι
1055 863 1088 890 ad
1103 863 1129 890 id
1143 863 1208 890 utile
1221 867 1273 892 est.

917 909 999 936 Vens.
1025 909 1052 936 Ξ.
1080 908 1184 936 Memor
1206 914 1260 936 esto
1284 911 1498 945 congregationis
1523 915 1575 938 tute
1593 919 1672 946 quam

878 955 1020 990 possedisti
1035 954 1067 982 ab
1082 955 1168 987 initia,
1185 959 1238 982 etc.
1255 954 1368 988 Quaeres
1382 963 1396 982 a
1411 963 1465 991 quo
1488 957 1566 984 initio
1581 964 1674 991 posse-

879 1002 917 1028 dit
932 1001 1169 1036 congregationem
1183 1008 1260 1028 suam
1280 1001 1359 1034 Deus,
1390 1009 1423 1029 an
1438 1002 1619 1037 pra-scientia,
1639 1009 1672 1029 an

880 1047 970 1074 aliter.
989 1047 1066 1081 Illud,
1088 1056 1097 1072 ι
1115 1052 1143 1074 ιιι
1159 1047 1225 1082 quid
1240 1057 1250 1074 ι
1270 1048 1304 1076 ad
1319 1048 1403 1075 Deum
1422 1048 1618 1083 interrogative
1632 1048 1674 1074 di-

880 1099 964 1127 ctum,
979 1093 1100 1129 postulat
1115 1102 1286 1129 responsum,
1303 1102 1356 1129 quo
1381 1094 1512 1122 doceatur
1535 1102 1617 1122 causa
1632 1101 1675 1121 re-

880 1141 1014 1176 pulsionis
1043 1145 1071 1168 et
1100 1140 1165 1174 ine;
1198 1141 1268 1168 istud
1293 1148 1370 1173 vero,
1393 1149 1402 1166 ι
1429 1139 1518 1167 Iratus
1546 1147 1576 1167 es
1589 1147 1672 1173 super

879 1193 955 1219 ores,
973 1195 984 1212 ι
1001 1190 1111 1221 propter
1130 1186 1349 1214 misericordiam
1372 1185 1518 1213 irascentis
1544 1185 1669 1212 dicitur:

880 1239 941 1259 nam
957 1231 991 1260 iis
1004 1232 1051 1266 qui
1066 1232 1138 1260 sicut
1149 1239 1214 1259 oves
1234 1232 1395 1267 insipientes
1419 1236 1483 1259 sunt
1498 1232 1607 1259 veniam
1625 1239 1674 1266 pro

880 1278 1043 1313 insipientia
1058 1279 1177 1313 peccatis
1190 1278 1267 1313 petit.
1295 1277 1346 1311 Qui
1369 1277 1594 1313 congregationis
1621 1281 1674 1305 tuae

879 1325 979 1353 oblitus
994 1332 1024 1353 es
1039 1330 1150 1359 propter
1169 1330 1291 1359 peccata,
1307 1332 1411 1352 memor
1427 1330 1486 1352 esto
1500 1324 1584 1355 illius,
1612 1331 1673 1359 quae

880 1370 914 1397 ab
937 1370 1014 1397 initio
1047 1371 1118 1398 facta
1136 1374 1178 1397 est
1205 1370 1341 1405 possessio
1373 1375 1426 1396 tua.
1445 1369 1588 1403 Quomodo
1605 1378 1615 1395 ι
1638 1369 1672 1396 ab

881 1413 969 1446 initio,
986 1423 995 1439 ι
1016 1421 1069 1440 non
1085 1413 1241 1441 declaratur
1258 1423 1265 1441 :
1281 1422 1370 1449 neque
1397 1413 1420 1441 si
1447 1422 1479 1440 cx
1493 1413 1612 1449 Aigypto
1628 1421 1674 1441 co-

842 1478 864 1505 c
881 1460 950 1495 gites
965 1460 1052 1494 ipsam
1072 1459 1172 1487 factam
1192 1468 1253 1488 esse
1267 1460 1467 1495 possessionem
1486 1460 1543 1487 Dei.

916 1505 981 1532 lmn.
1006 1505 1149 1532 Redemiin
1177 1507 1277 1541 virgam
1303 1507 1466 1533 Iucunditatis
1493 1512 1574 1533 tuaa:
1599 1514 1674 1534 mam

881 1551 958 1585 Sion,
973 1552 1000 1578 in
1012 1560 1064 1587 quo
1077 1552 1202 1579 Imbitasti
1214 1552 1241 1579 in
1255 1561 1297 1586 eo,
1316 1557 1369 1580 etc.
1387 1552 1451 1580 Sive
1468 1557 1588 1580 montem
1606 1552 1672 1580 Sion

881 1599 1033 1633 possederit
1058 1599 1139 1631 Deus,
1167 1598 1225 1639 sive
1243 1598 1406 1632 redemerit,
1421 1606 1526 1633 qmeres
1537 1599 1674 1634 qttomodo

880 1644 914 1671 ab
927 1645 1003 1671 initio
1025 1644 1176 1679 possederit
1191 1634 1233 1673 νὲι
1248 1644 1405 1684 redemerit.
1428 1644 1533 1680 Quaere
1548 1645 1672 1680 mystice.

918 1737 1000 1766 Vens.
1014 1737 1042 1764 3.
1059 1737 1166 1771 Quanta
1192 1738 1352 1772 maliguattts
1372 1743 1410 1764 est
1435 1738 1556 1765 inimicus
1569 1739 1596 1765 in
1612 1747 1673 1766 san-

880 1789 934 1817 cto,
947 1789 970 1810 et
985 1783 1094 1818 gloriati
1111 1788 1171 1813 sunt
1188 1784 1232 1816 qui
1246 1784 1355 1810 oderunt
1381 1788 1405 1810 te
1416 1802 1423 1816 ,
1447 1783 1474 1810 in
1498 1784 1582 1810 medio
1609 1787 1674 1811 sale-

880 1830 1002 1858 mm‘talis
1021 1835 1084 1863 tute,
1099 1834 1153 1857 etc.
1169 1829 1228 1856 Non
1245 1829 1309 1861 loci,
1330 1829 1377 1856 sed
1390 1829 1501 1856 Virtutis
1524 1830 1595 1857 Deus
1619 1834 1672 1857 est.

880 1877 943 1905 Loci
962 1882 1049 1905 autem
1064 1876 1288 1905 commemoratio
1299 1875 1329 1902 lit
1341 1875 1376 1903 ob
1390 1883 1465 1910 spem
1483 1875 1672 1910 benignitatis,

881 1923 964 1950 itaut
987 1923 1033 1957 qui
1055 1923 1088 1950 ad
1109 1922 1166 1950 loca
1183 1922 1239 1951 Deo
1263 1926 1425 1951 consecrata
1442 1920 1604 1953 ascendunt,
1627 1930 1672 1949 re~

880 1969 1043 2003 spondeam,
1067 1969 1164 2003 inquit,
1192 1976 1347 1996 sermonem
1369 1969 1469 1996 malum
1487 1968 1625 1995 inimicum
1645 1967 1671 1994 in

881 2015 983 2042 sanctis
997 2023 1067 2042 esse.
1092 2015 1125 2042 Et
1145 2023 1215 2043 nunc
1241 2016 1405 2050 malignatur
1418 2015 1548 2042 inimicus
1563 2014 1590 2041 in
1607 2022 1671 2041 san-

880 2066 936 2093 cto,
952 2061 1001 2088 hoc
1023 2061 1103 2096 765
1118 2066 1160 2089 est
1179 2062 1206 2089 in
1223 2062 1355 2090 Ecclesia.
1381 2061 1415 2088 Et
1442 2061 1465 2088 si
1484 2061 1546 2096 quis
1565 2068 1580 2087 a
1598 2060 1671 2087 sole-

881 2106 1040 2134 mnitatibus
1066 2107 1113 2134 Dei
1141 2107 1285 2139 exciderit,
1306 2107 1459 2142 gloriantur
1480 2106 1525 2140 qui
1553 2106 1671 2132 oderunt

29 2156 54 2181 οἱ
72 2153 216 2189 μισοῦντες
227 2153 272 2179 τὸν
285 2152 403 2188 Χριστὸν
417 2153 464 2179 καὶ
476 2152 653 2188 ἀναιροῦντες
666 2153 758 2187 αὑτὸν,
773 2154 822 2181 εἴτε

908 2153 1019 2181 hristum
1039 2158 1066 2180 et
1082 2152 1249 2180 interficiunt
1265 2153 1352 2186 illum,
1377 2153 1435 2180 sive
1459 2152 1586 2187 populus,
1614 2152 1671 2180 sive

28 2202 44 2228 ὸ
58 2200 136 2232 λαὸς,
154 2199 208 2225 εἴτε
225 2199 252 2225 al
268 2198 454 2233 ἀντικείμεναι
469 2199 607 2234 δυνάμεις.

72 2246 122 2278 Ὠς
135 2245 170 2271 ἐν
181 2243 283 2279 δρυμῷ
293 2244 393 2276 ξύλων
402 2244 521 2278 ἀξίναις
539 2245 693 2280 ἐξέκοψαν
708 2246 762 2280 τὰς
776 2247 828 2274 θύ-

25 2300 85 2326 ρας
99 2290 207 2324 αὐτῆς,
226 2299 255 2318 κ,
270 2299 296 2316 τ.
311 2290 335 2316 ὲ.
357 2290 450 2317 Ταῦτα
463 2290 552 2318 πάντα
569 2291 625 2326 (94)
647 2292 826 2328 πεπλήρωται

28 2338 58 2364 ἐν
84 2337 120 2372 τῇ
148 2336 203 2362 τῶν
234 2336 428 2371 Ἰεροσολύμων
451 2336 567 2368 ἁλώσει,
599 2337 694 2374 ὥσπερ
732 2338 825 2374 Ἰώση-

29 2392 82 2414 πος
106 2383 208 2417 ἱστορεῖ
237 2381 339 2408 καθένα
367 2382 547 2417 διηγούμενος
577 2383 632 2410 τῶν
663 2385 825 2420 πεπραγμέ-

28 2437 85 2454 νων
90 2449 95 2453 .

73 2473 273 2506 Ἑνεπύρισαν
289 2473 324 2499 ὲν
344 2473 416 2507 πιψὶ
436 2473 468 2500 τὸ
494 2474 689 2509 ἁγιαστήριόν
705 2483 763 2503 σου
781 2478 825 2510 εις

27 2521 90 2554 τὴν
107 2519 176 2554 τῆν’
196 2519 387 2551 ἐϐεῧήλωσαν
405 2519 438 2545 τὸ
454 2519 599 2555 σκήνωμα
613 2521 666 2548 τοῦ
682 2521 826 2556 ὀνόματός

29 2575 65 2593 σε
74 2575 102 2598 v,
124 2573 151 2591 κ.
168 2573 194 2590 τ.
214 2565 237 2591 ὲ.
258 2565 394 2600 Σκήνωμα
410 2565 457 2592 τοῦ
474 2566 605 2601 ὀνόματος
624 2567 679 2602 (95)
693 2568 740 2594 τοῦ
758 2568 825 2596 Θεοῦ

28 2612 108 2638 ἐστιν
124 2611 138 2637 ὁ
153 2610 225 2642 νοῦς,
243 2611 316 2642 ὅστις
335 2610 505 2646 βεϐηλοῦται,
519 2613 612 2647 γήϊνος
629 2613 689 2639 ἀντὶ
712 2614 826 2649 ἐπουρα-

28 2658 88 2683 νίου
100 2655 256 2691 γενόμενος.

68 2704 91 2719 "-
104 2703 183 2730 Joan.
197 2711 223 2735 ι,
243 2705 269 2730 9.

69 2748 126 2784 (89)
148 2749 195 2782 Ὠς
209 2750 284 2782 πρὸς
296 2749 329 2775 τὸ
339 2749 445 2783 ῥητόν,
455 2754 509 2778 etc.
523 2749 544 2776 E
553 2749 648 2778 codice
658 2749 826 2777 Coisliniauo

30 2785 192 2887 δωῶίίῖιᾶῖὸ,
209 2820 431 2850 Εὶοελεύσεται,
448 2823 502 2846 etc.
524 2819 559 2846 Ex
578 2820 683 2847 eodem.

68 2855 110 2887 (9|
143 2853 290 2887 Ζητήσεις
310 2853 370 2881 ἀπὸ
384 2854 483 2886 ποίας,
500 2860 553 2881 etc.
568 2855 606 2881 Ex
624 2855 683 2882 eodt

68 2853 126 2887 (9|)
143 2853 290 2887 Ζητήσεις
310 2853 370 2881 ἀπὸ
384 2854 483 2886 ποίας,
500 2860 553 2881 etc.
568 2855 606 2881 Ex
624 2855 730 2883 eodem.

70 2889 126 2925 (32)
144 2888 292 2923 Ζητήσεις
307 2889 377 2922 εἴτε,
392 2894 445 2916 etc.
463 2889 502 2916 Ex
518 2890 624 2918 eodem.

882 2200 1044 2227 adversaria:
1060 2205 1218 2234 potestates.

916 2243 1000 2272 Vens.
1029 2244 1087 2272 5‘6.
1117 2243 1200 2277 Quasi
1225 2245 1253 2272 in
1278 2245 1342 2271 silva
1372 2244 1505 2279 lignorum
1537 2245 1671 2272 securibus

880 2291 1034 2318 exciderunt
1042 2291 1144 2325 jamms
1160 2290 1227 2324 ejus,
1242 2295 1295 2318 etc.
1310 2290 1371 2318 Haec
1382 2291 1473 2318 omnia
1485 2291 1594 2326 impleta
1606 2295 1670 2318 sunt

880 2336 906 2363 in
922 2336 1098 2372 Jcrosolymaa
1111 2339 1323 2373 expugnatione,
1347 2338 1575 2372 quemadmodum
1607 2345 1670 2364 nar—

882 2389 924 2411 rat
935 2383 1069 2419 Josephus
1083 2385 1128 2419 qui
1143 2385 1302 2420 singillatim
1318 2393 1361 2412 res
1376 2388 1468 2419 gestas
1482 2384 1667 2419 persequitur.

917 2473 998 2500 νειιε.
1013 2473 1041 2500 7.
1059 2471 1238 2499 lucemlerunt
1265 2473 1320 2508 igni
1343 2474 1526 2501 sanctuarium
1544 2479 1618 2500 tuum
1641 2473 1669 2500 in

880 2525 969 2551 terra;
990 2519 1141 2554 polluerunt
1167 2519 1367 2546 tabernaculum
1393 2519 1508 2546 nominis
1533 2519 1582 2551 tui,
1614 2522 1668 2546 etc.

881 2564 1098 2593 'l‘abcrnaculum
1117 2563 1236 2592 nominis
1261 2565 1307 2593 Dei
1323 2569 1364 2593 est
1381 2572 1467 2598 mens,
1496 2572 1557 2600 qua:
1571 2564 1669 2600 pollui-

881 2617 925 2638 tur
937 2619 998 2640 cum
1011 2619 1060 2645 pro
1073 2610 1178 2638 ccelesﬁ
1193 2611 1224 2638 tit
1237 2616 1356 2640 terrena.

916 2747 1022 2781 (95)οὺ
1041 2751 1144 2776 τόπου,
1161 2753 1212 2774 elc.
1227 2747 1265 2774 Ex
1278 2747 1382 2775 eodem.

914 2782 969 2818 (94)
993 2782 1088 2809 Ταῦτα
1108 2782 1215 2814 πάντα,
1229 2788 1282 2810 etc.
1297 2782 1318 2809 E
1330 2782 1423 2810 codice
1436 2781 1547 2811 Coislin.
1566 2784 1663 2818 primo,

877 2823 903 2846 et
918 2817 1027 2844 scltedis
1039 2817 1143 2851 Grnbii.

908 2852 965 2886 (95)
979 2851 1130 2889 Σκήνωμα
1138 2853 1191 2880 τοῦ
1207 2853 1363 2889 ὀνόματος,
1377 2858 1433 2882 etc.
1453 2853 1490 2881 Ex
1505 2853 1600 2882 eodem
1616 2861 1663 2882 co-

873 2888 932 2915 dice
947 2893 974 2914 et
987 2888 1095 2916 schcdis
1111 2888 1217 2916 Grabli.
