1889 3052
57 129 125 157 155³5

517 129 672 156 SELECTA
693 129 725 156 IN
746 129 915 158 PSALMOS.
935 147 966 152 —
987 131 1084 161 PSAL.
1104 133 1220 161 LXXIV.

1622 140 1690 168 1554

54 188 115 220 ἕως,
133 197 143 216 ι
161 187 226 222 ὅλην
240 188 290 224 τὴν
301 188 418 224 ἡμέραν.
441 197 450 216 t
469 189 526 215 Οὺκ
540 187 612 221 εἷπε,
625 189 675 225 τὴν
689 190 766 225 δίκην
779 199 831 225 μου

925 192 932 218 Ι
956 191 1030 224 illud,
1049 201 1059 217 ι
1082 197 1137 220 tota
1164 194 1218 220 die.
1238 203 1248 220 ι
1266 193 1325 222 Non
1353 195 1432 228 dixit,
1461 203 1570 224 causam
1588 205 1687 232 meam,

53 235 120 263 ἀλλὰ
134 245 143 261 ι
156 235 207 270 τὴν
221 235 300 271 δίκην
320 244 378 263 σου.
403 245 412 261 ι
438 236 509 270 Ἐγὼ
526 237 576 272 μὲν
593 237 658 272 γὰρ,
680 238 757 272 φησι,
776 237 846 264 ἐνδί-

53 290 108 313 κως
131 281 260 316 ὑπομένω
275 281 377 308 ταῦτα·
400 281 499 309 ἐκεῖνοι
516 282 545 310 δὲ
569 283 669 314 πολλὰς
691 283 845 318 ὲτόλμησαν

53 326 123 354 κατὰ
141 326 190 353 σοῦ
216 326 401 362 βλασφημίας.
425 327 473 358 Εἰς
496 327 548 362 τὴν
571 328 625 354 τῶν
645 328 845 363 ἀπατησάντων

52 373 97 400 τὸν
113 372 177 399 λαὸν
191 373 326 408 τιμωρίαν
340 373 494 409 διανίστησι
510 375 558 402 τὸν
576 374 652 400 Θεόν.
680 374 715 400 Ἣ
737 373 784 401 καὶ
802 372 846 400 οὕ-

51 426 115 450 τως·
137 418 281 453 Μνήσθητι
302 419 352 454 τῆς
383 419 523 455 συνθήκης
555 428 603 447 σου
621 419 714 451 αὐτοῖς
733 418 778 446 διὰ
796 418 844 445 τοῦ

52 462 169 499 Χριστοῦ
186 463 386 499 δεδωρημένης.
406 465 437 491 Ei
452 465 507 500 γὰρ
521 465 569 492 καὶ
584 465 619 492 τὰ
633 465 751 501 μάλιστα
764 465 844 500 γεγό-

51 510 112 536 νασί
126 518 197 541 τινες
207 510 395 546 ἐσκοτωμένοι
407 511 457 547 τὴν
468 511 598 543 διάνοιαν,
622 512 669 538 καὶ⁹
689 512 771 538 οἴκων
783 511 844 538 dvo-

52 554 122 590 μιῶν
147 554 357 591 πεπληρωμένοι
380 557 405 583 οἱ
419 557 457 593 μὴ
475 556 688 592 καταδεξάμενοι
710 557 756 583 τὸν
775 556 843 592 Χρι-

51 600 112 626 στόν
127 608 185 632 σου,
202 600 270 627 ἀλλὰ
287 601 319 628 σύ
337 610 369 636 γε
382 602 420 634 ὡς
439 602 507 634 Θεὸς
521 602 575 630 τῶν
593 603 647 630 σῶν
669 601 785 637 πτωχῶν
805 602 843 638 μὴ

49 646 228 683 ἀποστραφῇς
250 648 300 679 τὰς
317 648 432 680 ἱκεσίας.
457 648 566 684 Ἐπειδὴ
588 648 639 683 οὐχ
656 649 736 684 ἡμεῖς
751 648 844 684 ἠδική-

51 691 130 726 μιθα,
144 692 214 721 ἀλλὰ
226 693 321 729 σὺ,(σὲ
341 694 396 730 γὰρ
406 693 544 722 ὠνείδισεν
555 695 570 721 ὸ
583 694 692 730 ἐχθρὸς,
714 694 762 721 καὶ
778 693 843 725 λαὸς

48 739 143 775 ἄφρων
161 739 306 775 παρώξυνε
316 748 322 756 ’
336 740 346 776 )
360 741 456 768 τούτου
471 741 553 777 χάριν
575 741 724 776 «ἀνάστηθι
745 740 792 767 καὶ
803 739 842 767 δί-

48 791 132 810 κασον
146 785 197 820 τὴν
207 785 285 819 δίκην
300 793 358 812 σου.
383 795 394 812 ›

85 830 141 857 Τοῦ
167 831 270 858 αὐτοῦ.
297 831 355 859 Νῦν
376 831 481 868 ἄφρονα
504 831 542 867 (6)
568 831 614 858 τὸν
636 830 759 858 διάϐολον
785 830 842 856 ὀνο-

51 876 141 912 μάξει-

331 968 477 995 ΨΑΛΜΟΣ
496 970 554 995 ΟΔ’.

81 1014 134 1046 Εἰς
153 1013 185 1040 τὸ
197 1013 294 1047 τέλος,
306 1014 349 1049 μὴ
360 1014 542 1049 διαφθείρῃς,
565 1014 687 1049 ψαλμὸς
800 1011 840 1045 τῷ

53 1059 153 1094 Ὰσὰφ,
169 1068 195 1086 κ.
208 1068 233 1086 τ.
250 1060 273 1087 ε.
287 1059 444 1095 Γέγραπται
460 1061 488 1086 ὲν
500 1061 534 1096 τῇ
550 1059 645 1096 πρώτῃ
662 1060 701 1094 (7)
714 1059 768 1086 τῶν
783 1060 836 1086 Βα-

47 1105 164 1132 σιλειῶν·
179 1114 188 1130 ι
206 1105 260 1132 Καὶ
272 1102 332 1131 εἷπε
345 1104 426 1131 Δαυῒδ
442 1105 510 1140 πρὸς
529 1104 649 1132 Ἀσεσαῖ’
663 1103 709 1139 Μὴ
719 1104 839 1138 διαφθεί-

47 1159 96 1188 ρῃς
111 1150 206 1184 αὑτὸν,
226 1160 235 1177 ι
252 1150 372 1186 δηλονότι
394 1151 440 1177 τὸν
454 1150 550 1178 Σαούλ·
569 1150 642 1186 ἆπερ
660 1151 712 1186 δρα
731 1152 755 1178 εί
773 1151 839 1186 χρή-

47 1199 114 1233 σιμά
127 1199 188 1224 ἐστι
203 1197 272 1232 πρὸς
284 1196 334 1233 τὴν
349 1198 515 1234 ἐπιγραφήν.

86 1243 384 1278 Ἐξομολοτ-ησόμεθά
401 1250 460 1275 σοι,
478 1245 494 1271 d
512 1244 594 1277 Θεὸς,
618 1244 839 1279 ἐξοιωλογησό-

44 1291 127 1323 pelia,
141 1288 191 1315 καὶ
212 1288 453 1323 ἐπικαλεσόμεθα
474 1289 507 1316 τὸ
527 1288 622 1324 ὄνομά
638 1297 708 1322 σου,
724 1298 752 1316 κ.
769 1298 794 1316 τ.
813 1289 837 1316 ὲ.

52 1332 82 1360 Ἦ
99 1335 128 1360 ὲν
141 1333 253 1368 Χριστῷ
268 1332 306 1368 (8)
335 1333 483 1369 Ἐκκλησία
495 1335 558 1366 τοὺς
572 1334 619 1361 δύο
634 1335 742 1370 στίχους
753 1334 836 1369 λέγει.

80 1378 264 1413 Διηγήσομαι
295 1378 394 1406 πάντα
420 1380 456 1407 τὰ
479 1379 631 1414 θαυμάσιά
657 1389 727 1408 σου.
750 1381 838 1408 ὀταν

44 1423 123 1451 λάϐω
145 1425 260 1458 καιρὸν,
274 1433 300 1452 κ.
316 1434 342 1452 τ.
365 1426 388 1452 ἐ.
420 1425 449 1452 ὐ
473 1425 621 1461 Σύμμαχος
647 1426 694 1461 (9)·
720 1435 730 1452 ο
753 1426 838 1453 "Orant

43 1469 117 1497 λάὸω
128 1470 182 1506 τὴν
196 1471 366 1506 συναγωγήν.
385 1480 394 1496 ›
413 1471 506 1502 Ὅταν,
518 1472 612 1506 φησὶν,
629 1470 833 1506 ἐπανέλθωμεν,

44 1515 89 1542 καὶ
101 1516 144 1548 εἰς
157 1515 203 1542 τὸν
219 1517 292 1552 ἱερόν
309 1525 357 1545 σου
376 1517 615 1552 συναθροισθῶμεν
629 1517 703 1549 ναὸν,
723 1517 783 1545 τότε
807 1526 836 1545 σε

43 1563 164 1598 ἐννόμως
183 1563 352 1599 ὑμνήσομεν
376 1564 423 1591 καὶ
441 1564 492 1596 τὰς
516 1565 566 1595 σὰς
589 1564 752 1599 εὐεργεσίας
773 1564 837 1595 τοὺς

42 1609 206 1643 ἀγνοοῦντας
231 1609 387 1645 διδάξομεν·
409 1611 512 1642 ἐκεῖνος
536 1611 590 1646 γὰρ
614 1611 680 1646 ἡμῖν
705 1611 720 1637 ὁ
742 1611 837 1648 καιρὸς

42 1655 119 1682 τοῦτο
135 1656 224 1682 ποιεῖν
239 1656 391 1691 ἐπιτρέψει.
404 1656 496 1688 Οὕτως
507 1655 525 1683 ἃ
537 1656 620 1692 ἐχρῆν
631 1657 694 1687 τοὺς
709 1656 738 1683 ὲν
750 1656 838 1683 Βαὸυ-

42 1699 106 1727 λῶνι
118 1700 303 1736 δορυαλώτους
313 1701 434 1733 διδάξας,
450 1701 623 1728 ὑποδείκνυσι
633 1702 681 1729 τὸν
692 1701 759 1729 Θεὸν
769 1702 839 1738 πρὸς

42 1746 90 1778 τὰς
104 1747 292 1782 γεγενημένας
307 1747 473 1781 ἐπαγγελίας
493 1747 714 1783 ἀποκρουόμενον
733 1748 780 1774 καὶ
795 1747 837 1775 λέ-

42 1800 138 1826 γοντα·
158 1801 168 1818 t
195 1792 265 1826 Ἐγὼ
284 1792 435 1828 εὐθύτητας
450 1793 546 1829 κρινῶ.
561 1802 570 1818 ι
584 1793 656 1828 Ὅρα
664 1793 753 1820 τοίνυν
762 1794 786 1819 εἰ
799 1793 836 1829 μὴ

41 1837 83 1865 διὰ
93 1838 197 1866 τούτων
204 1839 218 1866 ὁ
226 1839 322 1874 Σωτὴρ
328 1839 378 1871 τὰς
389 1838 492 1870 οἰκείας
502 1838 642 1874 ἐνεργείας
647 1838 776 1870 διδάσκει,
787 1839 836 1875 τὴν

41 1884 85 1911 τοῦ
94 1884 202 1921 Πατρὸς
209 1885 314 1917 διεξιὼν
322 1885 471 1919 θεολογίαν.
479 1885 548 1921 Φησὶ
555 1884 630 1919 γοῦν·
644 1894 652 1910 ι
666 1885 836 1920 Διηγήσομαι

40 1930 73 1957 τὰ
96 1931 237 1966 θαυμάσια
254 1939 312 1963 σου,
331 1932 345 1958 ὁ
364 1931 441 1963 Θεὸς,
462 1931 527 1958 ὅταν
542 1930 619 1957 λάϐω
642 1930 691 1966 τὴν
713 1939 836 1965 συναγω-

40 1977 101 2012 γὴψ
126 1987 136 2002 ι
163 1977 360 2011 ἐπαγγέλλεται
378 1977 443 2013 γὰρ,
466 1970 563 2012 καιροῦ
584 1977 736 2013 ἐπιτηδείου
757 1977 836 2004 λαϐό-

41 2032 131 2057 μενος,
146 2023 236 2050 πάντα
258 2023 292 2050 τὰ
310 2023 436 2058 θαύματα
451 2024 498 2050 τοῦ
521 2024 627 2060 Πατρὸς
641 2024 833 2059 διηγήσασθαι.

39 2068 218 2104 Δικαιοσύνης
241 2069 270 2096 δὲ
294 2069 340 2096 καὶ
361 2070 508 2105 εὐθύτητος
528 2069 607 2105 ἔργον
630 2070 660 2096 τὸ
684 2072 721 2105 μὴ
738 2070 835 2104 μόνους

45 2115 189 2148 Ἰουδαίους
209 2115 381 2151 προσίεσθαι,
397 2115 455 2142 ἀλλ’
477 2116 506 2149 ἐξ
526 2115 652 2142 ἁπάντων
673 2115 758 2142 ἐθνῶν
784 2116 834 2151 τὴν

38 2160 154 2197 ἐκλογὴν
172 2162 308 2190 ποιεῖσθαι
321 2161 376 2188 τῶν
391 2161 564 2196 σωζομένων.

79 2205 189 2241 Ἑτάκη
203 2207 223 2242 ἡ
241 2206 280 2242 ri;
300 2206 350 2234 καὶ
365 2206 476 2239 πάντες
491 2208 519 2234 οι
540 2206 750 2239 κατοικοῦντες
778 2207 833 2233 αὐ-

37 2253 104 2286 τὴν,
123 2262 152 2280 κ.
166 2261 192 2279 τ.
208 2253 231 2279 ὲ.
248 2253 301 2288 Γῆν
319 2252 394 2286 λέγει
408 2252 463 2286 (l0)
479 2251 528 2288 τὴν
547 2251 627 2286 φύσιν
646 2251 694 2296 τῂν
710 2251 831 2287 λογικὴν,
849 2268 871 2296 D

36 2299 97 2334 ἥτις
112 2299 199 2335 ἐτάκη
211 2299 265 2326 ἀπὸ
279 2298 363 2334 πυρὸς
378 2298 426 2326 τοῦ
442 2297 627 2333 πνευματικοῦ
637 2297 651 2324 ὃ
661 2295 726 2332 ἦλθε
741 2297 831 2332 βαλεῖν

35 2345 50 2371 θ
66 2346 165 2381 Σωτὴρ
178 2345 288 2380 Eni-1i:
304 2345 366 2380 γῆς·
384 2343 467 2378 Τῆξις
479 2343 507 2370 δέ
519 2344 576 2370 ὲσπι
589 2343 727 2379 χωρισμὸς
742 2343 832 2378 ψυχῆς

35 2389 90 2416 ἀπὸ
104 2391 222 2422 κακίας’
248 2390 303 2425 πῦρ
323 2390 352 2416 δέ
372 2391 430 2416 ἐστι
453 2390 547 2425 νοητὸν
569 2389 726 2416 διδασκαλία
751 2397 830 2415 πνευ-

36 2436 143 2472 ματικὴ
157 2436 204 2465 τοῦ
221 2436 365 2472 Σωτῆρος,
383 2435 521 2473 φθαρτικὴ
543 2435 642 2466 κακίας
669 2435 716 2462 καὶ
740 2434 829 2469 ἀγνω-

36 2482 108 2514 σίας.

76 2527 150 2562 Ἐγὼ
173 2527 342 2562 ἐστερέωσιι
364 2528 435 2561 τοὺς
449 2529 582 2561 στύλους
596 2527 701 2564 αὐτῆς,
718 2537 744 2555 κ.
759 2537 784 2556 τ.
802 2529 827 2557 ἑ.

37 2582 46 2599 ι
61 2573 117 2600 Καὶ
133 2574 245 2608 γνόντας
259 2575 316 2613 (ll)
335 2575 385 2611 τὴν
406 2576 498 2611 χάριν,
512 2575 594 2610 φησὶν
609 2576 624 2602 ό
644 2575 805 2608 ’Δπόστολος
819 2596 825 2608 ,

70 2654 93 2669 ⁸⁸
109 2653 196 2689 lReg.
213 2663 286 2686 xx",
302 2656 328 2683 9.
365 2655 386 2671 "
401 2655 488 2683 Galat.
508 2662 536 2686 il,
549 2654 576 2681 9.

69 2722 109 2756 (6)
127 2722 191 2750 Νῦν
203 2724 330 2758 ἄφρονα.
347 2729 400 2751 etc.
414 2724 538 2752 Ecodice
548 2723 716 2751 Coisliniano
725 2725 821 2758 primo.

71 2757 110 2798 (7)
129 2757 296 2798 Γέγραπται
310 2759 346 2785 ἐν
358 2759 396 2794 τῇ
407 2758 518 2794 πρώτῃ,
530 2765 583 2786 etc.
599 2759 619 2786 Ε
636 2759 731 2787 codice
744 2760 823 2789 Cois-

35 2792 140 2820 liniano
161 2792 291 2820 secundo.

69 2827 110 2860 (8)
132 2828 165 2854 Ἠ
179 2829 214 2854 ἐν
226 2829 352 2862 Χριστῷ,
371 2834 424 2857 etc.
442 2829 480 2856 Ex
496 2829 602 2857 eodem.

69 2861 111 2898 (9)
134 2862 163 2888 '0
182 2861 340 2900 Σύμμαχος
357 2870 410 2892 etc.
425 2864 465 2893 Ex
475 2864 581 2892 eodem.

898 237 947 264 sed
961 246 970 263 ι
990 244 1100 265 causam
1118 243 1202 266 luam.
1219 248 1228 264 ι
1248 240 1303 275 Ego
1315 240 1401 274 enim,
1426 241 1524 276 inquit,
1539 241 1613 276 justc
1629 243 1688 271 haec

896 282 1036 316 sustineo;
1051 283 1089 311 illl
1106 291 1171 311 vero
1185 285 1285 313 multas
1308 291 1404 313 contra
1431 291 1456 314 te
1469 288 1527 314 ausi
1548 293 1612 316 sunt
1624 297 1688 323 pro-

897 326 969 354 ferre
981 327 1176 363 blasphemiae.
1191 330 1231 357 Ad
1248 330 1414 365 supplicium
1426 339 1522 359 eorum
1537 341 1584 368 qui
1600 340 1686 367 popu-

896 372 952 400 lum
981 374 1157 408 deceperuut,
1190 375 1274 404 Deum
1300 377 1413 404 excitat.
1445 377 1494 405 Vel
1519 379 1602 406 etiam
1619 380 1685 407 sic:

897 418 1001 447 Memor
1012 424 1072 447 esto
1096 421 1254 449 testamenti
1272 422 1310 449 tui
1329 423 1402 458 quod
1424 423 1465 450 eis
1480 431 1529 458 per
1546 423 1686 452 Christum

895 463 989 492 datum
1005 470 1058 493 est.
1075 465 1132 494 Etsi
1148 466 1221 494 enim
1244 467 1368 495 nonnulli
1394 473 1485 496 mente
1502 473 1566 496 sunt
1593 469 1686 496 admo-

894 508 959 537 dum
987 510 1144 543 obscurati,
1179 516 1208 539 et
1229 511 1356 539 domibus
1392 512 1565 548 iniquitatem
1591 514 1686 548 repleti

895 559 970 586 sunt,
985 556 1031 590 qui
1045 555 1186 584 Christum
1211 564 1265 584 non
1294 562 1473 593 receperunt,
1498 563 1686 587 verumtamen

895 603 923 627 tu
937 604 968 627 ut
981 599 1052 628 Deus
1064 607 1215 636 pauperum
1235 606 1343 629 tuorum
1369 609 1464 636 preces
1480 610 1514 630 ne
1540 603 1684 638 despicias.

894 645 1027 678 Quoniam
1053 654 1107 673 non
1137 654 1188 674 nos
1212 646 1311 681 injuria
1328 647 1419 676 nﬂ'ceti
1445 655 1556 681 sumus,
1581 650 1629 676 sed
1657 654 1686 676 tu

894 691 955 726 (tibi
970 691 1043 718 enim
1060 691 1257 727 improperavit
1273 693 1413 728 inimicus,
1430 698 1459 722 et
1471 698 1498 721 te
1513 694 1630 729 populus
1645 695 1687 722 in-

893 736 996 771 sipiens
1007 737 1208 773 exacerbavit),
1224 743 1369 774 propteres
1388 748 1398 766 l
1420 745 1539 774 exsurge
1552 744 1579 767 et
1593 739 1685 775 judica

893 791 1003 811 causam
1017 789 1101 811 tuam.
1119 793 1128 810 Ι

930 828 1070 863 Ejusdem.
1085 829 1262 864 Iusipientem
1289 829 1341 858 hoc
1363 829 1424 858 loco
1441 829 1576 858 diabolum
1593 835 1683 859 vocat.

1139 962 1300 992 PSALMUS
1320 963 1438 992 LXXlV.

927 1010 1009 1038 Vens.
1029 1011 1053 1037 l.
1074 1009 1106 1037 In
1117 1010 1208 1044 ﬁnem,
1222 1018 1254 1037 ne
1270 1018 1435 1046 corrumpas,
1457 1014 1573 1045 psalmus
1588 1013 1685 1039 cantici

890 1057 989 1091 Amph,
1016 1061 1070 1084 etc.
1088 1056 1225 1090 Scriptum
1255 1061 1296 1084 est
1317 1057 1343 1083 in
1370 1057 1437 1084 libro
1464 1057 1552 1092 primo
1577 1057 1686 1093 Regno-

891 1112 951 1131 rum
964 1103 987 1119 “
1003 1112 1011 1131 :
1028 1112 1038 1128 ι
1055 1103 1087 1130 Et
1101 1103 1170 1131 dixit
1195 1102 1281 1131 David
1301 1104 1336 1131 ad
1359 1104 1464 1137 Abisai,
1483 1103 1522 1131 Ne
1542 1104 1684 1139 disperdas

891 1151 977 1182 illum,
992 1159 1003 1176 ι
1022 1150 1148 1178 videlicet
1179 1150 1255 1178 Saul.
1285 1150 1351 1184 Quae
1364 1150 1426 1178 vide
1452 1158 1486 1178 an
1501 1150 1564 1178 huic
1586 1151 1685 1179 inscri-

891 1197 974 1230 ptioni
994 1196 1068 1223 utilia
1083 1196 1150 1224 sint.

928 1243 1008 1271 Vsus.
1026 1242 1052 1269 2.
1066 1242 1257 1277 Conﬁtebimnr
1270 1242 1328 1275 tibi,
1347 1242 1430 1276 Deut,
1449 1242 1643 1276 conﬁtebimur,
1657 1249 1682 1270 et

889 1289 1067 1317 invocabimu
1087 1297 1180 1316 nomen
1196 1294 1282 1320 tuum,
1297 1293 1352 1315 etc.
1378 1287 1433 1315 llos
1448 1289 1516 1315 duos
1532 1289 1683 1316 versiculos

889 1335 995 1370 profert
1005 1343 1067 1370 qua:
1085 1335 1112 1362 in
1128 1334 1237 1362 Christo
1249 1338 1290 1362 est
1305 1333 1438 1362 Ecclesia.

926 1380 1008 1408 Vens.
1021 1381 1048 1408 ὃ.
1066 1379 1191 1406 Narrabo
1206 1379 1294 1406 omnia
1310 1378 1444 1406 mirabilia
1457 1384 1514 1406 (tta.
1528 1379 1595 1406 Cum
1605 1388 1682 1407 acce-

888 1434 952 1459 pero
982 1431 1094 1461 tempus,
1119 1430 1172 1453 etc.
1202 1424 1385 1459 Symmachus
1401 1434 1408 1451 :
1426 1434 1435 1451 ι
1451 1426 1518 1452 Cum
1549 1433 1682 1460 accepero

889 1471 1139 1506 congregationem.
1160 1480 1169 1496 I
1184 1471 1263 1503 Cum,
1287 1470 1386 1505 inquit,
1405 1472 1505 1498 reversi
1538 1471 1680 1504 fuerimus,

888 1521 916 1544 et
930 1518 956 1544 in
971 1521 1066 1545 sancto
1081 1517 1183 1551 templo
1199 1521 1246 1544 tuo
1268 1517 1426 1552 congregati
1449 1516 1592 1549 fuerimus.
1615 1522 1682 1544 tunc

889 1567 915 1589 te
933 1563 1054 1597 legitime
1066 1562 1276 1595 celebrabimus,
1303 1567 1329 1590 et
1351 1570 1399 1591 eos
1422 1563 1468 1597 qui
1486 1562 1617 1590 beneﬁcia
1636 1567 1680 1589 tua

851 1600 872 1629 CI
891 1609 1028 1644 ignorant.
1043 1609 1202 1636 docebimus
1218 1618 1224 1636 :
1245 1617 1306 1636 nam
1338 1608 1405 1636 illud
1424 1609 1513 1636 facere
1538 1608 1618 1636 nobis
1632 1616 1681 1644 per

891 1660 997 1690 tempus
1009 1655 1114 1683 licebit.
1129 1656 1175 1683 Sic
1188 1660 1333 1690 postquam
1349 1663 1397 1683 eos
1412 1655 1458 1690 qui
1487 1655 1513 1682 in
1532 1655 1680 1690 Babylonia

889 1702 988 1736 captivi
1016 1705 1104 1734 erant,
1129 1702 1222 1729 docuit
1246 1702 1327 1737 767
1351 1709 1410 1736 quze
1437 1701 1559 1728 docenda
1587 1707 1680 1734 erant,

888 1747 1042 1774 subindicat
1059 1748 1142 1775 Deum
1160 1747 1246 1774 factas
1274 1747 1470 1782 promissioncs
1491 1746 1682 1780 repellentem,

887 1796 916 1819 et
935 1792 1071 1820 dicentem
1087 1800 1094 1819 :
1111 1801 1119 1818 ι
1138 1791 1326 1826 Egojustitias
1342 1791 1483 1825 iudicabo.
1504 1800 1514 1817 ι
1532 1790 1600 1819 Vide
1614 1799 1683 1826 ergo

888 1847 980 1867 annon
999 1847 1048 1874 per
1060 1839 1118 1867 haec
1145 1838 1270 1866 Salvator
1284 1837 1408 1872 proprias
1433 1836 1607 1872 operationes
1631 1837 1679 1864 do-

887 1891 948 1914 ceat
963 1887 1026 1912 dum
1041 1886 1073 1913 dc.
1086 1885 1167 1912 Patre
1182 1885 1240 1912 l'usc
1257 1883 1374 1911 disserit.
1391 1883 1435 1910 Ait
1462 1883 1544 1918 igitur
1559 1890 1567 1910 :
1586 1892 1595 1908 ι
1611 1883 1679 1910 ΝΜ·

888 1933 953 1959 rabo
969 1931 1105 1959 mirabilia
1127 1937 1185 1964 tua,
1204 1931 1286 1962 Deus,
1314 1938 1376 1959 cum
1402 1937 1536 1964 accepero
1562 1936 1679 1964 synago~

887 1986 959 2013 gain.
979 1987 989 2004 ι
1008 1977 1156 2005 Pollicetur
1180 1976 1252 2004 enim
1274 1983 1305 2004 se
1325 1976 1353 2004 in
1375 1980 1497 2011 tempore
1522 1979 1681 2010 opportuno

886 2024 977 2051 οιιιιιίο
1002 2023 1093 2051 Patris
1106 2022 1239 2050 mirabilia
1254 2027 1439 2050 narraturum.
1460 2020 1577 2048 Justitia:
1601 2028 1678 2047 nant-

886 2079 938 2106 que
963 2076 991 2098 et
1011 2070 1180 2098 rectitudinis
1200 2077 1270 2103 opus
1291 2074 1345 2101 est,
1373 2076 1426 2096 non
1455 2067 1562 2096 Judams
1588 2067 1678 2095 solum

886 2116 1041 2149 admittere,
1060 2115 1108 2144 sed
1122 2116 1254 2144 omnibus
1274 2123 1309 2144 ex
1333 2114 1460 2151 gentibus
1481 2113 1677 2143 saIVandorum

884 2162 1044 2190 cieutionem
1062 2163 1166 2190 facere.
1501 2171 1504 2174 ·

924 2209 1003 2236 Vens.
1022 2208 1049 2236 ι.
1073 2208 1230 2244 Liquefacta
1250 2214 1288 2236 est
1309 2212 1381 2235 terra
1396 2212 1420 2234 et
1437 2215 1525 2234 attutu
1538 2206 1583 2242 qui
1599 2205 1677 2233 habi-

886 2259 942 2282 tant
955 2255 982 2281 in
997 2263 1038 2287 eu,
1057 2260 1111 2282 clc.
1126 2254 1238 2281 Terram
1249 2254 1318 2281 dicit
1329 2258 1455 2280 naturam
1473 2251 1676 2283 rationabilem,

886 2309 946 2336 qnze
962 2300 1105 2335 liquefacta
1121 2304 1165 2327 est
1178 2301 1211 2326 ab
1227 2300 1289 2333 igne
1306 2298 1435 2334 spiritali,
1452 2305 1533 2333 quem
1549 2297 1676 2325 Salvator

886 2347 960 2374 venit
989 2348 1098 2374 mittere
1128 2347 1154 2374 in
1179 2350 1291 2373 terram.
1322 2344 1493 2379 Liquel‘actio
1520 2348 1610 2371 autem
1633 2349 1676 2370 est

885 2393 1024 2427 separatio
1044 2393 1143 2420 anima:
1158 2400 1172 2419 a
1189 2391 1308 2424 malitia;
1333 2390 1403 2425 ignis
1420 2398 1485 2418 vero
1502 2389 1674 2417 intellecuta-

886 2440 929 2472 lis,
947 2439 1099 2467 Salvatoris
1114 2439 1237 2467 doctrina
1249 2443 1290 2466 est
1310 2436 1454 2471 spiritalis,
1465 2443 1526 2471 quae
1539 2435 1673 2464 ntalitiam

883 2491 910 2513 et
924 2486 1061 2514 inscitiam
1072 2485 1213 2521 dispertiit.

919 2531 984 2559 Isin.
1009 2531 1066 2566 Ego
1088 2531 1242 2565 conﬁrmavi
1267 2530 1403 2558 columnas
1428 2528 1496 2563 ejus,
1524 2532 1578 2556 etc.
1615 2537 1624 2554 ι
1640 2528 1674 2556 Ει

883 2584 946 2604 cum
970 2577 1175 2612 cognovissent,
1202 2576 1290 2611 inquit
1315 2574 1463 2610 Apostolus
1493 2573 1530 2606 ",
1555 2573 1672 2608 gratiam

916 2727 972 2768 (id)
990 2726 1056 2760 Γῆν
1067 2727 1159 2761 λέγει,
1179 2731 1233 2754 etc.
1244 2726 1282 2753 Ex
1296 2725 1392 2754 eodem
1407 2724 1502 2752 codice
1516 2728 1544 2751 et
1562 2722 1671 2751 schedia

878 2762 1042 2832 Grzm'h‘at
1064 2799 1196 2833 γνόντες.
1215 2802 1267 2825 etc.
1282 2797 1303 2825 Ε
1318 2796 1410 2826 codice
1433 2795 1545 2824 Coislin.
1567 2793 1670 2830 primm

880 2837 908 2861 et
921 2833 1030 2863 schedis
1045 2834 1151 2863 Grahii.
