1889 3052
81 130 143 159 1549

507 130 661 159 SELECTA
679 130 712 158 IN
731 129 901 158 PSALMOS.
923 146 957 150 —
975 130 1073 158 PSAL.
1091 128 1233 157 LXXXIX.

1626 130 1694 158 1550

103 189 154 216 Kal
169 189 205 216 ἐν
225 189 261 223 τῇ
277 189 398 223 εὐδοκία
423 197 480 216 σου
500 189 692 224 ὑψωθήσεται
713 190 747 217 τὸ
765 191 855 223 κέρας
871 195 884 222 Α

944 189 1025 217 Vens.
1041 189 1082 217 18.
1098 190 1130 216 Et
1145 189 1172 216 in
1187 189 1346 224 beneplucilo
1370 194 1413 216 tuo
1438 189 1599 216 era/labitur
1613 197 1693 216 cornu

70 235 159 270 ἡμῶν.
176 244 202 262 κ.
220 244 247 263 1.
260 236 284 262 ὲ.
297 236 388 272 Κέρας
405 236 452 263 νῦν
468 237 513 263 τὸν
535 236 597 263 νοῦν
618 236 754 271 ὀνομάζει·
774 235 854 270 ὑψοῦ-

68 291 110 308 ται
124 282 151 308 δὲ
164 281 225 314 νοῦς
234 281 278 308 διὰ
288 281 414 316 γνώσεως
433 282 511 309 Θεοῦ.

104 328 171 354 Τότε
202 327 359 361 ἐλάλησας
387 328 422 354 ἐν
453 327 555 362 ὁράσει
582 328 644 361 τοῖς
675 327 751 360 υἱοῖς
779 335 854 358 σου,

68 380 94 399 κ.
123 380 147 398 1.
175 372 200 398 ὲ.
227 372 293 398 Τότε
318 371 454 408 ἐλάλησας
478 373 523 399 διὰ
547 372 602 399 τῶν
629 371 715 406 ἁγίων
747 379 855 406 προφη-

66 426 129 444 των.

109 464 157 490 Ἐν
174 464 266 498 ἐλαίῳ
284 464 357 499 ἁγιῳ
377 472 437 499 μου
450 464 558 498 ἐχρισα
571 463 674 496 αὐτὸν,
692 471 720 490 κ.
741 472 767 490 1.
781 464 804 489 ὲ.
820 462 857 489 Τὸ

68 510 143 545 ἅγιον
158 510 247 537 ἔλαιον
263 509 312 546 τὴν
329 509 377 537 τοῦ
397 509 463 536 Θεοῦ
480 509 581 544 γνῶσιν
599 509 738 545 σημαίνει,
757 508 856 544 μᾶλλον

67 557 94 583 δὲ
106 557 155 592 τὴν
173 556 290 591 οὐσιώδη
306 556 407 590 γνῶσιν
417 556 501 591 δηλοῖ.

103 602 163 628 Οὐκ
188 601 337 636 ὠφελήσει
355 603 371 629 ὀ
391 600 499 636 ἐχθρὸς
520 601 555 628 ἐν
574 600 665 633 αὐτῷ,
682 608 710 627 κ.
730 609 754 626 τ.
773 600 797 627 ὲ.
813 600 855 632 Εἰ,

66 648 128 675 ὅταν
140 648 353 683 ἁμαρτάνωμεν,
375 648 440 680 τοὺς
459 647 572 683 ἐχθροὺς
587 647 664 682 ἡμῶν
688 645 855 681 ὡφελοῠμεν.

67 693 181 728 Χριστὸς
197 693 225 719 δὲ
246 693 295 728 οὐχ
314 693 447 728 ἥμαρτεν·
471 691 525 727 ἄρα
547 692 611 723 τοὺς
637 691 752 727 ἐχθροὺς
774 689 856 717 αὑτοῦ

65 738 114 764 οὐκ
125 738 266 773 ὠφέλησεν
279 739 293 764 ὁ
306 738 432 773 Χριστός.

101 785 154 811 Καὶ
166 784 296 819 θήσομαι
314 784 350 811 ἐν
371 783 512 818 θαλάσσῃ
532 783 616 818 χεῖρα
634 783 738 815 αὑτοῦ,
762 782 857 809 καὶέν

66 830 209 865 ποταμοῖς
228 830 332 862 δεξιὰν
350 830 456 862 αὑτοῦ,
475 839 501 857 κ.
524 839 549 856 τ.
569 830 593 856 ὲ.
617 830 660 856 Ἐν
683 829 733 865 μὲν
753 830 787 865 τῇ
808 829 856 855 θα-

66 875 151 911 λάσσῃ
171 875 274 902 τίθεται
285 877 302 911 ἡ
315 875 376 911 χεὶρ
389 875 437 901 τοῦ
453 874 583 910 Χριστοῦ,
606 875 635 902 ἐν
654 874 682 901 δὲ
695 876 753 906 τοῖς
772 882 856 900 ποτα-
872 865 893 895 Β

66 924 126 958 μοῖς
146 923 163 958 ἡ
187 921 262 955 δεξιὰ
282 920 375 948 αὑτοῦ.
395 921 479 956 Πλὴν,
499 920 546 947 ἐὰν
562 920 674 957 θελήσῃ,
697 921 713 955 ἡ
733 920 856 947 Θάλασσα

65 968 169 1001 γίνεται
184 967 313 1002 ποταμός·
330 967 378 994 καὶ
389 966 468 993 πάλιν
483 967 497 992 ὀ
513 966 645 1001 ποταμὸς,
658 965 704 992 ἐὰν
718 966 755 1001 μὴ
770 966 856 1002 τηρή-

66 1022 98 1048 σῃ
113 1013 160 1040 τὸν
171 1014 201 1039 ἐκ
211 1013 262 1048 τῆς
280 1012 381 1043 κοιλίας
393 1012 475 1039 αὑτοῦ
487 1012 582 1047 ῥέοντα
597 1011 717 1046 ποταμὺν
730 1010 777 1037 τοῦ
787 1010 854 1043 ζῶν-

64 1067 108 1090 τος
126 1059 234 1090 ὓδατος,
245 1058 349 1092 γίνεται
366 1058 500 1085 θάλασσα.

99 1105 155 1131 Kal
172 1104 225 1131 τὸν
240 1105 348 1139 θρόνον
366 1103 459 1131 αὑτοῦ
477 1103 517 1136 ὡς
533 1103 587 1136 τὰς
602 1102 713 1137 ἡμέρας
734 1102 787 1130 τοῦ
806 1103 856 1130 οὑ-

61 1151 172 1184 ρανοῦ,
185 1160 211 1177 κ.
228 1159 254 1178 1.
270 1151 293 1177 ἑ.
308 1151 393 1182 Ὅταν
417 1149 529 1185 γένηται
547 1149 578 1175 τὸ
596 1149 702 1184 θέλημα
723 1148 770 1175 τοῦ
787 1147 855 1175 Θεοῦ

63 1197 100 1228 ὡς
116 1198 145 1223 ὲν
159 1196 267 1232 οὐρανῷ
279 1197 325 1223 καὶ
335 1197 380 1222 ἐπὶ
396 1195 445 1231 τῆς
462 1196 525 1230 γῆς,
539 1195 599 1221 τότε
617 1195 663 1222 καὶ
673 1195 687 1221 ὁ
704 1194 797 1230 Ορόνος
808 1194 854 1220 τοῦ

65 1242 184 1278 Χριστοῦ
199 1242 274 1268 ἔσται
290 1241 327 1273 ὡς
339 1242 366 1268 αἱ
379 1242 480 1277 ἡμέραι
494 1240 541 1267 τοῦ
552 1239 677 1276 οὐρανοῦ.

98 1289 154 1316 Kal
174 1288 224 1321 τὰς
241 1287 367 1321 ἐντολάς
383 1296 442 1322 μου
461 1287 504 1322 μὴ
517 1286 686 1321 φυλάξωσι,
699 1295 725 1313 κ.
738 1295 763 1312 τ.
780 1289 805 1315 ὲ.
827 1285 856 1312 '0

65 1333 102 1370 μὴ
118 1333 266 1369 φυλάσσων
285 1332 336 1364 τὰς
359 1332 469 1364 ἐντολὰς
490 1331 538 1358 τοῦ
563 1331 631 1358 Θεοῦ
657 1331 786 1358 ἐκπίπτει
808 1329 855 1357 τοῦ

63 1376 131 1405 εἶναι
147 1378 242 1413 Θρόνος
259 1377 338 1404 Θεοῦ·
360 1387 370 1403 ‹
394 1377 441 1409 Εἰς
457 1376 510 1412 γὰρ
522 1377 684 1412 κακότεχνον
704 1376 792 1412 ψυχὴν
806 1376 857 1402 οὐκ

63 1423 248 1450 εἰσελεύσεται
258 1421 347 1456 σοφία,
357 1422 417 1449 οὐδὲ
432 1422 590 1458 κατοικήσει
605 1423 634 1449 ὲν
649 1421 756 1457 σώματι
770 1430 856 1449 κατα-

63 1471 135 1505 χρέῳ
153 1470 303 1506 ἁμαρτίας.
320 1479 330 1495 ι

105 1515 322 1549 Ἐπισκέψομαι
340 1515 376 1541 ἐν
394 1513 493 1548 ῥάϐδῳ
513 1513 567 1547 τὰς
593 1513 719 1548 ἀνομίας
740 1513 857 1545 αὐτῶν,

64 1569 90 1586 κ.
103 1569 128 1588 τ.
141 1561 164 1587 ἐ.
182 1570 192 1586 ι
216 1561 264 1587 Ὃν
274 1560 329 1595 γὰρ
342 1560 438 1596 ἀγαπᾷ⁴
453 1559 568 1594 Κύριος.
580 1558 712 1585 παιδεύεν
729 1560 858 1594 μαστιγοῖ

62 1605 91 1632 δὲ
107 1607 198 1633 πάντα
209 1607 266 1633 υἱὸν
280 1607 309 1633 ὃν
321 1605 515 1642 παραδέχεται.
534 1615 543 1631 ι

100 1653 158 1680 Thr
178 1653 287 1686 θρόνον
306 1652 400 1680 αὑτοῦ
423 1653 467 1684 εις
491 1650 550 1685 τὴν
572 1649 631 1686 γῆν
663 1650 856 1684 κατέῤῥαξας,

62 1705 90 1724 κ,
104 1707 130 1724 τ.
145 1698 170 1725 ἑ.
183 1699 230 1730 Εἰς
243 1699 295 1734 γῆν
308 1699 355 1725 ἀπ’
365 1697 480 1732 οὐρανοῦ
498 1697 701 1733 καταράσσεται
718 1695 781 1728 νοῦς
798 1697 858 1723 ἀντὶ

61 1743 227 1780 ἐπουρανίου
243 1744 333 1779 χοῖκὸς
351 1743 481 1777 γεγονώς.

105 1791 307 1826 Έσμίκρυνας
334 1790 388 1823 τὰς
410 1789 523 1824 ἡμέρας
545 1788 599 1816 τοῦ
620 1789 731 1823 χρόνου
752 1787 857 1819 αὑτοῦ,

61 1846 88 1864 κ.
101 1847 128 1864 τ.
146 1838 171 1864 ἐ.
194 1837 242 1863 Ἐκ
256 1836 307 1871 τῆς
318 1835 538 1870 ὲγκαταλείψεως
556 1834 695 1870 μειοῦνται
713 1835 741 1861 αἱ
761 1834 858 1869 ἀρεταὶ

62 1884 110 1910 καὶ
123 1884 153 1911 αἱ
168 1882 285 1917 γνώσεις
302 1881 390 1918 ἡμῶν·
409 1881 490 1908 αὑταὶ
501 1881 554 1917 γάρ
568 1880 637 1907 εἰσιν
648 1880 676 1907 αἱ
691 1879 795 1916 ἡμέραι
808 1879 859 1912 τῆς

61 1930 174 1965 φύσεως
193 1929 245 1965 τῆς
261 1928 383 1963 λογικῆς.

100 1977 150 2009 Τίς
163 1976 251 2003 ἐστιν
266 1974 421 2008 ἅνθρωπος
433 1973 467 2007 ὃς
479 1973 607 2007 ζήσεται,
623 1972 672 2000 καὶ
683 1973 739 2000 οὐκ
754 1972 860 2007 ὄψεται

60 2021 207 2054 θάνατον,
223 2021 350 2055 ῥύσεται
374 2019 432 2054 τὴν
455 2019 562 2054 ψυχὴν
585 2019 678 2047 αὑτοῦ
701 2019 735 2046 ἐκ
758 2018 860 2053 χειρὸς

61 2067 157 2100 ᾶδου;
175 2076 202 2094 κ.
218 2076 244 2094 τ.
264 2067 288 2093 ὲ.
309 2065 342 2093 Ἦ
353 2065 466 2101 αὔξησις
478 2066 527 2101 τῆς
539 2066 638 2102 ἀρετῆς
659 2065 708 2092 καὶ
723 2065 774 2100 τῆς
790 2064 860 2099 γνώ-

61 2121 133 2145 σεως
150 2113 185 2140 ὲκ
200 2112 251 2148 τῆς
267 2112 337 2139 κατὰ
357 2111 454 2148 μικρὸν
473 2111 614 2147 μειώσεως
631 2111 726 2138 πασῶν
742 2110 796 2137 τῶν
811 2119 860 2137 κα-

60 2158 130 2186 κιῶν
154 2159 203 2185 καὶ
224 2158 274 2193 τῆς
301 2158 413 2192 ἀγνοίας
436 2157 637 2192 ὲπισυμὸαίνει.
664 2156 755 2184 Κακία
769 2156 797 2183 δὲ
812 2155 860 2182 καὶ

907 240 1036 266 nostrum,
1050 239 1105 263 etc.
1121 235 1212 263 Cornu
1230 235 1282 262 hoc
1303 235 1362 262 loco
1376 239 1493 262 mentem
1510 240 1596 262 vocat.
1615 234 1695 262 Exul-

908 286 946 309 tat
960 286 1051 309 autem
1068 286 1185 308 mentem
1200 281 1319 316 cognitio
1331 281 1390 310 Dei.

945 326 1023 353 Vnus.
1037 325 1083 354 20.
1099 325 1170 353 Tunc
1187 325 1291 353 locutus
1304 334 1331 353 es
1342 325 1370 352 in
1380 326 1478 353 visione
1489 325 1554 360 ﬁliis
1568 326 1694 359 (uincto.

907 373 983 401 Tunc
996 374 1101 400 locutus
1112 380 1142 401 es
1155 380 1202 407 per
1216 377 1326 401 sanctos
1341 372 1496 407 prophetas.

945 466 1026 495 Vsus.
1056 466 1101 494 2|.
1123 465 1187 494 Oleo
1198 471 1288 494 uincto
1298 474 1355 494 meo
1369 467 1433 494 anxi
1446 475 1516 499 eum,
1530 472 1586 495 etc.
1600 466 1694 494 Oleum

907 517 1032 540 sanctum
1045 512 1188 539 scientiam
1204 511 1250 539 Dei
1273 512 1420 546 signiﬁcat,
1438 512 1523 548 magis
1543 519 1607 540 vero
1631 513 1696 540 sub-

907 557 1061 585 stantialem
1072 557 1214 584 scientiam
1233 557 1345 584 indicat.

945 602 1024 630 Vens.
1037 602 1083 631 25.
1108 602 1186 629 Nihil
1207 602 1326 636 proﬁciet
1349 603 1473 629 inimicus
1485 603 1513 630 in
1531 612 1572 636 (ο,
1586 609 1639 632 etc.
1653 605 1694 636 Si.

907 654 969 675 cum
991 655 1147 682 peccamus,
1167 655 1313 682 progenies
1338 647 1465 682 inimicis,
1491 648 1616 676 Christus
1630 657 1696 677 vero

907 700 961 720 non
978 692 1113 727 peccavit,
1136 700 1189 720 non
1215 700 1282 728 ergo
1297 692 1415 720 inimicis
1432 694 1488 720 suis
1504 695 1605 728 profuit
1618 694 1696 723 Chri-

907 743 976 765 stus.

943 784 1025 812 Vsus.
1041 785 1086 812 26.
1103 783 1137 811 Ει
1162 793 1257 818 ponam
1281 785 1307 811 in
1328 785 1397 812 mari
1417 794 1525 812 manum
1540 786 1615 820 eius,
1629 791 1652 813 el
1667 786 1696 813 in

906 831 1061 866 ﬂuminibus
1086 831 1220 858 dezteram
1231 831 1288 865 ejus
1299 851 1307 864 ,
1324 836 1377 858 etc.
1391 831 1418 858 In
1437 832 1504 858 mari
1520 831 1628 866 quidem
1645 840 1695 866 ραι

908 878 982 904 nitur
1003 884 1100 904 manus
1126 877 1239 909 Christi.
1262 878 1288 904 in
1315 877 1471 904 ﬂiiininihns
1492 885 1557 906 vero
1584 879 1696 906 dextera

906 923 973 955 ejus.
999 923 1054 950 luto
1067 943 1075 954 ,
1090 922 1112 949 si
1138 922 1264 954 voluerit,
1280 930 1356 950 mare
1382 922 1412 949 tit
1426 922 1537 955 ﬂumen.
1550 927 1579 951 et
1601 931 1697 951 rursus

906 966 1016 998 ﬂumen,
1032 967 1054 994 si
1073 967 1201 994 liuentem
1217 967 1251 994 de
1265 973 1361 995 ventre
1373 967 1432 1002 ejus
1445 967 1555 995 [luvium
1568 976 1645 1003 aquze
1658 970 1698 996 vi-

907 1017 941 1040 tze
956 1019 1009 1040 non
1023 1013 1182 1045 servaverit,
1198 1013 1226 1040 tit
1242 1021 1326 1040 mare.

943 1099 1024 1127 Vitas.
1042 1099 1086 1127 50.
1104 1099 1136 1127 Ει
1161 1101 1285 1127 thronum
1305 1101 1363 1135 ejus
1387 1102 1455 1128 sicut
1475 1101 1532 1128 diu
1557 1102 1624 1134 mli,
1641 1107 1695 1130 etc.

906 1145 972 1172 Cum
992 1146 1062 1173 facta
1087 1146 1168 1173 fuerit
1186 1146 1310 1174 voluntas
1327 1147 1371 1174 Dei
1388 1147 1459 1174 sicut
1480 1147 1506 1174 in
1522 1147 1592 1175 caelo
1615 1155 1643 1176 et
1670 1149 1697 1176 in

908 1195 997 1224 terra,
1023 1195 1087 1219 tunc
1114 1191 1196 1219 etiam
1217 1192 1332 1219 thronus
1352 1191 1454 1220 Christi
1472 1193 1525 1220 erit
1547 1194 1618 1221 sicut
1638 1194 1697 1222 dies

907 1236 979 1264 coeli.

944 1280 1026 1309 Vens.
1044 1281 1090 1310 52.
1108 1281 1141 1308 Et
1155 1282 1285 1309 mandata
1302 1291 1358 1311 mea
1374 1292 1426 1311 non
1444 1285 1627 1318 custodierint,
1642 1291 1696 1314 etc.

907 1327 958 1361 Qui
971 1331 1022 1356 rion
1040 1331 1158 1357 custoIht
1175 1330 1302 1357 mandata
1321 1331 1378 1363 Dei,
1393 1332 1493 1359 desinit
1510 1339 1571 1360 esse
1585 1333 1699 1361 thronus

908 1374 955 1402 Dei
972 1383 979 1401 :
996 1382 1059 1402 nam
1085 1383 1095 1401 ι
1121 1375 1147 1402 in
1173 1375 1333 1403 malevolam
1361 1376 1481 1403 animam
1503 1385 1556 1405 non
1575 1378 1698 1406 introtbit

907 1418 1054 1452 sapientia.
1072 1426 1161 1454 neque
1178 1420 1313 1448 habitabit
1329 1421 1355 1448 in
1381 1429 1497 1456 corpore
1513 1422 1622 1451 subdito
1634 1431 1699 1459 pec-

908 1464 976 1491 catis
988 1464 1024 1491 “.
1043 1473 1052 1490 ι

946 1509 1072 1537 “216.33
1103 1509 1221 1538 Visimbo
1238 1511 1266 1538 in
1278 1512 1351 1546 virga
1363 1512 1515 1547 iniquitates
1527 1521 1629 1548 eorum,
1642 1518 1696 1542 etc.

913 1566 923 1582 ι
948 1556 1033 1590 Quem
1050 1558 1123 1585 enim
1147 1558 1234 1593 diligit
1258 1559 1410 1593 Dominus,
1426 1561 1561 1596 corripit;
1583 1561 1699 1598 ﬂagellat

909 1608 999 1631 autem
1013 1611 1121 1630 omnem
1136 1603 1220 1631 [ilium
1234 1612 1315 1639 quem
1329 1607 1425 1641 recipit
1433 1607 1465 1634 ⁸⁵.
1487 1617 1496 1634 ι

947 1649 1027 1676 Vens.
1044 1649 1089 1677 45.
1105 1649 1197 1677 Sedem
1211 1650 1269 1685 ejus
1281 1651 1308 1678 in
1327 1657 1426 1679 terram
1440 1653 1569 1681 collisisti.
1592 1654 1613 1682 Ε
1629 1655 1699 1682 caelo

910 1694 936 1722 in
956 1699 1056 1722 terram
1074 1696 1211 1723 colliditur
1235 1704 1312 1724 mens
1334 1704 1394 1732 qua:
1414 1705 1430 1725 e
1446 1698 1550 1726 calesti
1571 1699 1641 1727 facta
1658 1705 1700 1728 est

909 1743 1031 1767 terrena.

946 1783 1026 1813 Vens.
1044 1785 1090 1812 ιθ.
1111 1785 1254 1813 Μὶηογασιί
1279 1787 1334 1813 ἀίει
1356 1788 1480 1821 temporis
1497 1788 1567 1823 ejus,
1589 1793 1644 1817 etc.
1661 1791 1699 1818 Ex

909 1828 1084 1857 derelictione
1101 1830 1261 1858 minuuntur
1275 1831 1392 1859 virtutes
1417 1836 1442 1860 et
1462 1833 1630 1866 cognitiones
1651 1843 1700 1862 no-

909 1882 990 1909 strai;
1012 1876 1077 1911 ipsa:
1089 1877 1162 1904 enim
1178 1881 1241 1906 sunt
1263 1878 1323 1905 dies
1341 1885 1444 1906 natnrze
1465 1879 1644 1909 rationabilis.

945 1965 1027 2001 776
1042 1964 1120 1993 Vens.
1133 1965 1177 1993 49.
1196 1964 1261 1998 Qui:
1270 1970 1308 1993 eu
1323 1966 1400 1992 homo
1414 1965 1459 2000 qui
1471 1965 1545 1998 vit-et,
1561 1971 1646 1993 etnon
1660 1967 1700 1993 vi-

908 2009 977 2037 debit
989 2015 1110 2044 mortem,
1123 2016 1195 2038 eruet
1209 2011 1326 2038 animum
1345 2019 1421 2038 suam
1438 2012 1470 2038 de
1493 2019 1573 2038 manu
1592 2012 1671 2046 inferi
1688 2012 1701 2038 P

909 2061 963 2084 etc.
979 2056 1094 2084 Virtutis
1117 2061 1146 2084 et
1173 2057 1296 2084 scientia:
1322 2056 1524 2085 incrementum
1548 2057 1648 2085 accidit
1665 2065 1698 2085 ex

910 2103 1038 2129 vitiorum
1066 2107 1094 2130 et
1123 2102 1283 2138 ignorantiae
1310 2102 1512 2130 imminutione.
1542 2103 1643 2130 Malitia
1672 2110 1700 2130 et

910 2148 1074 2182 ignorantia.
1094 2149 1192 2176 animae
1213 2148 1384 2177 rationabilis
1401 2153 1498 2182 mors;
1520 2149 1575 2178 vita
1597 2155 1698 2183 autem.

60 2204 189 2238 ἀγνωσία
199 2204 315 2236 θάνατος
330 2204 421 2240 ψυχῆς
439 2203 564 2240 λογικῆς·
584 2202 642 2239 ζωὴ
656 2203 685 2230 δὲ
708 2203 793 2239 ἁρετὴ
813 2202 861 2230 καὶ
874 2207 884 2237 ]

943 2199 999 2224 ‘rtus
1009 2201 1037 2224 et
1051 2196 1178 2225 scientia.

60 2259 178 2285 γνωσις.

98 2295 142 2325 οὗ
161 2297 304 2331 ὑπέσχον
321 2296 356 2323 ἐν
373 2295 413 2330 τῷ
428 2297 532 2330 κόλπῳ
549 2305 608 2332 μου
621 2294 745 2322 πολλῶν
754 2293 859 2326 ἐθνῶν,

59 2351 87 2370 κ.
106 2351 133 2369 1.
147 2343 174 2370 ὲ.
196 2343 303 2370 Κὸλπον
317 2342 364 2369 νῦν
381 2342 430 2378 τὴν
444 2342 533 2378 ψυχὴν
561 2341 702 2377 ὀνομάζει,
715 2340 760 2367 διά
771 2348 801 2365 τε
814 2340 861 2367 καὶ

59 2388 110 2422 τὴν
125 2388 231 2423 γνῶσιν
244 2389 294 2425 τὴν
310 2387 356 2416 τοῦ
371 2388 438 2415 Θεοῦ
461 2387 551 2422 ἀγαθὰ
564 2385 754 2422 ὀνομάζεσθαι·
771 2384 861 2419 ἀγαθὰ

60 2435 88 2461 δὲ
113 2435 151 2462 τὰ
183 2435 214 2462 ὲν
243 2435 354 2467 κόλποις
386 2434 493 2470 πέφυκε
525 2433 681 2468 βάλλεσθαι.
703 2441 713 2458 (
736 2431 862 2458 Πιστεύω

61 2482 129 2517 γὰρ,
149 2481 230 2517 φησι,
247 2481 294 2508 τοῦ
316 2482 380 2508 ἰδεῖν
399 2480 434 2507 τὰ
457 2479 548 2514 ἀγαθὰ
566 2479 671 2515 Κυρίου
690 2479 719 2504 ὲν
742 2478 777 2513 γῇ
793 2475 860 2509 ζών-

60 2536 126 2555 των.
147 2538 158 2554 Ι

99 2575 137 2602 Τὸ
159 2573 360 2610 ἀντάλλαγμα
383 2573 436 2601 τοῦ
451 2573 593 2608 Χριστοῦ,
617 2581 643 2599 κ.
661 2580 687 2598 τ.
708 2571 732 2598 ὲ.
749 2569 826 2604 Τάχα
848 2569 862 2595 ὁ

61 2620 211 2657 Κυριακὺς
225 2620 379 2656 ἄνθρωπος.

354 2713 502 2740 ΨΔΛΜΟΣ
517 2712 581 2739 116'.

101 2759 144 2786 Τὰ
161 2758 390 2794 ὲξουδενώμιιτα
406 2757 506 2787 αὐτῶν
524 2759 576 2792 ἐτη
596 2756 728 2789 ἔσονται,
748 2765 775 2784 κ.
791 2763 818 2782 τ.
835 2755 859 2784 ἑ.

68 2805 181 2838 Ἐξουδε
186 2805 336 2840 νωθήσεται
347 2805 363 2840 ἡ
379 2805 436 2839 ζωὴ
451 2804 551 2830 αὐτῶν.

949 2284 1029 2313 Vens.
1044 2285 1090 2312 5-1.
1106 2285 1183 2319 Quod
1206 2286 1326 2313 continui
1347 2286 1375 2314 in
1392 2287 1453 2314 sinu
1476 2294 1534 2314 meo
1556 2287 1701 2314 multarum

911 2331 1037 2366 gentium,
1054 2336 1107 2358 etc.
1126 2330 1222 2358 Sinum
1245 2331 1296 2359 hoc
1313 2331 1372 2360 loco
1396 2332 1515 2359 animam
1534 2337 1623 2365 vocat,
1637 2333 1702 2367 quia

912 2377 995 2404 etiam
1007 2377 1141 2404 bonorum
1158 2376 1267 2404 nomine
1278 2377 1398 2412 cognitio
1413 2376 1459 2404 Dei
1474 2378 1634 2412 appellatur.
1650 2378 1702 2406 Bo-

914 2429 947 2448 na
957 2426 1048 2449 autem
1058 2421 1083 2448 in
1095 2421 1186 2449 sinum
1202 2420 1297 2456 projici
1309 2421 1408 2449 solent.
1421 2431 1430 2448 ι
1440 2422 1528 2449 Credo
1538 2432 1547 2448 ι
1563 2422 1646 2455 enim.
1659 2423 1702 2450 in~

910 2468 1029 2504 quit",t
1048 2468 1119 2496 bona
1134 2468 1239 2495 Domini
1258 2467 1352 2496 videre
1378 2469 1404 2495 in
1424 2473 1495 2495 terra
1512 2468 1670 2496 viventium.
1691 2477 1701 2495 ι

952 2566 1031 2594 Vens.
1047 2565 1092 2594 52.
1109 2565 1348 2593 Cammulattonem
1368 2564 1469 2592 Christi
1486 2565 1536 2597 tui.
1550 2569 1604 2593 etc.
1623 2564 1705 2592 Forte

914 2612 1071 2640 Dotninicus
1086 2612 1168 2640 homo
1183 2616 1234 2638 est.

1143 2704 1304 2732 PSALMUS
1335 2704 1476 2732 LXXXIX.

950 2755 1036 2782 Vens.
1054 2753 1082 2780 5.
1104 2752 1172 2785 Qua:
1193 2759 1241 2786 pro
1267 2752 1349 2779 nihilo
1376 2751 1505 2779 Imbenlur
1525 2759 1615 2779 eorum
1641 2753 1706 2780 anni

913 2805 1000 2831 erunt.
1018 2803 1070 2827 etc.
1085 2799 1127 2826 Ad
1141 2799 1254 2826 nihilum
1269 2799 1405 2834 redigetur
1420 2799 1475 2826 vita
1487 2806 1591 2827 eorum.

100 2854 124 2868 "
137 2853 208 2885 Sep.
226 2859 245 2886 ι,
258 2851 285 2879 4,
323 2851 346 2866 ⁸⁸
362 2851 439 2878 Prov.
457 2858 498 2884 In,
521 2851 570 2884 12;
588 2849 670 2877 llcbr.
688 2849 780 2883 “1,6.
821 2848 842 2864 ³⁸
861 2847 884 2874 P:

948 2854 1018 2875 xxu,
1036 2846 1078 2873 15.
