1889 3052
55 124 59 125 ν
100 89 186 118 1563

616 86 773 118 ΒΕΙΕΟΤΑ
792 90 825 119 ΙΝ
845 90 1015 120 PSALMOS.
1032 106 1068 114 —
1087 91 1183 119 PSAL.
1203 91 1271 120 CVI.

1681 95 1748 124 1566

99 147 195 174 τοῦτο
217 147 298 180 σώζει
323 149 396 184 ἡμᾶς
417 147 431 175 ὁ
456 150 569 185 Κύριος,
589 149 633 177 ἴνα
652 151 751 185 γνῶσιν
777 153 842 189 ἡμῖν
861 153 893 189 τῆ

984 161 1011 181 os
1026 153 1155 182 Dominus
1180 159 1209 181 ut
1235 153 1416 189 cognitionem
1443 154 1521 182 nobis
1543 156 1668 190 poteritne
1691 164 1748 184 sure

99 193 276 226 δυναστείας
288 195 374 221 αὑτοῦ
387 195 544 230 χαρίσηται.

143 238 204 273 Εἷς
213 240 248 272 ἐξ
264 240 363 267 αὐτῶν
379 242 435 276 οὐχ
450 242 626 276 ὑπελείφθη,
642 251 670 270 κ.
686 252 711 270 τ.
729 244 752 270 ὲ.
769 244 911 279 Μακάριος

101 281 206 318 οὗτος,
219 283 242 320 ᾧ
256 286 349 322 μηδεὶς
362 286 417 314 τῶν
434 287 539 323 ἐχθρῶν
554 288 738 317 ὑπολείπεται.

150 333 218 366 οὐχ
238 332 403 367 ὑπέμειναν
418 332 474 367 τὴν
485 334 607 368 ,βουλὴν
622 335 726 367 αὐτοῦ,
741 335 789 362 καὶ
806 335 911 362 ἐπεθύ-

103 386 220 414 μησαν
231 378 393 413 ἐπιθυμίαν
406 379 441 405 ἐν
455 379 492 413 τῇ
505 380 612 415 ἐρήμῳ,
635 390 663 408 κ.
685 390 711 408 τ.
732 382 756 408 ἑ.
775 382 831 409 Οὐκ
850 382 911 409 ἀνέ-

105 431 214 459 μειναν
229 424 279 459 τὴν
289 425 369 460 χάριν
383 425 475 456 αὑτοῦ,
492 425 549 452 ἀλλ’
568 426 729 454 ἐπελάθοντο
750 427 804 455 τῶν
821 427 910 464 ἔργων

105 468 201 496 αὐτοῦ
221 469 268 496 καὶ
281 470 457 505 ἐπεθύμησαν
470 471 619 506 ἐπιθυμίαν
633 473 732 508 κακήν.

147 516 208 543 Kal
225 516 400 550 ἠλλάξαντο
416 517 474 551 τὴν
487 517 581 550 δόξαν
593 518 693 545 αὐτῶν
706 519 741 545 ἐν
753 519 909 554 ὁμοιώματι

103 562 235 596 μόσχου
256 562 411 595 ἐσθίοντος
425 563 543 597 χόρτον,
563 572 591 590 κ.
612 573 638 591 τ.
656 565 680 591 ὲ.
699 565 732 595 (ιι
753 564 910 597 δοξάζοντες

106 608 220 643 κτίσμα
233 607 309 644 παρὰ
323 608 370 636 τὸν
384 609 525 641 κτίσαντα,
539 606 612 638 οὗτοι
627 610 789 638 ἀλλάσσουσι
802 610 851 646 τὴν
867 611 910 638 δό-

108 652 164 686 ξαν
174 654 275 680 αὐτῶν.
287 663 296 679 t
313 654 368 681 Καὶ
380 654 508 690 ἤλλαξαν,
521 655 603 692 φησὶν
615 657 629 682 ὁ
645 656 760 688 Παῦλος,
769 656 819 692 τὴν
830 656 909 689 δόξαν

106 699 161 737 τοῦ
175 699 315 736 ἀφθάρτου
330 700 398 728 Θεοῦ
412 702 441 728 ὲν
457 701 609 737 ὁμοιώματι
621 702 742 737 φθαρτοῦ
753 702 908 739 ἀνθρώπου,

106 746 162 773 καὶ
180 746 323 778 πετεινῶν,
338 747 385 774 καὶ
399 747 581 783 τετραπόδων,
597 748 645 775 καὶ
659 748 793 785 ἑρπετῶν.
811 759 821 775 ι

963 200 1103 234 largiatur.

997 246 1080 273 Vens.
1094 246 1137 273 Η.
1151 245 1224 273 Unus
1238 254 1270 273 ex
1282 245 1319 273 eis
1334 254 1385 273 non
1411 246 1549 279 remansit,
1566 251 1621 274 etc.
1650 245 1749 275 Beatus

960 291 1005 319 ille
1016 292 1059 318 cui
1074 292 1164 319 nullus
1182 291 1353 319 inimicorum
1376 292 1517 319 remansit.

997 337 1078 366 Vens.
1096 337 1186 368 L5,”.
1204 337 1265 364 Non
1280 338 1460 365 sustinuerunt
1480 337 1619 364 consilium
1637 337 1705 372 ejus,
1721 341 1747 364 et

960 383 1147 418 concupierunt
1168 383 1404 415 concupiscentiam
1425 383 1453 409 in
1479 382 1592 412 deserto,
1616 387 1670 409 etc.
1688 382 1746 409 Non

959 432 1189 462 exspectaverunt
1205 433 1322 461 gratiam
1338 426 1407 461 ejus,
1434 427 1480 454 sed
1505 426 1583 454 obliti
1599 431 1662 454 sunt
1683 434 1747 461 ope-

959 479 1019 500 rum
1035 472 1104 507 ejus,
1118 477 1145 500 et
1158 473 1355 505 concupierunt
1366 472 1617 507 concupiscentiam
1637 472 1743 501 malam.

994 517 1075 545 Vens.
1091 517 1138 544 20.
1153 517 1186 544 Et
1206 521 1373 544 mutaverunt
1389 517 1501 552 gloriam
1514 526 1590 545 suam
1607 518 1633 544 in
1649 518 1743 544 simil!-

958 563 1074 590 tudinem
1087 563 1162 590 vituli
1184 564 1342 590 comedenti:
1371 563 1472 597 fenum,
1490 567 1544 591 etc.
1569 563 1619 595 Οιιί
1644 563 1748 598 gloriﬁ-

958 613 1022 636 C3|l|
1035 614 1190 637 creaturam
1204 613 1303 644 praeter
1327 609 1497 642 Creatorem,
1527 609 1555 636 hi
1572 614 1746 636 mutaverunt

959 655 1072 691 gloriam
1090 663 1178 682 suam.
1198 665 1207 682 ι
1225 655 1258 682 Et
1282 659 1467 688 mutaverunt,
1492 655 1580 691 inquit
1601 655 1700 683 Paulus
1711 655 1745 688 ⁸ο,

958 701 1071 736 gloriam
1089 700 1303 736 incorruptibilis
1318 701 1364 728 Dei
1385 701 1411 728 in
1425 701 1630 729 similitudinem
1652 708 1747 728 corru-

957 745 1059 780 ptibilis
1071 745 1201 779 hominis,
1222 749 1252 773 et
1268 745 1420 779 volucrum,
1436 749 1464 773 et
1489 746 1705 781 quadrupedum,
1719 750 1747 773 et

957 791 1136 826 serpentium.
1155 800 1166 817 ι

149 835 206 863 Kal
225 833 291 863 εἷπε
310 836 362 864 τοῦ
380 837 594 872 ἐξολοθρεῦσαι
608 839 729 873 αὐτοὺς,
746 848 774 867 κ.
790 849 817 867 τ.
832 840 856 867 ὲ.
874 840 893 867 'l

996 825 1077 864 Vens.
1087 836 1134 864 25.
1148 836 1183 864 Et
1196 837 1263 864 dixit
1279 841 1308 864 ut
1322 837 1485 872 disperderet
1498 845 1552 871 eos,
1569 842 1623 866 etc.
1651 837 1746 865 Perdi-

107 881 300 918 ἐξολόθρευσις
314 882 362 910 νῦν
375 883 425 919 τὴν
442 883 585 920 μετάθεσιν
595 884 646 920 τὴν
658 885 691 913 ὲκ
706 885 754 913 τοῦ
771 885 829 921 βίου
844 885 907 913 τοὺ-

107 934 160 952 ’του
179 927 317 962 σημαίνει.

150 973 186 999 Et
200 972 244 1007 μὴ
263 973 394 1008 Μωυσῆς
417 975 434 1001 ὀ
457 974 598 1009 ἐκλεκτὸς
614 975 706 1004 αὐτοῦ
728 976 802 1011 ἔστη
815 976 851 1004 ἐν
869 976 907 1012 τῇ

109 1019 238 1053 θραύσει
254 1019 381 1047 ἐνώπιον
399 1021 503 1053 αὐτοῦ,
517 1021 571 1048 τοῦ
587 1022 776 1056 ἀποστρέψαι
787 1023 841 1050 τὸν
856 1025 906 1051 0v-

105 1065 172 1099 μὸν
187 1065 290 1098 αὑτοῦ,
306 1065 359 1092 τοῦ
367 1065 410 1100 μὴ
421 1066 635 1100 ἐξολοθρεῦσαι
650 1067 772 1100 αὐτοὺς,
795 1077 822 1095 κ.
836 1077 863 1095 τ.
880 1069 904 1095 ἑ.

110 1111 296 1146 Σημειωτέον,
310 1111 351 1138 ὅτι
368 1111 415 1138 καὶ
427 1109 468 1143 εἷς
480 1111 566 1146 ἀγιος,
577 1112 614 1144 ὡς
626 1114 640 1139 ὁ
651 1113 780 1148 Μωῦσῆς,
794 1113 905 1145 δυνατὸς

110 1157 186 1184 ἐστιν
199 1157 369 1194 ἀποστρέψαι
394 1157 478 1194 ὀργὴν
503 1159 655 1194 φερομένην
679 1159 722 1186 ἐπ’
742 1159 817 1192 ἔθνος
834 1160 904 1187 ὅλον.

149 1203 203 1229 Καὶ
225 1202 435 1234 ἐξουδένωσαν
450 1203 510 1238 γῆν
529 1204 724 1239 ἐπιθυμητὴν,
738 1214 765 1231 κ.
788 1214 813 1233 1.
829 1206 852 1232 ὲ.
873 1207 905 1233 Ἠ

111 1248 148 1283 γῆ
161 1248 315 1285 ὲπιθυμητὴ
330 1249 346 1284 ή
363 1248 486 1284 βασιλεία
503 1249 561 1276 ἐστὶ
573 1249 628 1277 τῶν
642 1251 774 1287 οὐρανῶν.

149 1341 203 1367 Kal
218 1341 309 1376 ἐπῆρε
319 1342 377 1376 τὴν
391 1343 475 1378 χεῖρα
487 1343 582 1370 αὐτοῦ
594 1343 641 1371 ἐπ’
656 1344 777 1378 αὐτοὺς,
790 1353 818 1371 κ.
833 1353 860 1371 1.
879 1344 903 1372 ἐ.

112 1386 199 1422 Χεῖρα
214 1386 287 1421 λέγει
301 1387 352 1420 τὰς
367 1389 531 1421 κολαπικάς
543 1389 626 1417 αὑτοῦ
641 1390 780 1426 δυνάμεις.

147 1433 202 1460 Kal
221 1434 426 1468 ἐτελέσθησαν
441 1435 481 1468 τῷ
501 1436 683 1470 Βεελφεγὼρ,
700 1445 728 1463 κ.
745 1445 770 1464 1.
785 1437 808 1464 ἑ.
826 1437 904 1464 Βεελ-

111 1478 206 1515 φεγὼρ
221 1480 328 1507 εἴδωλον
344 1480 389 1507 τοῦ
407 1480 461 1516 Βὴλ
475 1481 504 1507 ὲν
518 1481 558 1516 τῷ
576 1481 649 1517 τόπῳ
664 1481 710 1508 τοῦ
726 1482 830 1517 Φεγώρ,

150 1525 202 1552 Kal
226 1525 338 1560 ἔφαγον
363 1527 472 1559 θυσίας
490 1527 615 1561 νεκρᾶην,
643 1536 670 1554 κ.
691 1536 716 1554 τ.
740 1529 763 1555 ὲ.
786 1528 900 1561 Talna;

111 1570 214 1604 ἤγαγον
237 1570 276 1604 τῷ
299 1571 468 1607 Βεελφεγὼρ,
497 1572 662 1607 μνησθέντες
679 1573 708 1598 ἐν
726 1573 782 1604 τοῖς
799 1581 902 1609 μυστη-

112 1614 181 1645 ρίοις
196 1614 288 1641 αὐτοῦ.

148 1660 201 1686 Kal
218 1660 292 1694 ἔστη
307 1661 419 1695 Φινεὲς,
433 1661 483 1688 καί
505 1661 678 1694 ἐξιλάσατᾳ
694 1670 721 1688 κ.
737 1670 762 1688 1.
778 1662 801 1688 ὲ.
819 1663 901 1688 Ἀνω-

109 1706 183 1741 τέρω
205 1707 252 1741 μὲν
265 1707 348 1741 λέγει,
373 1707 413 1734 ὅτι
444 1708 509 1743 ἔστη
534 1708 654 1743 Μωῦσῆς
676 1709 724 1736 καὶ
747 1708 901 1744 ἀπέστρεψε

109 1751 159 1788 τὴν
174 1751 296 1787 θραῦσιν,
311 1752 368 1779 ἀλλ’
386 1752 521 1780 ἐκόπασεν
539 1754 556 1789 ὴ
570 1753 693 1790 θραῦσις.

147 1841 200 1868 Kal
213 1841 361 1875 ἐμιτησαν
373 1840 409 1867 ἐν
428 1839 490 1873 τοῖς
508 1841 620 1871 ἔθνεσι,
637 1849 665 1868 κ.
684 1849 710 1867 τ.
725 1841 749 1867 ὲ.
765 1841 900 1875 Μίγνυταί

110 1897 153 1920 τις
165 1889 219 1919 τοῖς
235 1887 323 1913 ἔθνεσι
336 1887 468 1914 δουλεύων
484 1887 623 1922 γλυπτοῖς.

146 1934 198 1962 Kal
216 1935 407 1969 ἐπόρνευσαν
419 1934 455 1960 ἐν
468 1933 530 1966 τοῖς
543 1933 777 1968 ἐπιτηδεύμασιν
790 1933 898 1965 αὐτῶν,

110 1990 139 2008 κ.
152 1989 176 2007 τ.
193 1980 217 2006 ἑ.
237 1979 364 2015 Πορνεύει
389 1979 461 2014 ψυχὴ
486 1979 631 2014 σπέρματα
655 1978 830 2014 λαμϐάνουσα
851 1979 900 2014 τῆς

109 2025 300 2061 ἀντικειμένης
314 2024 464 2060 δυνάμεως,
479 2024 526 2050 καὶ
541 2024 670 2050 τίκτουσα
683 2023 765 2050 τέκνα
782 2024 897 2060 πονηρά.

145 2071 196 2097 Kal
215 2069 399 2101 ἑϐδελύξατο
418 2069 475 2103 τὴν
491 2068 693 2102 κληρονομίαν
706 2067 810 2102 αὐτοῦ,
828 2077 855 2095 κ.
871 2077 897 2095 1.

111 2115 134 2142 ἑ.
152 2124 160 2140 ι
179 2113 351 2150 κληρονομία
366 2113 468 2149 Κυρίου
485 2113 570 2148 ψυχαὶ
583 2113 700 2147 λογικαί.
717 2122 728 2138 ι

958 881 995 909 tio
1011 881 1063 909 hoc
1078 881 1138 910 loco
1153 882 1297 910 transitum
1312 889 1345 910 ex
1357 882 1410 911 hac
1423 883 1478 910 vita
1494 883 1639 918 signiﬁcat.

990 971 1057 1000 lam.
1075 972 1106 1001 Si
1122 981 1176 1001 non
1191 973 1297 1009 Moyses
1308 973 1406 1002 electus
1416 974 1473 1009 ejut
1499 974 1614 1002 stetisset
1635 975 1663 1001 in
1683 981 1746 1001 can-

955 1018 1086 1053 fractiane
1099 1020 1126 1046 in
1142 1025 1281 1054 conspectu
1305 1021 1363 1056 ejus
1384 1025 1412 1047 ut
1438 1025 1563 1048 averteret
1580 1021 1648 1047 iram
1668 1028 1744 1047 suam

956 1073 989 1091 ne
1011 1065 1171 1099 disperderet
1197 1073 1253 1098 eos,
1272 1070 1325 1093 etc.
1360 1065 1567 1094 Observandum
1590 1071 1632 1093 est
1660 1066 1743 1093 etiam

956 1118 1039 1138 unum
1051 1115 1186 1144 sanctum,
1200 1111 1288 1146 qualis
1301 1117 1361 1139 erat
1383 1111 1499 1147 Moyses,
1518 1119 1598 1146 posse
1618 1117 1745 1140 avertere

957 1157 1024 1183 iram
1041 1156 1067 1184 iu
1082 1162 1189 1192 gentem
1205 1157 1359 1185 universam
1373 1158 1531 1186 excitatam.

990 1201 1071 1230 Vsus.
1082 1202 1127 1230 94.
1146 1202 1180 1229 Et
1199 1211 1248 1237 pro
1262 1203 1344 1230 nihilo
1362 1203 1509 1230 habuerunt
1528 1208 1625 1231 terram
1641 1203 1744 1231 deside-

955 1247 1075 1280 rabilem,
1092 1254 1144 1275 etc.
1160 1247 1245 1275 Terra
1260 1248 1450 1277 desiderabilis
1466 1254 1510 1276 est
1534 1257 1646 1284 regnum
1658 1248 1744 1277 cmlo-

957 1300 1025 1320 rum.

990 1338 1073 1367 Vens.
1086 1339 1132 1367 26.
1150 1339 1182 1366 Et
1193 1339 1300 1367 elevavit
1315 1347 1423 1367 manum
1435 1348 1510 1367 suam
1522 1348 1600 1375 τηρεῖ
1609 1348 1666 1372 eos,
1686 1344 1741 1368 etc.

955 1384 1063 1412 Manum
1080 1385 1146 1412 dicit
1157 1384 1274 1412 virtutes
1285 1385 1343 1419 ejus
1356 1392 1416 1420 qua:
1428 1392 1522 1419 pmnas
1535 1385 1670 1420 inﬂigunt.

990 1431 1071 1459 Vsus.
1086 1431 1130 1458 28.
1146 1431 1180 1458 Ει
1194 1431 1295 1458 initiati
1309 1436 1370 1458 sunt
1386 1431 1557 1466 Beelphegor,
1580 1436 1635 1460 etc.
1663 1431 1742 1459 Beel-

915 1494 937 1522 ο
954 1477 1058 1512 pbcgor
1072 1476 1246 1504 simulacrum
1258 1481 1301 1505 est
1316 1476 1373 1504 Beli
1387 1476 1485 1504 inloco
1501 1476 1618 1512 Pllegor.

988 1522 1054 1550 inm.
1080 1522 1115 1549 Et
1137 1523 1305 1551 comederunt
1329 1523 1464 1558 sacriﬁcia
1487 1528 1664 1554 mortuorum,
1685 1527 1743 1551 etc.

953 1568 1034 1603 785
1051 1567 1150 1595 [uitiati
1167 1573 1231 1595 sunt
1260 1568 1437 1604 Beelphegor,
1463 1568 1541 1603 cujus
1559 1569 1742 1596 meminerunt

953 1611 979 1638 in
996 1612 1143 1647 mysteriis.

989 1657 1070 1685 Vens.
1082 1657 1126 1687 50.
1141 1657 1175 1684 Et
1190 1657 1260 1684 ttetit
1276 1657 1401 1690 Phineu,
1414 1662 1438 1684 et
1461 1657 1586 1691 placavit.
1603 1662 1657 1684 etc.
1686 1656 1741 1684 Su-

951 1710 998 1737 pra
1013 1703 1121 1737 quidem
1140 1703 1207 1729 dicit
1223 1703 1333 1730 stetisse
1354 1702 1463 1738 Moysen
1477 1707 1504 1729 et
1520 1703 1654 1730 avertisse
1671 1702 1739 1729 iram

951 1748 1009 1781 ejus
1031 1755 1039 1774 :
1058 1747 1102 1775 hic
1118 1753 1210 1775 autem
1228 1747 1336 1775 stetisse
1350 1747 1482 1780 Phinccn,
1498 1753 1591 1774 etnon
1608 1749 1739 1777 avertisse

951 1793 1162 1828 quassationem,
1179 1795 1226 1821 sed
1240 1800 1365 1820 cessasse
1377 1792 1592 1827 quassatiouem.

988 1839 1068 1866 Vens.
1096 1839 1140 1867 55.
1164 1839 1197 1866 Et
1219 1838 1348 1866 commisti
1367 1843 1429 1866 sunt
1455 1838 1523 1865 inter
1547 1844 1654 1873 gentes,
1683 1844 1738 1867 etc.

950 1884 1080 1913 Gentibus
1092 1885 1285 1912 commiscetur
1307 1885 1352 1920 qui
1368 1884 1453 1912 servit
1469 1883 1649 1919 sculptilibus.

988 1930 1067 1957 Vens.
1092 1931 1136 1958 59.
1161 1930 1196 1957 Ει
1220 1931 1346 1965 fornicati
1372 1934 1433 1957 sunt
1462 1931 1488 1957 in
1512 1929 1738 1957 adinrentionibns

950 1976 1015 2009 suis,
1029 1980 1080 2003 etc.
1095 1975 1257 2004 Fornicatur
1281 1977 1372 2003 anima
1396 1984 1458 2003 cum
1482 1976 1645 2003 adversaria:
1662 1981 1739 2011 pote-

950 2022 1028 2050 statis
1041 2023 1145 2049 semina
1159 2023 1283 2057 suscipit,
1294 2027 1322 2050 et
1337 2021 1423 2049 malos
1435 2022 1506 2057 parit
1522 2022 1601 2049 tilias.

984 2067 1066 2095 Vens.
1082 2068 1126 2095 40.
1146 2067 1178 2095 Et
1195 2069 1362 2095 abominatus
1386 2073 1424 2095 est
1451 2068 1633 2096 htvretlitatem
1647 2076 1739 2104 suam,

949 2117 1003 2140 etc.
1016 2113 1166 2141 limi-editas
1190 2113 1296 2141 Domini
1310 2118 1373 2141 sunt
1387 2114 1485 2141 animm.
1511 2113 1697 2141 rationabiles.

144 2161 196 2188 Kal
212 2159 392 2194 ἐκυρίευσαν
405 2158 504 2186 αὐτῶν
518 2160 545 2185 οἱ
557 2159 720 2193 μισοῦντες
735 2158 855 2191 αὐτοὺς,
869 2167 893 2185 κ.

986 2159 1067 2187 Vens.
1078 2160 1123 2187 41.
1136 2159 1170 2186 Et
1181 2159 1310 2186 dominati
1324 2165 1385 2187 sunt
1396 2168 1486 2188 eorum
1503 2160 1548 2194 qui
1559 2160 1670 2186 oderunt
1681 2167 1736 2191 eos.

109 2215 134 2233 1.
148 2206 171 2232 ἑ.
189 2205 318 2240 Δαίμονὲς
331 2205 400 2231 εἰσιν
413 2205 438 2231 ol
454 2203 594 2240 μισοῦντες
610 2205 683 2240 ἡμᾶς
699 2205 746 2231 καὶ
761 2204 898 2237 θλίϐοντες

109 2252 156 2283 τὰς
169 2251 256 2286 ψυχὰς
269 2249 356 2285 ἡμῶν.

143 2297 195 2324 Kal
220 2296 331 2324 ἔδωκεν
357 2294 467 2328 αὐτοὺς
494 2296 539 2328 εὶς
567 2295 734 2330 οίκτιρμοὺς
758 2294 898 2321 ἐναντίον

110 2343 226 2369 πάντων
248 2341 308 2369 τῶν
321 2340 629 2377 αὶχμαλωτευσάντων
643 2339 762 2372 αὐτοὺς,
778 2349 805 2367 κ.
825 2348 851 2367 1.
870 2340 894 2367 ἑ.

117 2388 249 2415 Ἐντεῦθεν
268 2388 449 2424 μανθάνομεν,
467 2388 508 2415 ὅτι
531 2387 578 2414 καὶ
598 2386 646 2414 τοῦ
670 2384 803 2414 ἐλεεῖσθαι
823 2386 896 2422 ἡμᾶς

109 2434 124 2461 ὁ
138 2434 236 2470 Κύριος
249 2434 341 2467 ἀξίους
355 2435 437 2462 ποιεῖ.

384 2536 530 2565 ΨΑΛΜΟΣ
545 2537 615 2570 PG’.

145 2586 202 2611 ’Ότι
214 2584 360 2618 ἐχόρτασε
375 2582 482 2617 ψυχὴν
493 2581 596 2616 κενὴν.
612 2589 639 2608 κ.
657 2589 682 2608 τ.
697 2581 720 2607 ὲ.
735 2579 815 2616 Ψυχὴ
833 2580 897 2616 κενή

109 2633 165 2660 ἐστι
179 2630 195 2665 ἡ
207 2629 313 2665 ἀρετῶν
329 2629 378 2655 καὶ
393 2627 520 2663 γνώσεως
533 2627 713 2663 ἐστερημένη.

141 2677 191 2704 Kal
203 2675 349 2710 ἐξήγαγεν
362 2674 472 2707 αὐτοὺς
487 2674 520 2700 ἐκ
536 2674 666 2706 σκότους
682 2673 730 2700 καὶ
741 2672 831 2706 σκιᾶς
845 2675 896 2700 θα-

948 2210 1002 2232 etc.
1031 2205 1172 2233 Dmmones
1187 2206 1309 2242 suntqui
1335 2206 1452 2234 oderunt
1478 2213 1529 2234 nos
1551 2211 1579 2233 et
1607 2205 1736 2233 tribulaut

949 2251 1053 2278 animas
1070 2256 1188 2278 nostras.

985 2295 1066 2324 Vens.
1091 2297 1137 2324 46.
1155 2297 1188 2324 Ει
1213 2296 1284 2324 dedit
1303 2305 1347 2324 eos
1362 2297 1390 2324 in
1410 2297 1607 2324 misericordias
1634 2296 1661 2322 in
1674 2304 1739 2323 con-

948 2347 1037 2376 spectu
1053 2341 1167 2369 omnium
1184 2342 1227 2377 qui
1239 2347 1360 2376 ceperant
1375 2350 1430 2374 eos,
1445 2347 1497 2369 ctc.
1516 2341 1584 2369 Hinc
1606 2341 1736 2369 discimus

950 2396 999 2416 nos
1018 2388 1100 2416 ctiam
1119 2388 1306 2416 misericordia
1319 2387 1414 2423 dignos
1429 2395 1443 2415 a
1461 2387 1516 2415 Deo
1528 2387 1611 2416 ctiici.

1218 2535 1378 2565 PSALMUS
1396 2536 1463 2564 CVI.

981 2581 1064 2610 Vsus.
1080 2583 1105 2609 9.
1125 2582 1194 2615 Quia
1209 2583 1315 2610 satiavit
1328 2583 1448 2610 animant
1463 2583 1578 2615 inanem,
1595 2587 1650 2610 etc.
1671 2582 1732 2610 lua-

945 2627 987 2655 uis
999 2633 1039 2654 est
1056 2629 1146 2655 anima
1164 2636 1223 2662 qme
1237 2628 1382 2656 virtutibus
1394 2633 1420 2656 et
1436 2628 1550 2656 Scientia
1564 2629 1667 2663 privata
1677 2632 1730 2655 est.

982 2674 1062 2702 Vsus.
1082 2675 1123 2702 Η.
1137 2674 1170 2702 Et
1184 2675 1274 2702 eduxit
1290 2684 1333 2702 eos
1351 2675 1383 2702 de
1398 2675 1508 2702 tenebris
1521 2680 1544 2702 et
1558 2675 1650 2701 umbra
1660 2681 1731 2701 mor-

112 2724 206 2757 νάτορ,
222 2731 248 2749 κ.
268 2731 294 2748 τ.
315 2721 339 2748 ὲ.
362 2720 437 2748 Καθὺ
462 2719 518 2755 φῶς
542 2721 615 2746 ἐστιν
631 2720 644 2746 ὁ
665 2719 776 2756 Κύριος,
803 2718 893 2754 ἐξάγει

984 2741 988 2753 ,
1002 2724 1054 2748 etv.
1083 2721 1223 2754 Quatenus
1237 2720 1282 2748 lux
1306 2725 1347 2749 est
1372 2721 1512 2754 Dominus,
1528 2720 1620 2749 educit
1636 2726 1685 2746 uos
1696 2719 1730 2746 de

143 2803 163 2820 "
178 2804 252 2832 noui.
267 2811 284 2833 ι,
299 2803 343 2831 25.
