1889 3052
180 125 245 152 Ιῖὗὸ

887 123 929 149 [Χ
951 122 1099 150 UlilCENE

1745 125 1805 150 157G

178 188 267 209 rinam
292 182 439 214 mirerelur,
459 185 512 208 etc.
531 181 751 216 Quatnloquident
779 187 840 207 cum
857 179 962 214 iustitia

1041 179 1196 212 ιιῶνὲλεεῖ,
1212 189 1238 207 κ.
1253 189 1277 207 τ.
1296 181 1318 207 ὲ.
1343 181 1418 207 Ἐπεὶ
1432 182 1500 216 μετὰ
1517 181 1695 216 δικαιοσύνης
1716 182 1784 208 ἐλεεῖ
1795 184 1808 209 ὁ

177 228 322 255 miseretur
339 227 483 258 Dominus,
506 226 662 253 utisericors
676 231 717 252 cst
731 231 757 252 ct
768 225 867 260 justus.
898 225 962 251 Saul

176 279 266 301 autent
286 273 500 307 utiuintejustus
512 277 571 299 erat
590 271 616 298 in
632 271 818 298 misericordia
832 290 839 302 ,
858 271 964 304 quando

176 318 260 355 Λειρεί
286 318 474 347 miserebatur.
493 317 599 344 Etenim
618 318 640 345 si
662 318 752 345 omnis
779 316 965 344 misericordia

173 364 246 400 jusla
264 364 344 395 foret,
371 370 542 397 nequaquam
557 363 599 390 lex
614 363 638 379 ”‘
653 363 686 390 de
700 362 860 397 quibusdam
881 361 965 388 dixis-

176 413 219 437 set
235 417 242 436 :
259 418 268 435 ι
281 408 339 436 Non
365 408 539 435 misereberis
559 409 626 441 ejus.
644 417 653 434 ι
672 407 720 435 Est
733 407 816 434 etiam
837 406 900 433 illud
915 406 938 421 ’⁸
956 414 962 432 :

176 463 188 481 ι
200 454 251 487 Qui
272 454 417 481 miseretur
442 453 470 480 in
488 453 636 485 hilaritate,
649 462 659 479 υ
682 459 743 480 cum
762 451 865 486 justitia
882 450 964 478 mise;

176 505 234 528 I'OIU
240 508 262 527 r.

212 542 294 571 Vsus.
309 544 336 570 7.
355 543 522 575 Convertere,
540 543 629 569 anima
640 550 708 574 mea,
723 543 750 568 in
771 541 896 577 requiem,
909 545 964 567 etc.

177 590 293 625 Requies
312 589 410 617 anima:
421 594 463 616 est
482 594 654 624 peccatorum
668 588 833 615 abstinentia
849 595 856 614 :
870 595 965 622 pecca-

175 642 232 664 tum
247 636 321 664 enini
337 636 410 663 illam
423 635 525 670 dejieit,
538 640 564 662 ct
577 643 672 662 onmes
682 634 740 668 ejus
755 634 825 661 vires
837 633 962 661 conterit.

175 683 252 711 Unde
267 682 348 708 etiam
366 681 510 716 baptisma,
534 685 627 716 utpote
651 680 722 715 quod
744 680 931 707 liberationem
949 687 964 706 a

175 729 294 763 peccatis
321 727 474 759 contineat,
505 727 588 754 David
625 734 746 761 «aquam
777 725 933 754 refectionis
951 735 961 751 ι

173 773 332 810 appellavit.
360 773 486 800 Animam
519 774 600 809 igitur
628 774 654 800 in
683 773 802 808 peccatis
826 777 962 800 errantem

179 819 256 854 jubet
271 819 390 847 converti
413 819 438 846 in
458 820 588 853 requiem.
604 819 661 846 sire
677 827 723 854 per
737 818 870 854 baptisma
884 838 891 851 ,
907 819 963 846 sive

178 873 228 901 per
241 865 377 901 iacrymas
394 869 421 892 et
438 864 635 900 penitentiam.

210 956 294 983 Vsus.
308 956 335 983 8.
353 955 421 988 Quia
445 955 542 990 eripuit
567 955 684 982 animam
709 963 805 988 meum,
822 960 876 983 etc.
899 955 963 990 Ejus

175 1002 301 1030 videlicet
314 1002 360 1038 qui
377 1010 428 1030 non
453 1002 570 1037 amplius
585 1006 689 1035 peccat.
715 1010 725 1026 ι
741 1001 838 1028 Anima
891 1001 962 1028 enim

173 1054 233 1082 qua:
252 1045 420 1081 peccaverit,
457 1047 514 1082 ipsa
530 1047 661 1074 ntorietnr
674 1047 708 1073 ".
724 1056 734 1072 ι
752 1046 803 1080 Qui
823 1051 913 1074 autent
929 1047 963 1073 ad

175 1093 226 1120 boc
239 1094 360 1128 pervenit
379 1098 407 1120 ut
432 1093 554 1120 dolorum
587 1093 622 1120 sit
649 1101 758 1128 expers,
786 1092 868 1124 dicet,
898 1092 963 1128 quia

177 1139 305 1165 Dominus
318 1139 517 1172 eripuitoculos
533 1147 607 1166 meos
623 1147 638 1166 a
657 1139 796 1174 lacrymis.
810 1138 881 1166 Idem
897 1146 962 1166 vero

175 1184 256 1210 etiam
274 1185 343 1211 dicet
358 1185 404 1219 qui
422 1185 503 1212 beato
520 1185 592 1212 luctu
611 1185 697 1219 luget,
711 1185 818 1219 quando
837 1184 921 1211 risum
937 1189 964 1212 et

174 1230 388 1256 consolationem
405 1229 563 1257 obtinuerit.
578 1229 629 1263 Qui
645 1234 733 1257 autent
746 1230 862 1257 audierit
875 1239 882 1257 :
896 1239 905 1255 ‹
923 1229 963 1257 Tu

175 1282 239 1302 vero
260 1275 304 1303 hic
319 1280 360 1302 sta
384 1283 488 1302 tuccum
502 1276 535 1307 ’7,
558 1285 567 1301 ι
594 1276 667 1303 dicet
686 1284 692 1302 :
710 1275 813 1310 Eripuit
834 1276 963 1303 Dominus

175 1321 258 1355 pedes
277 1328 351 1349 meos
367 1328 381 1348 a
396 1321 482 1356 lapsu.

444 1410 607 1439 PSALMUS
626 1411 706 1439 CXV.
978 1417 1000 1446 ε

212 1469 295 1497 Vens.
311 1468 337 1495 i.
353 1467 471 1500 Credidi,
487 1473 594 1502 propter
608 1467 677 1503 quod
696 1469 798 1496 locutus
817 1477 886 1503 sum,
910 1475 963 1498 etc.

176 1516 233 1544 Nisi
257 1515 319 1550 quis
342 1515 457 1542 ﬁrmiter
488 1519 702 1549 constanterque
736 1514 902 1547 crediderit,
932 1523 965 1543 ne

178 1563 287 1589 doceat.
314 1561 417 1589 Sinceri
434 1561 506 1588 enim
527 1561 704 1596 praeceptoris
719 1567 770 1587 vox
791 1566 833 1588 est
851 1569 858 1588 :
876 1561 964 1589 «Crei-

176 1608 244 1640 didi,
258 1612 370 1642 propter
385 1607 455 1642 quod
474 1607 580 1634 locutus
591 1614 662 1634 sum.
683 1616 693 1633 ι
718 1606 855 1635 Modestia:
874 1612 964 1635 autem

176 1653 294 1688 ejusdem
311 1657 339 1680 et
354 1652 516 1679 humilitatis
533 1651 662 1679 indicium
679 1656 731 1684 est,
755 1652 828 1686 quod
845 1652 965 1680 docendo

176 1698 288 1726 minime
303 1698 476 1730 intumescat,
492 1705 554 1725 cum
564 1697 638 1725 dicat
653 1706 659 1724 :
681 1705 690 1722 ι
705 1697 764 1733 Ego
772 1702 862 1725 autem
877 1698 966 1726 ltumic

176 1744 257 1771 lialus
268 1751 327 1771 sntit
338 1743 429 1770 ttintis.
448 1752 458 1768 ι

212 1788 350 1824 Ejusdem.
381 1788 462 1816 Fides
486 1793 530 1816 est
553 1788 651 1816 animae
675 1787 769 1817 liberae
794 1789 965 1818 rationabilis

176 1834 310 1862 assensio.

214 1881 296 1909 Vsus.
312 1880 340 1908 2.
361 1881 418 1915 Ego
438 1881 496 1908 dixi
512 1881 539 1908 in
561 1888 670 1907 excessu
683 1888 759 1908 mea:
780 1880 873 1908 Omnis
887 1881 964 1908 homo

177 1928 301 1958 mendax,
316 1932 369 1955 etc.
388 1927 416 1954 Si
429 1927 511 1954 homo
527 1926 607 1954 etiam
623 1926 706 1954 David
717 1932 769 1960 est,
782 1927 896 1954 mendax
912 1931 963 1955 est.

179 1973 208 2001 5i
222 1973 337 2001 mendax
353 1978 404 2006 est,
421 1980 483 2000 cum
498 1973 617 2008 seipsqu
639 1973 796 2000 mendacem
814 1973 894 2005 dicit,
911 1980 964 2000 non

178 2019 314 2051 mendax,
331 2018 378 2047 sed
399 2026 479 2046 verax
495 2025 547 2047 est.
571 2019 599 2046 Si
624 2024 714 2046 autent
739 2026 819 2046 verus
839 2023 881 2046 est
902 2026 964 2046 cum

177 2065 294 2100 scipsum
313 2064 470 2091 mendacem
492 2065 569 2099 dicit,
592 2065 672 2092 homo
693 2072 754 2092 cum
777 2064 830 2096 sit,
847 2071 900 2091 non
925 2069 965 2091 est

179 2110 306 2138 mendax.
330 2107 451 2136 Vertitur
471 2109 563 2143 itaque
583 2109 673 2136 oratio
693 2109 727 2135 ad
746 2113 909 2142 ulrmnque,
928 2106 964 2134 ita

178 2161 208 2182 ut
222 2155 258 2182 sit
273 2162 367 2188 verax,
381 2154 460 2190 791
480 2155 503 2182 si
525 2154 604 2182 homo
625 2159 690 2186 est;
716 2158 744 2180 et
767 2154 824 2187 ipse
838 2153 871 2180 sit
889 2160 965 2179 uten-

178 2200 243 2227 dax.
266 2199 301 2226 Et
324 2199 368 2226 hic
383 2207 474 2227 sermo
496 2207 511 2226 a
535 2198 684 2227 dialecticis
706 2203 821 2226 vocatur
837 2197 962 2225 difﬁcilis.

222 2288 361 2323 Ejusdem.
376 2289 516 2322 Quatenus
538 2289 618 2316 homo
633 2289 693 2323 quis
709 2293 760 2320 est.
779 2289 894 2317 mendax
910 2293 963 2321 est,

179 2341 261 2362 verax
277 2339 367 2361 autem
381 2335 404 2361 si
414 2333 595 2361 desieritcssc
605 2333 695 2360 homo.
709 2333 775 2360 Nam
785 2342 853 2361 voxt
867 2334 962 2361 homo»

180 2379 325 2414 aliquando
341 2378 524 2406 substantiam
540 2379 688 2413 signiticet,
710 2384 741 2405 ut
755 2385 817 2406 cum
838 2378 937 2406 dicitur
955 2386 962 2405 :

182 2435 191 2452 ι
211 2425 296 2453 llomo
319 2425 430 2460 quidam
455 2428 515 2452 erat
541 2423 568 2450 in
596 2428 666 2450 terra
692 2424 814 2451 Ausitide
826 2424 866 2456 ’τίς
891 2432 900 2450 ι
917 2423 966 2450 ali-

180 2472 289 2506 quando
309 2476 398 2498 autem
413 2470 559 2506 pessimum
572 2470 690 2497 habitutn
700 2469 776 2505 juxta
792 2469 856 2497 illud
871 2479 878 2497 :
891 2479 900 2496 t
913 2469 967 2497 Vos

181 2523 270 2544 autent
287 2517 358 2545 sicut
378 2516 503 2545 homines
529 2516 694 2548 moriemini,
714 2520 742 2543 et
759 2516 828 2543 sicut
845 2524 914 2543 unus
933 2516 967 2544 de

182 2563 348 2597 principibus
366 2562 510 2590 cadetis”.
538 2570 548 2588 ›
574 2561 652 2589 Prior
665 2561 737 2589 enim
752 2559 826 2588 lo'cus
840 2562 966 2589 substan-

183 2607 258 2638 tiam,
272 2607 340 2634 alter
354 2615 418 2635 vero
433 2606 578 2642 pessimum
592 2607 711 2634 habitum
727 2607 859 2635 declarat.

220 2653 302 2680 Vsus.
320 2652 346 2680 5.
363 2651 433 2685 Quid
447 2653 588 2680 retribuam
604 2650 736 2678 Domino?
752 2655 805 2680 etc.
819 2652 847 2678 in
861 2651 903 2679 bis
917 2651 967 2686 igi-

186 2703 228 2724 tur
243 2703 370 2732 tanquam
387 2707 401 2725 a
416 2698 533 2726 Domino
545 2697 657 2725 affectus
671 2705 766 2732 magno
785 2698 926 2729 beneﬂcio,
939 2702 966 2725 et

188 2744 280 2771 Volcns
294 2751 372 2771 suum
387 2744 586 2772 benefactorcm
602 2744 780 2778 remunerari,
802 2744 835 2771 de
848 2745 905 2779 ipso
926 2752 967 2772 re-

223 2821 247 2835 ”
263 2820 339 2847 Deut.
358 2828 414 2853 xix,
428 2821 469 2848 i5.
508 2823 530 2838 ”
550 2822 626 2849 Rom.
643 2830 690 2856 xu,
707 2823 733 2850 8.
772 2823 794 2839 "
811 2821 906 2852 Elei-It.
919 2831 997 2857 xvm,
1012 2825 1037 2852 ri.

1020 225 1132 261 Κύριος,
1147 226 1270 261 ἐλεήμων
1283 227 1342 253 ἐστὶ
1358 227 1404 253 καὶ
1419 227 1524 258 δίκαιος
1538 235 1545 242 ·
1559 227 1590 253 οὗ
1607 227 1714 258 δίκαιος
1735 228 1764 254 δὲ
1783 229 1807 254 ἐν

1017 269 1055 304 τῷ
1071 269 1156 297 ἐλεεῖν
1167 268 1200 305 ἦν
1211 271 1224 296 ὁ
1240 270 1335 302 Σαοὺλ,
1349 271 1432 298 ἐλεῶν
1448 272 1494 298 τὸν
1509 273 1610 306 Ἀγαγ.
1628 272 1685 302 Καὶ
1703 273 1728 298 εἰ
1739 270 1772 307 ἦν
1784 273 1807 298 δὲ

1018 316 1072 342 πᾶν
1089 316 1119 342 τὸ
1134 316 1217 342 ἐλεεῖν
1231 316 1344 350 δίκαιον,
1357 318 1407 344 οὐκ
1421 318 1454 344 ἂν
1473 319 1537 353 περί
1550 327 1633 346 τινων
1645 316 1726 345 εἶπεν
1740 320 1754 345 ὁ
1768 320 1807 345 νό-

1019 368 1067 395 μος
1082 360 1122 393 τὸ,
1137 370 1147 387 ι
1163 361 1220 387 Οὐκ
1236 361 1355 397 ὲλεήσεις
1371 362 1462 390 αὐτόν.
1481 372 1490 389 t
1506 364 1586 390 Ἔστι
1596 364 1625 390 δὲ
1640 364 1688 391 καὶ
1705 364 1747 396 τδ,
1763 373 1772 389 ι
1783 365 1808 391 'U

1017 405 1099 433 ἐλεῶν
1114 406 1143 432 ὲν
1161 406 1328 442 ἱλαρότητινο
1344 408 1412 443 μετὰ.
1423 408 1597 445 δικαιοσύνης
1611 409 1694 436 ἐλεεῖ.

1058 541 1270 575 Ἐπίστρεψον,
1289 542 1374 577 ψυχή
1394 552 1464 578 μου,
1486 544 1530 577 εις
1545 544 1603 579 τὴν
1621 544 1807 577 ἀνάπαυσιν,

1017 595 1043 613 κ.
1061 595 1086 613 τ.
1102 587 1126 614 ὲ.
1147 587 1311 620 Ἀνάπαυσις
1326 588 1377 624 τῆς
1391 589 1479 624 ψυχῆς
1493 591 1510 626 ἡ
1524 590 1578 616 τῶν
1597 591 1808 626 ἀμαρτημάτιιη

1017 633 1141 669 ἀποκοπή
1152 641 1160 649 ·
1173 634 1324 661 κατατείνει
1339 635 1393 671 γὰρ
1411 637 1498 671 αὐτὴν
1512 638 1528 672 ἡ
1545 637 1683 672 ἁμαρτία,
1700 639 1749 665 καί
1760 638 1810 664 πά-

1017 687 1067 710 σας
1081 679 1166 714 αὐτῆς
1177 679 1226 711 τὰς
1237 680 1366 716 δυνάμεις
1383 683 1532 718 συντρίϐει.
1546 684 1629 710 Ὅθεν
1646 685 1697 710 καὶ
1713 685 1744 711 τὺ
1764 685 1810 719 βά-

1017 733 1133 760 πτισμα,
1149 725 1187 756 ὡς
1201 725 1360 762 ἀπαλλαγὴν
1382 728 1588 764 ἁμαρτημάτων
1612 730 1687 764 ἔχον,
1710 739 1720 755 r
1739 730 1811 766 ὕδωρ

1015 770 1210 802 ἀναπαύσεως»
1228 772 1242 798 ὁ
1257 771 1338 798 Δαυῖδ
1353 773 1568 808 προσηγόρευσε.
1587 774 1644 810 Τὴν
1657 775 1752 810 ψυχὴν
1763 776 1814 801 τοία

1015 824 1062 842 νυν
1080 815 1118 848 ὡς
1134 816 1163 842 ὲν
1175 816 1324 851 ἁμαρτίαις
1343 817 1526 854 πλανηθεῖσαν
1552 819 1721 855 ἐπιστρέψαι
1746 821 1813 854 πρὸς

979 867 1000 895 Β
1014 862 1062 897 τὴν
1073 861 1268 897 ἀνάπαυσιννῆ
1280 862 1323 889 διὰ
1334 862 1380 889 τοῦ
1391 863 1589 898 βαπτίσματος,
1602 865 1619 899 ἦ
1636 865 1684 891 διὰ
1695 865 1753 891 τῶν
1764 865 1811 891 δει-

1016 908 1107 943 κρύων
1123 908 1170 934 καὶ
1182 908 1232 944 τῆς
1243 909 1397 944 μετανοίας,
1415 910 1612 946 προτρέπεται.

1053 953 1113 979 Ὀτι
1124 953 1257 985 ἐξείλετο
1278 954 1336 989 τὴν
1349 955 1454 989 ψυχήν
1467 965 1537 990 μου,
1550 965 1576 983 κ.
1593 965 1618 982 τ.
1634 957 1660 983 ὲ.
1680 957 1738 984 Τοῦ
1757 967 1811 993 μη-

1017 997 1076 1025 κέτι
1092 999 1295 1035 ἁμαρτάνοντος
1321 1000 1453 1036 δηλονότι.
1473 1010 1483 1027 ι
1502 1002 1582 1037 Ψυχὴ
1610 1003 1668 1038 γὰρ
1682 1003 1812 1039 ἁμαρτά-

1017 1054 1100 1072 νουσα
1114 1045 1298 1073 ἀποθανεῖται.
1318 1055 1327 1072 ι
1352 1046 1381 1073 Ὀ
1397 1046 1425 1073 δὲ
1442 1047 1560 1074 ἀλυπίαν
1579 1040 1728 1075 ἀναλαϐὼν
1743 1051 1811 1085 ἐρεῖ.

1015 1091 1056 1118 ὅτι
1068 1091 1169 1127 Κύριος
1178 1091 1294 1125 ἐξείλετο
1303 1092 1366 1124 τοὺς
1377 1092 1532 1128 ὀφθαλμούς
1543 1103 1593 1129 μου
1603 1095 1659 1121 ἀπὸ
1669 1096 1809 1131 δακρύων.

1023 1138 1095 1174 Ἐρεί
1110 1139 1138 1165 δὲ
1148 1139 1212 1165 αὐτὸ
1230 1138 1279 1166 καὶ
1291 1139 1344 1166 ὁτὸ
1359 1139 1577 1174 μακαριζόμενον
1591 1141 1692 1173 πένθος
1710 1142 1811 1177 πενθή-

1017 1193 1077 1217 σας,
1088 1185 1152 1212 ὅταν
1164 1185 1285 1220 τυγχάνῃ
1300 1184 1530 1218 τοῦ,γελάσονται,
1541 1186 1589 1212 καὶ
1606 1186 1812 1223 somniauit:-

1017 1229 1154 1265 θήσονται.
1174 1231 1202 1257 '0
1225 1230 1254 1257 δὲ
1277 1229 1396 1262 ἀκούσας
1411 1230 1468 1262 τοῦ.
1489 1240 1497 1257 ι
1522 1231 1559 1259 Σὺ
1573 1231 1603 1258 δὲ
1622 1233 1710 1264 αὐτὸς
1736 1234 1812 1267 στῆθι

1018 1277 1078 1311 μετ’
1089 1276 1167 1312 ἐμοῦ,
1185 1285 1195 1303 ι
1212 1277 1280 1313 ἐρεϊ’
1305 1275 1436 1308 Ἐξείλετο
1451 1276 1554 1312 Κύριος
1574 1279 1639 1310 τοὺς
1658 1279 1746 1310 πόδας
1762 1287 1811 1314 μαι

1017 1322 1072 1349 ἀπὸ
1089 1322 1284 1358 ὀλισθήματος,

1294 1415 1439 1442 ΨΑΛΜΟΣ
1458 1416 1531 1443 PlE'.

1057 1471 1251 1503 Ἐπίστευσα,
1264 1469 1310 1497 διὸ
1327 1470 1546 1504 mammam.
1559 1471 1582 1498 ὲ.
1599 1471 1630 1498 Εἰ
1641 1470 1680 1506 μὴ
1695 1471 1811 1506 βεϐαίως

1015 1525 1056 1549 τις
1082 1517 1129 1544 καὶ
1159 1516 1372 1553 ἀπερισπάστως
1401 1517 1556 1548 ἐπίστευσε,
1575 1516 1614 1552 μὴ
1640 1516 1809 1543 διδασκέτω·

1015 1563 1128 1598 γνησίου
1143 1562 1198 1597 γὰρ
1212 1563 1372 1590 διδασκάλου
1385 1563 1461 1598 φωνὴ
1471 1563 1516 1589 τό·
1537 1571 1547 1588 ι
1574 1562 1756 1594 Ἐπίστευσα,
1773 1562 1810 1588 διὸ

1015 1607 1145 1644 ἐλάλησα.
1165 1618 1174 1634 ι
1194 1609 1282 1635 Αὑτοῦ
1304 1609 1333 1635 δὲ
1347 1608 1442 1635 τούτου
1456 1609 1506 1644 τῆς
1520 1608 1640 1643 ἀτυφίας
1659 1609 1710 1634 καὶ
1723 1616 1811 1634 ταπε-

1015 1653 1181 1689 νοφροσύνης
1196 1653 1304 1688 δεῖγμα,
1325 1653 1457 1688 μηδαμῶς
1473 1653 1520 1679 ἐπὶ
1539 1652 1577 1687 τῷ
1597 1652 1742 1679 διδάσκειν
1759 1661 1808 1686 φυ-

1015 1696 1157 1731 σιουμένου
1171 1697 1202 1723 ὲκ
1213 1696 1261 1723 τοῦ
1270 1705 1276 1712 ·
1293 1706 1302 1723 ι
1328 1696 1398 1732 Ἐγὼ
1411 1697 1440 1724 δὲ
1454 1697 1642 1732 ὲταπεινώθην
1657 1698 1777 1732 σφόδρα.
1798 1707 1806 1722 ι

1053 1785 1108 1814 Τοῦ
1122 1786 1330 1819 αὑτοῦ.Πίστις
1342 1787 1401 1814 ἐστὶ
1415 1787 1504 1823 ψυχῆς
1519 1787 1701 1820 αὐτεξουσίου
1715 1789 1809 1823 λογικὴ

1016 1831 1225 1865 συγκατάθεσις.

1057 1877 1128 1912 Ἐγὼ
1145 1876 1180 1903 δὲ
1193 1875 1262 1904 εἶπα
1279 1877 1313 1905 ἐν
1325 1877 1362 1912 τῇ
1372 1877 1515 1906 ἐκστάσει
1528 1887 1588 1913 μου
1598 1887 1607 1895 ·
1619 1877 1686 1911 (hic
1702 1879 1809 1913 ἄνθρω-

1015 1930 1072 1954 πος
1083 1923 1230 1957 ψεύστης,
1242 1931 1270 1950 κ.
1279 1931 1304 1950 τ.
1314 1924 1338 1950 ὲ.
1354 1924 1386 1950 Et
1394 1923 1535 1959 ἄνθρωπος
1550 1923 1598 1950 καὶ
1615 1925 1629 1950 ὁ
1640 1924 1735 1955 Ast-436.
1747 1924 1808 1958 ψεύ-

1016 1976 1081 2002 στης
1098 1967 1171 1995 ἐστίν
1184 1976 1190 1983 ·
1208 1968 1232 1994 εί
1249 1968 1277 1994 δὲ
1294 1967 1413 2004 ψεύστης
1429 1969 1498 2001 ἐστὶ,
1515 1968 1605 2003 λέγων
1631 1969 1732 1996 ἑαυτὸν
1747 1969 1807 2003 ψεύ-

1016 2022 1093 2048 στην,
1115 2014 1166 2040 οὐκ
1183 2014 1241 2041 ἐστι
1261 2014 1393 2050 ψεύστης,
1411 2014 1467 2042 ἀλλ’
1486 2015 1590 2051 ἀληθής
1613 2016 1701 2042 ἐστιν.
1726 2016 1759 2042 Εἰ
1781 2016 1805 2042 δὲ

1018 2059 1121 2096 ἀληθής
1143 2061 1201 2087 ἐστι
1225 2060 1314 2095 λέγων
1333 2061 1429 2087 ἑαυτὸν
1451 2060 1583 2097 ψεύστην,
1604 2061 1753 2097 ἄνθρωπος
1773 2061 1806 2088 ὢν

1017 2105 1068 2132 οὐκ
1079 2105 1137 2132 ἐστι
1158 2105 1287 2142 ψεύστης.
1306 2106 1486 2143 Περιστρέφει
1503 2107 1558 2142 ἄρα
1575 2108 1590 2133 ὁ
1612 2107 1694 2142 λόγος
1707 2110 1748 2139 εἰς
1760 2109 1807 2142 ἀξι-

1017 2152 1129 2188 φότερα,
1141 2152 1187 2178 καὶ
1197 2152 1236 2183 εἰς
1250 2151 1280 2178 τὸ
1290 2149 1358 2179 εἶναι
1373 2152 1455 2179 αὐτὸν
1469 2152 1633 2188 ἀληθευτὴν,
1647 2153 1697 2180 ἐὰν
1709 2154 1805 2189 ἅνθρω-

1017 2203 1067 2226 πος
1076 2192 1105 2231 ᾖ,
1120 2195 1168 2221 καὶ
1180 2196 1220 2227 είς
1237 2196 1268 2222 τὺ
1287 2194 1358 2222 εἶναι
1370 2196 1451 2223 αὑτὸν
1465 2196 1599 2233 ψεύστην.
1612 2198 1671 2224 Καὶ
1687 2198 1802 2225 καλεῖται

1016 2241 1030 2267 ό
1041 2240 1118 2275 λόγος
1131 2237 1207 2272 οὗτος
1219 2241 1295 2277 παρὰ
1310 2243 1367 2274 τοῖς
1376 2242 1556 2275 διαλεκτικοῖς
1571 2244 1689 2279 ἄπορος.

1055 2286 1109 2313 Τοῦ
1123 2286 1225 2313 αὑτοῦ.
1241 2287 1298 2321 Ἐφ’
1314 2288 1376 2314 ὅσον
1390 2288 1532 2324 ἄνθρωπός
1545 2297 1589 2320 τις
1603 2290 1678 2322 ἐστὶ,
1693 2290 1805 2325 ﬁgis-ru;

1016 2331 1104 2358 ἐστίν·
1118 2331 1166 2358 ἐὰν
1185 2331 1212 2358 δὲ
1229 2331 1363 2368 ἀπόθηται
1381 2333 1411 2359 τὸ
1424 2331 1494 2360 εἶναι
1510 2333 1670 2370 ἄνθρωπος,
1697 2336 1803 2371 ἀληθευ-

1016 2378 1065 2413 τής
1079 2378 1146 2404 ἐστι.
1162 2378 1199 2404 Τὺ
1215 2377 1269 2414 γὰρ
1286 2387 1295 2403 ι
1315 2377 1457 2414 ἄνθρωπος
1477 2389 1486 2405 ι
1502 2379 1590 2415 ὄνομα
1608 2381 1678 2407 ποτὲ
1702 2383 1751 2416 μὲν
1770 2382 1804 2408 vir

1018 2423 1078 2450 σίαν
1094 2422 1179 2459 δηλοῖ,
1198 2423 1235 2456 ὡς
1247 2424 1291 2450 τό·
1311 2424 1487 2460 «Ἄνθρωπός
1503 2434 1546 2457 τις
1559 2423 1594 2461 ἦν
1613 2427 1645 2453 ἐν
1673 2428 1751 2462 χώρᾳ
1776 2429 1801 2461 τῇ

1017 2469 1138 2496 Δὺσίτιδι
1150 2478 1156 2484 ·
1179 2479 1188 2495 t
1204 2470 1269 2496 ποτὲ
1285 2470 1313 2496 δὲ
1328 2471 1467 2506 χειρίστην
1484 2472 1668 2505 κατάστασιν,
1683 2474 1755 2500 κατὰ
1764 2475 1800 2500 τά·

1022 2525 1031 2541 ‹
1043 2515 1136 2551 Ὑμεῖς
1161 2515 1189 2542 δὲ
1211 2515 1248 2547 ὠς
1264 2516 1403 2552 ἄνθρωποι
1430 2517 1631 2553 ἀποθνήσκετε,
1650 2519 1699 2545 καὶ
1718 2519 1755 2550 ὡς
1770 2516 1802 2548 εἷς

1019 2561 1072 2587 τῶν
1089 2560 1228 2597 ἀρχόντων
1240 2561 1366 2588 πίπτετε.
1382 2571 1391 2586 ι
1411 2562 1448 2588 Τὸ
1463 2562 1513 2596 μὲν
1527 2563 1584 2598 γὰρ
1609 2564 1719 2595 οὐσίαν,
1734 2564 1760 2591 τὸ
1779 2564 1801 2589 δὲ

1019 2608 1150 2644 κακίστην
1163 2607 1219 2640 ἕξιν
1232 2607 1316 2642 δηλοῖ.

1054 2654 1084 2680 TI
1095 2653 1298 2680 ἀνταποδώσω
1310 2653 1350 2686 τῷ
1363 2655 1462 2688 Κυρίῳ
1471 2674 1477 2685 ,
1493 2663 1523 2684 κ.
1534 2663 1562 2682 τ.
1576 2656 1600 2683 ἑ.
1621 2656 1666 2688 Ὠς
1679 2657 1748 2691 μέγα
1762 2652 1801 2681 οὖν

1019 2699 1047 2724 ὲν
1062 2698 1165 2730 τούτοις
1179 2698 1233 2725 ἀπὸ
1248 2698 1348 2734 Κυρίου
1366 2698 1570 2734 εὐεργετηθεὶς,
1582 2701 1632 2727 καὶ
1655 2701 1800 2735 βουλόμενος

1021 2743 1189 2779 ἀμείψασθαι
1204 2744 1249 2770 τὸν
1267 2744 1424 2780 εὐεργέτην,
1437 2745 1550 2780 ἀπορῶν
1564 2748 1632 2782 περὶ
1649 2747 1696 2774 τοῦ
1711 2746 1799 2781 τρόπον

1077 2826 1098 2840 π
1115 2825 1190 2853 Dcul.
1205 2833 1244 2859 Ill,
1257 2825 1300 2854 5i.
1339 2826 1361 2841 ’⁸
1377 2825 1436 2852 Job.
1451 2834 1468 2859 ι,
1484 2826 1508 2853 l.
1549 2827 1573 2843 ”
1588 2827 1662 2855 Psal.
1677 2834 1763 2858 unt,
1775 2825 1796 2851 1.
