1889 3052
44 120 108 147 1577

511 120 663 148 SEIECTA
685 120 716 147 IN
737 119 904 147 PSALMOS.
923 136 956 140 —
974 119 1076 147 PSAL.
1091 120 1173 148 CXV.

1586 124 1654 152 15³18

41 181 86 214 τῆς
98 178 212 214 ἀμοιῦῆς
227 187 293 214 φησι
305 187 310 193 ”
329 189 337 204 t
354 179 386 205 Τί
400 178 580 206 ἀνταποδώσω
594 179 633 213 τῷ
647 179 740 214 Κυρίῳ
754 179 815 213 περὶ

871 178 1028 205 munerandi
1047 179 1127 206 modo
1146 178 1285 213 ambigens
1302 179 1362 206 ait:
1388 189 1396 205 ι
1416 179 1485 213 Quid
1504 182 1652 210 retribuam

41 225 143 250 πάντων
164 221 201 251 ὧν
222 224 396 251 ἀνταπέδωκέ
425 232 491 260 μοι;
509 234 518 250 ι
546 225 590 256 Ei;
613 224 738 259 αἴσθησιν
764 225 817 259 γὰρ

40 269 119 296 ἑλοὼν
134 270 186 296 τῶν
202 270 306 304 μυρίων
323 270 397 305 παρὰ
410 270 477 296 θεοῦ
489 270 595 305 δωρεῶν
605 279 612 284 ·
621 270 661 296 ὅτι
677 271 708 296 ὲκ
722 270 768 296 τοῦ
781 270 817 305 μὴ

38 316 110 347 ὄντος
119 315 157 347 εἰς
167 315 197 341 τὸ
212 313 279 342 εἶναι
293 315 419 350 παρήχθη
430 323 436 330 ·
453 316 493 341 ὅτι
505 315 558 342 ἀπὸ
571 316 620 350 γῆς
633 315 815 347 διαπλασθεὶς,

38 361 106 396 λόγῳ
117 361 268 396 τετίμηται,
285 362 313 387 ὲν
324 357 346 394 ᾧ
362 361 408 387 καὶ
424 360 472 396 τὴν
487 361 577 387 είκόνα
599 362 691 395 φορεῖν
708 360 817 387 δύναται

38 406 82 433 τοῦ
96 406 265 441 ἐπουρανίου·
276 406 370 432 ἔπειτα
386 407 432 433 καὶ
445 406 512 441 πρὸς
522 406 570 442 τὴν
585 407 654 441 ὑπὲρ
663 406 710 432 τοῦ
723 406 817 440 γένους

37 451 89 478 τῶν
106 451 256 486 ἀνθρώπων
273 452 428 487 οἰκονομίαν
442 452 555 484 ἀπιδὼν,
569 453 609 478 ὄτι
625 453 719 478 ἑαυτὸν
732 453 746 478 ὁ
762 452 817 478 Κύ-

39 505 92 531 ριος
108 496 190 523 ἔδωκε
205 496 301 533 λύτρον
315 497 376 524 ἀντὶ
393 497 496 524 πολλῶν
510 497 597 533 ἡμῶν,
610 499 752 533 ὲπαπορεϊ,
770 498 816 524 καὶ

38 540 111 575 ζητεί
120 541 148 567 ὲν
161 542 228 568 πᾶσι
239 540 343 573 τούτοις
357 542 412 574 τοῖς
424 542 591 578 ὑπάρχουσιν
608 543 692 578 αὐτῷ,
703 544 730 569 τί
743 543 816 577 ἄξιον

37 586 138 621 ἐξεύροι
151 586 236 622 δῶρον
247 585 418 623 τῷΔεσπότῃ
428 595 435 602 ·
457 587 487 613 οὐ
509 587 612 619 Θυσίας,
629 588 688 614 οὐδὲ
703 588 815 615 ὁλοκαυ-

36 631 137 663 τώσεις,
155 632 212 658 ἀλλ’
228 632 310 668 αὐτὴν
324 633 413 659 πᾶσαν
423 632 471 668 τὴν
484 633 580 660 ἑαυτοῦ
593 633 675 669 ζωήν.

69 719 227 753 Αιέρῤηξας
240 720 310 754 τοὺς
321 721 452 756 δεσμούς
463 731 533 756 μου.
552 731 577 749 κ.
588 731 612 748 τ.
624 723 648 749 ἑ.
680 723 750 757 Πρὸς
775 723 815 754 τὸ,

38 774 46 790 ε
62 765 93 790 Τί
105 765 286 792 ἀνταποδώσω
302 766 340 802 τῷ
353 767 447 803 Κυρίῳ
458 776 480 799 ;›
498 768 571 794 δοκεῖ
585 777 629 803 μοι
646 768 816 795 ἀποδίδοσθαι

33 810 138 844 πρῶτον
152 811 210 845 μὲν,
230 821 239 837 ι
257 813 384 847 ποτήριον
401 813 532 849 σωτηρίου
544 813 676 849 λήψομαι’
697 823 706 839 ι
724 814 815 840 δεύτε-

872 223 987 250 Domino
1010 230 1058 257 pro
1075 223 1200 251 omnibus
1221 231 1281 258 quae
1297 225 1424 252 retribuit
1446 227 1529 255 mihi?
1545 237 1554 254 ι
1571 228 1653 256 Innu-

871 275 944 293 mera
960 267 1032 294 enim
1055 269 1101 295 Dei
1121 276 1232 295 munera
1247 271 1412 304 expendens.
1428 273 1500 306 quod
1514 273 1548 301 de
1568 274 1653 302 nihilo

870 312 897 338 in
920 312 1006 339 lucem
1029 313 1178 347 productus
1197 313 1233 340 sit
1249 322 1256 340 ε
1271 315 1342 348 quod
1365 322 1397 342 ex
1420 320 1490 343 terra
1507 317 1652 352 formatus,

872 357 974 384 ratione
986 357 1113 392 praeditus
1127 358 1172 390 sit,
1183 358 1208 384 in
1225 366 1277 392 qua
1289 360 1409 388 caelestis
1426 361 1570 397 imaginem
1582 365 1653 393 ferre

870 402 958 430 valeat
973 412 980 429 :
994 402 1092 430 deinde
1108 403 1154 430 Dei
1168 411 1276 438 quoque
1291 412 1339 439 pro
1355 405 1474 434 humano
1485 415 1584 442 genere
1595 411 1652 438 dis-

870 449 1054 483 pensationem
1074 449 1220 483 inspiriens
1230 469 1237 482 ,
1261 451 1395 484 quomodo
1411 451 1542 480 Dominus
1554 461 1653 482 semet-

870 494 957 528 ipsum
977 495 1082 521 dederit
1097 494 1123 521 in
1139 494 1351 529 redemptionem
1370 504 1418 531 pro
1440 498 1532 526 multis
1555 500 1651 533 nobis,

869 539 966 566 anxius
984 539 1090 566 haesitat
1103 543 1131 566 et
1152 540 1248 574 qua-rit
1263 540 1288 568 in
1304 541 1347 568 bis
1373 543 1499 572 omnibus
1519 552 1579 580 quae
1601 546 1652 581 ipsi

869 589 1025 618 suppetunt,
1045 584 1181 619 quodnam
1197 590 1271 612 tanto
1285 586 1399 614 Domino
1412 588 1522 623 dignum
1535 591 1653 625 reperiat

869 629 969 655 donum
983 637 989 654 ε
1007 637 1059 656 non
1073 630 1218 664 sacriﬁcia,
1231 638 1284 658 non
1299 631 1469 667 holocausta,
1484 635 1532 663 sed
1547 635 1651 671 ipsam-

870 679 924 701 met
940 679 1022 701 totam
1036 675 1119 702 vitam
1134 682 1221 703 suam.

906 719 989 746 Vsus.
1005 719 1033 746 8.
1056 720 1189 754 Dirupistt'
1209 720 1312 749 vincula
1335 730 1404 756 mea,
1430 728 1484 752 etc.
1501 725 1542 753 Ad
1564 726 1650 760 illud,

871 774 881 791 ι
898 765 968 798 Quid
986 766 1134 793 retribuam
1157 760 1292 794 Domino?
1309 777 1318 794 ›
1337 769 1448 796 videtur
1471 771 1537 798 mihi
1556 772 1650 801 referri

870 810 985 844 primum
1009 811 1130 845 quidem,
1148 820 1158 836 ι
1177 811 1290 840 calicem
1315 813 1442 842 salutaris
1464 816 1616 852 accipiam;
1638 827 1647 844 ι

36 864 79 889 ρον
95 855 122 881 δὲ
134 855 176 888 τὸ,
192 865 200 881 ι
220 856 269 888 τὰς
294 857 376 892 εὐχάς
395 867 444 893 μου
461 857 608 885 ἀποδώσω·
629 868 638 885 ι
653 859 742 894 τρίτον
773 860 814 893 τὸ,

871 855 987 882 secundo
1002 856 1085 889 istud,
1101 865 1110 881 ι
1131 861 1190 883 vota
1216 864 1277 885 mea
1297 859 1425 891 reddam;
1442 868 1452 885 ι
1467 861 1548 888 tertio
1573 861 1650 894 illud,

36 910 43 924 ι
64 900 103 926 σοὶ
121 900 194 927 θύσω
212 902 308 928 θυσίαν
326 903 474 935 αἰνέσεως·
496 913 505 930 ι
523 904 651 939 τέταρτον
671 905 712 935 τὸ,
740 915 749 929 ι
766 905 815 936 τὰς

34 946 113 980 εὐχάς
130 954 180 980 μου
194 946 236 982 τῷ
251 947 344 982 Κυρίῳ
356 947 497 975 ἀποδώσω.
511 958 520 973 ›
540 949 619 975 Ἀλλὰ
636 949 665 976 τὸ
681 950 729 984 μὲν
749 950 815 985 πρό-

33 999 119 1026 τερον,
136 1001 144 1017 ι
161 991 208 1023 τὰς
227 992 309 1027 εὐχάς
332 1001 382 1027 μου
410 992 550 1024 ἀποδώσω,
567 1003 576 1019 ι
595 994 674 1029 μόνον
697 994 753 1030 ἔχει
774 996 814 1027 τὸ,

33 1045 43 1062 ‹
63 1036 182 1063 ἐναντίον
199 1038 298 1069 παντὸς
307 1038 354 1064 τοῦ
367 1038 430 1064 λαοῦ
443 1038 524 1064 αὑτοῦ
537 1047 543 1054 ·
557 1048 566 1064 ι
593 1039 624 1066 τὸ
643 1040 672 1066 δὲ
691 1040 816 1075 δεύτερον

32 1082 77 1106 καὶ
89 1081 131 1112 τὸ,
150 1091 158 1106 ι
178 1082 206 1107 ὲν
233 1081 327 1113 αὐλαῖς
352 1081 426 1108 οἴκου
451 1083 563 1118 Κυρίου,
595 1092 604 1109 ι
620 1084 722 1116 καὶτὸ,
758 1094 767 1108 ‹
788 1086 816 1112 ὲν

32 1127 106 1162 μέσῳ
134 1135 194 1158 σου,
214 1129 398 1164 Ἰερουσαλήμ.
427 1139 436 1154 ι
465 1130 519 1156 Καὶ
548 1129 578 1156 τδ
605 1130 654 1164 μὲν
674 1131 814 1166 πρότερον,

33 1182 42 1198 t
57 1173 105 1204 τὰς
119 1173 202 1208 εὐχάς
214 1182 264 1208 μου
280 1174 320 1210 τῷ
345 1174 439 1210 Κυρίῳ
465 1175 605 1207 ἀποδώσω,
622 1185 631 1200 ι
658 1176 816 1210 ἐπιφέρεται

31 1219 68 1253 τῷ
86 1220 210 1254 ποτηρίῳ
224 1220 270 1246 τοῦ
287 1221 421 1256 σωτηρίου
433 1229 439 1235 ·
455 1221 486 1247 τὸ
504 1221 532 1247 δὲ
543 1221 666 1257 δεύτερον
678 1222 723 1248 ἐπὶ
749 1223 816 1249 πᾶσι

29 1264 76 1291 καὶ
90 1265 271 1300 συνημμένως
285 1265 332 1300 τῷ,
353 1275 362 1291 ‹
380 1266 523 1301 διέρρηξας
534 1266 595 1299 τοὺς
607 1267 722 1302 δεσμούς
736 1276 813 1303 pou,»

32 1310 76 1334 καὶ
92 1310 142 1345 τῷ.
161 1319 170 1335 ι
193 1310 233 1336 σοὶ
248 1310 320 1337 θύσω
333 1311 426 1338 θυσίαν
443 1311 571 1344 αἰνέσεως
583 1321 589 1327 ·
609 1322 618 1337 ι
638 1313 668 1338 τὺ
685 1313 712 1339 δὲ
726 1332 733 1344 ,
757 1323 766 1338 ι
784 1314 816 1340 σὺ

30 1354 176 1390 augmen;
191 1355 254 1387 τοὺς
276 1355 391 1391 δεσμούς
407 1365 467 1391 μου,
488 1366 497 1381 ι
526 1356 565 1392 τῷ
595 1357 677 1392 τιμίῳ
696 1359 816 1386 ἐναντίον

32 1399 125 1434 Κυρίῳ
141 1399 264 1436 θανάτῳι
279 1401 293 1427 ὃ
316 1401 429 1433 δοξάσας
451 1402 496 1428 τοῦ
518 1403 666 1438 μαρτυρίου
688 1403 732 1430 τὸν
751 1404 817 1432 Θεὸν

30 1445 102 1478 λέγει
121 1445 168 1471 ἐπὶ
187 1445 225 1480 τῷ
239 1445 284 1473 διὰ
309 1447 459 1482 μαρτυρίου
479 1447 528 1479 τὰς
546 1449 747 1484 προγενομένας
765 1459 817 1478 σει-

33 1489 81 1523 ρὰς
94 1490 149 1517 τῶν
165 1491 304 1526 ἁμαρτιῶν
317 1492 399 1519 αὑτοῦ
418 1492 576 1528 διερῤἧχθαι
602 1494 655 1520 ἀπὸ
675 1495 753 1527 Θεοῦ,
777 1496 816 1528 ὡς

32 1535 132 1570 μηκέτι
147 1536 229 1563 αὑτὸν
244 1536 314 1572 ἔχειν
330 1537 444 1572 δεσμοὺς
466 1538 611 1573 ἁμαρτίας.
630 1539 665 1565 Ἦ
682 1540 705 1566 εἰ
723 1539 815 1575 δεσμοὶ

30 1582 78 1616 τῆς
88 1582 179 1618 ψυχῆς
195 1583 218 1609 ot
240 1583 389 1618 σωματικοὶ
407 1583 460 1609 τῶν
475 1583 611 1619 διαφόρων
640 1584 728 1620 μελῶν
748 1587 817 1612 εἰσιν

30 1627 117 1660 ὄγκοι,
135 1626 226 1660 καλῶς
239 1627 271 1654 ἂν
283 1627 330 1654 καὶ
340 1627 426 1659 οὕτως
439 1628 543 1662 λέγοιτο
557 1630 585 1655 ὲν
599 1629 740 1664 μαρτυρίῳ
752 1631 817 1656 ἀπο-

29 1672 120 1704 λυθεὶς
136 1673 191 1700 τῶν
207 1672 313 1708 δεσμῶν
327 1674 355 1699 ἐν
382 1674 478 1710 εἰρήνῃ
491 1671 559 1700 εἶναι
571 1693 578 1705 ,
605 1675 711 1706 οὐδενὸς
733 1675 749 1711 ἢ
770 1675 816 1702 τοῦ

30 1718 98 1744 Θεοῦ
114 1717 312 1753 διαρῤήξαντος
342 1718 450 1749 αὐτούς.
473 1718 509 1744 Οὐ
526 1719 579 1754 γὰρ
596 1719 642 1745 καὶ
663 1720 716 1746 τῶν
730 1720 763 1746 δι’
785 1721 817 1756 ἣν

28 1763 130 1798 δήποτε
145 1763 236 1790 αἰτίαν
247 1762 491 1798 ἀπαλλαττομένων
510 1764 556 1790 τοῦ
578 1764 702 1800 σώματος
725 1765 818 1800 βιαίως

28 1810 43 1835 ὀ
52 1808 120 1841 Θεὸς
133 1809 313 1845 διαρῤήγνυσι
325 1809 388 1840 τοὺς
400 1808 526 1844 δεσμούς.
542 1809 611 1836 Ποτὲ
624 1810 673 1845 μὲν
683 1808 729 1837 οὖν
749 1811 817 1837 ἀπου

28 1855 130 1881 κτείνει
145 1855 160 1880 ὁ
175 1853 250 1886 Θεὸς,
262 1854 292 1880 οὺ
308 1854 473 1889 διαρῤηγνῦς
488 1853 570 1880 αὑτοῦ
598 1855 660 1886 τοὺς
682 1855 796 1890 δεσμούς
809 1863 816 1870 ·

27 1900 73 1925 τὸν
95 1899 124 1926 δὲ
157 1899 282 1935 μάρτυρα
308 1899 357 1925 οὐκ
380 1899 558 1930 ἀποκτείνει,
588 1899 667 1934 μόνον
699 1900 726 1926 δὲ
755 1901 818 1932 τοὺς

25 1945 146 1980 δεσμοὺς
157 1945 239 1971 αὑτοῦ
251 1945 438 1980 διαρρήγνυσι.
454 1945 509 1971 Καὶ
526 1945 579 1980 γὰρ
601 1945 645 1971 διὰ
659 1945 688 1971 τὸ
718 1946 819 1982 μαρτύ-

30 1998 87 2024 ριον
100 1992 116 2017 ὁ
131 1991 246 2021 ἕκαστος
261 1990 406 2026 μαρτυρῶν
426 1990 520 2017 ἑαυτὸν
534 1990 682 2026 προσφέρει
705 1990 818 2026 ἄμωμον

28 2035 128 2062 θυσίαν
150 2035 189 2070 τῷ
204 2035 273 2071 Θεῷ,
288 2036 404 2070 Χριστὸν
422 2035 603 2070 μιμούμενοςι
632 2035 705 2069 λέγει
731 2043 760 2061 τε
777 2035 817 2065 τὸ,

30 2091 38 2105 ι
56 2083 103 2108 Σοὶ
120 2081 197 2108 θύσω
213 2081 309 2108 θυσίαν
321 2081 459 2112 αἰνέσεως,
477 2091 486 2107 ι
514 2081 558 2107 Ἐν
576 2081 753 2116 Ἰερουσαλὴμ
766 2081 819 2116 γὰρ

27 2127 198 2163 ἐπουρανίῳ,
208 2128 241 2162 τῇ
252 2127 308 2154 ἄνω
326 2127 409 2161 μητρὶ
424 2126 512 2162 ἡμῶν,
530 2127 663 2153 ἀποδώσει
687 2128 701 2152 ὁ
716 2127 819 2157 δίκαιος

25 2173 76 2204 τὰς
93 2173 180 2208 εὐχὰς
190 2173 229 2208 τῷ
245 2173 339 2208 Κυρίῳ
353 2174 398 2199 ἐπὶ
417 2172 515 2204 παντὸς
529 2172 666 2208 μάρτυρος
680 2172 726 2198 τοῦ
755 2171 818 2198 λαοῦ
836 2187 856 2213 D

25 2219 73 2245 τοῦ
89 2219 162 2246 Θεοῦ
183 2219 230 2245 καὶ
246 2219 295 2254 τῆς
321 2218 505 2254 Ἰερουσαλὴμ,
528 2218 557 2244 ὲν
576 2218 650 2252 τόπῳ
675 2217 794 2252 ὲκλεκτῷ
807 2223 816 2233 ·

25 2264 106 2297 οὗτος
120 2266 152 2292 δέ
166 2267 238 2292 ἐστιν
256 2275 265 2291 ι
284 2266 314 2291 ὲν
324 2264 418 2295 αὐλαῖς
428 2263 501 2290 οίκου
518 2263 620 2298 Κυρίου
638 2264 667 2289 ὲν
683 2263 756 2298 μέσῳ
768 2263 817 2298 τῆς

28 2311 223 2348 Ἰερουσαλήμ.
241 2320 250 2337 ι

63 2358 123 2385 Τοῦ
144 2357 248 2385 αὑτοῦ.
271 2365 280 2382 ‹
295 2355 444 2391 Διέρρηξας
457 2355 518 2386 τοὺς
529 2353 644 2389 δεσμούς
658 2362 718 2388 μου.
737 2362 746 2378 ›
761 2354 816 2380 Οὐκ

24 2402 114 2435 εἶπεν,
129 2403 248 2434 ἔλυσας,
271 2402 337 2428 ἀλλὰ
362 2411 371 2427 ‹
391 2401 544 2436 διέρῤηξας,
570 2410 579 2425 ι
605 2400 643 2430 ὡς
666 2400 818 2434 ἀχρήστους

24 2449 169 2484 γενέσθαι.
188 2448 308 2482 Δεσμοὺς
320 2446 435 2473 ἐνταῦθα
447 2446 496 2478 τὰς
511 2445 613 2480 θλίψεις
643 2445 725 2478 λέγει.
740 2445 817 2470 Ἔστι

24 2495 80 2532 γὰρ
98 2495 150 2522 καὶ
179 2493 276 2529 saepe;
301 2492 392 2524 καλὸς,
421 2492 459 2523 ὡς
482 2491 545 2518 ὃταν
569 2491 652 2527 λέγῃ·
683 2501 692 2516 ι
716 2490 758 2516 Ἐν
780 2489 819 2524 τῷ

24 2541 177 2575 συνδέσμῳ
190 2539 238 2574 τῆς
250 2539 368 2572 ἀγάπης.
391 2547 399 2562 ι
417 2537 517 2572 Δεσμοὶ
528 2537 556 2563 δὲ
569 2536 616 2563 καὶ
631 2536 658 2562 αἱ
675 2535 820 2571 προσγινό-

26 2596 108 2621 μεναι
125 2586 219 2620 σειραὶ
232 2585 286 2610 τῶν
303 2582 525 2618 ἁμαρτημάτων·
543 2582 640 2612 οἵτινες
654 2581 683 2608 οὐ
707 2581 751 2607 διὰ
773 2579 820 2606 τοῦ

25 2633 101 2659 θείου
120 2631 206 2667 μόνον
231 2630 417 2665 βαπτίσματος
446 2628 663 2664 διαῤῥήσσονται,
690 2627 756 2654 ἀλλὰ
773 2627 820 2654 καὶ

24 2678 69 2705 διὰ
81 2678 133 2704 τοῦ
145 2676 219 2712 ὑπὲρ
233 2676 349 2712 Χριστοῦ
368 2674 527 2710 μαρτυρίου,
551 2674 598 2700 καὶ
625 2673 668 2700 διὰ
693 2672 818 2709 δακρύων

25 2724 79 2750 τῶν
93 2725 128 2750 ἐκ
145 2721 303 2757 μετανοίας.

63 2821 140 2849 vose.
154 2827 197 2852 xv,
212 2818 239 2847 ι.

175 2868 308 2898 ΡΑτιιοι..
332 2867 390 2898 Gn.
415 2866 486 2896 Xll.

870 909 879 926 ι
898 901 946 928 tibi
964 901 1126 929 sacriﬁcabo
1139 901 1257 929 hostiam
1276 902 1383 937 laudis;
1400 913 1409 930 ι
1422 909 1520 938 quarto
1536 906 1651 941 denique

867 946 951 978 istud,
970 955 979 972 ι
997 951 1058 973 vota
1088 954 1148 974 mea
1166 947 1281 975 Domino
1296 949 1418 976 reddam.
1437 959 1447 976 ›
1465 950 1518 978 Sed
1534 952 1649 986 primum

867 991 987 1025 quidem,
1004 999 1013 1016 ι
1029 996 1089 1018 vota
1109 999 1167 1019 mea
1188 993 1309 1026 reddam,
1324 1002 1334 1020 ι
1350 998 1452 1022 tantum
1469 996 1550 1023 habet
1565 996 1650 1032 illud,

869 1046 879 1062 ι
899 1037 925 1064 in
936 1041 1085 1072 conspectu
1099 1038 1188 1065 omnis
1202 1038 1291 1072 populi
1303 1039 1377 1073 ejus;
1397 1050 1407 1067 ι
1423 1042 1572 1069 secundum
1585 1051 1651 1071 vero

866 1087 893 1109 et
909 1083 990 1115 istud,
1008 1092 1017 1108 ι
1037 1083 1063 1110 in
1080 1083 1158 1110 atriis
1170 1084 1265 1111 domus
1277 1084 1399 1118 Domini,
1415 1094 1426 1112 ι
1442 1090 1468 1113 el
1492 1088 1575 1121 istud,
1594 1097 1604 1114 ι
1623 1089 1649 1116 in

867 1126 956 1153 medio
972 1127 1019 1159 tui,
1033 1126 1194 1156 Jerusalem.
1212 1137 1222 1155 ι
1237 1129 1276 1156 Ac
1292 1129 1411 1162 primum
1425 1130 1547 1164 quidem,
1561 1141 1571 1158 ι
1587 1137 1650 1160 vota

867 1179 926 1198 mea
942 1172 1055 1199 Domino
1072 1174 1200 1206 reddam,
1219 1183 1228 1199 ι
1243 1174 1321 1201 calici
1338 1174 1484 1210 salutaris;
1501 1178 1650 1205 secundum

868 1224 931 1244 vero
949 1218 974 1244 in
997 1219 1049 1246 line
1065 1223 1092 1246 et
1111 1224 1234 1246 connexa
1252 1219 1324 1246 serie
1339 1220 1512 1256 subjungitur
1531 1223 1574 1251 his
1588 1231 1650 1251 ver-

866 1264 918 1296 bis,
938 1274 946 1289 ι
967 1265 1091 1298 dirupisti
1108 1265 1215 1292 vincula
1228 1272 1298 1298 mea,
1315 1275 1324 1291 ι
1341 1271 1369 1293 et
1382 1267 1433 1294 bis.
1456 1277 1464 1293 ι
1486 1269 1532 1296 tibi
1547 1271 1651 1298 sacrlti-

867 1310 935 1337 cabo
952 1310 1068 1337 hostiam
1082 1310 1188 1342 laudis;
1208 1320 1217 1336 ι
1241 1311 1307 1338 illud
1324 1319 1399 1344 vero,
1418 1321 1429 1338 ι
1448 1313 1573 1348 dirupisti
1591 1315 1651 1342 vin-

866 1355 925 1382 cula
943 1362 1015 1387 mea,
1031 1364 1040 1381 I
1064 1356 1191 1389 pretiosae
1209 1355 1235 1382 in
1261 1362 1408 1391 conspectu
1437 1358 1544 1387 Domini
1568 1361 1650 1388 morti

866 1401 1035 1428 subnectitur
1049 1408 1055 1424 :
1069 1401 1142 1435 quod
1156 1400 1256 1428 dicitur
1271 1402 1306 1429 ab
1320 1409 1353 1430 eo
1365 1403 1410 1438 qui
1429 1406 1551 1441 martyrii
1565 1407 1647 1434 Deum

866 1445 1008 1480 gloriﬁcat,
1021 1446 1083 1480 quia
1099 1453 1148 1480 per
1162 1447 1322 1480 martyrium
1337 1448 1461 1482 pristina
1475 1455 1648 1484 peccatorum

867 1490 925 1524 ejus
933 1494 1061 1517 catenzea
1077 1490 1130 1517 Deo
1146 1490 1273 1526 disrupta:
1282 1497 1354 1525 sunt,
1369 1492 1406 1519 ita
1422 1499 1451 1520 ut
1466 1503 1519 1522 non
1533 1496 1650 1531 amplius

829 1524 849 1552 (ἶ
868 1534 964 1561 habeat
986 1534 1093 1561 vincula
1107 1524 1229 1569 peccati;
1244 1536 1290 1563 Vel
1307 1537 1330 1563 si
1350 1538 1448 1566 anima:
1462 1539 1566 1567 vincula
1579 1524 1650 1568 nsunt

867 1579 1021 1613 corporalia
1033 1579 1202 1607 diversorum
1226 1582 1408 1609 membrorum
1422 1590 1518 1618 onera,
1534 1585 1648 1619 pulchre

867 1624 947 1650 etiam
963 1624 1014 1652 hoc
1037 1625 1117 1652 modo
1130 1625 1182 1652 dici
1201 1626 1286 1659 possit
1298 1626 1324 1652 in
1348 1629 1479 1662 martyrio
1492 1636 1508 1656 a
1534 1630 1648 1658 vinculis

867 1669 1004 1696 absolutus
1021 1670 1047 1696 in
1071 1678 1138 1704 pace
1153 1670 1296 1704 exsistere,
1316 1679 1377 1699 cum
1394 1673 1484 1702 nullus
1505 1675 1556 1703 nisi
1579 1676 1650 1704 Deus

866 1721 898 1742 ea
914 1715 1070 1750 disruperit.
1085 1715 1143 1743 Non
1157 1716 1228 1742 enim
1241 1723 1333 1743 eorum
1349 1719 1395 1751 qui
1412 1726 1601 1755 quamcunque
1615 1723 1651 1749 ob

868 1767 977 1788 causam
987 1760 1121 1788 violenter
1130 1767 1146 1787 ο
1159 1768 1273 1795 corpore
1287 1761 1446 1795 liberantur,
1460 1764 1530 1792 Deus
1543 1766 1650 1794 vincula

868 1805 1022 1839 disrumpit.
1033 1805 1188 1839 Aliquando
1196 1805 1323 1833 nintirum
1332 1807 1448 1842 aliquem
1465 1810 1566 1838 occidit
1580 1801 1652 1839 Deus

868 1858 917 1878 nec
943 1856 1087 1886 propterea
1103 1852 1247 1887 disrumpit
1265 1853 1323 1888 ejus
1349 1853 1474 1887 vincula;
1504 1861 1649 1891 martyrem

869 1904 933 1924 vero
947 1904 999 1924 non
1009 1897 1117 1928 occidit,
1126 1898 1172 1925 sed
1183 1896 1369 1925 tantummodo
1382 1897 1440 1932 ejus
1453 1898 1557 1926 vincula
1570 1901 1650 1936 792

869 1942 1137 1976 disrumpit.Etenim
1150 1950 1198 1977 per
1211 1944 1370 1978 martyrium
1383 1945 1568 1980 unusquisque
1582 1954 1653 1973 mar-

871 1992 958 2022 tyrum
983 1987 1160 2022 semetipsum
1186 1987 1263 2016 olfert
1299 1989 1415 2016 hostiam
1449 1990 1651 2018 immacula'tam

869 2030 934 2063 Deo,
959 2031 1098 2059 Christum
1125 2032 1264 2066 imitando,
1282 2034 1424 2068 dicitque:
1445 2045 1454 2061 ι
1474 2035 1533 2063 'l‘ibi
1547 2037 1652 2063 sacriﬁ-

869 2076 936 2104 cabo
955 2077 1071 2104 hostiam
1095 2077 1193 2106 laudis.
1211 2087 1220 2103 ι
1237 2079 1264 2105 In
1281 2078 1431 2107 Jerusalem
1445 2081 1516 2107 enim
1537 2081 1651 2114 caelesti,

870 2129 988 2156 superna
1011 2127 1098 2149 matre
1112 2128 1217 2155 nostra,
1233 2124 1327 2150 reddet
1349 2124 1440 2158 justus
1457 2130 1519 2152 vota
1539 2125 1653 2153 Domino

871 2174 951 2201 super
970 2167 1042 2194 omni
1056 2171 1174 2202 martyre
1189 2167 1278 2202 populi
1295 2168 1357 2201 Dei,
1376 2174 1403 2196 et
1412 2169 1605 2205 Hierosolyma:
1625 2171 1653 2198 in

872 2213 930 2240 loco
945 2213 1050 2245 electo;
1070 2213 1113 2240 hic
1127 2217 1216 2240 autem
1232 2219 1274 2240 est
1292 2223 1301 2240 ι
1317 2214 1343 2242 in
1356 2216 1433 2243 atriis
1452 2216 1546 2244 domus
1563 2217 1653 2243 Domi.

871 2257 910 2291 ni,
927 2257 953 2284 in
971 2257 1060 2285 medio
1073 2257 1236 2286 Jerusalem.
1249 2268 1259 2284 ι

907 2353 1044 2387 Ejusdem.
1067 2361 1076 2378 ι
1097 2351 1225 2385 Dirupisti
1245 2350 1351 2378 vincula
1373 2358 1442 2378 mea.
1464 2360 1474 2376 ι
1488 2350 1545 2378 Non
1559 2351 1652 2379 dixit:
1680 2358 1682 2360 '

872 2398 991 2430 solvisti,
1006 2397 1053 2424 sed
1067 2406 1076 2423 ς
1096 2397 1234 2431 dirupisti,
1253 2405 1262 2422 ι
1279 2397 1314 2422 ita
1334 2400 1365 2422 ut
1378 2396 1482 2423 inutilla
1499 2396 1570 2423 facta
1586 2397 1653 2425 sint.

873 2444 986 2471 Vincula
1012 2443 1064 2470 hoc
1091 2443 1149 2470 loco
1177 2441 1365 2469 tribulationes
1395 2445 1486 2468 vocat.
1513 2441 1561 2468 Est
1579 2442 1653 2468 enim

870 2490 951 2516 etiam
964 2489 1100 2516 vinculum
1116 2489 1228 2520 bonum,
1242 2492 1271 2514 ut
1285 2495 1346 2514 cum
1366 2487 1432 2514 dicit
1448 2495 1455 2513 :
1473 2495 1483 2511 ι
1503 2485 1530 2512 ln
1544 2486 1654 2513 vinculo

870 2535 1045 2563 charitatis'.
1066 2544 1076 2560 ι
1094 2533 1207 2561 Vincula
1223 2537 1287 2561 sunt
1310 2533 1391 2560 etiam
1411 2536 1584 2567 peccatorum
1609 2539 1654 2559 ca-

872 2585 940 2607 tenre
957 2589 964 2607 :
979 2587 1038 2614 quae
1049 2579 1158 2614 quidem
1175 2577 1281 2605 vincula
1298 2585 1350 2604 non
1367 2579 1453 2604 solum
1469 2583 1519 2611 per
1530 2576 1652 2603 divinum

872 2627 1013 2660 baptisma,
1028 2625 1076 2652 sed
1089 2629 1117 2651 et
1134 2630 1182 2658 per
1197 2623 1355 2659 martyrium
1366 2630 1414 2657 pro
1428 2621 1535 2650 Christo
1550 2621 1653 2649 obitum

871 2676 898 2699 et
917 2679 965 2707 per
977 2670 1141 2706 paenitentia:
1156 2669 1287 2704 lacrymas
1302 2668 1513 2702 disrumpuntur.

1461 2859 1501 2889 50
