1889 3052
211 115 279 143 1585

880 110 922 136 [CX
944 109 1093 137 UllltiENE

1739 116 1783 143 ίῖἰὲὶί

210 176 277 201 citat
304 172 472 208 prophetiam
507 171 643 199 dicens":
663 180 671 195 ι
694 169 837 203 Nunquam
867 169 970 203 legistis

1047 169 1101 199 τοῖς
1127 169 1298 203 Εὑαγγελίοις
1322 169 1424 206 ταύτην
1450 170 1568 206 παράγει
1587 170 1634 206 τὴν
1661 175 1786 208 tyranni”

210 219 340 254 Lapidem
365 226 444 253 quem
465 219 677 253 reprobaverunl
699 215 878 246 aedificantes,
896 215 939 242 hic
955 214 994 240 fa-

212 268 273 291 ctus
287 269 330 291 est
349 264 376 290 in
399 267 479 297 caput
495 261 608 296 anguli?
628 270 636 286 I
653 259 831 288 Editieantes
846 263 937 286 autem
953 258 996 285 hic

211 309 276 336 dicit
294 309 411 341 Judtcos,
431 308 535 335 scribas
557 313 581 333 et
597 306 760 338 Pharisaaos,
776 305 995 340 quandoquidem

210 355 389 389 reprobat-unt
409 354 497 388 ipsum
513 352 632 379 dicentes
651 361 658 379 :
679 361 688 378 ί
709 351 897 379 Samaritanus
908 357 938 377 es
954 354 993 381 tu,

210 405 237 428 et
253 399 414 426 daamunium
441 399 525 425 habes
540 398 561 424 ⁸.
579 407 589 423 ι
609 398 642 424 Ει
659 404 769 425 rursus:
788 405 797 422 ί
812 395 861 423 llic
877 402 929 423 nou
954 399 994 423 est

210 453 242 472 ex
256 444 322 476 Deo,
335 444 383 471 sed
395 443 499 471 seducit
514 444 621 470 turbam
632 444 654 470 ’.
670 453 678 468 ι

245 535 327 563 Vsus.
346 534 391 562 9.3.
412 535 433 560 Α
454 534 566 562 Domino
585 534 684 568 factum
702 538 740 560 est
763 534 844 565 ἴδηαι,
865 537 919 560 etc.
935 532 993 559 Non

209 586 268 608 erat
279 581 426 608 humanum
443 581 494 608 hoc
506 581 578 615 quod
593 580 692 606 factum
705 585 756 611 est,
771 587 823 606 non
840 584 899 606 erat
915 579 995 605 unius

209 634 243 654 ex
268 627 378 654 multis:
395 634 448 654 non
470 631 528 653 erat
547 625 716 661 angelorum,
739 632 792 652 non
807 629 865 651 erat
880 624 994 651 archan-

209 672 329 706 gelorum
360 672 440 699 talem
468 671 594 705 angulum
611 678 785 705 componere.
813 670 896 696 Nemo
922 670 993 696 enim

210 719 260 744 hoc
272 718 369 752 potuit,
381 724 434 744 non
448 717 553 752 justus,
566 723 617 743 non
637 715 767 750 propheta
778 734 786 747 ,
806 723 858 742 non
871 715 992 749 angelus,

209 771 262 790 non
274 763 462 797 archangelus,
478 762 524 790 sed
536 762 620 789 solius
636 761 682 788 Dei
696 766 755 790 erat
771 761 822 788 hoc
835 761 993 796 praeclarum

210 809 316 836 facinus
333 817 339 835 :
354 814 413 836 erat
425 809 475 835 hoc
486 808 593 843 proprie
607 807 691 841 ipsius
704 815 783 842 opus.

1048 214 1148 248 λέγων·
1170 225 1178 240 t
1200 216 1333 242 Οὐδέποτε
1351 217 1501 251 ἀνέγνωτε·
1519 217 1600 243 Λίθον
1619 218 1646 243 ὃν
1659 209 1786 254 ἀπεδοκίμα-

1048 269 1096 286 σαν
1116 262 1141 287 οί
1170 262 1382 296 οἰκοδομοῦντες,
1404 259 1480 294 οὗτος
1502 262 1617 298 ἐγενήθη
1642 265 1678 294 είς
1700 265 1787 300 κεφαλὴν

1047 307 1163 340 γωνίας;
1178 317 1187 333 ›
1204 308 1417 342 Οἰκοδομοῦντας
1441 308 1468 334 δὲ
1489 309 1551 339 τοὺς
1583 308 1711 340 Ἰουδαίους
1728 310 1786 343 λέγει,

1045 353 1108 384 τοὺς
1117 355 1299 388 γραμματεῖς,
1316 354 1379 385 τοὺς
1395 353 1567 389 Φαρισαίους,
1583 355 1622 380 ὅτι
1632 355 1788 390 ἀπεδοκίμαζον

1046 399 1127 427 αὐτὸν
1164 400 1307 434 λέγοντες·
1338 410 1346 425 ι
1375 400 1547 435 Σαμαρείτης
1573 398 1608 430 εἴ,
1629 401 1671 426 καὶ
1688 400 1788 435 δαιμόνιον

1045 445 1126 480 ἔχεις,
1146 454 1155 471 ι
1175 445 1231 471 Kal.
1247 445 1345 471 πάλιν
1362 454 1370 470 t
1386 442 1468 476 Οὗτος
1480 445 1530 471 οὐκ
1546 445 1618 472 ἔστιν
1634 446 1664 472 ὲκ
1676 444 1716 472 τοῦ
1734 445 1789 478 Θεοῦ,

1045 491 1112 518 ἀλλὰ
1123 491 1211 526 πλανᾷ
1220 491 1263 517 τὸν
1276 491 1363 526 ὄχλον.
1385 501 1395 516 ι

1081 536 1165 570 Παρὰ
1187 536 1298 570 Κυρίου
1314 536 1431 570 ἐγένετο
1457 536 1542 569 αὕτη,
1560 545 1587 562 κ.
1601 545 1625 562 τ.
1636 537 1656 562 ἐ.
1671 537 1718 562 Ui»:
1728 535 1753 572 ἦν
1762 538 1790 564 ir.-

1046 581 1180 617 θρὼπινον
1192 581 1223 607 τὸ
1237 581 1386 616 γινόμενον,
1399 582 1448 608 οὐχ
1462 580 1495 617 ἦν
1511 582 1569 614 ἑνὸς
1586 582 1638 608 τῶν
1651 583 1745 608 πολλῶν·
1758 584 1791 609 οὐκ

1045 625 1078 662 ἦν
1092 627 1224 662 ἀγγέλων,
1239 627 1289 653 οὐκ
1302 625 1336 662 ἦν
1352 627 1531 662 ἀρχαγγέλων
1543 627 1573 653 τὸ
1584 627 1703 662 τοιαύτην
1723 627 1792 659 πλέξαι

1045 673 1145 707 γωνίαν
1158 681 1164 688 ·
1178 673 1265 704 οὐδεὶς
1280 673 1334 708 γὰρ
1353 672 1453 707 ἴσχυεν,
1464 673 1494 699 οὐ
1505 672 1618 704 δίκαιος,
1630 673 1658 698 οὑ
1674 674 1792 709 προφήτης,

1044 719 1094 745 οὐκ
1120 718 1245 752 ἄγγελος,
1268 718 1318 744 οὐκ
1344 718 1523 753 ἀρχάγγελος,
1547 718 1616 744 ἀλλὰ
1634 718 1678 744 τοῦ
1699 718 1754 744 Θεοῦ
1772 719 1794 744 τὸ

1046 763 1210 800 κατόρθωμα
1223 772 1229 779 ·
1251 762 1330 790 τοῦτο
1340 760 1373 798 ἡν
1388 763 1469 790 αὐτοῦ
1485 763 1577 795 ιδικῶς
1590 763 1620 790 τὸ
1632 763 1714 800 ἔργον.

245 853 326 881 Vens.
340 854 388 881 24,
406 853 471 881 Ηωε
492 858 530 880 ut
553 853 607 880 dies
619 861 697 887 quam
707 853 769 886 fecit
784 853 920 885 Dominus,
936 857 985 879 etci

1077 854 1158 889 Αὕτη
1173 855 1192 888 ἡ
1212 854 1307 889 ἡμέρα
1323 853 1362 888 ἣν
1378 854 1524 888 ἐποίησεν
1539 856 1555 881 ὁ
1581 855 1693 888 Κύριος,
1711 863 1734 880 κ.
1746 863 1758 880 τ
1778 855 1794 880 ὲ.

210 900 285 927 llanc
303 900 374 927 diem
395 907 448 927 non
477 899 660 934 legislatores,
687 906 740 926 non
766 899 904 934 prophetae
924 899 992 925 fece-

210 950 286 978 runt,
299 945 348 973 sed
359 946 416 980 ipse
429 944 468 972 sol
480 944 602 979 iustitia.
619 944 694 971 Diem
708 948 798 971 autem
811 949 891 971 vocat
901 944 993 979 cogni-

209 991 311 1017 tionem
324 990 434 1018 Christi.

244 1036 383 1071 Ejusdem.
399 1035 456 1063 Non
477 1036 542 1063 solis
557 1044 665 1064 cursum
682 1037 733 1064 hoc
747 1037 804 1064 locc
817 1037 887 1064 diem
903 1041 991 1068 vocat,

208 1083 254 1109 sed
267 1082 395 1116 praeclara
406 1082 523 1109 facinora
536 1089 596 1117 qua:
617 1083 642 1109 in
661 1090 694 1110 eo
711 1087 787 1116 gesta
803 1087 875 1109 sunt.
895 1083 992 1114 Quem-

207 1127 351 1154 admodum
369 1127 441 1154 enim
461 1128 506 1162 qui
528 1128 597 1155 diem
624 1128 724 1154 malum
749 1127 827 1160 dicit,
853 1134 905 1153 non
928 1126 992 1153 solis

207 1180 328 1204 cursum,
348 1173 394 1200 sed
422 1174 493 1200 mala
517 1181 577 1208 quae
601 1173 627 1200 in
644 1173 703 1207 ipso
720 1177 783 1200 sunt
800 1171 936 1207 intelligit,
954 1172 991 1198 ita

205 1219 288 1246 etiam
303 1219 403 1246 bonum
420 1219 501 1251 diem,
519 1220 649 1254 praeclara
667 1218 738 1246 facta
749 1225 808 1252 qua
824 1218 850 1244 in
867 1217 911 1243 illo
925 1224 991 1244 cun-

208 1265 334 1299 tigernnt.
350 1264 427 1297 Quod
443 1269 533 1291 autem
549 1264 627 1296 dicit,
654 1267 696 1290 est
720 1262 852 1297 ejusmodi
870 1270 876 1288 :
895 1262 991 1289 Omnia

206 1310 335 1345 pra’clara
351 1310 472 1338 facinora
490 1318 549 1345 quae
571 1310 597 1336 in
613 1316 645 1337 eo
664 1313 739 1344 gesta
765 1313 839 1342 sunt,
860 1309 930 1336 Deus
952 1309 991 1336 fe-

205 1358 243 1385 cit
258 1366 266 1386 :
283 1362 342 1385 erat
352 1358 424 1385 enim
437 1357 509 1384 illius
523 1355 607 1383 solius
619 1361 716 1382 manus
731 1354 838 1381 ellicere
848 1362 908 1389 qua:
919 1354 990 1381 laeta

206 1408 278 1431 sunt.
302 1402 372 1436 Quid
390 1403 462 1430 enim
482 1402 567 1436 possit
591 1409 652 1428 cum
679 1401 731 1428 hoc
746 1400 790 1427 die
802 1399 933 1432 conferri,
962 1401 989 1426 in

205 1455 259 1483 quo
272 1456 333 1476 cum
357 1447 516 1475 hominibus
537 1447 609 1474 facta
627 1452 670 1474 est
686 1445 734 1474 Dei
750 1445 946 1478 reconciliatio,
963 1449 991 1472 et

205 1494 360 1521 diuturnum
377 1493 476 1521 bellum
502 1493 554 1520 luit
567 1493 741 1527 diremptura,
754 1495 782 1518 et
800 1495 872 1518 terra
889 1490 987 1518 cmlum

205 1541 307 1571 evasit,
318 1545 345 1567 et
360 1539 485 1566 homines
497 1538 576 1574 795
592 1543 665 1565 terra
686 1537 788 1572 indigni
813 1543 896 1571 regno
913 1536 986 1571 digni

203 1586 254 1613 visi
281 1589 357 1617 sunt,
369 1588 396 1612 et
411 1590 513 1612 nostrae
539 1589 642 1611 natura:
655 1582 781 1618 primitiae
803 1589 886 1617 super
904 1581 988 1609 caelos

203 1633 316 1661 sublata
332 1636 406 1665 sunt,
419 1638 447 1660 et
469 1631 612 1668 paradisus
630 1633 740 1665 apertus
755 1633 808 1661 est,
830 1632 857 1655 et
869 1632 987 1655 veterem

205 1678 320 1714 patriam
339 1679 501 1713 recepimus,
520 1684 547 1706 et
563 1683 726 1713 expunctum
751 1680 792 1703 est
814 1675 988 1703 maledictum

202 1729 233 1751 et
248 1723 382 1751 sublatum
400 1724 562 1759 peccatum?
591 1723 647 1750 Etsi
674 1723 747 1751 enim
771 1729 866 1750 omnes
879 1727 988 1756 quoque

203 1770 262 1798 dies
275 1769 382 1802 fecerit,
402 1770 476 1796 illum
495 1774 586 1797 tamen
599 1768 708 1802 eximie,
727 1766 944 1803 quandoquidem
960 1765 987 1792 in

201 1817 250 1847 illo
277 1818 394 1846 maxima
421 1824 469 1844 sua
497 1817 626 1851 mysteria
655 1814 788 1849 implevit.
817 1813 989 1848 Quapropter

200 1865 283 1891 etiam
301 1871 350 1890 nos
371 1862 539 1890 exsultemus
564 1865 590 1887 et
608 1860 731 1887 lauemur
747 1859 773 1885 in
792 1866 836 1892 eo,
854 1858 987 1893 duplicem

201 1908 346 1944 quamdam
361 1906 561 1935 solemnitatem
576 1905 850 1932 celebranteszunam
864 1903 987 1938 quidem,

200 1955 272 1991 quod
287 1962 301 1981 a
315 1953 475 1988 captivitate
497 1950 596 1978 diaboli
617 1950 703 1977 simus
729 1949 856 1981 liberati;
873 1948 987 1975 alteram

200 2005 275 2031 vero,
302 1997 374 2032 quod
399 1996 482 2024 etiam
511 1995 544 2022 ad
572 2002 683 2030 regnum
710 1993 843 2021 caelorum
870 1992 987 2020 adduca-

198 2053 269 2074 mur.

235 2093 318 2120 Vens.
335 2091 380 2118 26.
397 2090 555 2118 Benedictus
565 2091 609 2125 qui
626 2090 692 2117 venit
706 2090 733 2116 in
745 2089 850 2116 nomine
865 2087 985 2120 Domini,

199 2144 253 2166 etc.
269 2136 347 2164 Hanc
361 2136 443 2163 etiam
458 2142 551 2162 vocem
565 2134 598 2162 de
612 2133 722 2161 Christo
738 2132 911 2168 praphetiam
924 2139 985 2159 esse

1043 900 1151 935 Ταύτην
1163 900 1211 935 τὴν
1222 900 1328 936 ἡμέραν
1341 900 1371 926 οὐ
1388 899 1546 933 νομοθέται,
1564 901 1595 926 οὐ
1623 901 1744 935 προφῆται
1762 909 1795 926 πε-

1043 947 1199 981 ποιήκασιν,
1216 945 1272 972 ἀλλ’
1287 945 1366 977 αὐτὸς
1382 946 1396 971 ό
1407 945 1456 980 τῆς
1470 945 1640 980 δικαιοσύνης
1653 945 1796 980 ἦλιος.”11μέ-

1044 1001 1093 1028 ραν
1110 992 1138 1018 δὲ
1156 991 1227 1026 λέγει
1238 992 1288 1028 τὴν
1298 991 1398 1026 γνῶσιν
1409 992 1454 1017 τοῦ
1471 991 1599 1027 Χριστοῦ.

1081 1038 1135 1065 Τοῦ
1147 1037 1250 1064 αὑτοῦ.
1268 1038 1389 1073 Ἠμέραν
1402 1037 1518 1064 ἐνταῦθα
1531 1038 1593 1072 οὐχὶ
1610 1037 1655 1064 τὸν
1665 1037 1749 1074 δρόμον
1766 1038 1797 1064 λέ-

1042 1090 1084 1116 γει
1097 1082 1142 1108 τὸν
1158 1082 1280 1117 ἡλιακὸν1
1296 1083 1364 1109 ἀλλὰ
1376 1082 1410 1109 τὰ
1427 1082 1629 1118 κατορθώματα
1649 1083 1680 1109 τὰ
1698 1084 1723 1109 ὲν
1745 1084 1795 1117 αὐτῇ

1041 1128 1182 1163 γινόμενα.
1200 1128 1304 1163 ’Ὠσπερ
1317 1127 1372 1163 γὰρ
1384 1128 1489 1163 ἡμέραν
1506 1128 1630 1163 πονηρὰν
1645 1128 1712 1162 λέγει
1723 1128 1748 1154 οὔ
1764 1127 1796 1153 τὶν

1041 1173 1139 1209 δρόμον
1155 1173 1202 1199 τοῦ
1222 1173 1306 1209 ἡλίου,
1333 1173 1400 1200 ἀλλὰ
1425 1173 1458 1200 τὰ
1483 1174 1512 1199 ὲν
1530 1175 1602 1209 αὐτῇ
1627 1174 1711 1200 κακά·
1733 1173 1796 1204 οὕτως

1042 1221 1087 1246 καὶ
1098 1220 1203 1255 ἡμέραν
1216 1219 1320 1255 ἀγαθὴν
1335 1220 1368 1246 τὰ
1381 1221 1409 1246 εν
1427 1219 1493 1255 αὐτῇ
1510 1220 1716 1255 κατορθώματα.
1735 1221 1760 1246 ’0
1776 1219 1796 1246 δὲ

1040 1267 1114 1300 λέγει
1128 1266 1247 1293 τοιοῦτόν
1262 1267 1321 1292 ἐστι
1333 1273 1339 1280 ·
1363 1266 1455 1292 Πάντα
1476 1265 1510 1292 τὰ
1522 1266 1718 1301 κατορθώματα
1734 1265 1761 1291 τὰ
1776 1266 1795 1290 ἐν

1041 1312 1109 1347 αὐτῇ
1123 1311 1252 1346 γινόμενα
1263 1312 1277 1337 ὁ
1289 1311 1354 1342 Θεὸς
1365 1310 1485 1345 ἐποίησε·
1494 1311 1544 1345 τῆς
1553 1310 1611 1346 γὰρ
1623 1311 1707 1347 χειρὸς
1717 1310 1796 1344 ἐκείνης

1042 1357 1126 1392 μόνης
1142 1355 1176 1392 ἦν
1191 1356 1226 1383 τὰ
1237 1356 1376 1391 γινόμενα.
1396 1356 1429 1382 Τί
1448 1355 1501 1391 γὰρ
1524 1356 1573 1391 τῆς
1598 1356 1700 1392 ἡμέρας
1721 1356 1796 1389 ταύτης

1040 1403 1096 1430 ῐσον
1106 1402 1209 1436 γένοιτο
1220 1402 1263 1434 ἃν,
1275 1403 1304 1428 ὲν
1318 1399 1498 1438 ᾖκαταλλαγὴ
1507 1401 1575 1428 Θεοῦ
1588 1402 1656 1437 πρὸς
1669 1401 1795 1438 ἀνθρώπους

1039 1449 1156 1482 ἐγένετο,
1165 1449 1211 1475 καὶ
1221 1449 1235 1474 ό
1247 1447 1351 1484 χρόνιος
1366 1447 1499 1483 κατελύθη
1515 1447 1646 1483 πόλεμος,
1655 1448 1698 1475 καὶ
1711 1447 1796 1483 οὐρανὸς

1040 1495 1186 1530 ἀπεδείχθη
1204 1495 1221 1530 ἡ
1238 1495 1284 1530 γῆ,
1299 1495 1345 1521 καὶ
1353 1495 1377 1521 οἱ
1388 1495 1437 1530 τῆς
1448 1495 1499 1530 γῆς
1511 1494 1618 1527 ἀνάξιοι
1633 1494 1754 1530 ἄνθρωποι
1762 1493 1796 1527 τῆς

1040 1541 1179 1576 βασιλείας
1195 1541 1332 1575 ἐφάνησαν
1344 1540 1423 1573 ἄξιοι,
1436 1541 1483 1566 καὶ
1498 1541 1514 1575 ἡ
1529 1540 1644 1576 ἀπαρχὴ
1659 1540 1705 1575 τῆς
1717 1539 1797 1573 φύσεως

1039 1586 1087 1621 τῆς
1100 1585 1237 1621 ἡμετέρας
1254 1585 1381 1620 ὑπεράνω
1402 1585 1456 1611 τῶν
1472 1584 1597 1620 οὐρανῶν
1619 1583 1750 1620 ἀνηνέχθη,
1763 1583 1796 1608 ul

1039 1631 1201 1666 παράδεισος
1229 1631 1343 1666 ηνοίγη,
1363 1631 1410 1657 καὶ
1435 1630 1484 1665 τὴν
1512 1630 1633 1665 ἀρχαίαν
1656 1629 1797 1663 ἀπελάεομεν

1039 1677 1167 1713 πατρίδα,
1187 1677 1235 1703 καὶ
1252 1677 1357 1710 κατάρα
1371 1676 1507 1711 ἠφανίσθη
1518 1695 1525 1707 ,
1541 1677 1590 1702 καὶ
1604 1677 1622 1711 ἡ
1636 1676 1745 1711 ἁμαρτία
1753 1673 1797 1700 ὶλὺ-

1039 1724 1090 1759 Θη;
1107 1723 1138 1749 Εί
1159 1722 1214 1758 γὰρ
1240 1722 1286 1748 καὶ
1303 1723 1392 1753 πάσας
1408 1722 1457 1752 τὰς
1473 1721 1582 1756 ἡμέρας
1607 1722 1736 1756 ἐποίησεν,

1038 1769 1144 1804 ἐκείνην
1160 1767 1315 1804 ἐξαιρέτως,
1329 1767 1423 1802 ἐπειδὴ
1438 1767 1472 1794 τὰ
1490 1767 1608 1803 μέγιστα
1625 1768 1653 1794 ἐν
1677 1767 1738 1801 αὐτῇ
1756 1765 1797 1791 τῶν

1037 1814 1143 1840 οἰκείων
1173 1814 1329 1849 μυστηρίων
1360 1813 1512 1848 ἐπλήρωσε.
1538 1812 1641 1848 Διόπερ
1668 1813 1711 1838 καὶ
1737 1811 1798 1846 tuti;

1038 1858 1265 1894 ἀγαλλιασώμεθα
1281 1860 1328 1886 καὶ
1352 1858 1546 1894 εὐφρανθῶμεν
1573 1860 1603 1885 ὲν
1633 1859 1698 1892 αὐτῇ
1724 1856 1797 1889 διπλῆν

1037 1913 1097 1932 τινα
1118 1904 1205 1940 χαρὰν
1230 1905 1381 1939 πανήγυριν
1398 1903 1510 1938 ἄγοντες
1522 1912 1528 1918 ·
1546 1903 1613 1937 μίαν
1630 1903 1687 1938 μὲν,
1709 1902 1743 1928 ἔπι
1762 1901 1798 1934 τῆς

1038 1951 1226 1986 αἰχμαλωσίας
1236 1951 1283 1977 τοῦ
1295 1950 1418 1977 διαὸόλου
1434 1949 1626 1985 ὲρῤύσθημεν-
1644 1949 1759 1983 δευτέραν
1777 1945 1797 1971 δὲ

1037 1997 1076 2024 ὅτι
1089 1997 1136 2023 καὶ
1150 1996 1217 2032 πρὸς
1230 1995 1368 2031 βασιλείαν
1379 1994 1500 2030 οὐρανῶν
1514 1994 1682 2030 ἀναγόμεθα.

1073 2087 1282 2122 Εὐλογημένος
1299 2087 1316 2113 ὁ
1332 2086 1491 2121 ἐρχόμενος
1506 2086 1540 2112 ὲν
1556 2086 1680 2119 ὀνόματι
1699 2082 1796 2118 Κυρίου.

1037 2142 1063 2160 κ.
1075 2143 1100 2160 τ.
1116 2133 1139 2159 ὲ.
1152 2133 1206 2159 Καὶ
1218 2132 1318 2168 ταύτην
1332 2132 1381 2167 τὴν
1398 2132 1488 2166 φωνὴν
1499 2131 1523 2157 oi
1541 2130 1729 2165 εὖαγγελισταὶ
1749 2127 1796 2162 περὶ

197 2186 382 2218 exposuerunt
405 2179 582 2215 evangelista:
594 2187 600 2206 :
617 2180 674 2214 ipse
686 2179 757 2206 enim
771 2185 866 2205 revera
879 2181 920 2205 est
935 2177 980 2212 qui

1042 2180 1151 2215 Kpmm’a
1176 2179 1343 2215 προφητείαν
1358 2176 1427 2205 εἶναι
1446 2177 1624 2212 ὲξειλήφασιν
1639 2187 1644 2192 ·
1666 2176 1738 2207 αὐτὸς
1755 2175 1796 2208 γὰρ

198 2236 260 2256 cum
292 2227 454 2255 auctoritate
480 2226 555 2253 venit
581 2227 608 2252 in
633 2224 742 2252 nomine
768 2222 891 2254 Domini,
919 2230 980 2250 cum

197 2281 293 2302 omnes
318 2273 353 2300 ab
384 2273 443 2307 ipso
474 2276 528 2299 tam
553 2270 604 2298 viri
631 2277 713 2305 quam
742 2268 829 2303 angeli
856 2267 981 2296 venerint

151 2317 154 2320 ’
197 2326 326 2355 tanquam
350 2319 420 2346 servi
440 2317 556 2350 Domini.
571 2317 688 2350 Quilibet
709 2315 782 2343 enim
796 2322 889 2342 eorum
906 2314 980 2341 dicc-

196 2367 243 2394 bat
260 2374 267 2392 :
283 2364 346 2392 Haec
360 2364 425 2392 dicit
438 2363 591 2391 Dominus:
612 2367 639 2390 ct
661 2361 844 2396 unusquisque
867 2359 978 2395 angelo-

196 2419 256 2439 rum
272 2412 297 2439 ei
322 2411 354 2438 atl
370 2418 450 2446 quem
468 2409 585 2436 mittitur
606 2409 655 2441 ait,
678 2408 811 2435 Dominus
827 2407 901 2435 misit
925 2415 979 2435 me.

197 2457 294 2485 Verum
321 2457 366 2484 ille
388 2456 435 2491 qui
454 2455 527 2483 venit
543 2454 570 2481 in
592 2454 700 2481 nomine
724 2453 840 2485 Domini,
866 2453 978 2480 benedi-

196 2509 256 2530 ρως
270 2508 321 2530 est.

231 2548 315 2576 Vns.
333 2549 378 2575 27.
398 2550 466 2574 Deus
481 2545 609 2574 Dominus
624 2550 647 2572 et
666 2545 754 2572 illuxit
769 2545 853 2578 nobis,
870 2549 923 2572 etc.
938 2544 979 2579 lp«

195 2602 255 2622 sum
287 2594 358 2622 enim
384 2593 494 2625 venire,
525 2600 577 2619 non
594 2595 637 2618 est.
661 2590 749 2618 locum
777 2595 885 2617 mutare
904 2611 910 2623 ,
933 2591 980 2618 sed

201 2647 344 2675 apparere,
363 2639 408 2674 qui
424 2643 503 2665 antea
527 2637 639 2665 minime
656 2636 799 2664 videbatur
813 2645 820 2662 :
840 2643 902 2662 nam
917 2643 978 2663 cum

198 2685 344 2713 invisibilis
359 2690 444 2717 esset,
463 2692 495 2712 eo
509 2685 580 2719 quod
596 2689 668 2711 esset
687 2683 776 2717 imago
791 2681 837 2709 Dei
857 2682 980 2708 invisibi-

189 2731 237 2768 lis,
250 2729 365 2757 formam
383 2729 453 2757 servi
468 2728 649 2763 accipiens,et
665 2726 781 2754 Verbum
799 2733 863 2753 caro
879 2725 978 2753 factum

229 2813 238 2827 ·¹
253 2811 347 2838 Matth.
361 2818 417 2843 ut,
432 2811 475 2838 42.
517 2811 528 2826 ⁸
543 2810 617 2838 Joan.
635 2818 695 2842 vui,
711 2809 754 2836 18.
794 2809 804 2824 ⁹
819 2808 897 2836 Joau.
915 2816 960 2837 νη.
977 2808 1018 2835 l2.

1034 2225 1141 2261 ἀληθῶς
1154 2226 1226 2252 ἐστιν
1242 2225 1256 2250 ὁ
1268 2223 1433 2255 αὑθεντικῶς
1448 2223 1495 2250 καὶ
1515 2224 1544 2249 ὲν
1569 2224 1684 2258 ὀνόματι
1704 2221 1743 2248 τοῦ
1759 2221 1797 2246 Κι-

1035 2271 1093 2307 ρίου
1107 2271 1261 2306 ἐρχόμενος,
1275 2270 1383 2297 πάντων
1396 2269 1449 2296 τῶν
1461 2269 1524 2304 παρ’
1541 2269 1628 2296 αὑτοῦ
1645 2268 1739 2304 ἀνδρῶν
1745 2264 1795 2302 6μοῦ

1034 2317 1081 2343 καὶ
1093 2316 1214 2350 ἀγγέλων
1228 2315 1394 2350 ἐληλυθότων
1408 2314 1446 2346 ὡς
1459 2315 1561 2350 Κυρίου
1581 2314 1692 2341 δούλων.
1713 2312 1796 2347 Ἀμέλει

1033 2361 1096 2388 τάδε
1109 2361 1182 2395 λέγει
1198 2360 1298 2396 Κύριος
1308 2381 1315 2392 ,
1339 2360 1452 2391 ἕκαστος
1463 2359 1515 2394 ἔφη
1529 2368 1535 2373 ·
1565 2360 1615 2386 καὶ
1637 2360 1742 2390 ἕκαστος
1757 2356 1796 2382 τιὶν

1034 2407 1156 2441 ἀγγέλων
1168 2406 1234 2441 φησὶ
1247 2406 1314 2441 πρὸς
1326 2406 1355 2432 ὃν
1367 2405 1475 2440 ἔρχεται
1486 2413 1493 2420 '
1516 2405 1544 2431 '0
1559 2406 1667 2441 Κύριος
1679 2401 1796 2431 ἀπέστειλέ

1035 2462 1078 2488 με.
1101 2452 1171 2478 Ἀλλ’
1186 2451 1266 2482 αὐτὸς
1282 2453 1296 2478 ὁ
1315 2453 1343 2478 ὲν
1358 2451 1468 2486 ὀνόματι
1485 2451 1591 2486 Κυρίου
1612 2450 1750 2486 ἐρχόμενος
1762 2447 1794 2474 εὖ·

1032 2500 1097 2534 λογη
1102 2498 1180 2534 μένος
1193 2497 1260 2524 ἐστί.

1069 2544 1139 2576 Θεὸς
1149 2543 1255 2576 Κύριος
1271 2541 1318 2568 καί
1332 2541 1482 2575 ἐπέραινεν
1496 2541 1579 2575 ἡμῖν,
1591 2551 1620 2568 κ.
1635 2550 1660 2567 τ.
1678 2542 1700 2568 ἐ.
1712 2540 1744 2566 Τὸ
1755 2538 1795 2573 γὰρ

1029 2589 1115 2615 ἐλθεῖν
1134 2588 1214 2615 αὐτὸν
1229 2587 1259 2613 οὺ
1274 2587 1354 2613 τόπον
1371 2586 1445 2612 ἐστὶν
1457 2586 1586 2621 ἀμεῖψαι,
1606 2585 1664 2613 ἀλλ’
1686 2584 1795 2619 stupui;-

1029 2643 1083 2667 ναι,
1098 2634 1228 2670 πρότερον
1241 2632 1289 2667 οὺχ
1299 2631 1435 2667 ὁρώμενον
1446 2639 1452 2646 '
1474 2631 1610 2667 ὑπάρχων
1627 2631 1681 2667 γὰρ
1693 2631 1794 2665 ἀόρατος.

1028 2680 1067 2716 τῷ
1084 2677 1153 2706 εἶναι
1164 2678 1244 2705 εἰκὼν
1259 2677 1326 2704 Θεοῦ
1340 2676 1467 2712 ἀοράτου,
1490 2676 1602 2712 μορφὴν
1616 2677 1707 2703 δούλου
1718 2672 1795 2701 λαβὼν,

1029 2726 1075 2752 καὶ
1086 2725 1229 2760 γενόμενος
1248 2725 1263 2750 ό
1279 2723 1364 2756 Λόγος
1375 2721 1443 2757 σὰρξ
1460 2721 1548 2757 ὤφθη,
1564 2723 1614 2756 ἶν’,
1629 2722 1698 2749 οὕτω
1714 2719 1795 2755 φανεὶς,
