1889 3052
74 144 147 172 1585

543 141 698 169 SELr.C'l‘A
720 142 753 169 IN
774 141 943 169 PSALMOS.
962 157 995 161 ——
1013 138 1110 167 PSAL.
1132 138 1248 168 CXVIII.

1634 140 1700 168 I586

73 203 269 239 χειραγωγὴσῃ
282 203 356 237 ἡμᾶς
371 202 414 229 διὰ
430 202 531 238 ταύτης
547 203 595 238 τῆς
615 203 804 238 κατανοήσεως
824 204 860 234 εἰς

916 201 1055 237 apparuit,
1070 205 1099 228 ut
1113 200 1165 228 hoc
1182 200 1262 228 modo
1275 206 1419 234 apparens,
1429 206 1480 227 nos
1495 199 1641 227 adduceret
1655 207 1702 234 per

71 248 104 275 τὸ
124 248 170 274 καὶ
189 247 238 283 τὴν
254 247 333 280 δόξαν
347 247 428 274 αὑτοῦ
443 247 611 280 θεάσασθαι,
630 257 639 273 ι
659 247 736 280 δόξαν
756 248 793 279 ὡς
809 249 864 274 Μο-

72 293 200 329 νογενοῦς
218 293 292 329 παρὰ
318 294 434 330 Πατρὺς,
467 294 573 330 πλήρης
602 294 712 330 χάριτος
733 295 780 320 καὶ
800 295 865 329 ἁλη-

72 339 181 372 θείας.»

110 387 289 420 Σνυστήσατε
299 385 408 421 ἑορτὴν
425 385 461 412 ἐν
477 385 538 419 τοῖς
550 385 780 418 πυκάζουσιν,κ.
798 395 822 412 τ.
839 386 862 412 ὲ.

73 430 154 459 Οὗτοι
175 432 351 465 πυκάζουσιν,
363 432 388 458 οἱ
406 431 515 467 φύλλοις
530 432 576 458 καὶ
587 433 702 468 καρποῖς
714 432 862 467 κομῶντες·

72 477 184 513 φύλλοις
205 477 255 513 μὲν
272 479 329 509 τοῖς
344 477 505 512 καθήκουσι,
529 479 644 513 καρποῖς
660 478 688 504 δὲ
715 478 776 509 ταῖς
800 478 864 514 ἀρε-

71 525 133 555 ταῖς
144 532 151 538 ·
170 524 216 550 καὶ
229 523 284 559 γὰρ
303 533 312 550 ι
324 524 354 550 τὺ
370 523 467 558 φύλλον
484 523 573 550 αὐτῶν
587 523 636 550 οὑκ
647 523 862 559 ὰπορῤυήσεται·

73 568 121 594 καὶ
143 568 190 595 τὸν
218 569 323 604 καρπὸν
348 568 436 594 αὐτῶν
455 567 584 594 δώσουσιν
599 569 628 594 ὲν
639 568 727 604 καιρῷ
743 568 861 601 αὑτῶν,›

71 614 118 641 διὰ
132 613 163 640 τὸ
178 614 341 650 γεγενῆσθαι
357 615 455 646 αὐτοὺς
468 623 477 640 ‹
493 614 560 648 ξύλα
575 614 767 650 πεφυτευμένα
789 615 864 650 παρὰ

72 659 124 691 τὰς
140 659 273 691 διεξόδους
284 660 338 686 τῶν
355 660 468 687 ὑδάτων.
492 670 501 686 ι

113 704 168 732 Τοῦ
179 704 284 731 αὐτοῦ.
308 714 317 730 ι
338 705 498 738 Πυκάζοντα
513 714 522 730 ›
539 704 568 731 δὲ
581 704 615 730 τὰ
641 704 774 740 χερουὸίμ
796 713 863 740 φησι

73 750 107 776 τὰ
124 750 315 782 έπισκιάζοντα
330 750 360 777 τὸ
379 751 546 786 ἱλαστήριον·
574 749 653 777 τοῦτο
677 750 731 785 γάρ
749 751 807 776 ἐστι
833 750 863 776 τὸ

75 805 84 821 ι
103 794 266 827 πυκάζουσι.
289 805 298 821 ›
313 796 448 827 Πυκάζειν
465 795 519 830 γὰρ
534 794 563 821 τὺ
576 795 696 821 σκέπειν.
710 794 751 821 Τὰ
768 803 864 830 χερου-

71 841 124 876 ϐὶμ
139 841 167 868 δὲ
178 841 294 868 ἔσκεπον
309 843 371 873 ταῖς
388 840 501 877 πτέρυξι
510 841 541 867 τὸ
554 841 719 876 ἱλαστήριον.

916 248 986 275 lianc
1007 247 1190 282 cognitionem
1217 245 1250 273 ad
1278 245 1390 281 gloriam
1407 253 1519 280 quoque
1535 246 1620 281 ipsius
1635 253 1699 273 con-

916 292 1097 327 templandum
1110 312 1118 324 ,
1139 301 1148 318 ι
1178 290 1291 326 gloriam
1314 292 1392 326 quasi
1415 291 1552 326 Unigeniti
1567 299 1582 318 a
1599 291 1680 318 Patre
1693 310 1701 322 .

915 339 1023 374 plenum
1043 338 1138 373 gratiae
1153 342 1180 365 et
1193 336 1319 365 veritatis
1335 336 1367 363 ‘°.
1392 345 1401 362 ›

949 384 1015 410 Iam.
1036 383 1195 410 Constituite
1219 382 1288 408 diem
1318 381 1460 408 solemnem
1487 381 1514 407 in
1543 381 1691 408 condensis.

918 427 949 454 Hi
966 427 1135 455 condensam
1148 427 1194 461 qui
1218 426 1290 454 loliis
1305 429 1332 453 et
1351 425 1487 453 fructibus
1498 432 1645 459 ornantur;
1659 424 1702 452 fo-

915 474 957 501 liis
971 473 1093 508 quidem,
1110 473 1136 500 id
1160 477 1202 500 est
1218 471 1333 504 oﬁiciis,
1352 471 1487 499 fructibus
1507 479 1583 504 vero.
1597 471 1649 498 hoc
1659 475 1699 498 est

909 520 1062 548 virtutibus.
1079 520 1184 547 Etenim
1205 529 1214 545 ι
1236 519 1329 546 folium
1350 527 1442 546 eorum
1466 526 1521 546 non
1535 519 1651 551 detinet,
1667 523 1695 545 et

912 567 1031 594 fructum
1048 574 1127 594 suum
1150 566 1252 593 dabunt
1267 565 1294 592 in
1313 570 1433 600 tempore
1451 573 1510 598 suo,
1527 574 1536 590 ι
1553 569 1695 599 propterea

912 613 985 647 quod
998 616 1061 640 sunt
1075 612 1125 647 ipsi
1141 622 1150 638 ι
1166 612 1236 647 ligna
1250 612 1368 646 plantala
1378 619 1456 638 secus
1467 611 1598 639 decursus
1613 618 1696 644 aqua-

914 666 1090 741 Γωὲριιριιέηι.
1120 709 1130 726 ι
1160 699 1302 728 Condensa
1328 709 1338 726 ι
1368 704 1447 727 vocat
1461 699 1623 732 cherubim,
1642 705 1701 733 qua:

914 745 1132 780 propitiatorium
1152 745 1373 778 obumbrabant;
1393 746 1446 773 hoc
1472 746 1545 773 enim
1566 750 1610 772 cst
1633 753 1643 770 ‹
1673 745 1700 772 in

915 791 1069 818 condensis.
1088 800 1098 817 ι
1118 791 1295 819 Condensarc
1319 792 1392 819 enim
1406 795 1448 819 est
1467 797 1559 826 tegere
1575 801 1582 819 :
1599 792 1700 820 cheru-

914 837 968 865 bim
984 843 1074 865 autem
1088 838 1139 865 alis
1156 838 1282 873 tegebant
1299 839 1529 874 propitiatorium.

111 888 182 920 Θεός
190 896 250 921 μου
259 885 289 914 εἴ
301 887 351 920 σὺ,
361 887 410 914 καὶ
421 886 682 921 ἐξομολογήσομαί
689 894 748 918 σοι,
763 895 789 912 κ.
801 895 827 913 τ,
837 887 860 912 ὲ.

949 883 1031 911 Vens.
1050 883 1095 912 28.
1114 884 1183 911 Deus
1199 893 1271 912 metu
1284 893 1310 912 es
1323 889 1361 917 tu,
1375 890 1399 912 et
1414 885 1559 919 conﬁtebor
1573 885 1631 916 tibi,
1644 889 1698 912 etc.

77 930 211 957 Ἐνταῦθα
229 931 381 963 δείκνυσιν,
399 931 439 958 ὅτι
460 930 506 957 καὶ
521 929 606 965 χωρὶς
619 929 673 956 τῶν
697 928 861 964 εὐεργεσιῶν

69 973 114 999 δεῖ
123 973 296 1009 εὐχαριστεῖν
308 973 347 1008 τῷ
366 973 434 1009 Θεῷ,
458 973 505 1000 καὶ
520 973 563 999 διὰ
583 973 664 999 τοῦτο
687 973 767 999 αὐτὸν
787 971 862 1004 δοξά-

69 1018 141 1050 ζειν,
156 1018 200 1045 διὰ
210 1019 258 1054 τὴν
275 1019 460 1054 μεγαλοσύνην
472 1019 554 1046 αὐτοῦ
571 1019 620 1055 τῆς
634 1019 737 1052 οὐσίας,
748 1018 793 1045 διὰ
811 1018 861 1054 τὴν

68 1065 227 1100 ἀπόρρητον
243 1064 331 1097 δόξαν.
341 1065 426 1092 Τοῦτο
439 1065 505 1100 γοῦν
517 1065 564 1091 καὶ
579 1065 695 1092 ἐνταῦθα
703 1065 860 1096 αἰνίττεται,

68 1109 158 1136 εἰπὼν
172 1110 221 1142 τὰς
242 1111 402 1147 εὐεργεσίας
427 1111 461 1143 ἃς
490 1111 670 1147 εὐηργετήθη.
699 1111 754 1137 Καὶ
777 1111 861 1146 χωρὶς

68 1156 183 1187 τούτων,
199 1156 274 1191 φησὶ,
289 1156 336 1183 καὶ
351 1157 541 1192 εὐχαριστήσω
555 1158 601 1184 atat
617 1157 860 1193 έξομολογὴσομαι,

68 1204 113 1229 ὅτι
124 1203 244 1229 τοιοῦτον
259 1203 312 1238 ἔχω
320 1203 471 1239 Δεσπότην,
491 1203 578 1236 οὕτως
596 1204 707 1239 ὑψηλὸν,
722 1203 793 1230 οὕτω
817 1204 862 1239 μέ-

67 1256 140 1282 γαν,
156 1247 240 1280 οὕτως
269 1248 395 1284 ἀόρατον,
422 1249 625 1286 ἀκατάληπτον.
652 1250 689 1276 Τὸ
706 1250 734 1276 δὲ
753 1247 865 1284 ὑψώσω,

71 1305 82 1321 ι
102 1295 206 1328 δοξάσω
224 1304 233 1320 ι
248 1295 316 1321 ἐστί.

111 1385 353 1420 Ἑξομολογεῒσθε
369 1385 409 1418 τῷ
422 1387 529 1421 Κυρίῳ,
546 1386 590 1414 ὅτι
606 1387 732 1422 ἀγαθὸς,
746 1396 773 1414 κ.
794 1396 820 1414 τ.
834 1387 858 1414 ἑ.

65 1432 107 1458 Οὐ
126 1431 215 1467 μάτην
230 1431 262 1458 ὲκ
277 1431 404 1468 δευτέρου
418 1432 489 1460 κατὰ
499 1433 545 1459 τὸν
563 1433 685 1468 παρόντα
695 1433 801 1468 ψαλμὸν
813 1432 859 1460 τὸν

67 1477 161 1512 στίχον
176 1479 190 1504 ὁ
201 1476 351 1513 Ψαλμῳδὸς
364 1478 503 1511 ἑνέταξεν-
519 1480 592 1514 ἡμᾶς
607 1479 635 1506 δὲ
657 1479 786 1510 πολλάκις
810 1479 860 1514 τὴν

67 1523 157 1559 αὐτὴν
271 1524 384 1560 μελετᾷν
400 1525 453 1560 ἄρα
480 1524 649 1560 βουλόμενος,
671 1525 724 1556 ἵνα,
754 1533 856 1560 μεμνη-

66 1569 146 1604 μένοι
158 1569 199 1601 τίς
211 1570 289 1605 ἡμῶν
302 1571 318 1606 ἡ
332 1571 453 1606 σωτηρία
469 1570 586 1605 ἐγένετο,
605 1571 703 1606 μηκέτι
720 1570 787 1606 πρὸς
812 1571 858 1597 τὸν

65 1614 167 1650 ἐχθρὸν
189 1615 462 1651 παλινδρομήσωμεν,
480 1616 566 1650 ὅσπερ
582 1616 646 1650 ἡμῖν
661 1616 700 1647 εἰς
722 1615 858 1642 ἀπώλειαν

66 1661 192 1696 γέγονεν.

340 1751 485 1778 ΨΔΛΜΟΣ
508 1753 584 1779 ΡΙΗ’.

105 1795 247 1830 Μακάριοι
262 1797 289 1824 οι
303 1797 415 1832 ἄμωμοι
432 1797 467 1823 ἐν
483 1797 555 1830 ὁδῷ,
571 1807 598 1824 κ.
609 1806 633 1824 τ.
651 1798 674 1824 ὲ.
688 1798 728 1824 Τὰ
739 1798 857 1832 στοιχεῖα

61 1841 118 1876 τῆς
134 1842 220 1877 ἀρχῆς
242 1842 297 1868 τῶν
319 1843 406 1877 λόγων
421 1843 467 1869 τοῦ
487 1843 553 1870 Θεοῦ
569 1845 583 1870 ὁ
600 1843 669 1875 θεῖός
682 1845 740 1870 ἐστι
760 1843 856 1874 τόπος

65 1887 135 1922 περὶ
149 1883 186 1913 ὧν
201 1888 248 1914 καὶ
266 1887 442 1923 διαλαμϐάνει
456 1890 470 1914 6
489 1888 632 1920 ὲκατοστὸς
660 1887 857 1915 ὀκτωκαιδέκα-

61 1941 112 1964 τος
128 1932 242 1968 ψαλμὺς,
261 1934 332 1960 κατὰ
353 1933 485 1969 Ἐὁραίων
510 1936 627 1969 στοιχεῖα
651 1935 853 1970 γεγραμμένος,

63 1979 140 2006 ὥστε
150 1979 212 2011 τοὺς
227 1979 276 2014 μὲν
300 1979 424 2015 πρώτους
441 1979 522 2006 αὑτοῦ
553 1980 661 2015 στίχους
687 1979 755 2007 εἶναι
783 1980 855 2007 ὀκτὼ

62 2025 123 2052 ἀπὸ
139 2024 185 2051 τοῦ
204 2024 302 2060 Ἀλεφ·
321 2026 334 2051 ὅ
346 2026 420 2051 ἐστιν
437 2025 508 2060 ἀρχὴ
519 2025 572 2052 τῶν
588 2025 652 2060 παρ’
667 2025 758 2056 αὐτοῖς
786 2034 856 2052 στοι-

63 2069 149 2104 χείων
160 2077 166 2082 ·
184 2069 247 2100 τοὺς
266 2069 294 2095 δὲ
315 2069 456 2104 δευτέρους
472 2069 543 2096 ὀκτὼ
561 2069 614 2096 ἀπὸ
631 2070 696 2105 Βὴθ,
720 2071 766 2096 καὶ
785 2069 857 2097 οὕτω

914 930 963 958 llic
976 930 1106 963 ostendit,
1121 931 1203 957 etiam
1230 931 1333 966 absque
1356 931 1497 959 bcneliciis
1513 931 1617 966 gratias
1640 938 1700 958 esse

913 977 1032 1011 agendas
1060 975 1128 1009 Deo,
1154 977 1298 1011 ipsumque
1323 981 1469 1012 propterea
1495 976 1700 1012 gloriﬁcandum

914 1026 1026 1057 propter
1051 1022 1224 1057 majestatem
1251 1026 1354 1048 natura:
1368 1022 1439 1056 ejus,
1460 1027 1571 1057 propter
1583 1022 1700 1057 gloriam

913 1067 1089 1096 inell'abilem.
1100 1066 1156 1094 Hoc
1172 1067 1254 1101 igitur
1266 1066 1348 1094 etiam
1360 1066 1404 1093 hic
1420 1066 1700 1101 insinuat,postquam

912 1113 1050 1140 enarravit
1066 1112 1198 1140 beneﬁcia
1212 1111 1313 1146 quibus
1329 1110 1442 1139 allectus
1460 1111 1519 1138 fuit.
1536 1111 1625 1139 Etiam
1639 1112 1701 1139 sine

912 1159 965 1190 bis,
985 1158 1085 1192 inquit,
1106 1158 1211 1193 gratias
1237 1165 1313 1193 again
1338 1162 1365 1184 et
1379 1157 1541 1190 confitebor,
1564 1158 1637 1192 quod
1659 1162 1700 1185 ta-

912 1203 964 1230 lem
981 1203 1096 1230 habeam
1115 1203 1266 1235 Dominum,
1289 1203 1357 1230 adeo
1379 1203 1535 1236 sublimem,
1553 1204 1622 1232 adeo
1638 1211 1697 1231 ma-

912 1256 1015 1283 gnum,
1043 1249 1111 1276 adeo
1134 1249 1298 1276 invisibilem
1324 1254 1352 1276 et
1376 1249 1696 1284 incomprehensibilem.

912 1292 979 1320 Illud
1002 1298 1092 1321 autem
1111 1303 1121 1320 ι
1141 1294 1269 1322 exaltabo
1286 1303 1295 1321 ι
1320 1294 1391 1321 idem
1409 1299 1452 1322 est
1474 1295 1546 1330 quod
1564 1304 1574 1321 ε
1592 1295 1698 1331 gloriﬁ—

912 1339 992 1367 cabo.
1020 1349 1030 1366 ι

949 1385 1029 1412 Vens.
1042 1385 1087 1413 29.
1102 1385 1269 1420 Canﬁtemim‘
1280 1385 1529 1421 Domino,quom‘am
1541 1387 1635 1419 bonus,
1644 1395 1698 1416 etc.

912 1431 994 1466 796
1014 1431 1072 1458 Non
1092 1437 1193 1458 temere
1210 1430 1355 1458 Psalmista
1375 1431 1496 1459 secundo
1520 1432 1593 1460 hunc
1614 1433 1700 1461 versi-

911 1477 1000 1504 culum
1024 1477 1086 1505 buic
1112 1477 1217 1512 psalmo
1237 1477 1349 1504 inseruit
1365 1496 1373 1510 ,
1392 1478 1485 1506 volens
1507 1479 1633 1506 videlicet
1649 1486 1699 1506 nos

912 1522 1068 1556 frequenter
1102 1522 1155 1550 hoc
1189 1523 1323 1550 canticum
1356 1523 1503 1556 meditari.
1540 1529 1568 1552 ut
1603 1525 1698 1553 memi»

913 1568 1035 1596 nerimus
1060 1568 1121 1603 quis
1148 1568 1220 1596 salus
1246 1574 1338 1596 nostra
1355 1571 1502 1602 exstiterit,
1529 1578 1616 1605 neque
1639 1579 1699 1598 ant-

913 1614 986 1649 plins
1008 1614 1042 1642 ad
1067 1614 1206 1642 inimicum
1235 1621 1411 1644 recurramus
1439 1616 1485 1650 qui
1511 1616 1588 1644 nobis
1614 1617 1698 1645 exitio

914 1660 976 1687 fuit.

1156 1751 1317 1779 PSALMUS
1339 1751 1454 1779 CXVIII.

950 1797 1035 1824 Vens.
1055 1797 1077 1824 I.
1097 1797 1169 1824 Beati
1188 1797 1352 1824 immaculati
1376 1798 1403 1824 in
1420 1798 1472 1829 uia,
1486 1801 1538 1824 etc.
1557 1797 1697 1825 Elementa

911 1843 1037 1878 principii
1053 1850 1208 1870 sermonum
1231 1843 1277 1871 Dei
1293 1843 1401 1871 divinus
1416 1847 1459 1871 cst
1479 1842 1553 1870 locus
1570 1843 1623 1870 :de
1638 1845 1698 1877 qui-

912 1889 961 1916 lius
989 1889 1071 1916 etiam
1096 1889 1207 1916 disserit
1237 1889 1403 1917 centesimus
1437 1888 1557 1916 decimus
1582 1892 1697 1915 octavus

910 1935 1039 1970 psalmus,
1056 1935 1101 1970 qui
1122 1936 1271 1963 secundum
1293 1935 1470 1963 Hebraeorum
1481 1935 1615 1963 elementa
1628 1934 1695 1961 scri-

909 1986 970 2015 ptus
983 1986 1037 2014 est,
1061 1981 1098 2008 ita
1114 1985 1144 2008 ut
1167 1981 1246 2016 primi
1271 1981 1329 2017 ejus
1350 1986 1412 2008 octo
1432 1980 1563 2009 versiculi
1581 1981 1635 2008 sint
1662 1980 1696 2007 ab

909 2027 995 2062 Aleph
1013 2037 1019 2055 :
1037 2035 1098 2062 qua:
1113 2027 1203 2054 littera
1218 2028 1288 2062 apud
1314 2028 1389 2062 ipsos
1405 2027 1569 2062 principium
1582 2032 1624 2053 est
1637 2025 1694 2052 cle-

911 2078 1061 2099 mentorum
1076 2081 1082 2106 ;
1096 2077 1243 2107 sequentes
1256 2079 1321 2100 vero
1338 2076 1400 2099 octo
1415 2072 1471 2099 sint
1485 2079 1500 2097 a
1514 2070 1591 2101 Beth,
1608 2075 1636 2098 et
1654 2070 1696 2096 sic

62 2113 195 2148 καθεξῆς.
213 2113 267 2140 Καὶ
287 2115 407 2150 περιέχει
426 2123 457 2149 γε
473 2116 487 2142 ὁ
504 2115 610 2151 ψαλμδς
632 2112 708 2147 οὗτος
730 2115 789 2142 ὃλον
810 2116 856 2142 τὸν

918 2118 1045 2152 leinceps.
1060 2118 1149 2153 Atque
1163 2117 1206 2145 hic
1219 2118 1337 2152 psalmus
1349 2119 1506 2145 universum
1520 2117 1608 2144 locum
1635 2124 1695 2143 lno-

62 2159 149 2185 τόπον
168 2159 213 2185 τὸν
232 2160 325 2194 ἠθικὸν
342 2160 410 2195 μετὰ
428 2161 518 2197 πάσης
533 2160 648 2195 θεωρίας
663 2161 711 2196 τῆς
724 2160 786 2196 περὶ
802 2160 855 2187 τῶν

62 2205 205 2240 διαφόρων
225 2206 254 2232 ἐν
268 2207 324 2238 τοῖς
345 2207 450 2240 ἠθικοῖς
468 2207 562 2238 τόποις
584 2206 724 2241 ὀνομάτων
741 2207 770 2232 ἐν
795 2207 854 2238 ταῖς

63 2250 85 2276 Γ
88 2251 201 2285 ραφαζ.
226 2251 322 2278 ’ἰστέον
349 2252 377 2278 δὲ
403 2252 440 2284 ὡς
463 2252 526 2279 ἄλλο
554 2252 603 2287 μὲν
629 2252 720 2287 νόμος,
741 2251 804 2279 ἄλλο
827 2252 855 2278 δὲ

61 2296 215 2331 δικαίωμα,
245 2296 309 2323 ἄλλο
338 2298 512 2333 πρόσταγμα,
534 2297 597 2324 ἄλλο
614 2299 773 2334 μαρτύριον,
792 2298 855 2325 ἄλλο

63 2343 165 2378 κρῖμα.
184 2342 234 2369 Διὰ
249 2342 326 2369 τοῦτο
349 2343 377 2370 δὲ
396 2343 512 2370 ἐνταῦθα
531 2344 565 2371 τὰ
586 2347 704 2380 στοιχεῖα
726 2345 855 2380 προτέτα-

63 2397 140 2419 κται,
159 2388 202 2414 ἶνα
211 2388 317 2424 δηλωθῇ
331 2391 387 2421 τοῖς
403 2390 619 2425 ἐντυγχάνουσιν,
638 2390 678 2417 ὃτι
690 2390 724 2417 τὰ
737 2391 855 2425 στοιχεῖά

61 2434 170 2468 ἐστινὴ
189 2434 288 2468 γνῶσις
304 2431 351 2461 τοῦ
369 2435 465 2470 ἠθικοῦ
485 2436 579 2462 τόπου.
608 2436 686 2463 Οὕτω
702 2436 748 2462 καὶ
760 2437 784 2462 οι
802 2440 854 2471 pta’

61 2480 112 2507 καὶ
128 2480 180 2515 ριὸ¹
195 2480 312 2516 ψαλμοὶ,
329 2482 390 2508 τινὰ
405 2482 503 2517 τρόπον
520 2483 641 2508 κάκεῖνοι
660 2483 750 2517 ἠθικοὶ
768 2483 853 2515 ὄντες,

61 2523 138 2560 εἶχον
151 2525 200 2561 τὴν
215 2527 303 2562 ἀρχὴν
315 2527 370 2554 τῶν
386 2527 484 2562 στίχων
499 2528 552 2554 ἀπὺ
568 2527 622 2554 τῶν
637 2529 701 2564 παρ’
721 2528 854 2564 Ἐὃραίοις

63 2570 217 2605 στοιχείων.
240 2572 314 2598 Ἐκεί
332 2571 380 2606 μὲν
391 2570 438 2599 οὖν
453 2572 469 2607 ἡ
487 2572 654 2606 στοιχείωσις
679 2573 728 2599 οὐκ
745 2573 855 2599 ἐκτέτα-

62 2625 120 2648 ται,
137 2617 205 2644 ἀλλὰ
218 2617 262 2644 διὰ
281 2617 402 2653 βραχέων
416 2618 604 2653 παραδέδοται.
629 2618 727 2644 Ίστέον
754 2619 852 2651 τοίνυν,

63 2662 161 2698 ὥσπερ
178 2662 255 2694 ἄλλα,
281 2663 352 2689 οὕτω
378 2664 424 2690 καὶ
453 2663 538 2690 ταῦτα
561 2665 589 2690 ὲν
617 2664 755 2700 Πνεύματι
783 2665 853 2700 ἁγίῳ

63 2707 231 2743 γεγράφθαι,
246 2707 323 2742 λόγον
336 2717 366 2735 τε
383 2708 455 2744 ἔχειν
471 2708 521 2734 οὐκ
532 2708 777 2744 εὐκαταφρόνητον.
799 2711 853 2737 Καὶ

64 2753 172 2787 ήαίτία
194 2753 240 2780 τοῦ
263 2753 378 2781 ἕκαστον
403 2754 457 2781 τῶν
483 2755 622 2790 στοιχείων
652 2755 763 2788 ὀκτάκις
788 2758 852 2792 παρ’

109 2840 131 2854 ¹¹¹
147 2842 224 2867 Joan.
244 2849 272 2872 ι,
291 2840 333 2868 Η.
374 2842 393 2857 ¹¹
419 2841 487 2869 Psal.
509 2849 527 2869 ι.

909 2163 992 2191 ralem
1016 2163 1204 2198 complectitur
1220 2171 1281 2190 cum
1299 2163 1372 2191 omni
1398 2162 1628 2197 contemplatione
1643 2169 1691 2188 no-

909 2208 1010 2235 minum
1034 2216 1094 2243 qua:
1112 2208 1138 2235 in
1153 2208 1220 2236 locis
1244 2208 1392 2236 moralibus
1409 2208 1519 2236 adhibet
1541 2208 1692 2242 Scriptura.

909 2252 1053 2280 Sciendum
1075 2258 1166 2281 autent
1190 2254 1326 2288 quomodo
1349 2253 1422 2281 aliud
1445 2254 1555 2288 quidem
1580 2255 1616 2280 sit
1637 2253 1694 2285 lcx,

907 2299 979 2326 aliud
996 2306 1060 2326 vero
1074 2299 1234 2334 iustiﬁcatio
1246 2320 1253 2332 ,
1268 2300 1342 2328 aliud
1364 2304 1540 2335 praeceptum,
1557 2298 1630 2326 aliud
1647 2304 1690 2326 tc-

907 2345 1075 2378 stimonium,
1092 2345 1163 2372 aliud
1179 2345 1322 2379 judicium.
1336 2345 1441 2373 Idcirco
1454 2349 1544 2372 autem
1555 2344 1692 2372 elementa

909 2390 952 2417 hic
966 2390 1108 2424 praeposita
1123 2394 1196 2422 sunt,
1209 2395 1237 2416 ut
1250 2389 1400 2424 legentibus
1420 2390 1621 2416 demonstretur
1637 2388 1692 2416 ele-

909 2441 999 2463 menta
1015 2443 1075 2464 esse
1090 2436 1201 2464 moralis
1214 2436 1264 2463 loci
1281 2435 1437 2463 scientiam.
1459 2435 1506 2462 Sic
1521 2436 1603 2462 etiam
1619 2434 1692 2469 psal-

909 2481 944 2508 mi
972 2482 1139 2510 centesimus
1161 2482 1320 2509 undecimus
1335 2485 1362 2508 et
1376 2481 1542 2508 centesimus
1564 2474 1692 2509 duodeci-

908 2535 978 2560 mus,
992 2536 1053 2555 cum
1074 2532 1103 2555 et
1123 2528 1160 2555 illi
1180 2527 1378 2563 quodammodo
1401 2527 1517 2554 morales
1531 2527 1597 2559 sint,
1616 2527 1690 2561 prin-

907 2574 1006 2608 cipium
1031 2574 1227 2602 versiculorum
1252 2573 1406 2600 habuerunt
1422 2573 1456 2599 ab
1477 2572 1620 2600 elementis
1637 2572 1689 2600 He-

907 2620 1050 2648 braeorum.
1066 2621 1104 2648 Ibi
1129 2621 1210 2655 igitur
1223 2620 1397 2647 elementatio
1420 2627 1473 2646 non
1497 2624 1536 2646 est
1552 2620 1686 2654 exposita,

907 2666 954 2693 sed
975 2667 1096 2694 breviter
1114 2667 1223 2701 quidem
1242 2667 1351 2693 tradita.
1377 2665 1522 2692 Sciendum
1544 2665 1626 2701 igitur
1649 2666 1686 2692 uti

906 2710 960 2738 alia
973 2730 981 2744 ,
1004 2712 1044 2739 sic
1064 2716 1091 2738 et
1105 2712 1161 2740 litec
1176 2712 1202 2739 in
1223 2711 1326 2746 Spiritu
1340 2715 1435 2738 sancto
1447 2710 1547 2745 scripta
1561 2717 1622 2737 esse
1635 2729 1643 2742 ι
1661 2715 1689 2736 et

909 2757 1018 2784 minime
1043 2759 1268 2786 contemnendam
1301 2758 1401 2786 habere
1426 2756 1568 2784 rationem.
1599 2756 1688 2791 Atque
