1889 3052
174 116 239 143 ΙΓῘΒἹ

845 115 889 143 EX
910 113 1062 143 ORIGENE

1734 116 1794 144 1583

170 177 186 204 it
198 184 228 204 ec
244 181 284 204 est
300 184 381 205 causa
406 186 456 206 cur
470 178 574 213 singula
599 178 732 206 elementa
748 178 833 205 octies
854 178 888 205 ab
904 178 942 206 lle

1027 175 1150 211 Εῦραίοις
1162 175 1287 211 είρῆσθαι
1299 176 1327 202 ὲν
1337 175 1423 211 τούτῳ
1435 176 1473 211 τῷ
1489 176 1601 211 ψαλμῷ.
1617 175 1695 202 Ἐλθὲ
1712 177 1794 202 τοίνυν

172 226 252 254 brutis
271 227 344 254 dicta
357 227 412 254 sint
433 227 460 254 in
475 227 525 254 ltoc
540 226 654 260 psalmo.
672 227 740 254 Vetti
755 226 838 261 igitur
849 226 883 254 ad
900 233 952 253 nu-

170 279 275 299 merum
302 272 484 303 octonarium,
505 275 531 299 et
554 271 641 299 sicubi
660 271 685 298 in
702 271 844 306 Scriptura
868 273 955 298 numi-

171 323 250 346 uatus
271 323 324 353 est,
340 318 514 354 apprehende
530 318 617 350 illum,
628 324 656 346 et
669 319 730 345 vide
746 319 778 345 ad
794 318 860 353 quid
881 318 954 345 dica-

169 367 224 396 tur,
239 369 319 398 atque
335 365 387 392 erit
404 364 452 392 libi
475 364 549 392 utilis
572 365 615 392 hic
643 371 734 392 sermo
751 364 785 391 ad
799 363 952 396 sciendum,

170 409 379 444 unumquodque
390 410 553 437 elementum
571 409 768 445 perfectionem
787 417 848 437 esse
870 409 952 437 simul

169 458 196 482 et
220 462 373 482 numerum.
399 455 514 489 Quando
530 461 620 483 autem
645 456 758 490 perfecti
785 455 954 483 evaserimus

169 500 194 527 in
210 500 362 532 elementis,
379 502 549 535 septenarius
565 501 643 529 nobis
659 509 788 528 nmuerns
803 500 952 535 praeferen-

167 546 229 578 dus,
243 547 306 581 quia
319 547 447 574 nimirum
464 547 506 575 hic
520 555 568 581 per
582 548 724 574 materiam
740 547 896 581 perﬁcitur;
915 547 952 574 si-

167 593 276 626 quidem
291 593 462 626 septenarius
485 593 591 628 signum
614 598 655 620 est
672 593 808 621 crassitici
823 594 952 620 materia-

168 637 218 670 lis;
237 638 394 666 nctonarius
407 646 472 665 vero
496 643 584 666 status
605 638 794 665 immaterialis
808 643 888 673 atque
904 646 952 672 po-

167 682 243 710 tioris
261 683 423 718 principium
446 688 499 711 est.
516 683 546 710 Si
572 683 645 711 enim
671 687 700 710 ut
718 683 862 718 plurimum
880 684 948 710 dici-

169 737 228 756 mus
253 729 410 757 sextenario
433 736 546 756 numero
570 730 712 756 materiam
741 729 831 756 mundi
858 729 950 757 habitu

167 776 289 809 indicari,
304 777 419 803 atillum
437 776 546 811 quidem
562 776 595 803 ad
613 777 735 804 materia:
756 777 949 811 integritatem,

167 822 237 850 hunc
258 830 322 849 vero
339 823 371 849 ad
388 822 553 850 habitualem
576 822 722 849 referimus
742 822 948 856 perfectionem,

164 867 313 895 secundum
339 875 419 903 quam
435 868 497 902 quis
512 868 608 895 auium
623 868 743 895 maculas
764 868 896 903 ahstergit
921 874 948 896 et

167 914 321 941 mundatur.
339 909 492 948 Antequam
516 914 589 940 cnim
612 914 717 941 veniret
731 918 828 941 octava
842 914 947 941 Domini

163 957 226 985 .iesu
239 958 338 985 Christi
349 958 498 990 dies,totus
511 958 627 985 mttndtts
644 958 767 993 impurus
775 962 831 986 erat
845 964 870 985 ct
880 967 949 993 prm-

164 1003 294 1037 putiatus;
303 1003 411 1037 quando
419 1009 507 1030 autem
520 1008 614 1030 octava
624 1003 832 1030 resurrectionis
847 1003 910 1031 Cltri
929 1003 947 1030 ti

166 1049 225 1076 dies
240 1049 360 1082 advenit,
387 1048 530 1076 confestim
556 1056 650 1076 omnes
666 1049 788 1076 mundati
804 1057 898 1076 sumus
921 1049 947 1076 itt

165 1095 372 1122 circumcisione
385 1094 497 1127 Christi,
514 1095 665 1129 consepulti
693 1099 720 1122 et
747 1102 946 1129 conrcsurgen-

164 1145 204 1167 tes
218 1140 253 1172 ei,
268 1145 296 1167 ut
310 1141 498 1176 aitApostolus
511 1141 542 1166 ".
561 1140 642 1176 797
653 1140 719 1168 Cum
733 1140 816 1174 igitur
831 1148 879 1175 per
893 1140 948 1167 ele-

164 1187 358 1214 ntentalionem
382 1187 472 1214 anima
497 1191 590 1214 nostra
614 1186 755 1221 expietur,
777 1187 838 1214 dum
856 1194 947 1214 mora-

126 1239 130 1242 '
163 1231 216 1259 ient
232 1231 320 1259 locum
336 1233 527 1266 perdiscimus,
543 1237 569 1259 et
591 1232 617 1258 in
634 1233 747 1260 scientia
770 1233 827 1267 cjus
841 1233 941 1268 perfici-

164 1284 234 1310 mur,
249 1277 352 1304 idcirco
379 1278 625 1312 imprazsentiarutn
650 1285 777 1305 numerus
790 1278 946 1306 octonarius

162 1322 189 1349 iu
203 1322 317 1357 singulis
328 1323 472 1350 clementis
487 1323 651 1349 continetur.
665 1323 757 1358 Itaque
770 1324 796 1350 in
813 1324 862 1351 hoc
876 1323 946 1358 psal-

163 1376 206 1396 nto
221 1375 376 1396 sanctorum
393 1368 501 1395 vivendi
528 1368 680 1395 institutum
699 1369 837 1401 describit,
852 1377 944 1397 eorutn

160 1415 320 1446 certamina,
345 1414 667 1445 aliiictiones,et»c:etcra.
684 1414 734 1448 Qui
755 1420 845 1442 autem
870 1415 945 1442 nullo

161 1460 240 1487 modo
255 1467 373 1494 unquam
386 1464 490 1493 peccat,
507 1458 531 1486 is
545 1459 638 1494 utique
658 1459 861 1494 immaculatus,
877 1461 942 1496 quin

159 1509 189 1533 et
201 1505 298 1532 bullus
310 1505 428 1532 exsistit.

194 1549 332 1585 Ejusdem.
348 1549 406 1577 Non
426 1555 535 1585 propter
556 1550 757 1579 immaculatum
779 1552 863 1580 vitam
876 1552 944 1580 bea-

160 1601 204 1623 tus
216 1596 298 1624 homo
313 1596 478 1630 nominatur,
495 1597 543 1625 sed
565 1603 677 1632 propter
692 1598 739 1625 Dei
759 1598 942 1633 cognitionem

159 1647 239 1672 quant
257 1639 307 1666 sibi
337 1647 386 1674 per
413 1641 618 1668 innnaculatatn
637 1642 719 1669 vitam
733 1648 942 1677 comparaturus

156 1689 199 1712 est
217 1693 224 1712 :
241 1693 301 1712 nam
317 1695 326 1711 ‹
343 1687 413 1714 beati
429 1687 527 1714 mundo
539 1687 631 1720 corde,
646 1688 772 1722 quoniam
792 1689 843 1724 ipsi
859 1689 940 1716 Deum

157 1730 286 1758 videbunt
300 1731 332 1758 ¹³.
344 1741 354 1757 ι

194 1777 274 1805 Vns.
290 1779 318 1806 5.
339 1777 400 1806 Non
420 1779 490 1806 enim
503 1780 548 1814 qui
563 1786 705 1815 operantur
728 1782 892 1817 iniquitatem
913 1783 940 1810 in

156 1823 203 1850 t-t'is
213 1823 270 1858 ejus
284 1824 494 1856 ambulauerunt,
509 1829 563 1851 etc.
581 1824 666 1859 Siqui
681 1832 828 1860 operantur
840 1826 940 1861 iniqui-

157 1873 250 1900 tatem,
263 1869 289 1896 in
303 1869 353 1896 viis
367 1869 413 1896 Dei
435 1877 489 1896 tton
505 1869 654 1902 ambulant,
672 1875 746 1898 certe
759 1871 803 1905 qui
821 1879 940 1905 operan-

156 1914 351 1948 turjustitiam,
365 1915 452 1942 inviis
465 1914 510 1942 Dei
523 1915 709 1943 ambulabunt.
731 1916 785 1944 Vite
796 1917 876 1950 igitur
893 1917 939 1944 Dei

155 1965 220 1988 sunt
238 1967 328 1988 rerum
352 1968 411 1995 qua:
435 1961 513 1988 facta:
536 1966 599 1988 sunt
614 1962 878 1996 contemplationes,
908 1965 934 1991 iu

154 2007 253 2042 quibus
273 2007 473 2036 ambulabimus
496 2008 634 2043 operando
652 2009 797 2044 justitiam.
815 2010 844 2038 Si
874 2019 938 2038 vero

152 2052 256 2086 justiti:
274 2059 367 2081 nostra
380 2058 421 2082 cst
435 2054 572 2088 Christus,
588 2063 649 2083 nam
669 2066 678 2082 ι
701 2057 788 2085 factus
804 2062 845 2085 est
857 2058 937 2086 nobis

153 2098 286 2132 sapientia
301 2107 315 2125 a
328 2099 393 2131 Deo,
404 2100 508 2135 justiti:
526 2101 591 2128 item
608 2107 636 2129 et
650 2103 831 2130 sanctificatio
848 2111 879 2131 ac
894 2111 936 2132 rc-

153 2144 273 2179 demptio
295 2144 340 2177 ¹⁸,
370 2154 379 2171 t
398 2145 510 2180 pulchre
527 2147 554 2174 in
579 2147 734 2176 Proverbiis
757 2149 778 2165 "
804 2149 933 2177 Salomon

153 2188 218 2216 dicit
246 2190 352 2217 viarum
391 2191 434 2218 Dei
465 2192 628 2227 principium
659 2201 721 2222 esse
752 2195 934 2229 sapientiam,

152 2242 213 2270 qum
232 2241 274 2263 est
295 2236 428 2265 Christus.
458 2237 596 2266 Christum
622 2245 712 2267 autem
741 2240 800 2268 dico
816 2241 934 2270 Verbum

151 2283 222 2318 quod
243 2291 303 2311 cum
323 2284 377 2311 Deo
396 2289 455 2312 erat
490 2289 515 2312 et
539 2286 566 2312 in
592 2287 663 2313 hunc
689 2287 819 2315 ntumlum
850 2289 934 2316 adve-

151 2335 200 2357 ιιιι.

185 2375 322 2410 Ejusdem.
335 2377 363 2404 Si
377 2377 439 2412 quis
457 2377 628 2413 iniquitatem
642 2384 778 2412 operetur.
792 2379 836 2406 ille
852 2380 933 2407 haud-

148 2428 283 2456 quaquam
297 2421 324 2448 in
336 2421 377 2448 via
394 2422 500 2449 Domini
513 2423 649 2456 ambulat;
666 2429 833 2458 quapropter
845 2432 932 2460 neque

149 2467 337 2495 immaculatns
348 2472 390 2495 est
404 2468 431 2494 in
448 2468 501 2495 via.

185 2511 265 2539 νοις.
276 2512 304 2539 4.
332 2511 371 2539 Tu
388 2513 520 2540 mandaui
540 2514 666 2550 mandata
684 2519 731 2541 tua
745 2515 874 2542 custodiri
889 2516 932 2542 ni-

149 2558 209 2590 mis,
226 2564 281 2586 etc.
298 2557 348 2591 Qui
372 2566 407 2586 ne
423 2559 586 2593 cogitatione
599 2559 711 2594 quidem
725 2565 828 2594 peccat,
848 2560 932 2588 vehe-

149 2609 253 2631 menter
269 2605 386 2632 custodit
402 2605 527 2632 mandata
540 2604 599 2632 Dei.

181 2646 318 2684 Ejusdem.
344 2649 391 2676 Est
416 2650 593 2677 vehementer
615 2654 643 2677 et
661 2654 702 2677 est
719 2650 824 2685 placide
845 2655 933 2678 custo-

148 2693 206 2720 dire
223 2695 348 2722 mandata
365 2695 422 2722 Dei.
450 2695 495 2722 Vel
515 2696 691 2724 vehementer
707 2697 835 2731 praecepit
860 2696 930 2724 Deus

148 2738 276 2765 custodiri
293 2740 417 2768 mandata
433 2748 493 2767 sua.

184 2818 205 2833 ¹¹
222 2816 300 2844 Rom.
317 2825 341 2845 γι
356 2838 362 2850 ,
379 2819 394 2845 l
409 2827 416 2851 ',
444 2819 547 2846 Colnss.
563 2827 603 2852 Ill,
623 2819 645 2846 ι.

688 2819 708 2834 ³⁸
724 2818 818 2846 Matth.
839 2826 864 2851 ν,
885 2819 910 2846 8.
949 2819 970 2835 ¹⁸
993 2819 1000 2846 l
1019 2819 1082 2846 Cor.
1099 2827 1118 2850 ι.
1133 2819 1177 2847 30.

1006 222 1052 248 ἐπὶ
1062 222 1106 248 τὶν
1119 221 1190 248 ὀκτὼ
1206 221 1332 258 ἁριθμδν,
1353 222 1400 248 καὶ
1426 222 1452 249 sl
1473 231 1523 249 που
1540 222 1690 258 ὠνομάσθη
1714 223 1742 248 ἐν
1766 224 1794 258 τῇ

1005 268 1111 304 Γραφῇ,
1123 267 1320 304 παραλάμϐανε
1331 267 1421 300 αὑτὸν,
1433 268 1480 294 καὶ
1493 268 1539 295 ἐπὶ
1551 268 1605 294 τίνι
1619 268 1740 303 εἴρηται,
1753 269 1794 295 καὶ

1004 314 1080 341 ἔσται
1095 323 1135 341 σοι
1151 315 1285 350 χρήσιμος
1304 314 1318 341 ὁ
1339 313 1417 348 λόγος
1442 314 1510 349 πρὸς
1528 313 1559 340 τὺ
1575 314 1652 346 ἰδεῖν,
1673 315 1716 341 ὅτι
1734 314 1792 341 ἔκα-

1006 368 1066 387 στον
1084 361 1214 395 στοιχεῖον
1224 361 1362 392 τελείωσίς
1375 361 1447 387 ἐστιν
1460 361 1517 396 ἅμα
1527 361 1566 396 τῷ
1577 361 1701 396 ἀριο
1716 362 1794 388 Ὀςσιν

1003 405 1031 431 δὲ
1043 405 1208 440 τελειώμεοα
1224 406 1252 431 ὲν
1264 406 1319 436 τοῖς
1333 405 1483 440 στοιχείοις,
1498 407 1512 432 ὁ
1524 405 1595 432 ἑπτὰ
1609 405 1729 441 ἀριθμὸς
1738 414 1794 440 προ-

1004 451 1130 486 τιμητέος
1143 452 1218 487 ἡμῖν,
1242 451 1281 477 ὅτι
1305 451 1337 486 δὴ
1364 451 1411 478 καὶ
1437 451 1469 487 τῇ
1496 451 1546 488 ὕλῃ
1568 453 1675 479 ἀνεῖται
1703 450 1793 484 οὗτος·

1004 497 1082 532 εἴπερ
1095 498 1167 523 ἐστὶν
1184 499 1197 524 ὁ
1216 496 1284 523 ἑπτὰ
1302 497 1413 531 σημεῖον
1427 497 1523 532 ὑλικῆς
1535 497 1694 532 παχῦτητος
1705 507 1712 512 ·
1730 499 1744 524 ὁ
1768 497 1794 524 δὲ

1003 543 1074 570 ὀκτὼ
1089 543 1159 579 ἀρχὴ
1173 544 1222 578 τῆς
1237 543 1383 579 ἀϋλοτέρας
1392 544 1438 570 καὶ
1453 543 1576 578 μεῖζονος
1588 543 1792 575 καταπιὶτεως.

1003 589 1033 615 Ei
1046 588 1099 624 γὰρ
1116 590 1163 615 καὶ
1174 589 1208 615 τὰ
1225 589 1342 624 μάλιστά
1358 598 1448 623 φαμεν
1467 588 1514 616 καὶ
1527 590 1573 616 τὸν
1586 586 1617 622 ἓξ
1630 590 1681 625 τὴν
1699 599 1794 625 κοσμι-

1002 634 1052 670 κὴν
1068 633 1200 669 σχετικῶς
1220 634 1285 669 ὕλην
1300 633 1466 669 ὑποδηλοῦν,
1484 634 1541 661 ἀλλ’
1556 633 1601 661 οὖν
1618 644 1651 669 γε
1675 636 1724 661 τὸν

1002 681 1041 712 εἰς
1054 681 1101 716 τὴν
1118 681 1189 707 κατὰ
1207 681 1288 707 ποσὸν
1307 680 1422 716 ὁλότητα
1439 680 1623 717 ἀνασέρομεν,
1639 681 1687 708 τὸν
1713 682 1743 708 δὲ
1759 682 1796 714 εἰς

1001 726 1049 762 τὴν
1063 726 1124 753 καθ’
1135 726 1190 760 ἕξιν
1207 726 1356 758 τελείωσιν,
1368 726 1427 753 καθ’
1441 727 1475 762 ἥν
1489 736 1530 758 τις
1547 727 1744 762 ἀποτμήχεται
1765 728 1799 754 τὰ

1002 772 1166 807 ρυπάσματα
1182 773 1232 808 τῆς
1256 772 1354 807 ψυχῆς,
1369 772 1417 799 καὶ
1441 772 1615 808 καθαίρεται.
1637 773 1711 808 Πρὶν
1745 774 1797 809 γᾶρ

1001 818 1065 854 ἔλθῃ
1086 818 1102 854 ἡ
1120 818 1198 854 ὀγδόη
1214 819 1258 846 τοῦ
1270 819 1371 854 Κυρίου
1391 819 1477 855 Ἰησοῦ
1492 819 1610 854 Χριστοῦ
1623 819 1798 854 ἡμέρα,ὅλος

1000 865 1013 890 ὀ
1026 864 1125 899 κόσμος
1139 865 1358 900 ἀπερικάθαρτος
1371 863 1404 900 ἦν
1424 865 1472 891 καὶ
1493 865 1664 900 ἁκρὸϐυστος
1676 874 1683 880 ·
1704 866 1750 891 ὅτε
1770 865 1799 892 δὲ

999 907 1078 944 ἦλθεν
1102 911 1118 945 ἡ
1140 911 1220 946 ὀγδόη
1248 912 1297 946 τῆς
1325 911 1499 943 ἀναστάσεως
1529 911 1650 946 Χριστοῦ
1685 912 1798 948 ἡμέρα.

999 955 1104 990 ἀθρόως
1121 955 1220 987 πάντες
1235 955 1455 992 ἐκαθαρίσθημεν
1470 957 1498 982 ἐν
1519 957 1553 990 τῇ
1578 959 1723 993 περιτομῇ
1750 956 1798 984 τοῦ

999 1000 1127 1035 Χριστοῦ,
1150 1001 1330 1034 συνταερέντες
1340 1002 1386 1027 καὶ
1404 1002 1630 1033 συναναστὲντες,
1647 1001 1689 1034 ὣς
1715 1011 1798 1037 φησιν

998 1046 1012 1070 ὁ
1025 1045 1200 1077 .“Απόστολος.
1218 1046 1294 1072 Ἐπεὶ
1308 1044 1354 1073 οὖν
1365 1046 1408 1073 διὰ
1419 1046 1471 1080 τῆς
1488 1046 1688 1082 στοιχειώσεως
1697 1047 1796 1074 καθαί-

999 1099 1074 1125 ρεται
1089 1091 1167 1126 ἡμῶν
1186 1092 1202 1126 ἡ
1215 1091 1299 1126 ψυχὴ,
1319 1091 1507 1126 μανθανόντων
1519 1092 1565 1118 τὸν
1581 1092 1682 1127 ἠθικὸν
1702 1093 1795 1122 trima.

997 1137 1044 1162 καὶ
1062 1135 1255 1171 τελειουμὲνων
1277 1138 1305 1164 ὲν
1320 1138 1352 1173 τῇ
1367 1137 1466 1171 γνώσει
1489 1137 1584 1170 αὑτοῦ,
1601 1138 1648 1165 διὰ
1676 1139 1759 1165 τοῦτο
1781 1139 1796 1166 ὸ

996 1181 1067 1208 ὀκτὼ
1080 1183 1194 1218 ἀριθμὸς
1208 1183 1368 1220 παρελήφθη
1380 1185 1441 1211 καθ’
1455 1186 1568 1212 ἕκαστον
1584 1185 1640 1211 τῶν
1653 1185 1795 1220 στοιχείων

997 1229 1026 1254 ἐν
1041 1228 1079 1263 τῷ
1097 1230 1282 1265 προκειμένῳ.
1303 1231 1347 1256 Ἐν
1371 1230 1458 1266 τούτῳ
1481 1231 1546 1266 γοῦν
1561 1230 1601 1266 τῷ
1622 1231 1730 1266 ψαλμῴ
1747 1232 1794 1266 τὴν

995 1273 1050 1300 τῶν
1064 1274 1149 1308 ἁγίων
1165 1274 1310 1310 διαγράφει
1331 1276 1479 1309 πολιτείαν,
1504 1277 1567 1308 τοὺς
1595 1276 1722 1310 ἀγῶνας,
1746 1276 1795 1307 τὰς

997 1323 1110 1359 θλίψεις,
1128 1325 1174 1352 καὶ
1184 1326 1217 1352 τὰ
1233 1325 1306 1360 ἑξῆς.
1321 1326 1350 1352 '0
1365 1326 1393 1352 δὲ
1409 1326 1520 1361 μηδαμῆ
1541 1326 1679 1362 μηδαμῶς
1704 1327 1794 1361 ἀμαρ-

995 1371 1093 1403 τάνων,
1109 1368 1186 1403 οὗτος
1211 1370 1244 1398 ἂν
1267 1372 1308 1406 εἴη
1324 1372 1448 1407 ἄμωμος,
1465 1373 1512 1399 καὶ
1544 1372 1598 1408 μὴν
1627 1373 1677 1398 καὶ
1703 1372 1792 1408 μακά-

997 1424 1064 1452 ριος.

1036 1552 1090 1580 Τοῦ
1105 1553 1208 1580 αὐτοῦ.
1223 1553 1260 1580 οὐ
1274 1553 1318 1580 διὰ
1333 1554 1379 1590 τὴν
1395 1555 1565 1590 ἀμωμότητα
1584 1557 1726 1592 μακάριος
1743 1558 1791 1584 ἆν-

997 1597 1105 1634 θρωπος
1129 1599 1305 1634 ὀνομάζεται,
1320 1599 1386 1626 ἀλλὰ
1404 1601 1448 1627 διὰ
1469 1601 1518 1636 τὴν
1539 1602 1644 1635 γνῶσιν
1667 1603 1719 1638 τὴν
1744 1603 1792 1630 τοῦ

996 1645 1073 1677 Θεοῦ,
1087 1645 1122 1680 ἣν
1139 1645 1228 1680 μέλλει
1241 1646 1355 1673 κτᾶσθαι
1369 1646 1413 1672 διὰ
1429 1647 1477 1682 τῆς
1488 1648 1688 1683 ἀμωμὴτητος·
1708 1660 1717 1674 ι
1732 1651 1792 1676 M2-

995 1691 1085 1726 κάριοι
1099 1690 1153 1726 γὰρ
1168 1691 1192 1717 οἱ
1205 1691 1318 1726 καθαροὶ
1334 1694 1367 1727 τῇ
1381 1692 1489 1726 καρδίᾳ,
1502 1693 1543 1719 ὅτι
1560 1694 1640 1720 αὐτοὶ
1662 1695 1709 1722 τὸν
1723 1695 1791 1722 Θεὸν

994 1735 1113 1770 ὄψονται.
1128 1745 1137 1762 t

1031 1783 1072 1809 οὺ
1092 1782 1147 1816 γὰρ
1170 1784 1196 1809 οἱ
1221 1782 1406 1817 emaci/terat
1434 1784 1492 1819 τὴν
1515 1785 1646 1819 ἀνομίαι·
1668 1786 1704 1813 ἐν·
1724 1787 1791 1820 ταῖς

993 1828 1074 1861 ὁδοῖς
1094 1828 1187 1855 αὑτοῦ
1213 1829 1432 1863 ἐπορεύθησαν,
1454 1839 1480 1857 κ.
1495 1840 1520 1857 τ.
1538 1832 1561 1858 ἑ.
1579 1833 1613 1858 Εἰ
1629 1834 1654 1858 οἱ
1673 1833 1791 1869 ἐργαζό-

994 1882 1068 1909 μενοι
1083 1873 1130 1910 τὴν
1153 1874 1266 1909 ἀνομίαν
1282 1876 1311 1902 ἐν
1327 1877 1386 1907 ταῖς
1398 1876 1467 1908 ὁδοῖς
1480 1876 1527 1903 τοῦ
1548 1877 1618 1904 Θεοῦ
1635 1879 1668 1905 οὐ
1691 1880 1792 1915 πορεύ-

992 1927 1083 1949 ονται,
1106 1919 1130 1944 οἱ
1147 1919 1324 1954 ἐργαζόμενοι
1345 1919 1467 1954 δηλονότι
1483 1919 1531 1955 τὴν
1554 1921 1737 1957 δικαιοσύνην
1762 1924 1790 1949 ἐν

991 1967 1049 1997 ταῖς
1066 1965 1135 1997 ὁδοῖς
1150 1965 1196 1991 τοῦ
1210 1964 1277 1992 Θεοῦ
1299 1965 1520 2000 πορευοήσονται.
1538 1967 1645 1994 Οὐκοῦν
1665 1968 1723 1994 ὁδοὶ
1743 1969 1789 1995 τώ

991 2010 1057 2037 Θεοῦ
1073 2012 1141 2037 εἰσιν
1154 2012 1180 2037 αἰ
1198 2011 1309 2046 θεωρίαι
1325 2010 1379 2037 τῶν
1398 2012 1559 2045 γεγονότων,
1576 2013 1606 2038 ὲν
1624 2011 1671 2045 αἶς
1691 2023 1788 2049 πορευ-

991 2056 1092 2092 σόμεθα
1108 2055 1279 2091 δικαιοσύνην
1301 2056 1543 2091 κατεργαζόμενοι.
1556 2058 1589 2084 Et
1609 2058 1640 2084 δὲ
1654 2059 1671 2094 ἡ
1685 2059 1785 2085 Etuta-

991 2102 1059 2137 σύνη
1075 2101 1153 2137 ἡμῶν
1167 2103 1239 2128 ἐστιν
1250 2103 1264 2128 ὁ
1277 2101 1401 2137 Χριστὸς,
1424 2111 1433 2127 ι
1446 2102 1562 2137 ἐγενήθη
1582 2103 1638 2138 γὰρ
1654 2105 1725 2138 ἡμῖν
1743 2110 1787 2127 n-

990 2148 1038 2182 φία
1053 2147 1129 2183 παρὰ
1150 2147 1227 2179 Θεοῦ,
1250 2147 1406 2182 δικαιοσύνη
1428 2155 1458 2173 τε
1483 2149 1531 2174 καὶ
1556 2149 1711 2183 ἁγιασμὸς,
1741 2148 1788 2176 καὶ

953 2185 975 2212 D
989 2192 1188 2228 ἀπολύτρωσις·
1203 2202 1212 2218 ›
1239 2192 1328 2224 καλῶς
1350 2191 1423 2226 λέγει
1444 2194 1474 2219 ὲν
1495 2194 1557 2223 ταῖς
1575 2195 1754 2228 Παροιμίαις
1773 2194 1786 2220 ό

989 2237 1113 2273 Σολομὼν
1127 2238 1176 2273 τὴν
1190 2237 1284 2272 σοφίαν
1301 2237 1388 2273 ἀρχὴν
1404 2234 1473 2263 εἶναι
1489 2237 1544 2263 τῶν
1565 2238 1638 2265 ἐδιῖιν
1660 2239 1707 2265 τςιῦ
1728 2240 1784 2265 Κυ-

989 2284 1058 2320 ρίου,
1068 2284 1128 2319 ἥτις
1143 2283 1238 2310 ἐστὶνὸ
1252 2282 1376 2318 Χριστός.
1390 2283 1470 2317 Λέγω
1480 2283 1509 2310 δὲ
1522 2284 1645 2319 Χριστὸν
1657 2285 1704 2312 τὸν
1718 2283 1783 2320 μετὰ

987 2329 1034 2356 τοῦ
1045 2329 1111 2356 Θεοῦ
1129 2329 1213 2363 Λόγον
1228 2329 1434 2365 ἐπιδημήσαντα
1451 2329 1565 2364 Κύριον.

1025 2375 1079 2402 Τοῦ
1095 2375 1198 2402 αὑτοῦ.
1222 2374 1256 2401 Εἴ
1279 2383 1321 2406 τις
1346 2374 1459 2409 ἀνομίαν
1486 2374 1656 2410 ἐργάζεται,
1682 2375 1779 2406 tua?“

985 2421 1034 2447 οὐκ
1049 2421 1078 2446 ἐν
1090 2419 1142 2454 ὁδῷ
1159 2419 1260 2455 Κυρίου
1276 2420 1437 2456 πορεύεται·
1452 2420 1492 2446 διὸ
1508 2419 1564 2446 οὐδ’
1579 2420 1699 2456 ἄμωμος
1712 2422 1778 2447 ἐστιν

984 2467 1013 2492 ιν
1025 2465 1088 2500 ὀδῷ.

1019 2511 1061 2538 Σὺ
1084 2511 1221 2538 ὲνετείλω
1252 2510 1306 2544 τὰς
1333 2511 1460 2544 ἐντολάς
1493 2518 1553 2538 σου
1588 2512 1774 2546 φυλάξασθαι

985 2557 1111 2591 σφόδρα,
1129 2565 1157 2584 κ.
1171 2566 1196 2583 τ,
1215 2557 1239 2583 ὲ.
1262 2557 1291 2583 '0
1310 2556 1347 2592 μὴ
1370 2557 1441 2583 κατὰ
1465 2557 1589 2584 διάνοιαν
1616 2557 1773 2593 ἁμαρτᾶιων

986 2603 1087 2638 σφόδρα
1101 2603 1230 2637 φυλάσσει
1247 2602 1296 2634 τὰς
1311 2602 1421 2635 ἐντολὰς
1435 2603 1482 2630 τοῦ
1500 2603 1582 2630 Θεοῦ.

1024 2649 1078 2676 Τοῦ
1096 2649 1200 2676 αὑτοῦ.
1218 2650 1295 2676 Ἔστι
1319 2650 1439 2685 σφόδρα,
1459 2650 1508 2676 καὶ
1530 2650 1609 2676 ἔστιν
1623 2651 1711 2686 ἡρέμα
1728 2656 1773 2682 φυ-

984 2694 1129 2721 λάσσεσθαι
1145 2694 1253 2726 ἐντολὰς
1268 2695 1345 2721 Θεοῦ.
1359 2696 1393 2721 Ἦ
1408 2695 1515 2732 σφόδρα
1528 2697 1683 2723 ἐνετείλατο
1693 2698 1705 2722 ὁ
1714 2693 1769 2724 Θεῦς

985 2740 1169 2774 φυλάσσεσθαι
1182 2740 1232 2773 τὰς
1246 2740 1356 2772 ἐντολὰς
1370 2741 1465 2769 αὑτοῦ.

1218 2819 1239 2834 "’
1255 2826 1314 2851 vm,
1330 2818 1375 2847 22.
