1889 3052
497 140 651 168 SELECTA
672 139 704 167 IN
722 138 889 167 PSALMOS.
910 155 944 159 ——
964 136 1062 166 PSAL.
1081 136 1197 166 CXVIII.

1590 140 1656 168 περι

83 206 94 222 s
115 197 173 228 Εἰς
204 196 274 231 χοῦν
292 195 405 223 θανάτου
421 196 577 231 κατήγαγες
596 205 645 231 με·
660 206 668 222 I
699 198 747 223 καὶ
769 197 807 232 τῷ

895 195 1010 222 tlvcrem
1025 195 1120 222 mortis
1137 194 1274 222 deduxisti
1291 201 1333 221 me
1349 194 1373 210 ¹⁴¹
1389 204 1394 221 :
1417 204 1426 220 ι
1446 195 1520 228 item,
1540 205 1550 222 ι
1567 196 1655 225 Πυωί-

81 241 254 276 ταπεινώϐη
270 243 309 273 εἰς
336 241 400 276 χοῦν
416 243 431 277 ἡ
457 241 530 277 ψυχὴ
551 242 628 277 ἡμῶν
639 251 645 256 ·
660 253 669 267 ι
687 242 735 268 καὶ
760 242 799 277 τῷ
810 251 816 257 ·

88 285 185 321 σῶμα
205 286 260 321 τῆς
276 285 466 317 ταπεινώσεως
482 286 575 321 ἡμῶν
588 295 597 311 ι
615 287 662 312 καὶ
679 287 726 321 τῷ,
748 297 756 312 ι
772 287 819 318 Τίς

81 331 188 358 idem:
215 332 249 357 ὲκ
268 331 315 357 τοῦ
338 330 464 366 σώματος
482 331 530 358 τοῦ
548 331 663 358 Θανάτου
679 332 816 366 τούτους»

85 378 146 404 ὑπε
152 376 262 413 ρὸολὴν
276 377 326 412 τῆς
339 377 529 408 ταπεινώσεως
544 378 588 404 διὰ
603 378 704 404 τούτων
721 378 820 413 ἐδήλω-

87 423 180 450 Οὒτω
211 423 269 458 γὰρ
286 425 314 450 ἐν
337 427 381 458 μγ¹
395 423 511 458 ψαλμῷ·
542 433 550 449 ι
567 424 626 450 ’Ὁτι
651 423 818 460 ἐταπεινώθη

84 469 140 495 οὖν
167 469 186 504 ή
212 468 288 504 ψυχὴ
308 469 397 504 ἡμῶν,
412 469 544 504 ἐκολλήθη
558 470 598 502 είς
615 470 666 505 γῆν
681 471 698 505 ἡ
713 470 818 505 γαστὴρ

81 523 128 540 θ.)

81 560 142 586 δὸν
171 559 384 594 δικαιωμάτων
415 567 472 586 σου
496 558 659 586 συνέτισόν
683 567 737 593 με,
768 559 817 588 καί

81 605 229 639 ὶεσχνήσω
253 605 288 631 ἐν
313 604 375 637 τοῖς
404 605 581 639 θαυμασίοις
608 613 676 638 σου,
705 614 731 632 κ.
752 614 777 632 τ.
793 606 816 632 ἐ.

81 659 126 677 σιν
144 651 205 686 γὰρ
223 650 280 676 τῶν
301 651 329 677 ὲν
355 650 445 682 αὐτοῖς
470 651 627 685 μυστηρίων
656 650 755 684 λαϐὼν,
779 651 817 683 ὡς

81 698 193 732 ταύτην
210 696 336 728 ὁδεύσας,
353 697 502 732 δυνήσομαι
519 697 583 732 περὶ
606 697 659 723 τῶν
681 698 710 724 ἐν
726 698 817 730 αὐτοῖς

81 742 182 769 ,ασίων
196 742 304 777 ὁμιλεῖν
316 750 345 768 τε
361 743 406 768 καὶ
421 742 498 776 λόγον
514 742 658 770 ποιεῖσθαι,

81 787 249 819 νύσταξεν
272 788 291 821 ὴ
312 787 397 822 ψυχή
421 796 481 822 μου
506 787 563 815 ἀπὸ
595 788 737 822 amatur
761 789 817 822 βε-

81 834 150 860 νσόν
176 842 219 868 με
237 835 274 860 ἐν
288 834 349 866 τοῖς
372 834 474 868 λόγοις
489 842 557 866 σου,
573 843 600 862 κ.
616 844 641 861 τ.
656 836 679 862 ὲ.
705 836 816 872 Ἀκηδία

872 242 935 268 liata
947 241 1028 269 estin
1039 241 1151 276 pulvere
1167 242 1257 268 anima
1272 246 1364 268 nostra
1378 242 1419 275 ¹¹;
1439 251 1448 268 ι
1465 243 1540 275 item,
1559 253 1569 269 ι
1588 244 1653 271 Cor-

870 294 919 322 pus
934 286 1094 313 humilitatis
1102 290 1204 313 nostra:
1216 286 1250 318 “;
1268 295 1277 311 ›
1289 290 1326 317 et,
1339 295 1347 311 ι
1361 285 1427 318 Quis
1436 294 1479 315 me
1489 287 1614 315 liberabit
1624 289 1655 315 de

869 339 982 366 corpore
996 332 1091 359 mortis
1108 331 1188 365 hujus
1199 331 1242 357 "?
1255 340 1263 356 ι
1284 332 1335 359 Per
1347 331 1404 359 hac
1418 340 1559 360 excessum
1568 333 1656 360 humio

869 377 951 404 litatis
965 377 1094 405 ostendit.
1120 377 1166 404 Sic
1187 377 1260 404 enitn
1286 377 1313 404 in
1331 377 1436 411 psalmo
1451 378 1656 412 quadragesimo

870 423 949 450 tertio
964 423 984 439 “
1001 423 1060 450 ait:
1080 432 1089 448 ι
1110 422 1245 455 Quoniam
1265 423 1407 450 humiliata
1432 427 1474 450 est
1501 423 1528 450 in
1545 423 1654 457 pulvere

868 476 958 496 anima
987 476 1091 501 nostra,
1118 468 1322 503 conglutinatus
1348 472 1390 496 est
1414 469 1441 495 in
1465 473 1538 496 terra
1562 474 1655 497 venter

868 520 945 541 ιιοειε
949 522 971 540 l'.
989 523 998 539 ι

904 559 986 588 Vsus.
1007 559 1052 586 27.
1076 559 1154 586 Viam
1176 559 1402 595 justiﬁcationum
1427 564 1533 586 tuarum
1555 560 1656 586 instrue

868 613 918 638 me,
935 610 958 632 et
970 606 1109 632 exercebar
1133 605 1160 631 in
1178 604 1344 631 mirabilibus
1361 606 1426 636 luis,
1449 610 1503 632 etc.
1525 605 1654 639 Percepta

867 652 939 679 enim
958 651 1149 687 mysteriorum
1168 659 1229 686 qua:
1256 651 1282 678 in
1303 652 1343 678 eis
1368 656 1442 683 sunt,
1467 651 1655 685 intelligentia,

867 703 894 726 et
910 698 979 726 hanc
1000 698 1072 725 viam
1099 705 1239 730 emensus.
1257 698 1291 725 de
1307 697 1485 734 mirabilibus]
1497 706 1556 733 quae
1574 698 1600 726 in
1614 698 1655 726 eis

867 748 931 771 sunt
947 748 1042 778 potero
1055 744 1212 770 conversari
1229 748 1257 770 et
1269 743 1350 771 verba
1368 743 1470 773 facere.

905 789 986 816 Vsus.
1006 789 1052 816 28.
1075 789 1233 816 Dormitavit
1247 790 1337 816 anima
1353 796 1410 817 mea
1423 796 1478 824 prta
1489 790 1580 824 tudio,
1592 798 1655 818 con-

867 836 945 870 firma
959 844 999 862 me
1013 835 1042 862 in
1056 835 1139 862 verbis
1154 835 1219 867 tuis,
1237 839 1291 862 etc.
1309 834 1430 862 Taedium
1447 841 1489 863 est
1509 836 1535 863 in
1559 837 1653 864 eodem

101 879 219 916 κίνησις
243 881 272 907 ὲν
297 880 336 915 τῷ
358 879 433 915 αὐτῷ
463 881 638 917 πολυχρόνιος
658 882 745 918 θυμοῦ
767 883 811 910 καὶ

895 889 911 908 ιι
937 881 1086 916 perdurans
1107 884 1197 908 motus
1219 879 1322 907 luroris
1346 885 1374 907 et
1398 880 1652 915 concupiscentia;

81 925 184 960 υμίας·
202 925 252 952 τοῦ
272 926 320 961 μὲν
339 928 393 956 τοῖς
414 926 545 962 παροῦσιν
558 927 745 963 ὀργιζομένου,
764 929 815 964 τῆς

83 971 228 1006 φιεμένης
253 970 307 997 τῶν
336 971 373 1007 μὴ
393 972 544 1007 παρόντων.
567 972 814 1008 Νυσταγμός¹ὲστι

81 1025 103 1050 ις
119 1015 240 1051 λογικῆς
262 1016 376 1051 ἀμέλεια
401 1017 454 1043 τῶν
476 1017 582 1052 ἀρετῶν
600 1018 646 1044 καὶ
669 1019 718 1054 τῆς
743 1019 814 1053 γνώ-

81 1070 84 1090 :
106 1061 160 1095 τῆς
181 1062 231 1088 τοῦ
252 1062 334 1088 Θεοῦ·
354 1062 437 1094 ὕπνος
451 1064 509 1089 ἐστὶ
524 1063 613 1099 ψυχῆς
635 1063 746 1100 λογικῆς
762 1073 815 1100 χω-

82 1106 113 1139 δς
133 1106 263 1140 ἑκούσιος
273 1106 326 1135 ἀπὸ
337 1109 388 1144 τῆς
397 1108 480 1141 ὅντως
495 1108 567 1144 ζωῆς
575 1118 582 1124 '
594 1109 634 1136 διὸ
647 1110 694 1136 καὶ
705 1111 719 1136 ὁ
733 1110 814 1145 σοφὸς

82 1150 146 1185 μῶν
169 1153 302 1186 παραινεῖ
326 1152 362 1188 μὴ
389 1152 479 1179 δοῦναι
509 1152 591 1180 ὕπνον
617 1155 674 1186 τοῖς
697 1154 813 1190 δμμασι,

90 1197 277 1229 ἐπινυστάξαι
291 1200 347 1229 τοῖς
363 1198 519 1234 βλεφάροις.

81 1251 145 1278 ’δὸν
172 1251 293 1285 ἀδικίας
323 1253 501 1287 ἀπόστησω
520 1253 570 1280 ἀπ’
590 1253 674 1288 ἐμοῦ,
697 1254 747 1282 καὶ
774 1254 813 1289 τῷ

81 1307 98 1331 μ
127 1306 188 1325 σου
207 1299 341 1334 ἐλέησόν
363 1308 412 1334 με,
429 1309 455 1326 κ.
475 1309 499 1327 τ.
515 1301 538 1327 ἐ.
555 1301 610 1327 Οὐκ
636 1302 700 1337 ἐμὲ,
718 1303 810 1339 φησὶν,

81 1352 176 1379 πησον
192 1345 247 1371 ἀπὸ
265 1345 326 1371 ὁδοῦ
349 1345 466 1378 ἀδικίας,
481 1346 538 1373 ἀλλ’
558 1347 643 1383 αὐτὴν
664 1348 712 1375 ἀπ’
733 1349 810 1384 ἐμοῦ,

81 1390 282 1426 ,νυπάρχουσαν
298 1391 359 1426 ἠδη·
377 1391 423 1417 καῖ¹
443 1391 572 1427 δεομένην
589 1393 638 1427 μὲν
654 1393 732 1428 ἡμῶν
743 1393 812 1430 πρὸς

81 1444 154 1468 ασιν,
174 1436 292 1471 μάλιστα
310 1436 338 1463 δὲ
357 1437 406 1472 τῆς
428 1437 460 1463 ὲκ
477 1437 544 1463 Θεοῦ
565 1437 701 1473 βοηθείας,
721 1438 759 1471 ὡς
779 1439 812 1466 ἂν

84 1481 177 1516 θῶμεν
194 1482 270 1518 νόμῳ
286 1482 370 1508 Θεοῦ”
386 1483 478 1518 ὅμοιον
500 1483 527 1510 δὲ
544 1483 582 1518 τῷ
598 1483 687 1518 λέγειν
711 1485 810 1521 ίατρῷ·

83 1527 161 1562 ρικῆς
177 1527 250 1562 λόγῳ
277 1528 344 1563 πρὸς
371 1529 476 1562 ὑγίειάν
498 1538 531 1563 με
551 1529 674 1564 κόμισον,
696 1530 746 1557 κᾶν
767 1540 812 1558 το-
825 1540 846 1568 C

91 1572 140 1609 δὲῃ
157 1573 205 1600 καὶ
223 1573 357 1605 καύσεως,
379 1574 431 1600 κᾶν
457 1574 552 1609 ἑτέρου
579 1575 651 1606 τινὸς
678 1575 732 1602 τῶν
751 1577 811 1603 ἐπι-

81 1617 163 1644 ιένων
183 1618 289 1646 λυπεῖν.
309 1619 411 1645 Τούτου
433 1620 462 1646 δὲ
478 1620 524 1646 τοῦ
550 1621 633 1655 νόμου
654 1621 714 1647 οὐδὲ
738 1621 808 1657 ἀρχή

91 1665 146 1694 τοῖς
164 1664 276 1700 μηδέπω
291 1665 545 1700 ὲπισκοπουμὲνοις,
563 1665 620 1691 ἀλλ’
633 1665 673 1691 ἐτι
693 1667 810 1702 παραδι-

81 1710 142 1742 ἱνοις
159 1711 273 1738 πάθεσιν
298 1711 420 1747 ἀτιμίας,
444 1711 459 1746 ἦ
487 1711 608 1746 ἁδοκίμῳ
634 1712 650 1747 ἦ
674 1720 727 1738 τινι
757 1713 810 1740 τῶν

81 1764 97 1781 υ
118 1756 165 1791 τὴν
181 1757 323 1792 διόρθωσιν
348 1758 394 1784 καὶ
419 1757 567 1792 θεραπείαν
584 1758 808 1793 περιποιούντων.

81 1803 158 1829 ’ὅσον
174 1803 226 1839 γὰρ
243 1804 321 1838 ἡμῶν
337 1805 353 1840 ὴ
369 1805 419 1839 τῆς
433 1805 540 1836 ἀδικίας
561 1805 618 1836 ὁδὸς
632 1806 680 1832 οὐκ
694 1806 810 1840 ἀφίστα-

94 1847 139 1873 ὲπὶ
157 1848 280 1875 τοσοῦτον
296 1849 356 1875 οὐδὲ
379 1850 466 1886 ἀρχὴν
489 1850 587 1885 ἔχομεν
608 1851 653 1877 τοῦ
676 1851 809 1878 ἐλεεῖσθαι

81 1900 98 1926 1p
117 1891 194 1919 Θεοῦ.

81 1948 146 1975 )δὸν
167 1948 296 1976 ἐντολῶν
317 1958 374 1977 σου
392 1949 530 1985 ἔδραμον,
546 1951 618 1978 iit-(1r
638 1949 809 1984 ἐπλίὶτυνας

81 2005 82 2010 η
104 1996 225 2029 καρδίαν
243 2005 313 2030 μου,
332 2006 359 2024 κ.
382 2006 406 2023 τ.
426 1998 449 2024 ἑ.
468 1998 499 2024 Οἱ
517 1998 589 2031 λύγοι
616 1998 669 2024 τῶν
693 1998 807 2024 ἐντολῶν

82 2041 201 2072 τύνοντες
222 2042 268 2077 τὴν
285 2043 398 2078 καρδίαν
420 2042 529 2069 εὔκολον
545 2043 612 2078 αὐτῇ
634 2043 808 2078 παρασκευά-

81 2096 102 2114 1'.
115 2089 161 2123 τῆς
178 2090 329 2125 πρακτικῆς
344 2090 392 2125 τὴν
408 2090 477 2116 ὀδόν.

81 2146 118 2172 ‘05
134 2146 231 2172 αὑτοῦ.
251 2156 259 2172 ι
278 2147 351 2178 Ὁδὸς
372 2147 421 2183 μὲν
439 2147 518 2183 στενὴ
540 2147 587 2173 καὶ
601 2146 768 2182 τεθλιμμένη
789 2147 805 2182 ή

81 2200 168 2225 ιγουσα
191 2192 228 2223 εἰς
253 2193 301 2227 τὴν
323 2191 412 2228 ζωήν·
428 2203 437 2218 ι
459 2193 558 2228 καρδία
575 2192 602 2218 δὲ
620 2192 734 2218 πλατεῖα
758 2193 804 2219 καὶ

81 2238 177 2274 ύχωρος
193 2238 242 2265 ὑπὸ
262 2238 310 2264 τοῦ
335 2239 414 2272 λόγου
444 2239 611 2274 εὐρυνομένη
629 2239 645 2272 ἡ
663 2237 738 2271 ἁγία,
759 2239 806 2265 καὶ

81 2293 94 2310 ν
108 2284 231 2319 ὀψομένη,
255 2285 301 2310 καὶ
317 2285 361 2311 τὸν
377 2284 457 2311 καλὸν
481 2284 579 2319 δρόμον
599 2286 732 2321 τρέχουσαι
755 2285 804 2320 τῆς

81 2329 154 2355 ἱτῶν
176 2329 284 2355 ἐντολῶν
307 2329 354 2356 τοῦ
379 2329 456 2356 Θεοῦ.
475 2330 552 2356 Οὕτω
577 2330 626 2365 μὲν
649 2331 665 2365 ὴ
691 2330 804 2356 πλατεῖα

91 2374 232 2410 εὐρύχωρος
245 2375 302 2405 ὁδὸς
318 2375 420 2408 ἀπάγει
438 2376 484 2401 ἐπὶ
506 2375 556 2410 τὴν
573 2375 721 2407 ἀπώλειαν,
738 2377 753 2410 ἡ
775 2375 804 2402 δὲ

81 2421 110 2455 νὴ
130 2420 228 2455 καρδία,
246 2421 292 2447 καὶ
309 2421 346 2456 μὴ
361 2421 485 2456 χωροῦσα
501 2422 529 2447 ὲν
545 2422 628 2456 ἑαυτῇ
647 2421 729 2456 μονὴν
747 2422 804 2447 Πα-

83 2474 95 2496 ς
115 2465 156 2491 καὶ
171 2465 229 2491 Υίοῦ
252 2466 361 2500 χωρίζει
379 2465 432 2491 ἀπὸ
454 2465 520 2491 Θεοῦ
541 2465 585 2491 διὰ
604 2465 651 2500 τὴν
672 2473 804 2500 στενοχω-

81 2520 94 2538 ν
106 2511 146 2537 τὸν
159 2511 280 2546 τοιαύτην
292 2512 325 2546 τῇ
341 2511 438 2537 ἑαυτοῦ
451 2511 535 2545 κακίᾳ.
551 2510 731 2546 πεποιηκότα.

823 2224 843 2250 D

81 2565 260 2599 νομοθέτησόν
272 2574 320 2599 με,
335 2566 433 2599 Κύριε,
450 2564 507 2598 τὴν
522 2565 594 2592 ὁδὸν
612 2564 670 2591 τῶν
685 2565 802 2591 δικαιω-

81 2620 130 2637 των
150 2619 210 2642 σου,
226 2611 272 2637 καὶ
290 2610 440 2644 extrudam
455 2610 553 2644 αὐτὴν
568 2610 617 2637 διὰ
634 2610 758 2643 παντὸς,
774 2619 800 2637 κ.

81 2656 100 2681 ἑ.
116 2655 147 2680 Τὸ
163 2655 206 2690 μὲν
230 2656 283 2690 γὰρ
307 2655 382 2690 παρὰ
405 2655 452 2681 τοῦ
475 2655 542 2682 Θεοῦ
566 2656 697 2687 αἰτεῖται,
722 2656 751 2681 τὺ
774 2655 802 2682 δὲ

81 2700 216 2734 ιγγέλλεται
230 2701 258 2732 ἐξ
280 2701 377 2727 ἑαυτοῦ
401 2701 597 2737 συνεισφέρειν.
619 2702 654 2727 Σὺ
672 2702 721 2737 μὲν
736 2702 800 2738 γὰρ,

82 2747 126 2779 σιν,
139 2744 159 2773 ὦ
175 2746 260 2781 Κύριε,
281 2747 462 2783 νομοθέτησόν
481 2757 526 2782 μοι
549 2747 598 2783 τὴν
614 2748 673 2774 ὁδὸν
689 2748 743 2775 τῶν
763 2749 802 2774 δι-

81 2815 98 2829 '°
118 2813 180 2841 ΡηΙ.
199 2823 247 2843 xxi.
271 2815 313 2842 l6.
350 2815 370 2831 ¹¹
389 2814 547 2847 Psal.xt.m,
564 2816 608 2842 9.5.

81 2850 161 2877 Matth.
176 2857 214 2878 vn.
230 2850 269 2877 li.

648 2817 669 2832 “
686 2815 783 2851 Philip.
797 2824 837 2850 ill,

865 925 937 953 illius
954 925 1063 960 quidem
1090 924 1271 959 praesentibus
1294 924 1370 958 irati,
1389 923 1468 958 hujus
1491 932 1557 953 vero
1571 924 1656 960 θοο

865 971 987 998 absentia
1004 970 1193 998 desiderantis.
1206 969 1367 998 Dormitatio
1377 974 1419 998 est
1434 970 1531 998 anima:
1547 971 1654 998 ratione

865 1016 985 1051 praedita:
997 1015 1161 1051 negligentia
1174 1016 1306 1043 virtutum
1324 1020 1351 1044 et
1363 1015 1486 1043 scientiae
1502 1016 1559 1043 Dei.
1575 1015 1654 1044 Som-

864 1070 915 1090 nus
938 1066 980 1090 est
1003 1062 1101 1089 animae
1117 1061 1223 1089 ratione
1241 1061 1363 1096 praeditas
1389 1061 1545 1089 voluntaria
1568 1069 1654 1096 sepa-

865 1109 934 1136 ratio
947 1115 962 1135 a
977 1115 1041 1135 vera
1062 1107 1130 1135 vita.
1150 1107 1324 1142 Quapropter
1342 1111 1370 1134 et
1387 1107 1500 1142 sapiens
1522 1107 1651 1135 Salomon

864 1155 990 1182 hortatur
1000 1153 1034 1186 ".
1049 1158 1078 1181 ut
1092 1162 1146 1181 non
1161 1154 1240 1182 detur
1254 1161 1368 1182 somnus
1379 1153 1466 1182 oculis
1483 1160 1572 1189 neque
1586 1153 1652 1181 dor-

863 1200 970 1227 mitatio
987 1199 1131 1234 palpebris.

898 1255 981 1285 Vens.
1001 1257 1046 1284 29.
1075 1255 1148 1283 Viam
1171 1256 1319 1291 iniquitatis
1343 1264 1434 1284 amove
1453 1266 1470 1284 a
1496 1265 1548 1289 me,
1568 1261 1593 1284 et
1618 1257 1651 1284 de

863 1306 918 1338 lege
932 1308 978 1329 tua
991 1303 1112 1329 miserere
1127 1302 1188 1334 mei,
1201 1307 1255 1330 etc.
1270 1301 1330 1329 Non
1354 1310 1408 1335 me,
1432 1302 1534 1337 inquit,
1553 1310 1651 1330 amove

862 1356 878 1376 a
892 1348 934 1376 via
949 1347 1113 1383 iniquitatis,
1126 1348 1172 1374 sed
1187 1347 1274 1382 ipsam
1290 1355 1305 1375 a
1319 1355 1372 1380 me,
1387 1352 1417 1374 ut
1430 1355 1490 1383 qua:
1505 1347 1571 1374 mihi
1586 1347 1651 1374 insit

862 1399 891 1421 et
909 1393 987 1421 nobis
1011 1392 1120 1428 quidem
1141 1396 1231 1427 egeat,
1256 1396 1287 1419 ut
1312 1396 1502 1425 removeatur,
1533 1393 1650 1419 maxime

866 1447 932 1467 vero
946 1438 992 1466 Dei
1009 1438 1121 1471 auxilio,
1145 1442 1174 1464 ut
1192 1439 1250 1473 lege
1274 1437 1320 1465 Dei
1343 1438 1558 1465 misericordiam
1584 1446 1650 1466 con-

862 1489 1028 1517 sequamur:
1045 1482 1123 1516 quasi
1140 1481 1215 1509 dicat
1240 1482 1346 1509 medico
1369 1491 1376 1508 :
1404 1482 1469 1509 Arte
1494 1483 1649 1510 mcdicinali

863 1529 895 1555 ad
906 1528 1048 1555 sanitatem
1061 1534 1157 1554 revoca
1171 1535 1223 1559 me,
1234 1528 1293 1555 sive
1307 1528 1380 1556 l'erro
1391 1529 1447 1556 sive
1461 1529 1568 1556 ustione
1581 1536 1648 1564 opus

862 1574 908 1605 sit,
921 1574 980 1601 sive
996 1572 1049 1599 alio
1067 1572 1188 1607 quolibet
1203 1573 1322 1600 remedio
1334 1575 1405 1608 quod
1416 1574 1536 1602 dolorem
1551 1575 1647 1609 pariat.

863 1618 949 1652 Hujus
969 1618 1036 1653 legis
1049 1625 1083 1645 ne
1102 1617 1210 1644 initium
1227 1618 1334 1652 quidem
1356 1619 1454 1647 habent
1476 1620 1493 1647 ii
1517 1621 1561 1654 qui
1579 1628 1647 1647 non-

862 1664 925 1692 dum
952 1664 1052 1691 visitati
1077 1668 1150 1695 sunt,
1181 1665 1230 1691 sed
1258 1666 1347 1692 adhuc
1376 1665 1468 1693 traditi
1504 1665 1648 1694 allectibus

862 1710 1035 1745 ignominiae;
1051 1709 1093 1737 vel
1117 1710 1260 1745 reprobus,
1276 1711 1317 1737 vel
1334 1711 1467 1745 quispiam
1483 1718 1575 1738 eorum
1601 1711 1646 1746 qui

862 1756 981 1783 nondum
996 1757 1131 1783 emendati
1146 1761 1173 1783 et
1189 1757 1300 1783 sanitati
1324 1756 1442 1783 restituti
1466 1761 1541 1784 sunt.
1554 1756 1647 1789 Quan-

862 1807 916 1828 tum
942 1802 1014 1828 enim
1041 1801 1082 1827 via
1106 1800 1260 1835 iniquitatis
1280 1808 1294 1827 a
1320 1801 1397 1828 nobis
1412 1808 1464 1828 non
1482 1806 1646 1834 removetur,

862 1851 963 1874 tantum
978 1847 1107 1873 absumus
1123 1847 1156 1873 ab
1174 1846 1252 1873 initio
1277 1845 1474 1874 misericordiae
1491 1854 1541 1881 per
1559 1846 1646 1881 legem

862 1893 907 1920 Dei
923 1893 1121 1927 consequenda:

898 1950 978 1977 Vens.
998 1950 1042 1977 3‘2.
1080 1948 1153 1976 Viam
1175 1949 1364 1976 mandatorum
1392 1954 1497 1977 tuorum
1528 1951 1645 1983 cucurri,

859 2005 919 2023 cum
944 1996 1064 2022 dilatasli
1081 2003 1126 2022 cor
1150 2004 1247 2028 meum,
1272 2000 1326 2023 etc.
1350 1995 1540 2023 Mandatorum
1562 1997 1644 2023 verba

859 2050 919 2076 quae
933 2049 980 2069 cor
996 2042 1122 2075 dilatant,
1139 2042 1246 2070 facilem
1262 2043 1286 2070 ei
1301 2046 1401 2077 parant
1415 2041 1449 2069 ad
1473 2049 1515 2069 res
1529 2043 1646 2077 agendas

861 2095 943 2114 viam.

895 2143 1031 2178 Ejusdem.
1054 2153 1063 2170 ι
1081 2144 1129 2171 Via
1142 2144 1249 2179 quidem
1266 2148 1380 2180 angusta
1396 2149 1423 2172 et
1437 2150 1512 2172 arcta
1530 2149 1571 2172 est
1586 2152 1646 2180 qua:

857 2189 931 2216 ducit
950 2189 984 2216 ad
1003 2190 1085 2216 vitam
1099 2190 1141 2222 ²⁶;
1161 2199 1170 2215 ι
1190 2197 1238 2217 cor
1253 2195 1343 2217 autem
1354 2190 1437 2217 latum
1450 2195 1476 2217 et
1493 2190 1644 2225 spatiosum

858 2243 872 2261 a
891 2235 973 2262 verbo
987 2234 1128 2262 dilatatum
1144 2239 1270 2262 sanetum
1288 2241 1342 2268 est,
1358 2240 1385 2263 et
1406 2236 1489 2263 Deum
1507 2237 1590 2270 videt,
1613 2243 1645 2264 ac

858 2281 928 2307 viam
948 2281 1137 2308 mandatorum
1162 2281 1208 2308 Dei
1236 2282 1333 2308 currit.
1350 2282 1395 2309 Sic
1418 2282 1472 2310 lata
1492 2283 1601 2317 quidem
1618 2287 1645 2310 et

857 2327 977 2361 spatiosa
1001 2327 1042 2354 via
1067 2326 1141 2354 ducit
1169 2327 1202 2353 ad
1225 2327 1417 2361 perditionem,
1439 2337 1487 2356 cor
1507 2337 1572 2357 vero
1595 2337 1645 2356 an-

858 2377 964 2407 gustum
979 2376 1007 2399 et
1026 2377 1144 2404 arctuln,
1158 2377 1186 2399 et
1200 2373 1271 2406 quod
1289 2381 1342 2400 non
1358 2375 1431 2409 capit
1447 2375 1473 2401 in
1498 2375 1644 2409 semetipso

856 2418 1023 2444 mansionem
1039 2417 1127 2444 Patris
1139 2423 1166 2445 et
1182 2418 1255 2451 Filii,
1269 2424 1379 2452 propter
1391 2420 1545 2454 angustiam
1564 2428 1642 2447 suam

855 2469 963 2497 separat
985 2471 1000 2491 a
1026 2464 1081 2491 Deo
1107 2463 1181 2491 illuni
1207 2465 1253 2499 qui
1280 2465 1384 2492 malitia
1407 2473 1455 2493 sua
1477 2465 1566 2500 ipsum
1589 2465 1643 2494 tale

857 2508 983 2537 reddidit.

893 2564 973 2592 Vens.
994 2565 1039 2593 55.
1059 2564 1153 2600 Legem
1166 2573 1234 2600 pone
1251 2566 1329 2598 mihi,
1344 2566 1466 2600 Domine,
1481 2567 1548 2594 viam
1559 2567 1641 2602 justi-

855 2611 1007 2645 ficalionum
1029 2616 1151 2644 tuarum,
1172 2617 1196 2638 et
1213 2612 1348 2646 exquiram
1366 2621 1426 2640 eam
1449 2621 1560 2646 semper,
1586 2620 1641 2642 etc.

857 2656 921 2684 Illud
939 2656 1048 2691 quidem
1062 2665 1077 2683 a
1098 2657 1153 2684 Deo
1168 2658 1244 2693 petit,
1271 2659 1344 2686 aliud
1361 2666 1425 2686 vero
1448 2667 1480 2687 ex
1504 2664 1580 2694 parte
1593 2668 1642 2688 sua

855 2702 996 2736 pollicetur
1009 2709 1038 2729 se
1050 2702 1222 2731 collaturum.
1239 2703 1289 2736 Tu,
1303 2704 1400 2739 inquit,
1414 2705 1538 2738 Domine,
1554 2705 1641 2740 legem

855 2756 925 2784 pone
943 2748 1008 2776 mihi
1024 2749 1094 2776 viam
1107 2748 1335 2784 justilieationuiu
1354 2755 1474 2783 tuarum,
1499 2758 1549 2786 ego
1576 2758 1642 2779 vero

853 2816 898 2844 21.
937 2818 960 2834 ’³
971 2818 1050 2847 Rom.
1072 2827 1121 2854 vn,
1143 2820 1188 2848 ‘24.
1228 2819 1330 2849 "Vers.
1345 2820 1390 2850 ‘25.
1429 2822 1451 2836 “
1466 2819 1545 2848 Prov.
1563 2819 1639 2851 vui-
