1889 3052
198 125 211 153 Ι
217 125 267 153 599

895 117 940 145 EX
960 114 1112 144 ORIGENE

1759 111 1824 139 [600

197 189 303 219 partem
320 183 473 211 conturbat.
499 181 574 209 Tunc
589 180 660 207 enim
687 185 800 207 necesse
817 182 858 205 est
881 176 978 204 memi—

1072 174 1178 208 ιγκαῖόν
1195 174 1253 200 ἔστι
1273 171 1426 208 μεμνῆσθαι
1440 172 1494 198 τῶν
1509 171 1608 206 λογίων
1620 169 1670 197 τοῦ
1682 168 1767 200 Θεοῦ.
1783 169 1825 195 ἵνα

198 231 273 259 uisse
285 229 454 264 eloquiorum
471 227 518 255 Dei
532 247 540 260 ,
559 232 588 254 ut
607 233 748 255 servemus
768 224 827 259 ejus
846 224 934 258 legem
950 224 983 251 de

199 276 388 310 temperantia.
518 299 521 302 _

234 322 316 349 Vens.
332 321 376 348 56.
398 319 463 346 Ilazc
479 319 550 354 facta
574 323 614 346 est
629 318 714 349 mihi.
735 322 789 346 etc.
809 316 982 351 Scripturam

201 367 326 402 intelligit
343 365 476 393 divinitus
493 364 663 398 inspiratam.
678 363 739 390 Hmc
759 362 830 390 enim
841 361 916 396 justo
931 368 983 388 non

198 414 285 439 solum
305 411 421 442 dicitur.
440 410 488 438 sed
502 410 586 438 etiam
602 410 648 442 ﬁt,
664 409 726 444 quia
753 407 924 436 meditationi
941 407 986 433 ad-

194 458 285 493 jungit
299 457 517 490 exsecutionem;
540 456 612 483 unde
629 455 712 483 etiam
731 454 790 488 ejus
809 453 986 488 iustiﬁcatio-

199 511 247 531 nes
273 503 416 538 exquirere
433 503 550 535 dicitur,
568 507 598 529 ut
622 501 669 536 qui
693 500 804 528 minime
819 500 908 527 obiter
926 497 985 525 illas

199 550 353 577 meditetur.
377 548 482 576 Etenim
501 547 598 582 reliqui
620 548 783 581 interpretes
794 553 844 580 pro
861 555 870 570 ι
885 544 985 579 esqui-

198 595 250 623 sivi
271 605 280 621 ι
298 595 422 622 scribunt
440 604 449 620 ι
468 593 622 622 observavi.
639 602 648 618 ι

236 640 317 668 Vens.
335 641 379 668 57.
396 640 489 668 Portio
509 648 578 671 mea.
591 639 712 672 Domine,
726 638 783 665 dixi
797 638 930 665 custodire
946 637 984 664 Ie-

199 694 256 720 gem
270 691 354 716 tuam.
365 689 419 713 etc.
433 684 667 718 Quemadmodum
683 682 838 717 insipientis
857 682 988 717 insipien-

201 731 249 762 tia.
269 730 350 766 803
368 730 404 757 ita
418 729 560 765 prudentis
582 727 725 764 prudentia
738 747 746 760 ,
764 731 791 754 et
801 725 867 761 justi
880 725 986 760 justitia

202 777 292 812 portio
308 781 363 804 est.

239 822 320 850 Vens.
336 822 380 850 58.
402 821 561 856 Deprecatus
582 827 640 847 sum
669 818 764 853 faciem
789 823 862 845 tuam
883 817 911 843 in
934 820 987 843 toto

201 869 278 896 corde
291 877 348 895 meo
365 876 374 895 :
389 868 513 895 miserere
529 867 578 894 mei
591 865 734 893 secundum
753 865 886 899 eloquium
902 868 987 897 tuum,

201 920 254 943 etc.
279 915 375 942 Facies
391 913 437 941 Dei
453 917 495 940 est
516 913 599 948 ligura
615 911 776 939 substantiae
792 910 861 944 eius,
881 909 920 936 uti
942 916 989 936 ste-

202 961 264 995 pius
287 960 389 987 dictum
408 962 462 986 est.
486 958 537 992 Qui
557 958 640 993 igitur
665 961 721 984 toto
745 956 830 984 corde
846 955 988 983 Dominum

201 1006 362 1038 desiderat.
376 1010 407 1033 ut
430 1013 463 1033 eo
476 1005 534 1040 jam
562 1011 630 1039 puro
653 1002 750 1030 ell‘ecto
763 1003 852 1037 ipsum
869 1005 989 1029 contem-

203 1051 293 1087 pletur
304 1071 312 1084 .
340 1055 367 1078 et
391 1058 424 1078 ex
439 1050 525 1086 ipsius
541 1050 639 1077 intuitu
657 1048 872 1076 misericordiam
889 1054 988 1074 consc.

202 1101 322 1133 quatttr.
347 1096 495 1124 secundum
511 1094 664 1130 disciplinae
689 1094 820 1122 rationem
845 1092 986 1128 proposita

203 1143 285 1172 verba
307 1143 400 1171 dicere
415 1142 526 1177 poterit.
542 1142 692 1170 Considera
720 1146 809 1168 autem
823 1145 943 1176 quantus
954 1140 990 1168 sit

202 1190 249 1225 qui
275 1189 377 1217 videbit
394 1188 493 1216 faciem
511 1187 569 1215 Dei.
586 1187 667 1215 Iesus
695 1188 753 1222 ipse
777 1191 803 1214 te
827 1187 925 1214 doceat
948 1186 990 1213 di-

201 1243 269 1264 cens
280 1235 303 1252 ³⁵
319 1245 326 1263 :
345 1244 355 1262 ι
375 1235 451 1263 Beati
469 1235 571 1262 mundo
585 1234 678 1268 corde.
694 1233 824 1269 quoniam
839 1233 890 1268 ipsi
905 1233 989 1260 Deum

202 1281 342 1310 videbunt.
361 1289 371 1307 I

240 1326 322 1353 Vens.
339 1326 384 1354 59.
404 1326 525 1361 Cogitaui
549 1326 607 1353 vias
625 1330 703 1358 tunc,
725 1329 749 1352 et
772 1325 889 1352 converti
912 1324 990 1359 pedes

203 1380 273 1400 meo:
288 1372 316 1399 in
333 1372 480 1399 testimonia
496 1376 561 1405 tua,
581 1375 635 1399 etc.
663 1370 740 1404 Quod
765 1371 831 1398 dicit
848 1375 892 1398 est
915 1369 990 1404 ejus—

203 1418 276 1446 modi
293 1427 301 1446 :
316 1418 457 1452 Nunquam
479 1421 583 1445 temere
603 1417 711 1444 locutus
734 1424 794 1444 sum
808 1436 815 1449 ,
837 1423 887 1444 nec
909 1420 991 1443 ante.

203 1472 284 1499 quam
301 1464 371 1499 apud
396 1471 440 1491 me
457 1463 638 1498 reputaveritn
652 1462 856 1498 loquendumne
872 1462 940 1490 mibi
954 1469 988 1489 an

1034 219 1195 254 φυλάξωμεν
1219 219 1266 246 τὸν
1289 219 1370 254 νόμον
1387 217 1433 245 τοῦ
1458 217 1526 244 Θεοῦ
1551 216 1600 243 τὸν
1623 215 1692 251 περὶ
1721 223 1823 250 annoa-

1035 272 1126 300 συνης.

1065 310 1144 344 Αὕτη
1172 309 1298 345 ἐγενήθη
1316 319 1377 344 μοι,
1399 318 1426 338 κ.
1445 319 1470 336 τ.
1494 309 1518 336 ἐ.
1539 308 1596 343 Τὴν
1620 306 1738 343 Γραφὴν
1756 306 1827 339 λέγει

1034 355 1083 391 τὴν
1099 356 1287 383 θεόπνευστον.
1304 357 1377 392 Αὕτη
1391 356 1446 392 γὰρ
1455 354 1495 390 τῷ
1507 354 1604 389 δικαίῳ
1615 354 1648 380 οὐ
1659 353 1774 386 λέγεται
1784 352 1828 388 p.6-

1035 410 1090 434 νον,
1105 402 1172 428 άλλὰ
1184 402 1232 429 καὶ
1255 401 1369 436 γίνεται,
1384 401 1477 436 ἐπειδὴ
1493 402 1526 436 τῇ
1545 400 1647 436 μελέτῃ
1666 398 1830 434 προστίθησι

1035 447 1084 482 τὴν
1097 447 1274 483 κατόρθωσιν·
1291 447 1352 474 ὅθεν
1369 447 1451 474 αὐτοῦ
1468 447 1515 473 καὶ
1529 445 1656 481 ὲκζητεῖν
1669 446 1706 472 τὰ
1720 444 1831 471 δικαιὼ-

1038 502 1111 529 ματα
1124 493 1242 526 λέγεται,
1254 493 1292 525 ὼς
1306 493 1343 529 μὴ
1358 493 1505 529 παρέρίως
1522 492 1593 519 αὐτὰ
1618 491 1756 527 μελετῶν.
1773 491 1832 518 Τοι-

1036 538 1136 575 γαροῦν
1152 539 1176 564 οί
1193 538 1280 565 λοιποὶ
1295 538 1350 565 τῶν
1370 537 1546 574 ἑρμηνευτῶν
1564 537 1626 564 ἀντὶ
1640 536 1691 563 τοῦ
1717 546 1726 562 ι
1740 537 1832 572 ἐξεζή-

1036 593 1108 620 τησα
1122 594 1131 610 ι
1145 584 1308 619 διετήρησαν
1321 585 1482 620 γράφουσιν.

1073 631 1163 664 Μερίς
1173 640 1233 665 μου
1247 631 1284 663 εἴ,
1298 631 1396 665 Κύριε,
1413 629 1548 659 eierato?)
1563 630 1770 665 φυλάξασθαι
1786 630 1836 657 τὸν

1037 676 1131 711 νόμον
1145 684 1214 708 σου,
1229 685 1257 703 κ,
1275 685 1301 702 τ.
1319 677 1342 702 ὲ.
1360 677 1465 712 ’Ὠσπερ
1479 677 1537 703 ἐστὶ
1558 677 1639 712 μερὶς
1656 677 1675 711 ἠ
1692 674 1838 711 ἀφροσύνη

1037 721 1084 748 τοῦ
1108 722 1236 758 ἄφρονος,
1259 722 1330 749 οὕτω
1353 722 1465 749 καὶτοῦ
1489 723 1623 758 φρονίμου
1646 724 1666 757 ὴ
1693 723 1839 758 φρόνησις,

1038 768 1085 794 καὶ
1098 768 1145 795 τοῦ
1163 769 1267 795 δικαίου
1283 770 1300 804 ἡ
1316 769 1481 805 δικαιοσύνη.

1083 814 1229 848 Ἐδεήθην
1253 815 1306 842 τοῦ
1325 815 1488 848 προσώπου
1505 823 1563 842 σου
1587 816 1625 842 ἐν
1646 815 1709 849 ὅλῃ
1735 815 1842 849 καρδίᾳ

1037 870 1108 896 μου,
1132 860 1264 894 ἐλέησόν
1285 869 1323 895 με
1344 861 1419 888 κατὰ
1441 861 1474 887 τὸ
1491 861 1598 896 ,λόγιόν
1613 869 1690 893 σου,
1718 870 1749 888 κ.
1772 870 1798 887 τ.
1821 862 1841 887 ὲ.

1040 907 1187 942 Πρόσωπον
1204 905 1272 932 Θεοῦ
1292 907 1306 932 ὁ
1320 906 1462 942 χαρακτὴρ
1478 906 1526 941 τῆς
1541 906 1732 938 ὑποστάσεως
1749 906 1841 938 αὑτοῦ,

1039 953 1077 985 ὡς
1100 951 1229 983 πολλάκις
1241 952 1356 987 εἴρηται.
1379 952 1408 978 ’0
1423 952 1516 979 τοίνυν
1529 952 1580 988 ὅλῃ
1593 953 1628 987 τῆ
1647 953 1759 988 καρδίᾳ
1773 953 1841 987 ἐφιέ-

1041 1007 1121 1034 μενος
1135 998 1180 1025 τοῦ
1193 998 1307 1035 Κυρίου,
1323 999 1397 1030 ὅπως
1413 998 1521 1034 καθαρᾷ
1532 999 1602 1034 αὐτῇ
1619 999 1768 1036 γενομένῃ
1784 1000 1842 1026 θεω-

1041 1045 1101 1081 ροίη
1113 1045 1204 1078 αὑτὸν,
1220 1045 1268 1072 καὶ
1282 1046 1314 1072 ἐκ
1325 1045 1372 1072 τοῦ
1390 1044 1522 1077 ἀτενίξειν
1535 1045 1621 1072 αὑτοῦ
1636 1044 1760 1081 ὲλεηθῇ,
1777 1046 1843 1072 κατᾶ

1039 1091 1085 1118 τὸν
1109 1091 1188 1126 λόγον
1204 1091 1254 1128 τῆς
1275 1091 1449 1124 διδασκαλίας
1465 1092 1536 1118 εἴποι
1556 1091 1590 1118 ἂν
1613 1092 1651 1118 τὰ
1670 1093 1843 1125 συγκείμενα

1041 1137 1120 1174 ῥητά.
1141 1138 1212 1174 ’Ὅρα
1233 1137 1263 1164 δὲ
1281 1138 1394 1172 πηλίκος
1410 1138 1484 1164 ἐστὶν
1498 1138 1513 1164 ὁ
1528 1137 1668 1173 ὀψόμενος
1684 1138 1719 1164 τὺ
1737 1138 1843 1174 πράου-

1041 1193 1091 1212 πον
1107 1183 1152 1211 τοῦ
1169 1183 1247 1210 Θεοῦ·
1269 1183 1371 1220 Ἰησοῦς
1387 1193 1416 1210 σε
1432 1184 1566 1216 διδαξάτω
1578 1184 1673 1218 λέγων
1683 1193 1690 1199 ·
1722 1194 1732 1210 ι
1748 1185 1843 1211 Μακά-

1042 1237 1095 1265 ριοι
1125 1230 1149 1256 οἱ
1175 1228 1291 1264 καθαροὶ
1317 1230 1350 1265 τῇ
1379 1229 1488 1265 καρδίᾳ,
1515 1229 1556 1256 ὅτι
1587 1229 1671 1256 αὐτοὶ
1698 1229 1749 1255 τὸν
1779 1229 1843 1256 Θεὸν

1040 1276 1160 1312 ὄψονται.
1180 1285 1189 1302 ι

1076 1323 1292 1358 Διελογισάμην
1306 1322 1360 1356 τὰς
1378 1322 1468 1356 ὁδούς
1488 1329 1557 1354 σου,
1589 1321 1642 1348 καὶ
1665 1321 1842 1355 ἐπέστρεψα

1041 1369 1110 1402 τοὺς
1127 1369 1222 1402 πόδας
1232 1378 1292 1404 μου
1304 1370 1347 1402 εις
1365 1368 1402 1395 τὰ
1413 1367 1561 1403 μαρτύριά
1579 1376 1653 1399 σου,
1668 1377 1699 1394 κ.
1719 1377 1744 1394 τ.
1767 1369 1791 1394 ὲ.
1812 1368 1842 1393 Ὅ

1041 1414 1114 1448 λέγει
1130 1414 1250 1441 τοιοῦτόν
1267 1416 1354 1441 ἐστιν·
1378 1414 1511 1441 Οὐδέποτε
1535 1415 1686 1450 προπετῶς
1711 1414 1841 1449 ἐλάλησα,

1043 1462 1080 1496 μὴ
1097 1461 1276 1496 λογισάμενος
1296 1461 1414 1496 πριτηον,
1439 1462 1463 1487 εἰ
1489 1460 1622 1494 λαλητέον
1649 1461 1698 1496 μοί
1716 1462 1803 1493 ἐστιν,
1826 1461 1840 1495 ἢ

204 1509 349 1537 tacendum
365 1513 448 1536 esset.
466 1508 610 1542 Nunquam
636 1511 739 1534 temere
755 1506 895 1542 quidpiam
924 1506 966 1541 egi
980 1527 983 1539 1

1072 1507 1203 1542 ωπητέον.
1218 1507 1352 1533 Οὐδέποτε
1374 1507 1519 1542 προπετῶς
1533 1516 1559 1533 τι
1572 1507 1695 1543 ἔπραξα,
1719 1507 1758 1543 μὴ
1771 1507 1843 1539 λογι-

204 1564 254 1583 nec
271 1561 417 1590 antequam
437 1554 627 1591 perpenderim
655 1559 764 1582 essetne
789 1554 832 1581 ill'a
857 1555 930 1582 actio
947 1554 991 1582 tle-

203 1609 289 1629 cens:
308 1609 368 1628 nam
386 1601 436 1628 viae
450 1605 548 1627 nostrae
571 1605 634 1627 sunt
657 1600 683 1626 in
707 1599 923 1633 cogitationibus
947 1604 989 1628 at-

203 1654 256 1683 que
278 1646 431 1674 actionibus
457 1646 563 1681 positae.
595 1645 767 1680 Quapropter
788 1646 828 1673 ait
854 1645 990 1673 :.0mnia

202 1692 375 1721 considerate
388 1692 449 1724 ieci,
463 1692 497 1719 ob
513 1692 594 1726 idque
607 1692 750 1719 ambulans
770 1691 894 1718 converti
908 1691 990 1725 pedes

204 1746 280 1767 meos
297 1739 323 1766 in
339 1738 494 1766 testimonia
519 1743 564 1765 tua
580 1758 588 1771 ,
609 1745 646 1765 ne
660 1742 737 1765 extra
760 1737 915 1764 testimonia
941 1737 988 1764 Dei

203 1785 372 1813 ambularem
386 1805 394 1817 ,
418 1785 466 1812 sed
489 1791 571 1812 onme
596 1783 739 1812 consilium
756 1790 846 1810 meum
864 1783 898 1810 ad
913 1790 990 1810 man-

203 1832 267 1859 data
282 1835 326 1858 tua
340 1831 483 1858 referrem.

241 1876 325 1905 Vens.
344 1876 390 1903 60.
405 1875 522 1902 Paratus
542 1883 612 1907 sum,
630 1879 654 1901 et
669 1883 720 1901 non
743 1883 800 1902 sum
812 1875 945 1908 turbatus,
963 1881 990 1902 ut

203 1923 353 1951 custodiam
377 1922 503 1948 mandata
526 1926 595 1954 tua,
624 1925 678 1948 etc.
696 1921 846 1948 Allecluum
868 1922 990 1949 carentia

204 1969 274 1996 solet
301 1967 529 2002 imperturbatum
555 1973 604 1994 cor
629 1967 785 2000 custodire;
815 1967 888 2001 quod
912 1968 990 1995 nobis

204 2014 305 2042 accidit
317 2020 350 2041 ex
363 2012 574 2040 conversatione
583 2018 659 2040 recta
671 2016 698 2040 et
714 2012 851 2047 dogmatis
870 2013 953 2040 veris.

241 2060 324 2086 Vens.
341 2058 384 2085 61.
401 2057 489 2085 Fames
503 2063 671 2092 peccatorum
683 2058 855 2092 circumplexi
869 2063 989 2090 suntme,

203 2109 229 2133 et
249 2105 331 2140 legem
345 2110 420 2131 luam
444 2112 496 2131 non
517 2113 575 2131 sum
592 2104 700 2136 oblitus,
722 2108 775 2132 etc.
795 2104 885 2132 Funes
899 2105 991 2140 appel-

205 2152 294 2179 lantur
311 2155 420 2186 peccata
438 2158 496 2185 qua!
505 2150 556 2178 sibi
571 2150 686 2178 invicem
702 2150 818 2185 implexa
834 2155 908 2178 sunt.
920 2150 988 2177 Nam

1043 1551 1171 1587 σάμενος,
1189 1553 1213 1577 εἱ
1228 1551 1387 1587 καθήκουσά
1401 1553 1475 1577 ἐστιν
1496 1552 1512 1586 ὴ
1531 1552 1643 1587 πρᾶξις·
1661 1552 1692 1578 αἱ
1716 1552 1775 1587 γὰρ
1789 1552 1843 1578 ὁδοὶ

1041 1596 1120 1632 ἡμῶν
1138 1597 1166 1623 ὲν
1189 1597 1373 1632 διαλογισμοῖς
1395 1597 1448 1623 εἰσι
1472 1598 1520 1624 καὶ
1542 1599 1572 1624 ὲν
1597 1597 1733 1633 πράξεσι,
1758 1597 1843 1631 (ensis

1041 1640 1097 1668 οὖν·
1115 1642 1206 1668 Πάντα
1226 1641 1469 1678 περιεσκεμμένως
1482 1642 1610 1677 ἐποίησα,
1631 1642 1682 1668 καὶ
1697 1643 1744 1669 διὰ
1762 1642 1844 1668 τοῦτο

1042 1686 1196 1722 ἐπέστρεψα
1217 1687 1316 1714 ὁδεύων
1335 1687 1398 1718 τοὺς
1413 1687 1497 1718 πόδας
1512 1696 1564 1721 μου
1580 1687 1622 1719 εἰς
1636 1687 1672 1714 τὰ
1699 1687 1844 1723 μαρτύριά

1043 1740 1099 1764 σου,
1115 1732 1158 1758 ἴνα
1174 1732 1211 1767 μὴ
1229 1731 1328 1764 ἔξωθεν
1341 1731 1394 1758 τῶν
1416 1732 1573 1767 μαρτυρίων
1590 1731 1638 1757 τοῦ
1653 1731 1726 1758 Θεοῦ
1741 1732 1843 1762 eae-5m,

1042 1778 1132 1804 πᾶσαν
1142 1777 1191 1813 τὴν
1201 1777 1270 1813 ἐμὴν
1281 1777 1394 1813 γνώμην
1407 1778 1446 1808 εἰς
1459 1776 1509 1809 τὰς
1523 1776 1573 1809 σὰς
1587 1777 1704 1809 ἀναθεὶς
1717 1778 1841 1808 ἐντολάς.

1082 1866 1287 1901 Ἠτοιμάσθην,
1303 1866 1351 1893 καὶ
1365 1867 1421 1893 οὐκ
1439 1866 1610 1902 ἐταράχθην
1629 1867 1686 1894 τοῦ
1699 1867 1841 1901 φυλάξη-

1041 1915 1112 1940 σθαι
1123 1912 1176 1945 τὰς
1188 1911 1316 1945 ἐντολάς
1326 1919 1394 1943 σου,
1415 1921 1442 1938 κ.
1460 1921 1485 1938 τ.
1499 1913 1524 1938 ὲ.
1545 1912 1577 1938 Ἦ
1591 1912 1714 1939 ἀπάθεια
1733 1913 1839 1946 πέφυκε

1040 1959 1089 1995 τὴν
1106 1958 1217 1994 καρδίαν
1230 1958 1366 1994 ἀτάραχον
1380 1958 1581 1992 διαφυλάττειν,
1595 1958 1659 1992 ἥτις
1668 1959 1740 1992 ἡμῖν
1757 1967 1839 1993 προσ-

1041 2004 1144 2038 γίνεται
1159 2004 1192 2030 ὲκ
1212 2003 1348 2034 πολιτείας
1367 2002 1450 2038 ὀρθῆς
1465 2002 1512 2029 καὶ
1526 2002 1673 2038 δογμάτων
1690 2003 1837 2038 ἁληθινιῖιν.

1077 2049 1199 2084 Σχοινέα
1216 2048 1398 2084 ἁμαρτωλῶν
1423 2048 1676 2082 περιεπλάκησάν
1699 2058 1765 2083 μοι.
1791 2050 1836 2075 καὶ

1042 2094 1094 2121 τοῦ
1109 2095 1203 2129 νόμου
1217 2101 1276 2121 σου
1292 2096 1349 2121 οὐκ
1369 2094 1573 2129 ἐπελαθόμην,
1595 2104 1623 2121 κ.
1644 2103 1672 2121 τ.
1689 2095 1713 2121 ὲ.
1732 2096 1838 2130 Σχοινέα

1041 2141 1076 2168 τὰ
1098 2140 1238 2176 ἐπάλληλα
1259 2140 1305 2167 καὶ
1328 2140 1362 2167 τὰ
1385 2139 1620 2175 συμπεπλεγμένα
1644 2141 1836 2176 ἁμαρτήματι

204 2198 250 2232 qui
274 2185 415 2231 peccatum
433 2196 483 2223 sibi
513 2203 678 2231 proponunt.
698 2201 810 2232 propter
828 2196 892 2224 illud
905 2197 983 2224 etiam

1073 2196 1161 2222 γεται.
1186 2187 1217 2212 Οἱ
1241 2186 1296 2222 γὰρ
1317 2186 1454 2221 ἁμαρτίαν
1478 2185 1645 2221 προθέμενοι
1667 2186 1784 2213 πλέκειν
1803 2187 1835 2212 δι’

204 2243 277 2271 aliud
291 2247 414 2270 attexere
429 2242 643 2277 compelluntur,
655 2242 883 2278 quemadmodum
902 2242 988 2269 David

204 2294 315 2325 propter
336 2289 545 2316 fornicationem
559 2289 643 2316 etiam
659 2289 760 2316 caedem
785 2288 883 2323 adjecit
896 2308 904 2320 ,
919 2288 987 2316 Cain

204 2339 314 2371 propter
341 2335 523 2362 fratricidium
541 2335 666 2370 adjunxit
682 2335 867 2363 mendacium.
889 2334 988 2362 Verum

205 2382 247 2410 his
263 2389 324 2409 cum
343 2381 560 2416 implecteretur,
582 2381 620 2408 ait
635 2388 664 2408 se
685 2381 751 2415 legis
765 2388 818 2408 non
834 2380 990 2408 omnimode

203 2429 318 2456 oblitum
333 2428 417 2455 fuisse
431 2447 438 2460 ,
454 2427 674 2462 quandoquidem
696 2427 729 2454 ad
745 2426 932 2461 pcenitentiam
946 2433 990 2453 re-

202 2475 320 2510 spiciens
334 2478 362 2501 et
375 2480 539 2504 conversus.
550 2471 642 2500 funem
659 2473 761 2506 peccati
777 2472 896 2507 abrupit.

242 2521 324 2548 Vsus.
341 2520 386 2546 62.
409 2518 499 2546 Media
511 2522 586 2545 nocte
596 2518 735 2552 surgebam
758 2517 794 2543 ad
808 2518 987 2551 conﬁtendum

203 2567 250 2593 tibi
267 2573 345 2600 super
367 2565 472 2600 judicia
495 2564 774 2600 justiﬁcationistuuz,
796 2568 850 2591 etc.
874 2563 930 2591 Hoc
948 2565 987 2592 di-

202 2612 317 2639 cendum
333 2612 464 2639 adversus
477 2618 524 2639 eos
537 2610 584 2646 qui
609 2617 705 2645 preces
730 2613 812 2637 noctu
835 2609 985 2645 negligunt.

240 2701 321 2727 Vens.
335 2699 379 2726 το.
403 2699 579 2734 Coagulatum
603 2703 640 2724 est
661 2697 729 2724 sicut
751 2697 793 2724 lac
813 2706 858 2724 car
882 2706 987 2731 meum;

203 2755 249 2781 ego
265 2755 325 2774 vero
346 2747 426 2781 legem
443 2750 517 2773 tuam
532 2745 674 2772 meditatus
689 2752 758 2777 sum,
779 2749 833 2772 etc.
853 2745 973 2778 Quemad

243 2829 264 2869 ξι
278 2828 373 2857 Matth.
391 2838 417 2862 ν,
430 2830 458 2856 8.

1043 2233 1127 2268 αὐτὴν
1146 2232 1192 2259 καὶ
1208 2231 1292 2267 ἄλλην
1308 2230 1518 2265 ἀναγκάζονται·
1537 2230 1633 2265 ὥσπερ
1655 2231 1670 2257 ὁ
1692 2230 1781 2257 Aea-416
1792 2231 1834 2257 διὰ

1041 2279 1089 2315 τὴν
1106 2276 1234 2315 πορνείαν
1253 2277 1300 2305 καὶ
1314 2277 1360 2304 τὸν
1375 2277 1453 2311 φόνον
1467 2276 1650 2312 προσέθηκεν·
1668 2277 1684 2303 ὁ
1703 2278 1776 2303 Κὰῑν
1792 2276 1834 2303 διὰ

1039 2325 1089 2362 τὴν
1103 2324 1312 2359 ἀδελφοκτονίαν
1333 2322 1483 2358 ὲπισυνῆψε
1501 2322 1533 2348 τὸ
1550 2321 1662 2356 ψεῦδος.
1688 2323 1761 2349 Ἀλλ’
1778 2323 1833 2350 οἰῶ

1043 2371 1145 2399 τούτων
1168 2370 1391 2405 περιπλακέντων
1408 2368 1483 2403 αὐτῷ
1503 2368 1551 2394 τοῦ
1567 2367 1636 2394 Θεοῦ
1655 2369 1744 2404 νόμον
1759 2369 1831 2404 φησὶν

1043 2417 1268 2444 ἐπιλανθάνεσθαι
1288 2416 1406 2447 πάντως
1432 2415 1483 2447 ὅτι,
1507 2414 1578 2450 πρὸς
1606 2416 1755 2450 μετάνοιαν
1777 2414 1833 2442 EE»

1042 2464 1088 2491 καὶ
1102 2463 1278 2499 ἐπιστρέψας,
1289 2462 1320 2488 τὸ
1333 2461 1448 2497 σχοινίον
1465 2461 1514 2496 τῆς
1529 2461 1672 2496 ἁμαρτίας
1693 2462 1814 2498 ἔρρηξεν.

1076 2510 1284 2538 Μεσονύκτιον
1302 2508 1494 2542 ἑξετειρόμην
1515 2507 1570 2534 τοῦ
1587 2507 1832 2543 ἐξομολογεῖσθαί

1042 2566 1093 2584 σοι
1106 2556 1156 2583 ἐπὶ
1170 2556 1206 2583 τὰ
1219 2555 1347 2589 sep/para
1358 2553 1413 2587 τῆς
1426 2553 1627 2587 δικαιοσύνης
1643 2561 1716 2586 σου,
1730 2562 1756 2580 ι.
1770 2562 1792 2580 τ.
1806 2553 1831 2580 ι.

1041 2603 1157 2631 Λεκτέον
1183 2602 1261 2629 τοῦτο
1283 2601 1352 2637 πρὸς
1372 2600 1435 2632 τοὺς
1458 2599 1631 2635 ἀμελοῦντας
1654 2600 1764 2636 νύκτωρ
1779 2599 1832 2625 τῶν

1043 2649 1211 2687 προσευχῶν.

1082 2695 1226 2730 Ἐτυρώθη
1251 2694 1291 2726 ὡς
1309 2693 1386 2728 γάλα
1408 2692 1428 2726 ἡ
1454 2691 1563 2726 καρδία
1583 2691 1697 2719 αὐτῶν·
1711 2691 1766 2726 ἐπὶ)
1779 2690 1830 2716 τὸν

1043 2744 1136 2779 νόμον
1150 2749 1208 2769 σου
1229 2739 1406 2776 ἐμελέτησα,
1430 2747 1455 2766 κ,
1479 2747 1504 2764 τ.
1526 2738 1551 2765 ὲ.
1584 2738 1694 2774 Ὠσπερ
1718 2740 1731 2764 ὸ
1754 2736 1830 2771 τυρὸς
