1889 3052
478 129 632 156 SICLECTA
653 127 684 154 IN
705 127 734 153 P.
750 126 875 153 Αωιος.
892 142 925 147 —
945 126 1040 153 I‘SAL
1065 126 1184 154 CXVIII.

71 198 78 214 ι
90 197 96 202 ·
113 198 123 213 ι
149 188 442 224 Ἐξελευοερωοέντες
456 189 509 215 ὀιπῆ
521 189 569 224 τῆς
582 190 718 224 ἁμαρτίας
731 189 804 214 ὲόου-
820 191 842 217 Λ

71 242 84 260 ε
106 233 157 269 τῷ
177 233 261 269 Θεῷ,
275 244 283 259 ι
299 234 420 269 δηλονότι
434 235 494 260 κατ’
515 234 615 270 ἀρετὴν
632 235 677 261 καὶ
694 234 803 268 γνῶσιν.

74 288 110 305 τε
133 279 190 305 τὸν
215 279 327 314 καρπὸν
342 279 418 314 ὑμῶν
435 280 474 311 εἰς
492 280 636 314 ἁγιασμὸν,
647 280 678 306 τὸ
692 279 719 305 δὲ
730 279 806 311 τέλος

71 324 213 351 ιὶώνιον.
231 334 241 350 ι
255 325 286 351 Εἰ
299 325 326 350 δὲ
339 325 458 351 τοιούτου
471 325 564 358 τέλους
581 326 695 360 ἄμοιρός
708 326 781 352 ἐστιν
793 327 806 353 6

71 369 122 404 ιξ,
143 369 287 405 δηλονότι
307 369 353 396 καὶ
373 369 474 404 ταύτης
491 370 540 405 τῆς
557 370 689 402 δουλείας.
708 371 806 402 Καλῶς

72 423 169 448 γεται.
183 416 200 441 ὁ
215 415 332 450 μύρμηξ
350 415 385 450 μὴ
402 413 471 442 εἶναι
487 416 539 442 ὑπὸ
551 415 721 448 δεσποτείαν,
735 417 806 443 κατὰ

71 469 87 485 ν
107 461 167 496 τὴν
185 460 363 487 δεσποτείαν.

71 514 88 530 ιι
95 505 115 538 ὴ
145 505 201 531 ὅτι
224 507 242 532 ό
263 507 355 540 νόμος
373 513 431 533 σου
445 507 557 541 μελέτη
570 508 630 542 μού
647 508 723 539 ἐστι,
739 509 806 535 τότε

71 551 227 585 ῑωνῑόμην
241 551 277 577 ἐν
291 550 327 585 τῇ
344 551 519 578 ταπεινώσει
533 561 604 587 μου,
620 562 647 579 κ.
662 562 687 579 τ.
706 554 728 579 ὲ.
747 554 806 580 Μα-

71 606 84 622 ν
103 597 207 628 ὅντως
221 597 254 623 τὸ
265 597 303 632 μὴ
313 597 462 625 ἀπολέσθαι
473 599 618 632 γεγονότας
635 600 663 625 ἐν
678 600 806 635 περιστά-

93 641 159 669 οἶον
179 644 234 671 ἐπὶ
255 644 414 680 μαρτυρίου.
433 645 464 671 Εἰ
481 646 518 681 μή
541 654 582 677 τις
607 646 805 683 προμελετήσει

71 689 143 724 ιμον
161 688 217 715 τοῦ
233 689 313 721 Θεοῦ,
331 690 489 717 ἀπόλλυται.

72 743 141 768 σης
155 737 346 769 συντελείας
355 735 437 763 εἶδον
444 737 547 771 πέρας·
560 737 685 764 πλατεῖα
696 737 805 772 ἐντολή

72 779 211 812 σφόδρα
225 800 233 811 ,
258 789 284 807 κ.
303 789 327 806 τ.
347 781 370 807 ὲ.
390 781 477 817 ’Υπὲρ
502 782 606 814 πάντας
627 783 690 814 τοὺς
707 783 806 816 ἔξωθεν

75 833 90 854 ς
109 825 136 850 οἱ
169 824 252 859 λόγοι
280 826 335 852 τῶν
360 827 473 854 ἐντολῶν
492 827 539 854 τοῦ
557 827 624 854 Θεοῦ
643 829 805 857 πλατύνουσι

71 870 186 903 ἴροντες
204 871 258 906 τὴν
276 871 374 908 ψυχήν.

71 925 87 947 ς
105 915 266 950 ἠγάπησα
283 917 336 943 τὸν
352 919 446 952 νόμον
459 927 527 951 σου,
543 920 640 953 Κύριε
659 920 735 955 ὅλην
751 921 808 955 τὴν

73 969 115 986 (ιν
129 961 253 995 μελέτη
270 972 330 997 μου
345 964 440 995 ἐστίν,
465 974 491 991 κ.
508 973 533 991 τ.
552 965 574 991 ἐ.
589 966 742 994 Μελετᾶται
763 968 807 994 v4—

71 1007 120 1033 )t'nc
140 1008 172 1033 ὲν
193 1007 288 1041 λέξεσι
311 1009 358 1035 καὶ
379 1011 480 1043 φωναῖς
499 1010 596 1046 μόνον,
616 1012 684 1039 ἀλλὰ
705 1013 752 1039 καὶ
779 1015 808 1040 ἐν

71 1059 150 1079 ηεσιν.
168 1051 240 1077 ’Ὁτε
254 1051 309 1087 γὰρ
324 1053 506 1087 ἀναγινώσκει
521 1063 573 1088 τις,
588 1057 655 1083 νοῶν
675 1058 709 1084 τὰ
732 1058 808 1092 λεγό-

75 1115 82 1127 ,
99 1096 150 1122 καὶ
163 1097 297 1131 πράττων
309 1098 387 1130 αὐτὰ,
402 1099 438 1135 μὴ
450 1101 612 1137 παραλιπὼν
630 1102 657 1129 ἓν
673 1112 724 1130 τινι
738 1104 808 1139 πρά-

92 1142 167 1168 ἀλλὰ
191 1143 224 1168 ἐν
245 1144 312 1170 πᾶσι
326 1145 411 1172 ποιῶν
427 1145 441 1171 ὃ
454 1146 578 1181 βούλεται
592 1149 605 1174 ὁ
621 1149 712 1185 νόμος,
730 1147 808 1183 οὗτος

71 1187 160 1221 λέγων
179 1188 231 1215 καὶ
251 1189 445 1224 ἀναγινώσκων
474 1193 522 1220 καὶ
554 1194 682 1222 πράττων
709 1196 808 1232 μελετᾷ.

73 1233 107 1260 οὗ
120 1234 193 1260 Θεοῦ
209 1235 301 1270 νόμον,
323 1236 430 1264 Ὲνθάδε
448 1238 497 1274 μὲν
509 1238 555 1266 οὖν
566 1240 683 1274 λέγεται,
696 1251 704 1267 ι
723 1242 807 1278 ’Ὀλην

71 1280 181 1315 ἡμέραν
203 1281 304 1317 μελέτη
330 1284 380 1317 μού
406 1285 489 1318 ἐστιν,
508 1295 516 1311 ι
550 1288 579 1313 ὲν
602 1287 630 1313 δὲ
651 1288 689 1323 τῷ
708 1289 808 1324 πρώτῳ

71 1325 107 1360 tif;
125 1326 157 1351 οὺ
177 1327 260 1361 μόνον
276 1328 325 1364 τὴν
339 1328 459 1364 ἡμέραν,
486 1331 554 1358 ἀλλὰ
581 1333 626 1358 καὶ
655 1333 703 1369 τὴν
723 1334 808 1362 νύκτα

71 1393 74 1398 .
91 1373 139 1399 τὸν
154 1373 287 1409 ἐσόμενον
306 1376 439 1412 μακάριον
455 1377 509 1403 δεῖν
526 1378 640 1414 μελετᾷν
653 1380 698 1406 τὸν
714 1381 805 1416 νόμον.

72 1420 158 1452 ἠποτε
173 1419 291 1445 ἐνταῦοα
309 1421 441 1456 παρέλιπε
454 1421 501 1457 τὴν
519 1423 620 1454 νύκτας
638 1424 698 1451 Ὅτι
713 1425 807 1460 μικτὸς

71 1471 84 1487 ν
103 1462 227 1489 ἐνταῦθα
243 1464 297 1490 τῶν
320 1465 471 1500 ἀνῦρώπων
485 1467 499 1492 ὁ
515 1467 581 1501 βίος,
603 1467 646 1495 διὰ
667 1469 745 1496 τοῦτο
761 1470 807 1497 καὶ

71 1516 120 1543 ραν
132 1508 181 1534 νῦν
202 1508 300 1545 ἔχομεν
325 1511 371 1537 καὶ
387 1511 481 1538 vomu:
497 1512 560 1539 ὅταν
576 1513 604 1539 δὲ
620 1513 693 1548 ἅγιοι
721 1515 805 1550 γενώ-
821 1523 842 1551 ο

71 1563 85 1580 :t
100 1554 147 1582 καὶ
168 1556 309 1591 μακάριοι,
327 1558 375 1589 νὺξ
399 1559 472 1593 ἡμᾶς
488 1559 517 1585 οὗ
532 1558 691 1593 διαδέξεται,
708 1560 763 1587 ἀλλ’
777 1563 806 1589 ὲν

71 1608 85 1636 ῃ
97 1601 216 1636 ἐσόμεθα
231 1604 264 1637 τῇ
282 1603 382 1640 ἡμέρᾳ.
399 1604 468 1640 Ὂρα
483 1603 530 1631 οὖν
543 1605 580 1638 ὡς
594 1606 644 1640 μὲν
659 1607 673 1632 ὁ
689 1607 807 1634 ἐνταῦθα

71 1645 209 1679 ευὸμενος,
223 1647 281 1682 ἦτοι
297 1648 335 1683 μὴ
351 1649 421 1675 κατὰ
435 1649 491 1684 βίον
509 1649 610 1681 τέλειος
625 1650 733 1687 (πορεία
753 1653 807 1688 γάρ

71 1700 89 1716 ,ν
104 1691 119 1725 ἡ
135 1691 206 1718 κατὰ
228 1692 329 1728 κόσμον
349 1694 529 1730 ἀναστροφή)
552 1696 657 1723 οὐδέπω
679 1697 807 1734 καθαρῶς

71 1736 180 1769 cxistat,
197 1738 254 1764 ἀλλ’
280 1739 323 1766 ὁτὲ
343 1739 391 1775 μὲν
408 1741 436 1766 ἐν
452 1741 544 1778 ἡμέρᾳ
565 1742 648 1773 ἐστὶν,
674 1742 719 1769 ὁτὲ
734 1743 761 1769 δὲ
778 1744 806 1770 ὲν

72 1782 105 1808 τῖ’
127 1784 154 1809 ἐν
171 1784 261 1820 ἡμέρᾳ.
277 1785 336 1820 μὲν,
352 1786 397 1812 ὅτε
411 1786 445 1813 τὰ
461 1787 531 1814 κατὰ
547 1788 592 1815 τὸν
614 1788 695 1824 νόμον
725 1790 807 1826 καθή-

71 1837 103 1855 τα
119 1831 197 1856 ποιεῖ·
207 1831 234 1857 ὲν
247 1832 323 1858 νυκτὶ
337 1832 375 1864 δὲ,
391 1833 434 1859 ὅτε
446 1833 552 1860 οὐδέπω
566 1834 613 1870 ὅλῃ
629 1835 727 1871 καρδίᾳ
744 1835 806 1871 (κᾶν

71 1875 122 1909 ιετᾷ
137 1875 181 1901 τὸν
195 1876 298 1910 votum.)
312 1879 384 1903 ποιεῖ
405 1878 449 1904 τὸν
471 1878 562 1913 νόμον,
582 1879 598 1915 ἢ
613 1880 659 1906 καὶ
673 1880 717 1906 ὅτε
731 1880 807 1917 παρὰ

75 1919 223 1954 καθήκοντα
242 1921 363 1956 πράττει.
386 1922 413 1948 '0
429 1923 476 1958 μὲν
491 1921 538 1950 οὖν
549 1924 709 1959 ἀρχόμενος,
727 1925 743 1960 ἢ
759 1927 806 1952 καὶ

71 1965 193 1996 Romam,
209 1967 306 2003 μελετᾷ
317 1968 363 1995 τὸν
379 1968 460 2004 νόμον
477 1969 583 2006 ἡμέρας
594 1971 641 1997 καὶ
657 1971 752 2003 νυκτός
766 1981 772 1986 ·
791 1973 805 1999 ὁ

71 2013 267 2048 τετελειωμένος
281 2015 330 2041 οὐκ
348 2015 420 2042 ἔστιν
438 2017 467 2042 ὲν
484 2019 570 2047 νυκτὶ.
589 2018 645 2044 ἀλλ’
661 2019 691 2045 ὲν
704 2019 804 2055 ἡμέρᾳ,

82 2057 94 2082 ἧ
112 2057 210 2089 Παῦλος
227 2067 316 2094 φησιν·
330 2069 338 2085 ι
357 2060 388 2086 Ἠ
403 2060 450 2094 νὺξ
466 2061 627 2097 προέκοψεν,
643 2063 659 2098 ή
673 2063 700 2090 δὲ
715 2065 806 2100 ἡμέρα

71 2111 147 2135 γικεν·
160 2104 195 2135 ὠς
207 2105 234 2131 ἐν
250 2105 342 2142 ἡμέρᾳ
356 2107 531 2142 εὐσχημόνως
543 2110 802 2145 περιπατήσωμεν.»

71 2149 86 2174 tl.
108 2148 196 2175 πάλιν·
219 2159 226 2175 ι
245 2151 314 2186 Ἀρα
339 2149 384 2177 οὖν
405 2152 498 2179 οὐκέτι
520 2154 603 2189 ἐσμὲν
626 2155 722 2186 νυκτὸς
746 2156 805 2183 οὐδὲ

71 2194 149 2226 ὐτους,
167 2194 219 2221 ἀλλ’
237 2196 319 2230 ἐσμὲν
333 2197 415 2224 τέκνα
429 2197 517 2232 φωτὸς
531 2199 578 2226 καὶ
594 2199 710 2235 ἡμέρας.
725 2210 734 2226 ι

823 857 843 884 Β

823 2190 843 2216 D

76 2284 151 2319 Ὑπὲρ
166 2285 230 2323 τοὺς
250 2286 375 2320 ἐχθρούς
392 2295 451 2321 μου
470 2288 617 2322 ἐσόφισάς
631 2298 669 2324 με
686 2289 743 2324 τὴν
758 2290 807 2317 ὲν-

71 2329 125 2363 λήν
144 2337 211 2363 σου,
228 2331 269 2357 ὅτι
281 2333 325 2365 εἰς
340 2332 392 2358 τὸν
410 2332 502 2360 αἰῶνα
514 2334 570 2368 ἐμή
590 2335 684 2367 ἐστιν,
699 2345 725 2362 κ.
740 2345 765 2362 τ.
781 2336 804 2362 ὲ.

71 2376 106 2406 ιῦς
124 2376 206 2403 παθῶν
217 2377 367 2412 γυμνωθεὶς
387 2378 434 2404 καὶ
451 2377 577 2412 γνώσεως
598 2379 710 2415 μέτοχος
726 2389 805 2416 γεγο-

71 2431 91 2454 ›ς
115 2423 314 2460 πανουργότερος
343 2424 447 2458 γίνεται
465 2425 519 2451 τῶν
546 2425 689 2462 δαιμόνων,
717 2427 805 2461 λέγων

71 2467 160 2500 ιλλάκις
173 2468 200 2494 τὸ
213 2469 255 2495 τοῦ
272 2469 388 2502 Παύλου,
400 2470 440 2502 τὸ,
461 2480 470 2495 ι
481 2471 518 2497 οὺ
532 2471 587 2506 γὰρ
599 2471 682 2498 αὑτοῦ
695 2472 729 2498 τὰ
742 2473 805 2509 vrri;-

71 2522 112 2540 ιτα
124 2513 266 2549 ἀγνοοῦμεν.
284 2525 293 2540 ι

81 2560 129 2587 Τοῦ
142 2560 230 2587 αὐτοῦ.
248 2560 376 2596 Ἐχθροὺς
392 2561 440 2588 νῦν
459 2570 541 2598 φησιν
564 2563 805 2600 ὲπιόικαζομένους

71 2606 96 2632 ὒν
117 2605 227 2637 ἐντολῶν,
249 2607 297 2632 καὶ
321 2607 465 2642 μισοῦντας
487 2609 576 2643 ἡμᾶς·
602 2607 643 2642 οἷς
657 2611 739 2645 ἡμεῖς
754 2611 805 2638 οὐκ

71 2651 210 2686 ιθραίνομεν.
227 2651 353 2686 Σημαίνει
364 2653 426 2684 τοὺς
438 2654 469 2681 ἐκ
483 2655 634 2690 περιτομῆς
650 2656 802 2688 Ἰουδαίους·

71 2697 111 2732 πὲρ
125 2696 216 2728 τούτους
228 2697 279 2733 γὰρ
293 2699 306 2724 ὁ
319 2698 479 2732 Χριστιανὸς
495 2700 626 2735 ὲσοφίσθη
638 2701 686 2737 τὴν
695 2701 804 2738 ἐντολὴν

71 2742 93 2768 αὖ
109 2741 175 2774 Θεοῦ,
194 2744 376 2777 πνευματικῶς
389 2744 435 2771 τὸν
453 2744 534 2779 νόμον
551 2746 619 2773 νοῶν
643 2747 690 2773 καὶ
704 2747 805 2781 φνλάτ-

87 2828 103 2843 ³⁷
117 2829 181 2856 Rom.
195 2836 227 2861 γι,
243 2830 285 2858 l8.
323 2830 344 2846 ⁸⁸
358 2831 423 2858 ibid.
440 2832 485 2858 22.
525 2833 547 2849 ⁸³
563 2832 640 2860 Rom.
663 2842 722 2868 xm,
738 2835 781 2868 l2,
798 2837 840 2863 lii.

1576 128 1644 155 1606

857 186 896 212 ait
907 186 944 212 ’τε
965 195 973 210 ι
987 185 1104 212 Liberali
1120 194 1133 211 a
1157 189 1269 219 peccato
1289 185 1360 211 servi
1377 185 1457 212 lactis
1472 185 1538 212 estis
1554 186 1618 217 Deo,
1632 195 1641 211 ι

858 231 984 258 videlicet
996 232 1145 258 secundum
1160 231 1288 258 virtutem
1299 237 1327 257 et
1341 231 1494 258 scientiam.
1513 241 1521 256 ι
1534 231 1644 259 Habetis

859 277 974 304 fructum
992 281 1112 304 vestrum
1124 276 1150 303 in
1163 276 1416 308 sanetilieationem,
1436 276 1515 303 linem
1531 283 1595 304 vero
1609 285 1645 304 vn-

858 329 911 350 tam
925 327 1054 350 a'ternam
1066 322 1099 350 ³⁸.
1114 332 1122 348 ι
1138 322 1165 349 Si
1182 327 1271 349 autem
1288 322 1418 356 ejusmodi
1433 321 1496 349 linis
1507 323 1645 357 particeps

857 376 910 395 non
925 373 966 395 est
979 368 1103 400 formica,
1117 368 1243 395 videlicet
1258 375 1307 394 nec
1323 367 1402 394 istius
1413 367 1564 394 servitutis.
1581 366 1645 394 Pul-

857 414 922 441 chre
946 421 1010 448 ergo
1033 413 1133 440 dicitur
1151 413 1264 439 formica
1284 420 1337 440 non
1363 420 1422 440 esse
1449 413 1499 439 sub
1524 413 1645 440 dominio

857 460 1006 486 hocscnsu
1029 463 1150 493 accepto.

893 504 976 531 Vens.
994 503 1039 532 92.
1066 503 1127 530 Nisi
1145 504 1214 538 quod
1228 504 1270 531 lea:
1283 509 1330 530 tua
1348 504 1485 530 meditatio
1508 511 1566 530 mea
1585 509 1644 536 est,

857 554 919 576 tunc
946 549 1014 583 forte
1030 549 1163 581 periissem
1180 550 1207 575 in
1224 548 1374 574 humililale
1399 556 1455 574 mea
1468 569 1475 581 ,
1501 552 1553 575 elc.
1575 547 1644 574 Vero

858 596 964 622 beatum
982 599 1024 621 est
1040 602 1091 621 non
1108 595 1197 629 perire
1213 601 1260 621 eos
1274 593 1319 628 qui
1343 597 1406 620 sunt
1421 593 1447 620 in
1464 593 1644 620 tribulationi-

857 640 924 674 b115,,
933 640 1007 667 verbi
1023 640 1109 674 gratia
1124 640 1151 666 in
1168 639 1308 674 martyrio.
1323 638 1379 666 Nisi
1395 639 1457 673 quis
1469 639 1545 673 prius
1559 639 1644 666 medi—

859 692 930 713 tatus
946 686 1027 713 fuerit
1040 686 1125 720 legem
1140 686 1197 718 Dei,
1213 686 1294 719 pcrit.

893 732 975 760 Vsus.
992 732 1038 759 96.
1054 732 1146 758 Omni:
1172 731 1404 757 consummationis
1423 731 1476 757 uidi
1492 730 1580 764 finem,
1605 729 1645 756 la-

858 782 913 805 tum
935 781 1088 804 utan'lulum
1105 783 1178 803 mum
1200 777 1287 808 nimia,
1305 781 1359 803 etc.
1379 775 1468 810 Super
1487 782 1581 802 omnes
1592 781 1643 801 ex-

860 829 968 850 traneos
983 830 1122 850 scrllmnes
1139 823 1221 849 verba
1239 823 1429 849 mandatorum
1446 821 1493 848 Dei
1507 827 1644 855 expurga-

859 874 913 895 tam
928 869 1044 895 animum
1060 868 1184 895 dilatant.
1379 887 1381 891 .

893 913 975 941 Vens.
987 914 1032 941 97.
1057 913 1195 946 Quomodo
1210 914 1291 940 dilexi
1306 913 1387 948 legem
1405 918 1491 946 tuum,
1514 913 1644 940 Domine:

858 966 912 988 tota
929 961 971 987 die
987 960 1123 987 meditatio
1144 967 1202 985 mea
1222 963 1278 989 est.
1295 963 1349 985 etc.
1375 957 1525 984 Meditanda
1545 958 1585 984 le:
1603 962 1646 984 est

859 1015 911 1033 non
927 1007 1013 1034 Solum
1030 1006 1056 1033 in
1071 1006 1161 1032 verbis
1177 1009 1205 1032 et
1221 1005 1344 1036 vocibus,
1362 1006 1408 1031 sed
1424 1004 1506 1031 etiam
1522 1004 1548 1030 in
1563 1003 1645 1030 aetio-

858 1053 946 1080 nihus.
964 1051 1078 1085 Quando
1092 1051 1164 1078 enim
1183 1050 1244 1085 quis
1260 1050 1325 1085 legit
1336 1070 1344 1082 ,
1363 1050 1514 1085 intelligens
1530 1057 1589 1084 quae
1603 1049 1644 1076 di-

858 1102 968 1129 cuntur,
980 1102 1008 1124 et
1024 1097 1128 1123 faciens
1142 1103 1185 1127 ea,
1200 1095 1264 1122 nihil
1275 1096 1301 1122 in
1316 1095 1552 1130 qualibetactione
1564 1094 1645 1122 omit-

859 1149 928 1175 lens,
945 1143 992 1170 seti
1008 1143 1032 1169 in
1051 1142 1176 1169 oinnlbus
1188 1141 1292 1169 faciens
1310 1142 1336 1168 id
1352 1141 1423 1176 quod
1440 1141 1482 1168 lex
1500 1141 1565 1173 vult,
1583 1140 1605 1167 is
1618 1144 1645 1167 et

858 1189 950 1216 (licens
967 1194 993 1216 et
1017 1189 1109 1223 legens
1129 1193 1156 1214 ct
1177 1187 1279 1214 faciens
1304 1188 1451 1215 meditatur
1474 1187 1558 1221 legem
1585 1186 1644 1213 Dei.

858 1233 914 1260 Hoc
929 1234 987 1261 loco
1011 1235 1102 1268 itaque
1123 1235 1238 1262 dicitur:
1259 1244 1268 1260 α
1284 1234 1351 1261 Tota
1369 1234 1413 1260 die
1432 1233 1571 1260 meditatio
1586 1240 1645 1259 mea

857 1285 910 1311 est,
925 1289 934 1305 ι
953 1280 980 1306 in
997 1281 1085 1314 primo
1103 1287 1166 1307 vero
1187 1280 1291 1314 psalmo
1305 1280 1344 1306 ait
1359 1287 1410 1306 non
1427 1279 1513 1305 solum
1529 1278 1584 1308 die.
1599 1278 1646 1305 sed

858 1327 940 1352 ctiam
958 1331 1036 1352 nocte
1050 1327 1232 1353 meditandam
1247 1333 1308 1352 esse
1321 1325 1406 1359 legem
1425 1324 1463 1351 illi
1478 1325 1522 1358 qui
1540 1324 1646 1351 futurus

858 1372 893 1399 sit
908 1372 1012 1399 beatus.
1028 1373 1082 1399 Cur
1098 1373 1181 1407 igitur
1197 1373 1246 1399 hoc
1262 1372 1322 1399 loco
1338 1376 1443 1398 noctem
1456 1370 1565 1397 omisit?
1577 1370 1645 1403 Quia

859 1418 902 1445 hic
926 1418 1005 1444 mista
1025 1423 1066 1445 est
1085 1419 1139 1445 vita
1155 1418 1305 1448 hominum,
1325 1417 1426 1444 idcirco
1444 1424 1516 1443 nunc
1533 1420 1560 1443 et
1574 1416 1646 1442 diem

859 1463 988 1490 habemus
1009 1468 1038 1490 et
1052 1467 1179 1496 llOClem;
1204 1463 1312 1496 quando
1337 1469 1402 1489 vero
1426 1461 1458 1488 ad
1475 1461 1646 1488 sanctitatem

859 1516 890 1534 ac
905 1508 1099 1534 beatitudinem
1116 1507 1330 1543 pervencrimus,
1345 1506 1416 1533 nulla
1436 1514 1488 1534 nox
1502 1506 1581 1533 nobis
1596 1506 1646 1533 ob<

859 1553 959 1586 veniet,
974 1553 1019 1580 sed
1034 1553 1060 1579 in
1074 1553 1131 1580 sola
1146 1554 1188 1581 die
1199 1553 1380 1581 vcrsabinmr.
1393 1552 1541 1580 Considera
1566 1552 1647 1587 igitur

859 1598 995 1632 quomodo
1013 1598 1036 1625 is
1051 1599 1095 1632 qui
1113 1597 1156 1626 hic
1173 1599 1316 1630 ambulat,
1335 1605 1383 1625 nec
1400 1598 1549 1625 secundum
1562 1597 1646 1624 vitam

857 1644 993 1679 perfectus
1004 1649 1044 1671 cst
1056 1645 1213 1679 (ambulatio
1223 1645 1296 1671 enim
1308 1649 1351 1671 est
1364 1642 1443 1677 hujus
1455 1643 1519 1670 vilze
1532 1650 1643 1670 conver-

858 1689 938 1726 satio)
952 1710 959 1722 ,
974 1690 1093 1717 nondum
1108 1697 1174 1725 pure
1190 1689 1310 1721 incedit,
1335 1689 1382 1717 sed
1399 1689 1544 1723 aliquando
1560 1689 1586 1715 in
1603 1688 1647 1716 die

858 1740 923 1768 est,
943 1736 1103 1772 quandoque
1130 1743 1196 1763 vero
1221 1735 1246 1762 in
1275 1739 1381 1766 nocte;
1410 1735 1435 1761 lu
1460 1735 1503 1761 die
1526 1734 1645 1769 quidem,

858 1782 968 1816 quando
982 1789 1013 1809 ea
1031 1789 1090 1816 qua:
1106 1781 1165 1816 lege
1183 1781 1333 1817 perscripta
1355 1786 1418 1807 sunt
1434 1781 1507 1815 agit;
1526 1780 1552 1806 in
1569 1784 1647 1807 nocte

859 1835 933 1859 vero,
962 1827 1069 1862 quando
1092 1828 1211 1854 nondum
1232 1832 1288 1854 toto
1311 1826 1394 1853 corde
1416 1825 1541 1861 (tametsi
1559 1825 1645 1860 legem

858 1871 1014 1909 meditetur)
1041 1872 1105 1899 facit
1125 1873 1209 1908 legem
1223 1893 1230 1904 ,
1257 1872 1298 1899 vel
1321 1872 1402 1899 etiam
1428 1871 1536 1906 quando
1551 1876 1645 1898 contra

857 1927 938 1954 quam
953 1919 1056 1951 deceat,
1073 1920 1138 1953 agit.
1152 1919 1202 1952 Qui
1218 1919 1299 1954 igitur
1314 1918 1420 1952 incipit,
1433 1917 1474 1944 vel
1490 1916 1569 1944 etiam
1587 1923 1646 1951 pro-

858 1966 925 1997 licit,
949 1965 972 1992 is
995 1966 1142 1992 meditatur
1162 1966 1249 2000 legem
1273 1965 1317 1992 die
1339 1972 1371 1990 ac
1393 1968 1494 1990 nocte:
1515 1962 1560 1996 qui
1581 1968 1645 1988 vero

858 2011 993 2046 perlectus
1007 2016 1059 2044 est,
1085 2011 1106 2037 is
1123 2019 1174 2037 non
1190 2011 1277 2038 solum
1304 2014 1429 2037 versatur
1446 2009 1471 2034 ill
1492 2013 1583 2040 nocte,
1597 2009 1645 2036 sed

858 2059 884 2084 in
897 2058 957 2090 die,
981 2057 1207 2092 quemadmodum
1225 2057 1323 2084 Paulus
1340 2056 1378 2083 ait
1399 2056 1441 2084 '9:
1468 2064 1476 2080 I
1492 2054 1549 2082 Nux
1576 2062 1647 2090 pne

857 2107 955 2139 cessit,
969 2105 1028 2135 dies
1038 2111 1128 2132 autem
1145 2105 1374 2140 appropinquavit
1387 2114 1393 2132 :
1409 2106 1480 2131 sicut
1497 2105 1522 2131 iu
1540 2105 1583 2132 die
1598 2106 1646 2132 ho-

859 2161 933 2183 neste
943 2154 1123 2182 ambulemus.
1141 2162 1151 2179 ι
1169 2153 1202 2181 Ει
1219 2153 1315 2180 iterum
1331 2153 1371 2179 ":
1396 2162 1404 2178 I
1420 2153 1504 2188 Igitur
1520 2161 1572 2179 non
1588 2159 1646 2179 ant-

859 2201 927 2236 pilus
944 2208 1037 2228 smnus
1054 2199 1152 2233 noctis,
1174 2207 1262 2237 neque
1278 2200 1452 2227 tenebrarum
1466 2219 1473 2233 ,
1491 2200 1537 2226 sed
1553 2206 1645 2225 sumus

859 2247 904 2273 lilii
921 2247 988 2273 lucis
1001 2251 1029 2274 et
1044 2246 1108 2274 diei.
1125 2256 1135 2273 ι

895 2293 975 2320 \‘Eas.
984 2293 1029 2321 98.
1040 2292 1254 2327 Superinimicos
1266 2300 1335 2319 meo:
1345 2291 1498 2326 prudentem
1511 2298 1552 2316 me
1560 2289 1644 2324 fecisti

860 2340 985 2366 mandato
1004 2344 1048 2365 tuo
1063 2359 1071 2369 ,
1088 2338 1150 2374 quia
1165 2339 1192 2365 in
1209 2343 1336 2365 internum
1351 2337 1414 2364 mihi
1434 2341 1482 2368 est,
1497 2340 1551 2363 etc.
1570 2335 1645 2361 Mens

857 2385 996 2411 all'ei-tihns
1014 2384 1124 2415 nudata,
1140 2388 1167 2410 et
1192 2383 1312 2410 scientia:
1326 2382 1460 2417 particeps
1474 2381 1556 2412 facta,
1580 2387 1645 2415 pru-

857 2430 962 2457 dentior
973 2431 1004 2456 lit
1015 2430 1194 2462 daemonibus.
1208 2428 1350 2463 proferens
1362 2434 1432 2463 saepe
1441 2427 1505 2454 illud
1515 2426 1591 2454 Pauli
1601 2423 1622 2439 “
1636 2433 1645 2454 :

859 2486 868 2502 ι
882 2476 941 2504 Non
957 2476 1030 2504 enim
1045 2475 1104 2511 ejus
1119 2475 1300 2511 cogitationes
1318 2475 1485 2509 ignoramus.
1506 2482 1516 2499 ι

892 2565 974 2600 807
1003 2564 1143 2600 Ejusdem.
1168 2563 1296 2591 Inimicos
1320 2569 1391 2589 nunc
1419 2567 1496 2589 vocat
1524 2569 1571 2588 eos
1598 2561 1643 2596 qui

858 2611 1046 2638 mandatorum
1076 2611 1113 2638 rei
1135 2615 1210 2644 sunt,
1227 2616 1253 2638 et
1272 2617 1321 2638 nos
1335 2609 1469 2637 oderunt:
1484 2609 1583 2643 quibus
1594 2616 1646 2638 nos

858 2656 968 2684 minime
979 2656 1161 2690 indignamur.
1175 2655 1413 2692 InlelligitJudazos
1425 2657 1469 2690 qui
1479 2663 1510 2683 ex
1522 2655 1641 2682 circum—

858 2702 960 2730 cisione
970 2707 1043 2730 sunt.
1057 2703 1144 2738 Super
1164 2704 1212 2731 hos
1235 2704 1307 2730 enim
1331 2703 1500 2730 Christianus
1525 2701 1645 2737 prudens

859 2747 946 2775 lactus
960 2754 1002 2776 est
1026 2749 1051 2775 in
1075 2749 1202 2776 mamlato
1218 2749 1264 2777 Dei
1275 2769 1283 2781 .
1302 2756 1363 2776 cum
1379 2747 1539 2784 spiritaliter
1553 2747 1641 2782 legem

878 2837 901 2854 ⁸ο
916 2837 924 2865 l
941 2838 1035 2865 Thess.
1053 2847 1079 2871 v,
1099 2838 1126 2866 5.
1163 2838 1184 2854 “
1200 2838 1221 2866 Il
1238 2838 1300 2866 Cor.
1320 2847 1351 2871 ιι,
1367 2839 1411 2866 Il.
