1889 3052
174 113 242 141 1607

875 105 920 132 EX
938 103 1089 132 ORIGENE

1727 92 1794 120 1608

174 171 305 204 intelligat
322 175 402 204 atque
421 167 566 196 cttstodiat.
581 166 752 200 Quapropter
766 163 856 191 altiori
872 170 952 190 sensu

1044 170 1067 188 ν.
1093 161 1142 187 Διὰ
1157 161 1236 187 τοῦτο
1251 161 1368 196 δύναμαι
1394 160 1487 195 νοῆσαι
1503 159 1653 195 βαθύτερον
1671 158 1703 186 th
1723 159 1796 194 εἰρη-

174 218 297 251 accipere
321 222 431 249 possum
454 213 525 248 quod
552 212 654 238 dictum
675 215 716 237 est
740 217 756 236 a
779 208 894 236 Dontino
916 207 955 232 “z

177 271 187 288 ι
203 261 310 296 Diligite
333 260 455 287 inimicos
473 262 588 285 vestros.
607 266 615 282 ι
646 255 684 282 llli
699 255 771 282 enim
798 252 880 280 nostri
896 257 959 279 sunt

175 307 297 337 iuitniei,
312 305 358 339 qui
384 313 392 329 ι
411 303 497 330 zelum
512 302 620 336 quidem
639 300 684 327 Dei
708 299 828 331 habent,
844 297 891 325 sed
906 305 958 323 non

177 352 325 380 secundum
340 348 482 376 scientiam
499 346 531 374 ⁸³.
548 356 558 373 ι

215 397 295 424 Vsus.
309 395 352 422 99.
367 394 452 428 Super
465 400 554 419 omnes
564 392 684 418 docentes
700 399 740 417 me
755 389 882 421 intellexi,
897 389 959 423 quia

175 442 326 471 testimonia
353 446 399 467 tua
427 439 564 466 meditatio
595 446 652 465 mea
682 442 730 467 est,
765 440 818 464 etc.
852 435 959 462 lllorutn

176 488 324 523 Scriptura
345 486 440 521 prima;
462 485 569 511 fuerant
583 504 591 517 ,
607 484 647 511 eis
663 483 762 510 credita
776 487 839 509 sunt
854 481 959 515 eloquia

176 534 235 562 Dei.
251 533 291 560 illi
314 533 441 559 doctores
464 537 493 558 se
513 529 685 564 proﬁtentur.
709 533 801 562 utpote
816 527 860 561 qui
882 526 959 561 [trimi

176 579 264 614 legem
285 582 314 605 et
334 577 481 612 prophetas
501 574 666 609 acceperint.
692 573 745 600 Nos
761 573 842 607 igitur
865 572 909 606 qui
928 572 960 598 de

177 624 303 660 gentibus
317 630 422 654 sumus.
437 621 554 649 dicimus
568 629 574 647 :
599 630 607 646 ι
623 620 711 654 Super
724 626 818 646 omnes
832 618 960 645 docentes

178 678 221 697 me
246 668 376 697 intellexi.
393 678 403 694 ι
421 667 475 695 Cur
498 666 596 701 porro?
625 675 634 691 ι
652 665 719 698 Quia
747 663 898 691 testimonia
917 667 960 690 tua

178 716 318 743 meditatio
344 721 404 741 mea
434 718 508 741 est.»
535 712 608 739 Nova
647 711 751 746 reperio
786 709 958 741 testimonia,

178 766 276 795 przeter
291 760 335 787 illa
351 759 502 787 testimonia
516 766 575 793 qua;
587 758 745 792 frequentet-
759 757 872 783 recitata
887 759 958 782 sunt.

179 806 318 835 Meditatio
331 805 403 833 enim
420 811 480 831 mea
501 808 562 831 sunt
582 802 735 830 testimonia
751 801 814 829 Jcsu
837 799 937 827 Christi
951 807 959 826 :

1010 209 1089 244 μένον
1118 207 1169 234 ὑπὸ
1189 207 1236 234 τοῦ
1256 207 1358 243 Κυρίου
1374 215 1380 221 ·
1407 215 1416 231 α
1435 206 1571 240 Ἀγαπᾶτε
1594 205 1659 236 τοὺς
1684 204 1797 240 ἐχθροὺς

1009 254 1095 289 ὑμῶν.
1110 263 1119 279 ι
1143 253 1250 288 Ἐχθροὶ
1265 253 1319 289 γὰρ
1334 252 1412 287 ἡμῶν
1429 251 1496 277 εἰσιν
1510 252 1610 277 ἐκεῖνοι
1624 271 1632 283 .
1655 260 1665 278 ι
1681 250 1710 276 οἱ
1729 250 1798 285 ἑλεν-

1008 308 1053 331 τες
1068 299 1146 334 ζῆλον
1163 298 1240 330 Θεοῦ,
1253 298 1308 324 ἀλλ’
1324 299 1354 324 οὺ
1372 298 1430 324 κατ’
1442 297 1598 330 ἐπίγνωσιν.
1613 305 1623 322 t

1049 387 1133 420 Ὑπὲρ
1152 385 1266 418 πάντας
1286 384 1355 418 τοὺς
1374 384 1574 418 διδάσκοντάς
1593 392 1633 418 με
1655 383 1799 417 συν-ἦκα,

1009 431 1054 458 ὅτι
1069 432 1105 458 τὰ
1124 431 1268 466 μαρτύριά
1290 438 1348 458 σου
1365 430 1478 465 μελέτη
1492 439 1552 464 μου
1570 430 1669 461 ἐστίν,
1683 438 1710 455 κ.
1730 439 1756 456 τ.
1776 431 1799 456 ι.

1008 477 1042 503 Αἱ
1057 478 1163 513 Γραφαὶ
1179 478 1290 504 ἐκείνων
1312 475 1382 512 ἦσαν
1404 475 1524 511 πρῶται·
1545 475 1749 510 ἐπιστεύθησαν
1768 476 1802 503 τὰ

1009 522 1087 557 λόγια
1107 522 1153 548 τοῦ
1175 522 1251 549 Θεοῦ.
1276 523 1388 549 Ἐκεῖνοι
1410 522 1562 549 διδάσκαλοι
1583 521 1802 556 ἐπαγγέλλονται

1009 568 1158 602 γεγονέναι,
1174 567 1222 594 {ire
1239 567 1339 603 πρῶτοι
1361 567 1565 603 παραλαὸόντες
1575 566 1659 601 νόμον
1675 566 1724 592 καὶ
1737 575 1802 602 προ-

1010 616 1107 650 φήτας.
1127 615 1222 650 Ἡμεῖς
1233 612 1277 641 οὖν
1289 615 1312 640 οἱ
1322 615 1374 640 ἀπὸ
1392 614 1445 641 τῶν
1458 613 1540 640 ἐθνῶν
1553 612 1683 648 λέγομεν·
1696 622 1705 638 ‹
1718 613 1803 648 ’Υπὲρ

1010 660 1114 692 πάντας
1141 661 1203 692 τοὺς
1227 659 1400 691 διδάσκοντας
1425 668 1457 694 με
1483 659 1597 694 συνῆκα.
1612 668 1622 683 ι
1639 658 1691 684 Διὰ
1708 659 1736 684 τί
1759 657 1803 690 δέ;

1012 716 1021 732 t
1035 706 1096 733 ’Ότι
1111 706 1146 733 τὰ
1165 705 1303 741 μαρτύριά
1326 714 1370 732 σου
1399 705 1498 740 μελέτη
1517 713 1566 739 μου
1588 705 1660 731 ἐστί.
1679 713 1688 728 ι
1714 703 1807 730 Καινά

1010 752 1128 788 εὑρίσκω
1143 751 1277 787 μαρτύρια
1293 751 1367 786 παρὰ
1386 751 1420 777 τὰ
1431 750 1560 782 πολλάκις
1576 750 1714 786 εἰρημένα
1733 758 1807 784 μαρ-

1010 799 1100 835 τύρια.
1124 798 1229 833 Μελέτη
1256 806 1305 832 μου
1330 797 1384 833 γάρ
1410 798 1466 823 ἐστι
1487 796 1522 822 τὰ
1539 795 1680 831 μαρτύρια
1714 795 1806 830 Ἰησοῦ

179 853 202 879 si
225 852 333 886 quidem
358 850 414 877 haec
439 849 594 876 testimonia
617 847 720 881 accepi,
737 851 764 874 et
788 845 890 873 idcirco
907 851 957 879 ego

1044 843 1146 872 οιστοῦ·
1169 842 1359 879 παρεδεξάμην
1376 842 1430 878 γὰρ
1444 841 1514 868 αὐτὰ
1526 841 1560 867 τὰ
1580 840 1736 876 μαρτύρια,
1759 841 1808 867 καί

180 904 260 932 super
272 903 366 923 omnes
376 895 502 922 docentes
526 902 570 922 me
595 893 724 923 intellexi.
752 891 959 920 Ecclesiasticus

181 943 370 977 appellaverat,
382 941 442 968 illos
457 940 596 971 inimicos;
615 939 722 966 dixerat
744 936 805 965 illos
823 936 961 967 docentes,

181 996 253 1016 nunc
265 993 343 1015 vocat
357 987 490 1014 seniores.

218 1078 300 1106 Vsus.
317 1077 377 1104 l00.
401 1077 487 1111 Super
502 1084 574 1104 senes
598 1074 734 1107 intellexi,
753 1074 814 1108 quia
837 1072 963 1100 mandata

182 1130 228 1150 tua
246 1123 363 1159 quaesivi,
388 1128 441 1151 etc.
459 1122 525 1150 Utor
539 1122 581 1149 his
597 1120 689 1148 verbis
705 1124 799 1147 contra
821 1125 901 1146 senes
916 1117 963 1152 qui

183 1170 262 1205 longo
282 1173 403 1204 tempore
417 1173 444 1196 et
462 1167 606 1195 affectuum
622 1165 743 1193 carentia
758 1163 900 1192 scientiam
915 1162 962 1190 Dei

183 1214 336 1250 comparari
351 1214 527 1241 arbitrantur.
577 1215 579 1218 ‘

219 1303 301 1330 Vsus.
315 1301 375 1329 l0l.
388 1302 426 1328 Ab
438 1301 508 1328 omni
521 1301 561 1328 via
576 1299 646 1327 mala
660 1299 781 1334 prohibui
795 1298 872 1332 pedes
885 1306 965 1331 meos,

184 1353 211 1375 ut
221 1348 367 1375 custodiam
376 1348 450 1374 verba
460 1351 517 1378 tua,
526 1351 580 1372 etc.
591 1344 673 1372 Malas
683 1344 740 1371 vias
749 1342 964 1374 ambulabamus,

184 1401 246 1421 eum
262 1400 384 1421 essemus
402 1391 547 1426 aliquando
570 1398 579 1414 ι
597 1389 759 1424 insipientes
774 1394 802 1415 et
819 1387 946 1415 increduli
957 1406 966 1421 ,

184 1443 325 1471 errantes,
350 1436 501 1464 servientes
517 1434 659 1462 desideriis
673 1438 700 1461 et
721 1433 904 1468 voluptatibus
919 1440 964 1459 va-

186 1485 245 1516 riis,
254 1493 264 1510 ι
274 1487 328 1511 etc.
338 1482 383 1509 H2
391 1486 470 1510 erant
479 1481 529 1508 viae
542 1488 607 1508 mea!
615 1486 714 1515 pravae.
729 1478 850 1506 Perfecta
861 1478 904 1505 illa
913 1484 964 1505 vox

185 1534 228 1557 est
240 1527 438 1557 Ecclesiastici.
456 1526 523 1554 Dum
542 1527 615 1554 enim
628 1526 716 1553 adhuc
733 1531 886 1560 peccamus,
909 1524 965 1552 haec

185 1575 278 1602 dicere
293 1581 346 1601 non
373 1573 513 1606 valemus;
534 1572 614 1607 pedes
627 1571 699 1598 enim
722 1575 829 1598 nostros
844 1570 879 1597 ab
891 1569 965 1597 omni

185 1619 231 1646 via
253 1617 322 1646 mala
348 1617 519 1652 prohibendo
534 1623 676 1644 sermones
702 1615 748 1643 Dei
771 1614 965 1642 custodiemus.

186 1663 260 1696 Quos
279 1662 442 1691 sermones?
465 1661 526 1689 Illos
541 1661 587 1696 qui
604 1661 630 1688 in
646 1661 704 1696 lege
726 1664 799 1690 sunt.
819 1659 968 1694 spirituali-

187 1714 228 1736 ter
243 1715 290 1736 eos
319 1707 503 1742 intelligendo,
524 1712 552 1734 et
577 1706 667 1735 les-um
692 1706 828 1734 Christum
855 1705 901 1740 qui
919 1712 966 1739 per

186 1753 260 1788 ipsos
282 1753 446 1788 praedicatur
476 1751 659 1787 agnoscendo.
686 1745 840 1778 Porro‘illa
864 1749 945 1776 verba
959 1768 967 1781 ,

189 1808 198 1825 ι
212 1798 338 1835 prohibui
358 1799 441 1834 pedes
464 1805 551 1830 mecs,
565 1806 575 1823 ι
591 1797 729 1825 declarant
741 1795 845 1823 arbitrii
860 1795 968 1822 liberta-

186 1850 251 1874 tem.
272 1844 328 1872 Hoc
344 1844 419 1872 enim
434 1842 512 1876 dixit,
530 1847 657 1877 tanquam
675 1842 702 1870 in
715 1841 773 1876 ejus
790 1845 922 1876 potestate
933 1840 968 1867 sit

188 1892 270 1926 pedes
298 1890 333 1918 ad
352 1889 543 1918 ambulandum
568 1895 676 1916 movere
695 1886 737 1914 vel
755 1888 837 1915 etiam
857 1886 967 1914 eosdem

187 1938 342 1974 prohibere.

223 2028 306 2055 Vsus.
325 2025 387 2053 102.
403 2025 424 2051 Α
440 2023 549 2058 judicii:
564 2023 616 2050 tuis
635 2030 686 2049 non
699 2021 838 2054 declinavi,
858 2021 921 2055 quia
942 2025 970 2046 tu

188 2075 270 2109 legem
284 2071 395 2107 posuisti
411 2070 486 2103 mihi,
501 2073 554 2096 etc.
567 2067 664 2095 Judicii
680 2068 716 2094 tui
732 2074 838 2102 semper
848 2066 969 2093 memini.

189 2119 218 2145 ln
232 2124 303 2145 nono
318 2121 406 2143 autem
421 2115 523 2150 psalmo
535 2114 558 2130 “
572 2115 656 2142 dicit:
685 2122 694 2139 ι
709 2113 847 2140 Constitue
864 2112 970 2147 legisla~

1012 891 1056 917 διὰ
1081 890 1160 916 τοῦτο
1176 888 1231 923 ἐγὼ
1254 888 1324 922 ὑπὲρ
1346 888 1449 919 πάντας
1475 887 1538 918 τοὺς
1565 886 1751 917 διδάσκοντᾶς
1775 894 1808 920 με

1014 935 1127 970 συνῆκα.
1142 932 1225 960 Εἶπεν
1235 933 1333 964 αὐτοὺς
1349 932 1463 968 ἐχθροὺς
1495 931 1508 957 ὁ
1532 931 1782 966 Ἐκκλησιαςτικδς
1795 951 1803 961 ,

1012 980 1088 1005 εἶπεν
1114 978 1211 1009 αὐτοὺς
1239 977 1412 1007 διδάσκοντας
1427 984 1433 990 ·
1460 975 1506 1002 νῦν
1528 974 1602 1008 λέγει
1625 974 1731 1005 αὐτοὺς
1760 973 1808 999 ut

1013 1024 1224 1061 πρεσϐυτέρους.

1053 1069 1137 1103 Ὑπὲρ
1158 1068 1376 1103 πρεσϐυτέρους
1392 1066 1521 1101 συνῆκα,
1543 1066 1586 1092 ὅτι
1602 1065 1658 1098 τὰς
1677 1064 1808 1096 ἐντολάς

1014 1122 1072 1142 σου
1091 1113 1264 1147 ἐξεζῆτησα,
1278 1121 1304 1139 κ.
1320 1121 1346 1139 τ.
1361 1113 1383 1138 ὲ.
1400 1111 1544 1147 Χρὴζομαι
1555 1109 1645 1144 τούτῳ
1664 1109 1707 1144 τῷ
1733 1108 1808 1144 ρητῷ

1014 1160 1082 1196 πρὸς
1092 1160 1154 1191 τοὺς
1166 1160 1296 1195 γέροντας
1308 1159 1370 1190 τοὺς
1388 1158 1492 1193 μακρὸν
1504 1157 1599 1192 χρόνον
1612 1156 1661 1182 καὶ
1672 1156 1725 1190 τὴν
1736 1155 1809 1181 ἀπά-

1015 1205 1089 1231 θειαν
1112 1205 1270 1238 νομίζοντας
1293 1200 1363 1230 εἶναι
1386 1203 1514 1238 πρόξενον
1535 1201 1586 1236 τῆς
1602 1201 1735 1236 γνώσεως
1759 1199 1809 1225 τοῦ

1015 1250 1081 1277 Θεοῦ
1086 1270 1092 1277 .

1057 1297 1104 1323 Ἐκ
1121 1296 1222 1330 πάσης
1236 1296 1307 1323 ὀδοῦ
1321 1294 1453 1329 πονηρᾶς
1466 1293 1606 1320 ἐκώλυσα
1620 1291 1695 1324 τοὺς
1711 1291 1809 1322 πόδας

1012 1351 1083 1377 μου,
1101 1342 1181 1374 ὅπως
1200 1341 1239 1370 ἂν
1248 1341 1373 1376 φυλάξω
1393 1340 1464 1373 τοὺς
1483 1339 1594 1373 λόγους
1609 1345 1682 1368 σου,
1699 1346 1727 1363 κ.
1743 1345 1769 1362 τ.
1784 1337 1807 1362 ἑ.

1016 1387 1140 1424 Πονηρὰς
1154 1388 1229 1419 ὀδοὺς
1239 1387 1383 1422 ὡδεύομεν,
1395 1395 1404 1412 t
1417 1385 1525 1421 ἀνόητοι
1536 1394 1545 1411 ι
1562 1384 1639 1415 bina;
1654 1383 1723 1409 ποτε
1733 1391 1743 1407 ι
1760 1382 1808 1408 καὶ

1016 1433 1155 1466 ἀπειθεῖς,
1186 1433 1370 1469 πλανώμενοι,
1392 1431 1560 1462 δουλεύοντες
1576 1429 1741 1465 ἐπιθυμίαις
1761 1428 1809 1454 καὶ

1016 1480 1124 1516 ἡδοναῖς
1139 1479 1284 1510 ποικίλαις,
1303 1488 1312 1504 ι
1326 1476 1373 1504 καὶ
1386 1475 1420 1502 τὰ
1432 1475 1505 1510 ἑξῆς.
1529 1476 1646 1502 Ἐκεῖναι
1666 1475 1718 1510 μὲν

1015 1525 1071 1552 ὁδοὶ
1090 1524 1216 1560 πονηραί,
1236 1523 1357 1557 Τελείαή
1373 1521 1446 1557 φωνὴ
1462 1521 1531 1556 αὕτη
1547 1519 1809 1554 Ἐκκλησιαστικοῦ.

1018 1571 1099 1598 Ὀσον
1116 1570 1169 1606 γὰρ
1183 1569 1223 1596 ἔτι
1236 1568 1427 1604 ἁμαρτάνομεν
1437 1587 1443 1599 ,
1469 1567 1558 1601 λέγειν
1580 1566 1670 1593 ταῦτα
1684 1565 1715 1591 οὐ
1730 1565 1812 1592 δυνά-

1018 1616 1102 1652 μεθα·
1121 1617 1154 1642 ὲκ
1167 1615 1213 1642 τοῦ
1229 1615 1282 1650 γὰρ
1297 1612 1411 1641 κωλύειν
1425 1614 1489 1644 τοὺς
1514 1613 1597 1643 πόδας
1612 1611 1694 1647 ἡμῶν
1707 1612 1741 1637 ἐκ
1757 1611 1811 1637 πά-

1018 1670 1067 1697 αης
1079 1660 1139 1688 όδοῦ
1159 1660 1279 1696 πονηρᾶς
1295 1659 1448 1694 φυλάξομεν
1464 1659 1526 1690 τοὺς
1543 1658 1638 1691 λόγους
1658 1657 1706 1682 τοῦ
1727 1655 1812 1682 Θεοῦ.

1017 1707 1113 1738 Ποίους
1124 1706 1218 1740 λόγους
1228 1714 1235 1738 ;
1245 1705 1307 1736 τοὺς
1320 1705 1349 1731 ὲν
1359 1705 1441 1739 νόμῳ,
1456 1704 1600 1739 νοήσαντες
1612 1703 1713 1733 αὖτοὺς
1727 1711 1813 1728 πνευ-

1020 1752 1150 1789 ματικῶς,
1168 1752 1215 1778 καὶ
1227 1750 1449 1785 ἐπιγινώσκοντες
1464 1749 1509 1776 τὸν
1520 1749 1554 1776 δι’
1564 1749 1656 1776 αὐτῶν
1675 1748 1814 1784 κηρυττό-

1019 1807 1098 1834 μενον
1118 1796 1220 1833 ἰησοῦν
1238 1795 1365 1832 Χριστόν.
1385 1794 1525 1830 Ἐμφαίνει
1550 1794 1578 1820 δὲ
1609 1794 1640 1821 τὸ
1665 1795 1813 1829 ἐλεύθερον

1017 1843 1067 1879 τῆς
1083 1841 1267 1879 προαιρέσεως
1283 1840 1324 1873 τὸ,
1345 1850 1354 1865 ι
1372 1840 1510 1867 Ἐκώλυσα
1536 1840 1598 1871 τοὺς
1615 1839 1712 1871 πόδας.
1730 1849 1740 1865 ι
1769 1840 1814 1871 Ὠς

1018 1888 1073 1924 γὰρ
1089 1888 1131 1914 ἐπ’
1146 1886 1220 1922 αὐτῷ
1235 1886 1310 1918 duo;
1335 1885 1382 1912 τοῦ
1411 1886 1496 1912 κινεῖν
1524 1885 1589 1915 τοὺς
1615 1885 1701 1916 πόδας
1726 1886 1768 1916 εἰς
1785 1885 1814 1911 τὸ

1020 1934 1136 1970 βαδίζειν
1149 1953 1156 1965 ,
1178 1933 1194 1968 ἢ
1215 1932 1261 1958 καὶ
1285 1931 1400 1958 κωλύειν
1422 1930 1539 1962 αὐτοὺς,
1568 1931 1600 1956 τὺ
1625 1931 1814 1966 προκείμενον

1019 1986 1105 2005 ειπεν.

1062 2023 1129 2051 Ἀπὸ
1144 2023 1202 2050 τῶν
1213 2022 1360 2057 κριμὰτων
1379 2030 1437 2050 σου
1461 2023 1515 2049 οὐκ
1531 2021 1687 2053 ἐξέκλινα,
1704 2021 1754 2048 ὅτι
1773 2021 1813 2048 σὺ

1020 2069 1240 2103 ἐνομοθέτησάς
1257 2077 1295 2103 με
1307 2089 1314 2101 ,
1328 2077 1354 2094 κ.
1367 2077 1392 2094 τι
1411 2069 1433 2094 ἑ.
1448 2068 1501 2094 Τοῦ
1523 2067 1570 2094 σοῦ
1580 2067 1734 2098 Bia-runt;
1749 2068 1812 2101 ἐμε-

1023 2115 1132 2150 μνήμην
1158 2113 1342 2148 δικαστηρίου.
1367 2113 1410 2138 Ἐν
1436 2112 1522 2146 ἐνάτῳ
1546 2111 1574 2137 δὲ
1598 2110 1676 2144 λέγει

190 2169 277 2191 torem
290 2169 372 2196 super
391 2168 447 2189 eos.
468 2160 561 2187 Sciant
586 2164 679 2192 gentes
694 2158 821 2193 quoniam
847 2158 964 2184 homines

1052 2159 1227 2194 Κατάστησον
1238 2158 1384 2193 νομοθέτην
1394 2158 1436 2183 ἐπ’
1452 2156 1560 2187 αὐτούς.
1570 2156 1728 2183 Γνώτωσαν
1741 2157 1812 2190 ἔθνη,

189 2212 262 2236 sunt.
278 2216 285 2234 ι
304 2207 410 2241 Moyses
423 2206 530 2240 quidem
544 2205 610 2240 legis
628 2204 743 2231 litteram
759 2203 922 2237 prtescripsit
936 2202 970 2229 iis

189 2255 236 2290 qui
261 2254 322 2281 novi
346 2251 513 2280 Testamenti
532 2251 676 2278 adventum
695 2257 792 2284 capere
819 2256 871 2276 non
895 2252 972 2282 pote-

190 2304 270 2333 rant;
295 2299 373 2327 Jesus
401 2305 465 2325 vero
489 2296 612 2324 Christus
637 2295 781 2322 adveniens
806 2293 971 2328 prmscripsit

191 2346 256 2374 mihi
279 2344 451 2380 Evangelium
473 2348 501 2370 et
515 2342 664 2378 spiritalem
691 2341 756 2368 mihi
772 2340 869 2376 Moysis
884 2340 969 2374 legem

191 2391 320 2419 ostendit.

223 2436 308 2471 808
319 2435 401 2462 Vsus.
419 2434 480 2461 105.
500 2432 583 2465 Quam
600 2431 688 2458 dulcia
703 2430 822 2464 faucibus
837 2429 901 2456 meis
915 2428 971 2454 elo-

189 2484 252 2517 quia
265 2488 322 2515 tua,
336 2488 415 2515 super
424 2480 474 2507 mel
493 2479 532 2505 ori
545 2486 611 2510 meo,
626 2482 679 2504 etc.
695 2476 770 2503 Mens
782 2482 841 2510 qua:
856 2474 972 2502 delecta-

191 2535 235 2556 tur
249 2533 275 2556 ct
291 2527 436 2555 innutritur
449 2525 573 2557 scientia,
589 2531 619 2551 os
636 2527 756 2550 vocatur.

223 2574 304 2600 Vsus.
332 2573 393 2599 104.
421 2572 442 2598 Α
463 2570 593 2597 mandatis
607 2569 659 2595 tuis
676 2567 810 2594 intellexi:
836 2569 971 2600 propterea

191 2619 261 2646 odivi
277 2625 377 2645 omnem
394 2618 463 2643 viam
480 2615 636 2650 iniquitatis,
653 2618 706 2640 etc.
727 2613 754 2639 In
769 2610 903 2638 mandatis
920 2609 973 2636 tuis

192 2664 257 2691 mihi
278 2670 337 2698 qua:
361 2662 463 2697 agenda
480 2665 542 2688 sunt
559 2659 740 2687 dividentibus
762 2656 917 2691 intelligens
932 2654 972 2682 fa-

191 2714 252 2736 ctus
266 2716 336 2740 sum,
353 2713 380 2734 et
397 2715 449 2734 non
463 2706 549 2733 solum
566 2705 599 2732 ab
615 2705 687 2733 omni
702 2704 746 2731 via
761 2701 910 2736 iniquitatis
925 2701 971 2728 ab-

191 2760 262 2785 sum,
275 2753 322 2779 sed
337 2757 364 2779 et
379 2751 451 2780 illam
467 2751 549 2779 odivi.

224 2798 246 2817 δ’
270 2797 363 2824 ΜιιιιΙι.
379 2797 463 2829 v,H.
502 2797 523 2812 “
540 2797 617 2824 Rom.
645 2803 671 2828 ς,
691 2795 717 2821 2.
755 2794 777 2810 “
792 2793 867 2820 Vers.
891 2792 935 2819 ‘21.

1021 2206 1061 2232 ὅτι
1079 2205 1216 2240 ἄνθρωποί
1231 2205 1306 2231 εἰσιν.
1326 2214 1335 2229 ι
1355 2203 1473 2238 Μωῡοῆς
1491 2203 1539 2238 μὲν
1554 2203 1610 2238 γὰρ
1631 2203 1811 2238 ἐνομοθέτησε

1022 2250 1055 2277 τὰ
1082 2250 1128 2276 τοῦ
1152 2250 1314 2285 γράμματος
1340 2250 1395 2280 τοῖς
1418 2248 1454 2283 μὴ
1471 2247 1630 2282 δυναμένοις
1645 2249 1750 2282 χωρεῖν
1766 2247 1810 2281 τὴν

1021 2295 1166 2330 ἐπιδημίαν
1180 2294 1341 2329 τῆςΚαινῆς
1358 2293 1504 2328 Διαθῆκης*
1529 2291 1635 2328 Ἰησοῦς
1649 2292 1679 2319 δὲ
1698 2291 1810 2328 Χριστος

1023 2341 1194 2376 ἐπιδημήσας
1222 2339 1399 2374 ἐνομοθέτησέ
1426 2347 1470 2373 μοι
1494 2338 1525 2364 τὸ
1548 2338 1740 2372 Εὐαγγέλιον,
1769 2337 1810 2363 καὶ

1023 2386 1206 2421 πνευματικόν
1221 2394 1266 2420 μοι
1282 2385 1326 2411 τὸν
1339 2383 1477 2415 Μωῡσέως
1489 2383 1573 2416 ἔδειξε
1589 2383 1684 2418 νόμον.

1063 2432 1110 2464 Ὠς
1131 2431 1243 2466 γλυκέα
1272 2430 1311 2463 τῷ
1336 2429 1463 2463 λάρυγτι
1484 2438 1543 2464 μου
1561 2428 1598 2455 τὰ
1616 2429 1710 2463 λότιό
1732 2437 1807 2458 σου.

1022 2477 1098 2511 ὑπὲρ
1112 2477 1181 2511 μέλι
1201 2475 1241 2508 τῷ
1255 2475 1380 2509 στόματί
1397 2483 1474 2508 μου,
1495 2483 1522 2500 κ.
1543 2482 1569 2500 τ.
1592 2474 1617 2500 ὲ.
1639 2474 1670 2500 'O
1684 2474 1806 2509 ἡδόμενοι

1023 2524 1070 2550 καὶ
1081 2523 1244 2558 τρεφόμενος
1253 2522 1298 2548 ἐπὶ
1310 2522 1342 2557 τῇ
1356 2520 1451 2555 γνώσει
1463 2520 1526 2551 νοῦς
1538 2520 1706 2555 ὀνομάζεται
1717 2521 1806 2554 στόμα

1066 2568 1131 2595 Ἀπὸ
1147 2567 1206 2594 τῶν
1221 2566 1353 2594 ἐντολῶν
1368 2575 1425 2593 σου
1438 2565 1572 2600 συνῆκα·
1584 2566 1635 2592 διὰ
1648 2567 1736 2593 τοῦτο

1024 2620 1107 2646 σησα
1121 2612 1223 2640 πᾶσαν
1237 2612 1309 2639 ὁδὸν
1323 2612 1456 2644 ἀδικίας,
1477 2620 1505 2637 κ.
1527 2619 1554 2639 τ.
1569 2611 1592 2638 ἑ.
1616 2613 1662 2638 Ἐν
1676 2613 1735 2644 ταῖς
1754 2611 1805 2641 σαῖς

1026 2659 1134 2690 συνετὸς
1148 2658 1291 2692 γενόμενος
1307 2656 1424 2687 ἐντολαῖς
1440 2656 1610 2691 διαιροὺσαις
1634 2665 1679 2691 μοι
1696 2656 1727 2682 τὰ
1743 2663 1804 2690 πριι-

1025 2703 1103 2730 κτέα·
1117 2704 1164 2730 καὶ
1180 2703 1231 2738 μὴν
1244 2703 1274 2728 οὺ
1294 2702 1372 2737 μόνον
1385 2702 1483 2736 ἄπειμι
1502 2702 1595 2737 πάσης
1620 2701 1683 2728 ὁδοῦ
1699 2701 1805 2730 ἀδικίαις.

1024 2747 1091 2774 ἀλλὰ
1108 2748 1153 2774 καὶ
1171 2747 1319 2782 μεμίσηκα.
