1889 3052
437 122 593 152 SELECTA
611 121 644 149 IN
665 119 833 149 PSALMOS.
853 135 888 141 —
905 117 1003 147 PSAL.
1024 116 1143 146 CXVIII.

1534 116 1602 145 I6'0

66 193 119 213 ’σα
134 185 191 213 καὶ
208 185 325 219 ἕστησιι
334 184 386 212 τοῦ
393 184 584 219 φυλάξασθαι
596 183 632 210 τὰ
641 182 766 217 κρίματα

852 178 933 206 Vens.
949 177 1011 205 106.
1026 177 1121 204 Juravi
1134 181 1158 204 et
1171 178 1253 204 ualui
1268 176 1402 204 cttstadire
1407 177 1513 212 judicia
1523 179 1604 213 jtuli-

66 231 259 264 νκαιοσύνης
272 237 341 263 σου,
357 238 385 257 κ.
398 238 423 257 τ.
436 230 460 256 ὲ.
474 229 511 256 Τὸ
529 228 695 265 ἀμετάθετον
718 226 766 254 τοῦ

85 279 178 313 ὅρκον
191 276 344 311 ὠνόμασεν.

70 323 190 351 αὑτοῦ.
215 323 247 349 Τί
265 323 339 350 ποιεῖ
355 322 448 349 ἐνθάδε
468 321 499 348 τὸ
523 320 655 356 ιῶμοσαι
684 320 767 356 ζητηκ

81 369 203 396 Διέθετο
229 368 362 404 διαθήκην
380 368 448 404 πρὸς
466 368 529 399 τοὺς
552 366 695 397 ἐκλεκτοὺς
719 365 767 393 αὺ-

66 416 124 443 Καὶ
137 415 247 451 ταύτην
259 415 309 452 τὴν
324 414 455 451 διαθήκην
470 413 537 450 πρὸς
550 414 613 444 τοὺς
624 412 767 444 ἐκλεκτοὺς

66 461 240 497 διαθεμένου
256 460 302 487 τοῦ
325 460 391 487 Θεοῦ
408 460 422 487 ὀ
437 458 572 485 πιστεύων
592 457 766 494 παρεδέξατο,

66 508 117 536 ινεὶ
132 508 233 543 ὅρκοις
253 507 354 543 μεταξὺ
369 505 416 532 τοῦ
432 505 499 532 Θεοῦ
516 505 663 540 ἐποιήσατο
679 513 768 540 παρα-

66 563 115 586 νος
128 553 219 582 αὐτοῦ
230 554 279 589 τὴν
299 553 440 588 διαθήκην,
454 552 524 578 ὥστε
539 552 636 587 στῆσαι
656 551 703 578 καὶ
718 559 768 586 φυ-

70 610 99 627 αι
113 600 151 626 τὰ
164 600 289 636 κρίματα
303 599 351 634 τῆς
364 597 536 634 δικαιοσύνης
550 597 641 624 αὐτοῦ.
658 598 767 633 Ἰστημι

66 646 121 677 σὶν,
140 645 218 673 αὐτὰ
232 647 265 681 τῇ
280 646 332 680 ἐμῇ
348 644 431 680 ψυχῇ·
446 645 567 672 καὶ”ὄταν
581 644 652 671 αὐτὰ
665 644 766 680 στήσω,

66 702 71 718 ι
90 690 189 718 έκεῖνο
213 689 244 718 τὸ
258 689 401 726 εἰρημένον
418 690 493 726 παρὰ
508 690 547 725 τῷ
563 689 714 725 Σολομῶντι
738 689 767 716 ὲν

66 738 157 769 ιίαις·
180 746 190 762 1
209 736 342 772 Λογισμοὶ
359 736 469 763 δικαίων
481 735 612 771 κρίματα.
632 745 642 762 ι
662 735 768 762 Ἐκεῖνα

66 784 178 820 ρίματά
198 793 207 809 ι
223 785 281 810 ἐστι
303 792 312 809 1
326 783 375 818 τῆς
390 782 562 818 δικαιοσύνης
580 792 590 808 ι
617 782 664 809 τοῦ
688 781 765 808 Θεοῦ·

66 830 83 855 ἑὲ
100 828 254 864 γενόμενα,
272 827 317 854 ὅτε
333 826 428 862 ὤμοσα
454 826 502 853 καὶ
525 826 627 861 έστησα
651 825 722 852 αὐτὰ
738 825 768 852 ὲν

66 875 92 910 Et.
110 874 150 901 Τὸ
166 874 197 901 δὲ
212 884 221 900 1
234 874 331 909 στῆσαι
341 883 350 899 ι
369 872 486 900 ἐνταῦθα
503 871 534 898 τὸ
549 871 664 907 βεϐαίως
678 869 768 906 ὃρίσαι

94 919 145 947 καὶ⁵
169 918 202 945 τὸ
224 928 233 944 ι
247 918 365 954 ὀμόσαι»
388 917 513 944 τουτέστι
536 917 567 943 τὸ
593 915 769 951 ἀμεταθέτως

66 965 233 1002 προθέσθαι,
245 964 293 991 καὶ
306 963 482 1000 ἀπαράϐατον
494 962 636 998 φυλάττειν
647 961 677 989 τὺ
689 962 769 998 ἔργον

66 1020 117 1038 κου
137 1010 209 1046 μετὰ
223 1009 394 1045 βεϐαιώσεως
407 1008 576 1045 προελέσθαι.

72 1057 206 1083 ἑκούσια
224 1056 277 1083 τοῦ
296 1055 445 1090 στόματός
458 1063 518 1089 μου
534 1053 705 1088 εὐδόκησον
717 1053 768 1088 δὴ,

66 1124 73 1134 ,
96 1103 148 1130 καὶ
166 1102 204 1129 τὰ
225 1101 352 1137 κρίματά
371 1109 428 1129 σου
452 1100 577 1133 δίδαξόν
591 1109 640 1135 με,
663 1109 690 1126 κ.
705 1109 730 1126 τ.
744 1100 768 1127 ὲ.

66 1146 98 1176 ἶιν
127 1149 159 1176 οὐ
183 1148 365 1184 διετάχθημεν
390 1148 497 1179 ποιεῖν,
522 1146 590 1173 ἀλλὰ
613 1145 770 1181 προαιρέσει

66 1203 121 1227 ιεν,
137 1193 228 1221 ταῦτά
242 1201 322 1228 φησιν
339 1191 448 1219 ἑκούσια
469 1190 517 1217 τοῦ
536 1189 668 1225 στόματος
681 1188 768 1224 ἡμῶν·

66 1241 84 1267 εἰ
100 1239 250 1276 παρθενίαν
265 1239 388 1274 ἀσκήσω,
403 1237 436 1273 ἢν
450 1237 481 1264 οὺ
508 1235 695 1272 προσετάχθην
711 1234 771 1261 οὐδὲ

66 1285 144 1321 ὅσθην
157 1305 165 1317 ,
184 1285 241 1312 ἀλλ’
263 1283 394 1315 ἑκουσίως
411 1281 490 1309 τοῦτο
512 1282 622 1317 ποιῆσαι
646 1281 771 1316 κρεῖσσον

66 1342 122 1367 μαι.
134 1331 222 1359 Τοῦτο
237 1328 283 1358 οὖν
301 1330 456 1364 εὐδόκησον,
471 1328 568 1364 Κύριε.
586 1326 642 1354 Καὶ
658 1326 704 1352 ἐπὶ
723 1324 770 1352 ἆλ-

66 1379 76 1405 ἐ
90 1378 192 1414 ὁμοίως
216 1377 270 1403 τῶν
294 1375 364 1403 κατὰ
378 1374 424 1401 τὸν
440 1374 496 1410 βίον
510 1373 588 1410 ἡμῶν
601 1371 713 1400 τοιαῦτα
727 1371 769 1398 εὑ-

66 1432 116 1454 ιεν,
133 1419 171 1450 ὧν
185 1421 246 1449 τινὰ
263 1422 311 1457 μὲν
331 1420 462 1456 ποιοῦμεν
485 1418 524 1451 ὡς
541 1416 772 1454 προστεταγμένοι

66 1489 80 1501 ν,
92 1468 154 1496 τινὰ
170 1468 199 1495 δὲ
216 1467 371 1503 πράττομεν
386 1465 525 1496 ἑκουσίως.

817 224 862 250 tite
882 227 946 255 tum,
960 226 1014 250 etc.
1027 221 1139 250 Consilii
1160 221 1408 250 immutabiliutem
1417 222 1602 257 juramentum

817 268 972 303 appellavit.

853 316 990 350 Ejusdem.
1003 314 1071 348 Quid
1086 314 1135 342 sibi
1148 314 1199 342 hoc
1215 314 1274 342 loco
1284 315 1359 348 velit,
1376 324 1386 341 1
1395 315 1494 350 iuravi,
1507 326 1516 343 ι
1529 324 1603 351 qua:-

818 362 931 389 rendnm
941 365 992 388 est.
1004 370 1014 387 1
1026 360 1162 395 Disposuit
1172 365 1361 388 testamentum
1372 361 1465 389 electis
1479 363 1534 390 snis
1545 363 1576 390 ⁸³.
1590 372 1600 389 ι

817 405 905 441 Atque
929 406 981 433 hoc
998 409 1198 438 testamentum,
1214 406 1269 433 Deo
1286 405 1350 433 illud
1368 405 1460 434 electis
1475 407 1530 435 suis
1546 409 1601 434 dis-

818 456 943 487 ponente,
959 451 1044 478 ﬁdelis
1054 451 1183 486 suscepit,
1199 455 1279 486 atque
1290 451 1454 485 jnramenlis
1473 453 1603 488 quodam-

818 498 898 525 modo
908 505 938 525 se
951 497 1005 525 Deo
1015 498 1161 525 obstrinxit
1174 499 1321 533 suscipiens
1334 503 1523 527 testamentum
1534 499 1603 535 ejus,

818 547 848 570 ut
863 547 995 570 statueret
1007 546 1035 570 et
1046 543 1305 578 custodiretjudieia
1316 543 1430 578 justitite
1447 544 1527 572 illius.
1539 545 1601 573 Sta-

819 593 875 620 tno,
892 588 990 623 inquit,
1005 587 1050 615 illa
1063 587 1161 615 animae
1176 596 1242 616 mea:
1255 597 1262 615 :
1282 595 1309 617 et
1325 597 1387 616 cum
1403 590 1448 617 illa
1463 594 1584 618 statuero
1594 611 1602 622 ,

819 633 847 660 ﬁt
869 633 934 660 illud
951 633 1022 667 quod
1047 633 1116 667 apud
1135 632 1306 661 Salomonem
1330 634 1357 661 in
1382 634 1539 663 Proverbiis
1560 636 1604 662 di-

819 685 892 706 ctum
910 682 953 706 est
965 678 1008 706 ":
1026 686 1036 704 1
1052 678 1237 714 Cogitationes
1249 679 1384 714 iustorum
1397 680 1510 715 judicia.
1526 690 1535 707 ι
1555 680 1602 708 Illa

821 733 831 750 1
842 724 943 759 judicia
954 733 964 750 ι
985 729 1047 753 sunt
1070 734 1079 751 1
1090 725 1202 760 iustitiae
1216 734 1226 751 ι
1245 725 1312 753 Dei:
1332 730 1396 754 tunc
1411 731 1500 754 autem
1516 727 1600 761 fiunt,

818 769 926 804 quando
944 769 1033 803 jnravi
1057 774 1084 797 et
1107 769 1188 797 statui
1206 768 1251 796 illa
1276 769 1302 797 in
1326 771 1497 806 memetipso.
1517 771 1603 799 Porro

821 824 830 841 1
848 819 967 842 statuere
981 824 991 841 ι
1009 816 1060 843 hoc
1075 815 1136 843 loco
1151 815 1287 850 signiﬁcat
1304 815 1417 843 lirmiler
1439 818 1602 849 decernere;

819 865 846 888 et
871 870 880 887 1
894 860 987 895 iurare
1002 870 1011 887 ι
1033 861 1103 888 idem
1123 866 1164 889 est
1183 869 1215 889 ac
1233 861 1439 889 immutabiliter
1463 862 1526 889 illud
1542 870 1606 897 pro-

819 913 929 941 ponere.
937 911 965 934 et
975 914 1042 942 opus
1048 906 1225 942 jurisjurandi
1237 915 1297 935 cum
1307 907 1514 936 conﬁrmatione
1522 908 1605 937 invio-

819 953 903 982 latum
920 960 996 981 serva
1001 961 1029 981 re
1047 954 1125 981 velle.

849 1045 937 1083 _VERS.
960 1045 1021 1073 108.
1052 1043 1210 1072 Voluntaria
1228 1044 1281 1071 oris
1305 1045 1356 1071 mei
1377 1044 1535 1079 beneplacita
1551 1045 1605 1080 fac,

820 1092 931 1120 Domine
942 1111 951 1126 ,
967 1097 990 1118 et
1003 1091 1108 1126 judicia
1127 1094 1172 1117 tua
1186 1090 1249 1117 doce
1265 1098 1323 1122 me,
1339 1095 1393 1118 etc.
1407 1090 1474 1124 Qua:
1488 1098 1542 1118 non
1558 1099 1606 1118 su-

820 1147 880 1165 mus
891 1137 960 1172 jnssi
978 1137 1081 1169 facere.
1097 1136 1144 1163 sed
1157 1135 1242 1163 libera
1258 1136 1398 1164 voluntate
1412 1136 1528 1164 facimus
1540 1156 1548 1168 .
1572 1144 1604 1164 ea

820 1182 937 1217 appellnt
952 1180 1105 1209 voluntaria
1122 1180 1178 1207 oris
1195 1180 1298 1207 nostri:
1312 1180 1384 1207 verbi
1397 1180 1495 1216 gratia,
1512 1181 1534 1208 si
1550 1181 1606 1208 vir-

821 1228 961 1263 ginitatem
977 1227 1088 1254 coluero
1101 1245 1110 1258 ,
1130 1233 1190 1261 qure
1206 1226 1272 1253 ‘mibi
1299 1232 1387 1260 neque
1407 1231 1539 1262 pmcepta
1557 1234 1606 1254 ne-

821 1281 875 1308 que
896 1274 971 1308 jussa
989 1277 1027 1301 est
1039 1292 1047 1305 .
1066 1273 1113 1300 sed
1129 1276 1226 1306 sponte
1238 1272 1289 1300 hoc
1307 1273 1398 1306 facere
1412 1273 1509 1301 melius
1524 1273 1606 1308 eligo.

823 1318 879 1346 Hoc
900 1318 982 1354 igitur
998 1317 1196 1352 treneplacitum
1222 1318 1266 1345 fac
1281 1337 1289 1350 .
1307 1318 1429 1345 Domine.
1447 1318 1494 1345 Sic
1509 1323 1538 1345 et
1553 1318 1608 1346 alia

822 1364 978 1393 istiusmodi
1000 1365 1026 1391 in
1043 1363 1099 1391 vita
1114 1368 1207 1391 nostra
1225 1363 1402 1399 reperiemus,
1418 1372 1532 1399 quorum
1555 1364 1606 1392 ali-

822 1418 874 1446 qua
889 1410 998 1445 quidem
1014 1409 1084 1444 jussi
1103 1409 1177 1437 velut
1192 1409 1264 1437 servi
1284 1409 1399 1438 facimus
1411 1428 1420 1442 ,
1435 1409 1526 1445 aliqua
1542 1417 1606 1438 vero

824 1455 939 1484 facimus
963 1455 1060 1483 libere.

68 1499 153 1549 ψυχή
166 1523 227 1549 μου
239 1499 277 1540 ἓν
290 1499 356 1546 ταῖς
368 1511 455 1547 χερσί
465 1519 523 1539 σου
530 1510 702 1543 διαπαντὸς,
720 1509 770 1536 καὶ

859 1499 940 1528 Vens.
954 1500 1016 1528 109.
1032 1501 1127 1528 Amma
1142 1508 1200 1528 mea
1213 1501 1242 1528 in
1256 1500 1377 1528 manibus
1393 1501 1446 1528 luis
1458 1509 1567 1536 semper,
1582 1507 1608 1530 et

68 1562 150 1595 -όμου
165 1569 222 1588 σου
235 1560 290 1587 οὐκ
306 1558 503 1593 ἐπελαθόμην,
520 1566 547 1584 κ.
563 1566 589 1585 τ.
605 1557 627 1583 ἑ.
641 1556 772 1592 Ζητήσεις

66 1606 162 1642 ἡψυχὴ
178 1604 225 1632 τοῦ
242 1603 321 1631 Δαυῒδ
342 1604 371 1630 ὲν
392 1605 451 1635 ταῖς
473 1602 551 1639 χερσὶ⁵
568 1602 615 1629 τοῦ
631 1601 698 1628 Θεοῦ
714 1601 772 1627 δια-

66 1652 87 1683 5ς
97 1660 104 1666 ·
122 1651 236 1687 πότερον
251 1651 288 1682 ὡς
303 1651 331 1676 ὲν
344 1649 516 1685 δικαιοσύνῃ,
532 1648 548 1684 ἢ
565 1647 602 1680 ὡς
620 1648 648 1674 ὲν
663 1646 770 1681 γνώσει.

66 1697 128 1732 τάχα
149 1696 179 1723 τὸ
200 1696 352 1732 πρότερον’
371 1693 492 1729 ἀγγέλων
507 1693 557 1729 μὲν
579 1693 632 1728 γάρ
660 1692 718 1718 ἐστι
743 1691 774 1718 τὸ

66 1742 131 1774 amb;
155 1741 263 1777 βλέπειν
281 1740 312 1767 τὸ
335 1740 478 1776 πρόσωπον
492 1738 538 1765 τοῦ
555 1738 633 1770 Θεοῦ,
649 1737 773 1764 τουτέστι

66 1788 168 1824 ιεωρίαν
189 1789 287 1820 αὑτοῦ,
316 1786 468 1823 ἀνθρώπων
485 1785 513 1813 δὲ
530 1786 561 1812 τὸ
575 1785 702 1812 δύνασθαι
717 1784 774 1810 δια-

66 1837 89 1865 );
103 1834 306 1870 δικαιοπραγεῖν
328 1833 389 1860 κατ’
408 1832 557 1868 ἐνέργειαν·
575 1832 644 1867 ὅπερ
670 1830 729 1857 ἐστὶ
744 1829 775 1856 τὸ

75 1882 103 1906 ὲν
126 1882 185 1911 ταῖς
204 1879 282 1915 χερσὶ
303 1878 350 1905 τοῦ
367 1878 444 1905 Θεοῦ·
462 1879 479 1913 ἡ
496 1877 550 1913 γὰρ
567 1877 638 1904 κατὰ
655 1875 774 1903 διάνοιαν

66 1925 180 1962 οπραγία
197 1925 270 1961 μόνῳ
286 1924 390 1960 προσῆν
406 1923 446 1959 τῷ
464 1923 584 1959 Χριστῷ,
600 1923 629 1954 ὃς
641 1922 774 1958 ἁμαρτίαν

66 1971 174 2006 ποίησε,
185 1969 304 2006 δηλονότι
315 1970 374 1995 κατ’
390 1969 539 2004 ἐνέργειαν,
553 1968 600 1994 καὶ
612 1967 660 2002 οὺχ
676 1965 773 2002 εὑρέθη

82 2017 109 2042 ὲν
127 2015 164 2051 τῷ
182 2015 294 2050 στόματι
321 2013 402 2040 αὐτοῦ
414 2021 421 2028 ·
442 2013 543 2047 σαφὲς,
568 2012 609 2038 ὅτι
631 2011 701 2038 κατὰ
719 2010 775 2038 διά-

66 2073 77 2094 η,
96 2062 140 2095 ἀφ’
160 2056 194 2095 ἧς
207 2060 384 2096 προέρχονται
400 2059 435 2086 τὰ
450 2058 565 2094 περιττὰ
584 2057 634 2093 τῆς
650 2057 773 2093 καρδίας.

66 2106 152 2141 ψυχήν
171 2106 217 2141 μοὺ
237 2111 279 2132 σοι
295 2103 439 2139 ἐγχειρίζω
465 2103 579 2129 πάντοτε
589 2122 596 2134 ,
612 2102 642 2128 σὲ
658 2101 775 2138 φρουρὸν

66 2153 124 2188 ἱμαι
140 2152 185 2179 καὶ
201 2150 407 2187 ὐπερασπιστὴν
430 2149 477 2176 καὶ
492 2148 660 2184 κυϐερνήτην
677 2148 773 2183 αὐτῆς·

823 1547 904 1583 legem
923 1553 997 1573 tuam
1015 1555 1066 1573 mm
1080 1554 1137 1574 sum
1152 1547 1259 1579 oblitus.
1275 1551 1329 1575 etc.
1346 1547 1457 1580 Quaeres
1473 1549 1608 1583 quomodo

824 1593 914 1620 anima
933 1591 1042 1619 Davidis
1061 1592 1087 1618 in
1108 1591 1234 1619 manibus
1249 1591 1297 1620 Dei
1314 1592 1397 1621 fuerit
1418 1601 1547 1628 semper:
1572 1602 1606 1621 an

825 1642 952 1673 tanquam
970 1637 996 1665 in
1007 1637 1113 1672 jnstitia
1126 1657 1134 1670 ,
1151 1637 1194 1664 vel
1208 1641 1336 1671 tanquam
1354 1638 1380 1665 in
1393 1639 1558 1674 cognitione.
1574 1639 1608 1666 Et.

824 1683 894 1711 forte
907 1682 991 1718 priori
1009 1683 1107 1710 modo:
1132 1689 1195 1709 nam
1214 1683 1372 1716 angelorum
1389 1689 1433 1711 est
1446 1691 1553 1719 semper
1567 1685 1606 1711 vi-

824 1729 889 1756 dere
901 1728 997 1756 faciem
1013 1728 1071 1760 Dei,
1087 1728 1138 1755 hoc
1152 1732 1194 1755 est
1208 1728 1308 1755 habere
1323 1728 1394 1755 illius
1406 1729 1609 1764 contemplatio-

825 1782 904 1805 nem;
930 1774 1068 1801 hominum
1091 1780 1157 1799 vero
1186 1779 1264 1807 posse
1289 1780 1396 1807 semper
1413 1774 1485 1808 quod
1504 1774 1608 1808 justum

824 1825 867 1847 est
888 1819 1033 1846 eilicaciter
1057 1818 1164 1852 operari
1181 1826 1188 1845 :
1207 1818 1278 1853 quod
1298 1821 1342 1845 est
1360 1818 1386 1845 in
1411 1819 1536 1846 manibus
1561 1819 1607 1846 Dei

824 1872 903 1893 esse:
931 1872 992 1892 nam
1008 1869 1098 1892 mente
1115 1868 1191 1892 recte
1213 1871 1295 1899 agere
1319 1863 1404 1891 solius
1417 1868 1476 1890 erat
1496 1864 1608 1897 Christi,

825 1911 870 1946 qui
885 1914 1024 1946 peccatum
1039 1917 1093 1937 non
1105 1909 1180 1942 fecit,
1195 1908 1322 1937 videlicet
1336 1913 1409 1943 actu,
1423 1916 1473 1937 nec
1485 1910 1610 1937 inventus

825 1962 866 1984 est
880 1956 957 1984 dolus
971 1956 998 1984 in
1013 1963 1061 1983 ore
1074 1955 1133 1991 ejus
1146 1955 1180 1989 δ’,
1193 1955 1322 1983 nimirum
1335 1960 1436 1989 mente,
1450 1962 1465 1982 a
1477 1963 1530 1990 qua
1548 1963 1610 1990 pro—

825 2004 924 2031 cedunt
941 2003 1074 2038 superﬂua
1097 2002 1198 2030 cordis.
1221 2002 1349 2029 Animam
1364 2008 1450 2029 meam
1469 2002 1517 2030 tibi
1535 2010 1602 2029 com-

825 2049 904 2076 mitto
926 2056 1045 2083 semper,
1065 2053 1091 2076 te
1105 2048 1254 2080 custodem.
1269 2051 1450 2082 protectorem
1465 2054 1498 2075 ac
1511 2046 1612 2080 guber-

827 2100 948 2123 natorem
962 2095 1047 2131 809
1058 2095 1130 2122 illius
1141 2094 1223 2127 facio,
1237 2099 1265 2122 et
1277 2099 1418 2130 propterea
1433 2094 1519 2128 legem
1534 2098 1610 2120 tuam

827 2148 878 2168 n0u
891 2149 950 2168 sum
964 2141 1074 2174 oblitus,
1087 2148 1123 2169 ne
1135 2140 1240 2169 cadam.
1253 2139 1348 2168 Omnis
1362 2140 1407 2174 qui
1420 2140 1536 2174 seipsum
1555 2137 1611 2166 Deo

66 2183 98 2224 ῐίὰ
112 2196 187 2224 τοῦτο
198 2195 244 2223 τοῦ
256 2183 339 2231 νόμου
357 2183 404 2220 σου
419 2194 469 2220 οὐκ
479 2183 661 2228 ἐπελαθόμην,
677 2192 720 2218 ἴνα
737 2192 774 2228 μὴ

828 2185 938 2216 addicit,
948 2186 1066 2213 animam
1073 2191 1150 2213 suam
1164 2186 1192 2213 in
1205 2185 1330 2213 manibus
1342 2184 1400 2220 ejus
1410 2185 1503 2217 tradit,
1518 2191 1610 2219 quern—

66 2243 134 2270 πέσω.
150 2242 206 2273 Πᾶς
224 2241 239 2267 ό
255 2240 363 2272 ἀναθεὶς
377 2239 472 2266 ἑαυτὸν
485 2239 525 2274 τῷ
541 2238 609 2274 Θεῷ,
624 2238 672 2274 τὴν
686 2238 775 2273 ψυχὴν

66 2289 80 2315 ῦ
97 2287 268 2323 παρατίθεται
287 2287 326 2318 είς
348 2286 396 2317 τὰς
411 2286 504 2321 χεῖρας
515 2284 606 2317 αὑτοῦ,
622 2283 713 2315 καθὼς
728 2283 775 2310 καὶ

68 2334 114 2370 χοῦ
139 2331 222 2360 εἶπεν·
251 2341 260 2358 ι
280 2332 341 2359 ’Ότι
357 2332 389 2358 σὺ
411 2330 436 2358 εἴ
451 2332 465 2358 ὸ
482 2330 689 2366 ὑπερασπιστὴς
712 2338 773 2365 μου,

66 2389 96 2412 ιε,
113 2380 149 2411 εἰς
163 2379 253 2415 χεῖράς
269 2387 316 2405 σου
333 2376 526 2412 παραθήσομαι
534 2375 564 2402 τὸ
576 2375 684 2410 πνεῦμά
697 2383 773 2410 μου.)

66 2428 76 2454 ι
94 2426 191 2463 μερίζει
213 2424 307 2452 ἑαυτὸν
321 2424 360 2456 εἰς
375 2423 470 2458 ἡδονὰς
484 2423 530 2449 καὶ
545 2421 617 2457 πάθη
634 2420 778 2457 σωματικὰ

66 2471 199 2509 φροντίδας
216 2470 360 2507 βιωτικὰς,
378 2470 408 2496 οὺ
426 2467 604 2504 παρατίθεται
619 2467 668 2502 τὴν
689 2466 776 2502 ψυχὴν

66 2520 86 2546 ›ὖ
100 2519 137 2550 εἰς
153 2519 240 2554 χεῖρας
257 2516 335 2543 Θεοῦ.
518 2542 520 2544 ,

66 2564 98 2591 οῦ
115 2563 208 2590 αὐτοῦ.
232 2562 260 2588 ’0
282 2561 310 2588 δὲ
328 2559 443 2591 Ἀκύλας
457 2559 538 2585 οὕτω*
556 2567 566 2584 ι
586 2557 665 2592 Ψυχή
682 2565 732 2592 μου
748 2557 777 2583 ἐν

66 2610 97 2645 ιῷ
110 2618 153 2645 μου
165 2607 304 2643 ἐνδελεχῶς
314 2606 360 2633 καὶ
369 2605 510 2641 διηνεκῶς,
523 2603 570 2630 καὶ
581 2603 662 2638 νόμου
673 2611 719 2629 σου
727 2602 777 2628 οὐκ

66 2655 178 2690 λαθόμην·
197 2663 205 2679 ι
217 2655 231 2679 ὁ
248 2653 276 2679 δὲ
299 2652 454 2687 Σύμμαχος·
474 2659 483 2676 1
509 2650 540 2676 Ἡ
556 2649 627 2685 ψυχή
645 2657 694 2684 μου
709 2647 777 2683 μετὰ

66 2701 101 2732 ›ά.ς
118 2708 162 2734 μου
185 2697 334 2729 διαπαντός·
358 2707 366 2722 ι
383 2698 400 2731 ἡ
415 2696 443 2723 δὲ
457 2695 569 2730 πέμπτη
592 2694 692 2730 ὁμοίως
722 2693 777 2724 τοῖς

66 2746 214 2781 δομήκοντα.

66 2837 71 2852 ι
86 2834 147 2862 Psal.
161 2839 284 2862 mxvut,
300 2831 326 2857 ι.
362 2831 386 2846 ⁸³
402 2830 482 2857 Prov.
497 2837 546 2863 xu,
561 2829 589 2857 5.
627 2829 649 2845 "
664 2827 755 2856 IPetr.
774 2834 804 2859 ιι,
818 2825 864 2852 2⁸2.
905 2824 927 2840 ⁸⁸
942 2823 1014 2852 I‘sal.
1027 2831 1091 2856 xu,
1106 2823 1133 2856 5,
1149 2823 1175 2852 6,

183 2879 312 2909 ΡΑτιιοι.
331 2877 390 2907 Gn.
415 2875 485 2907 XII.

828 2230 971 2257 admodum
1000 2235 1027 2258 et
1056 2230 1120 2258 alibi
1134 2230 1157 2247 ⁸⁵
1170 2231 1236 2258 dicit
1253 2238 1261 2258 :
1278 2240 1288 2256 ι
1304 2230 1436 2264 Quoniam
1456 2234 1483 2257 tu
1502 2237 1531 2257 es
1546 2237 1611 2264 pro-

829 2279 915 2303 tector
937 2283 1012 2303 meus
1024 2296 1032 2308 ,
1052 2276 1184 2309 Domine,
1202 2276 1229 2303 in
1255 2284 1353 2304 manus
1377 2281 1438 2304 tuas
1452 2276 1612 2304 commendo

828 2321 952 2356 spiritum
967 2329 1067 2349 meum.
1085 2330 1095 2347 ι
1116 2321 1144 2348 Si
1163 2325 1251 2349 autem
1269 2322 1389 2356 seipsum
1411 2321 1509 2357 partim
1531 2321 1613 2349 tradit

829 2367 1014 2402 voluptatibus
1039 2372 1068 2395 et
1094 2367 1236 2395 affectibus
1263 2367 1401 2402 corporeis
1423 2371 1506 2402 atque
1531 2367 1612 2402 hujus

829 2415 890 2441 vitae
904 2414 989 2447 curis,
1005 2421 1057 2441 non
1071 2414 1244 2442 commendat
1255 2414 1373 2441 animam
1385 2421 1462 2442 suam
1474 2413 1503 2441 in
1516 2420 1612 2442 manus

831 2460 876 2488 Dei
881 2480 888 2488 .

860 2552 995 2587 Ejusdem.
1010 2552 1105 2587 Aquila
1118 2552 1157 2580 sic
1171 2552 1251 2579 vertit
1266 2559 1274 2579 :
1291 2560 1301 2577 1
1315 2551 1413 2578 Anima
1426 2557 1484 2577 mea
1503 2550 1530 2577 in
1549 2549 1609 2577 vola

827 2606 885 2626 mea
901 2599 1087 2626 indesinenter
1103 2603 1130 2626 et
1144 2603 1284 2633 perpetuo,
1306 2602 1334 2625 et
1352 2597 1437 2633 legem
1462 2601 1534 2623 tuam
1558 2603 1611 2623 non

825 2653 885 2672 sum
902 2645 1011 2672 oblitus.
1025 2654 1033 2670 I
1048 2644 1226 2679 Symmachus
1244 2652 1251 2671 :
1269 2652 1278 2670 1
1291 2643 1386 2671 Anima
1401 2650 1459 2670 mea
1477 2646 1538 2677 post.
1554 2648 1611 2667 ma-

827 2698 878 2717 nus
895 2697 970 2717 meas
999 2696 1122 2723 semper;
1138 2698 1148 2715 ι
1171 2689 1265 2723 quinta
1295 2693 1386 2716 autem
1409 2686 1493 2714 editio
1517 2685 1612 2713 eodem

827 2735 908 2763 modo
925 2743 958 2763 ac
978 2735 1156 2770 Septuaginta
1172 2735 1346 2770 interpretes.
