1889 3052
192 121 256 148 1611

229 179 307 206 Vens.
329 178 391 206 110.
412 178 559 205 Poruerunt
575 181 723 212 peccatores
735 176 855 212 laqueum
869 176 942 208 mihi,
955 182 977 203 et
994 178 1017 206 Α

191 227 224 251 de
239 224 373 251 mundatis
394 224 444 250 tuis
457 231 508 250 non
525 222 623 254 erravi,
644 226 696 249 etc.
720 221 880 250 Peccatores
899 223 980 257 justis

193 271 323 304 plurimos
341 269 486 304 variosque
502 268 613 302 laqueos
627 272 734 301 texunt,
763 269 844 295 veluti
862 268 981 303 Josepho

194 317 291 343 mulier
307 315 430 350 Egyptia
448 314 616 348 fratresque;
639 314 740 341 Danieli
763 315 788 341 hi
806 315 851 350 qui
867 323 882 342 a
901 315 981 342 Dario

194 367 353 396 potestatem
375 364 557 395 acceperant;
587 360 633 388 sed
664 360 775 387 minime
803 368 817 387 a
846 361 981 388 mandatis

196 408 242 434 Dei
268 409 430 434 aberrarunt
448 417 454 435 ι
471 411 639 442 quapropter
674 406 777 441 laqueis
807 407 981 435 sublimiores

172 460 180 472 ι
193 453 310 480 fuerunt.

228 499 310 526 Vens.
337 499 398 525 111.
430 497 591 525 Ηαξνειίὶιαιε
611 496 738 531 acquisiui
757 496 908 523 testimonia
934 500 981 522 tua

193 546 221 571 in
237 551 375 576 retentum,
403 544 465 579 quia
491 543 633 570 exsultatio
650 543 738 569 cordis
760 543 811 569 mei
829 548 900 574 sum,
926 547 978 569 etc.

193 589 244 623 Qui
264 589 398 617 mandatis
416 589 463 616 Dei
482 588 663 619 delectantur,
686 591 713 614 et
729 586 830 620 justam
845 587 979 614 actionem

194 635 408 670 amplectuntur,
447 634 474 662 hi
509 640 618 669 Semper
647 634 805 661 haereditate
838 633 981 668 acquirunt

196 681 354 709 testimonia
371 682 441 714 ejus.
466 680 502 707 Ea
519 679 652 715 siquidem
668 686 722 714 pra:
735 679 861 706 omnibus
876 686 936 713 qum
952 679 978 705 in

195 727 297 754 mundo
313 731 377 754 sunt
391 727 416 754 in
433 730 535 754 sortem
550 734 583 752 ac
598 726 749 760 portionem
766 724 898 756 obtinent,
914 729 941 751 ct
956 724 978 750 si

194 774 258 808 quid
273 777 384 807 propter
399 772 443 800 illa
456 772 579 807 perpessi
595 771 708 803 fuerint,
723 771 857 805 laetantur.

231 817 312 845 Vens.
330 818 390 845 “2.
408 817 537 845 lnclinavi
552 826 596 844 cor
609 825 694 844 meum
707 817 741 843 ad
752 816 886 850 faciendas
894 816 978 851 justi-

194 863 331 897 ﬁcatiane:
341 868 399 889 tua:
414 863 441 888 in
454 867 579 889 retentum
594 865 698 895 propter
709 861 915 893 retributionem,
927 865 978 888 etc.

196 909 335 941 lnclinavi,
349 907 411 943 quia
429 908 548 935 sciebam
566 907 713 942 repositam
735 907 798 933 mihi
816 914 876 934 esse
899 907 979 934 retri-

195 954 344 986 butionem,
363 953 434 988 quod
449 957 489 980 est
506 961 619 988 regnum
634 953 678 980 Dei
696 961 702 979 :
719 961 728 978 ε
741 952 805 985 Quae
819 952 912 979 oculus
927 959 979 979 non

195 999 273 1031 vidit,
288 1006 338 1026 nec
352 997 427 1025 auris
444 999 557 1029 audivit,
575 1005 624 1025 nee
644 998 670 1024 in
692 1004 740 1025 cor
755 997 873 1025 hominis
887 1005 981 1025 ascert-

194 1044 245 1076 dit.
260 1051 321 1078 qua:
335 1043 497 1082 praeparavit
515 1043 585 1070 Deus
602 1042 774 1078 diligentibus
790 1049 820 1070 se
834 1041 867 1069 ⁴⁹.
890 1051 900 1068 ι

230 1089 366 1124 Ejusdem.
411 1088 564 1116 Rexributio
591 1087 837 1121 justillcationum,
863 1088 981 1123 cognitio

194 1135 302 1163 illarum
315 1141 368 1163 est.

231 1181 312 1209 Vens.
338 1181 398 1208 H5.
418 1179 528 1216 Iniqua:
549 1180 609 1206 odio
635 1180 735 1211 habui,
758 1184 782 1206 et
804 1180 886 1215 legem
908 1185 980 1207 tuam

193 1226 285 1259 a'ilezi,
315 1231 370 1254 etc.
401 1226 522 1260 Iniquus,
551 1230 686 1259 quatenus
712 1225 822 1260 iniquus
842 1229 893 1257 est,
918 1226 981 1253 odio

194 1271 308 1298 habetur
322 1280 329 1303 ;
355 1275 490 1305 quatenus
510 1274 599 1297 autem
617 1271 706 1305 imago
719 1276 746 1298 et
760 1270 917 1305 ﬁgmentum
934 1270 979 1298 Dei

192 1320 244 1348 est,
270 1315 400 1351 diligitur.
429 1315 487 1342 Sub
517 1315 568 1342 hoc
594 1315 677 1349 igitur
706 1315 826 1343 secundo
856 1321 979 1351 respectu

193 1361 276 1388 etiam
290 1361 323 1387 ad
335 1368 382 1388 eos
399 1360 445 1394 qui
460 1367 571 1388 carcere
593 1361 749 1388 detinentur
760 1361 888 1389 accedere
899 1361 979 1397 jube-

194 1414 254 1432 Inur
271 1411 300 1433 et
315 1406 392 1433 malis
404 1406 576 1433 benefacere.
603 1405 696 1433 Potest
718 1411 810 1434 autem
827 1406 911 1434 David
929 1408 980 1434 hoc

194 1449 252 1478 loco
270 1451 379 1485 iniquos
395 1450 487 1478 dicere
510 1457 653 1478 sermones
677 1444 704 1477 et
730 1451 803 1486 leges
826 1459 895 1486 quas
917 1451 980 1479 odio

194 1495 300 1523 habuit.

229 1541 369 1576 Ejusdem.
400 1540 458 1568 Non
488 1541 550 1568 odio
580 1541 674 1568 habuit
699 1542 806 1576 iniquos
828 1542 978 1571 homines:

194 1596 256 1614 nam
274 1595 308 1614 ex
323 1587 383 1622 ejus
395 1587 450 1614 vita
464 1587 547 1621 liquet
570 1588 595 1614 ei
617 1595 668 1615 non
694 1587 777 1615 fuisse
793 1589 855 1616 odio
872 1589 981 1624 iniquos

195 1633 318 1660 homines
335 1641 342 1660 :
360 1640 447 1668 neque
463 1633 534 1660 enim
551 1633 712 1668 parricidam
736 1633 896 1662 Abessalom
917 1635 980 1662 odio

195 1680 300 1712 habuit.
325 1687 412 1714 neque
436 1679 544 1710 Saftiem
565 1679 609 1712 qui
639 1679 729 1705 varias
751 1679 845 1706 Davidi
867 1679 980 1707 insidias

193 1729 331 1753 alruxcrat
356 1729 383 1752 et
407 1725 440 1752 de
462 1732 516 1759 quo
532 1724 600 1751 dixit
617 1724 686 1751 Dens
698 1725 721 1740 “
743 1733 750 1750 ;
771 1733 780 1749 ι
795 1724 912 1751 Ρωιιίιει
937 1733 980 1752 me

193 1771 264 1805 quod
276 1770 401 1798 unxerim
415 1770 479 1797 Saﬁl
495 1769 521 1796 in
534 1777 624 1804 regem
638 1778 645 1802 ;
659 1778 668 1794 ι
687 1777 775 1804 neque
790 1769 872 1796 alium
885 1777 978 1804 quem-

193 1816 264 1851 piam
283 1815 417 1849 iniquum.
442 1814 624 1847 Quamobrem
642 1824 651 1840 ι
666 1814 773 1849 iniquos
788 1823 798 1841 ι
817 1814 911 1842 dicens
925 1821 978 1841 non

192 1861 295 1888 addidit
315 1860 484 1887 «homines:
504 1869 513 1885 ι
544 1867 606 1886 nam
632 1864 767 1893 quatenus
784 1864 895 1887 sanctus
916 1860 978 1887 odio

192 1906 309 1934 habebat
329 1905 413 1940 διο
432 1912 462 1931 ea
485 1912 546 1939 qua:
565 1904 627 1931 odio
650 1904 728 1938 digna
744 1909 818 1937 sunt,
838 1911 978 1932 sermones

193 1952 312 1986 iniquos,
325 1952 450 1985 dogmata
473 1950 575 1984 iniqua,
595 1950 733 1978 doctrinas
747 1950 888 1985 ejusmodi,
913 1949 978 1977 all'e-

192 2002 265 2023 etum
292 2004 347 2030 quo
361 1997 390 2022 lit
411 2001 440 2022 ut
455 2001 577 2030 peccent.
599 1994 676 2023 Unde
696 1995 866 2022 sermonibus
879 1995 978 2030 iniquis

193 2041 348 2076 anteposuit
361 2041 486 2067 dilectam
506 2041 601 2075 legem.
618 2039 675 2067 lloc
688 2048 771 2068 sensu
787 2046 814 2068 et
832 2044 936 2074 patrem
951 2046 979 2068 et

193 2091 305 2113 matrem
332 2085 395 2112 odio
418 2085 519 2113 habere
541 2086 679 2120 jttbemur,
710 2085 762 2114 hoc
782 2090 824 2114 est
845 2087 976 2121 aversari,

192 2139 254 2159 cum
267 2138 317 2158 nos
329 2132 363 2158 ad
375 2130 540 2166 impietatem
555 2137 724 2165 provocant,
749 2132 791 2160 vel
813 2139 828 2159 a
849 2133 978 2168 martyrio

192 2177 339 2204 scettndum
366 2177 505 2205 Christum
536 2178 661 2206 obeundo
693 2178 882 2207 dehortantur.
908 2178 975 2206 Nam

191 2222 311 2257 alioquin
327 2223 408 2250 etiam
423 2223 549 2250 inimicos
569 2228 676 2251 nostros
704 2224 818 2259 diligere
835 2224 975 2258 jubemur.

191 2269 247 2297 Deo
272 2274 362 2297 autem
386 2269 513 2297 hortante
536 2275 564 2297 ut
590 2271 673 2298 etiam
694 2270 832 2305 propriam
857 2271 975 2298 animam

191 2316 340 2348 oderimus,
355 2315 482 2343 similiter
496 2319 523 2343 et
541 2315 664 2343 homines
680 2316 763 2350 iniqui
783 2316 846 2343 odio
859 2316 975 2343 habendi

190 2367 264 2395 sunt,
280 2366 310 2389 ut
325 2362 398 2398 ipsos
409 2367 602 2390 convcrtamus
618 2362 729 2390 meliore
741 2363 793 2389 vita
810 2367 901 2390 nostra
923 2370 975 2397 qua

191 2409 220 2435 ﬁt
238 2413 266 2435 ut
283 2408 342 2436 istis
356 2408 460 2436 similes
475 2416 528 2436 non
543 2409 640 2436 simus.

224 2453 306 2481 Vens.
321 2453 382 2482 115.
399 2453 534 2481 Declinate
552 2463 568 2480 α
586 2462 636 2487 me,
652 2454 779 2488 maligni,
797 2459 820 2482 et
839 2454 976 2481 scrutabor

189 2501 316 2526 mandata
333 2499 381 2526 Dei
401 2499 462 2533 mei,
480 2505 535 2527 etc.
558 2499 614 2526 Nisi
638 2499 836 2527 declinaverint
860 2506 874 2526 a
898 2500 975 2526 nobis

188 2545 335 2578 daemones,
353 2546 480 2573 mandata
498 2546 543 2574 Dei
560 2546 649 2573 facere
675 2553 728 2573 non
749 2546 891 2573 valemus:
911 2553 973 2573 nam

189 2593 320 2619 adversus
334 2592 378 2619 illa
395 2592 514 2620 maxime
527 2593 681 2627 insurgunt,
704 2600 736 2620 eo
760 2593 832 2627 quod
859 2593 902 2619 illa
927 2593 972 2621 Dei

188 2637 331 2664 scientiam
349 2638 496 2673 prtebcant.

225 2728 305 2754 \tsns.
325 2729 383 2756 116.
405 2731 512 2763 Suscipe
531 2739 570 2757 me
585 2732 726 2756 secundum
743 2731 872 2765 eloquium
886 2736 971 2762 qum,

225 2819 267 2845 “'l
285 2818 344 2845 Cor-
364 2827 395 2851 tt.
410 2822 436 2848 υ.
472 2822 494 2836 ⁵⁰
511 2821 598 2856 lllcg.
617 2830 660 2856 xv,
681 2823 721 2850 ll.

889 119 934 147 EX
952 116 1102 147 OlllGENE

1761 117 1823 144 1612

1069 177 1191 203 Ἕθεντο
1204 175 1370 210 ἁμαρτωλοὶ
1384 176 1494 210 παγίδα
1507 185 1568 210 μοι,
1587 175 1638 202 καὶ
1649 175 1685 202 ἐκ
1704 175 1765 201 τῶν
1778 176 1822 202 ἐγ-

1031 220 1128 248 τολῶν
1148 229 1206 248 σου
1233 222 1288 247 οὐκ
1313 220 1498 254 ἐπλανήθην,
1513 230 1540 247 κ.
1560 229 1586 246 τ.
1610 221 1635 247 ὲ.
1653 219 1777 254 Παγίὸας
1801 222 1823 247 οἱ

1031 266 1187 301 ἁμαρτωλοὶ
1209 265 1308 297 πολλὰς
1323 267 1380 296 τοῖς
1405 266 1518 297 δικαίοις
1540 265 1589 292 καὶ
1612 265 1764 300 διαφόρους
1780 267 1823 300 ,ιά-

1031 321 1154 339 πτουσιν·
1168 309 1223 338 οἷον
1237 311 1276 346 τῷ
1298 311 1396 346 Ἰωσὴφ
1414 312 1430 346 ἡ
1445 311 1584 344 Αἰγυπτία.
1600 311 1650 337 καὶ
1663 311 1690 336 οἱ
1706 311 1822 345 ἀδελφοϋ

1030 359 1069 394 τῷ
1092 357 1191 393 Δανιὴλ
1212 358 1237 383 οἱ
1263 357 1316 384 ἀπὸ
1332 357 1378 383 τοῦ
1401 358 1514 392 Δαρείου
1539 357 1672 388 λαϐόντες
1690 357 1823 389 ἐξουσίαν·

1031 404 1087 432 ἀλλ’
1098 404 1148 431 οὐκ
1163 403 1394 439 ἀπεπλανήθησαν
1410 403 1462 430 τῶν
1479 403 1594 429 ἐντολῶν
1611 403 1660 429 τοῦ
1673 403 1756 429 Θεοῦ·
1785 403 1826 429 διὰ.

1030 450 1109 477 τοῦτο
1122 450 1176 476 τῶν
1188 449 1308 483 παγίδων
1323 449 1452 485 ἀνώτεροι
1466 449 1599 483 ἐγένοντο.

1073 496 1315 530 Ὲκληρονόμησα
1328 496 1365 521 τὰ
1374 494 1520 528 μαρτύριά
1529 502 1588 521 σου
1599 496 1647 528 εἰς
1661 493 1826 526 τόναὶώτα,

1031 542 1075 569 ὅτι
1088 541 1257 576 (ty-(41.1mm
1268 540 1322 574 τῆς
1329 539 1451 574 καρδίας
1460 549 1521 575 μου
1529 541 1620 572 εἰσιν,
1634 549 1662 567 κ.
1675 549 1703 567 τ.
1716 541 1740 568 ὲ.
1753 541 1828 567 Ὅσοι

1031 588 1152 623 χαίρουσι
1168 588 1227 618 ταῖς
1241 586 1360 617 ὲντολαῖς
1374 585 1421 612 τοῦ
1443 586 1520 618 Θεοῦ,
1538 586 1586 613 καὶ
1596 587 1649 622 τὴν
1666 586 1830 622 δικαιοπραρ

1030 633 1092 667 γίαν
1108 631 1284 664 ἀσπάζονται,
1299 629 1371 659 οὗτοι
1386 632 1530 663 διαπαντὸς
1548 632 1772 668 κληρονομοῦσι-δ
1786 634 1831 659 αὺ-

1030 679 1077 705 τοῦ
1092 679 1126 705 τὰ
1138 678 1285 714 μαρτύρια,
1300 678 1400 714 κλῆρον
1418 678 1486 704 αὐτὰ
1500 678 1547 704 καὶ
1567 678 1670 713 μερίδα
1686 679 1752 705 ἀντὶ
1765 679 1831 705 πᾶν·

1029 733 1084 750 των
1097 723 1150 750 τῶν
1161 725 1191 751 ὲν
1201 723 1239 758 τῷ
1246 724 1341 758 κόσμῳ
1351 723 1495 759 κτώμενοι,
1503 724 1549 750 καὶ
1559 724 1630 759 ὅπερ
1644 723 1697 750 ἐὰν
1707 724 1833 751 πάθωσιν

1031 769 1074 795 ἐπ’
1088 770 1188 801 αὐτοῖς,
1203 769 1420 804 εὐφραινόμενοι.

1065 816 1187 842 Ἔκλινιι
1214 815 1272 849 τὴν
1287 815 1415 849 καρδίαν
1434 823 1494 849 μου
1509 815 1563 841 τοῦ
1579 815 1714 849 ποιῆσαι
1736 815 1776 842 τὰ
1793 816 1833 842 ει-

1032 860 1181 896 καιώματά
1193 869 1250 888 σου
1264 862 1307 894 εὶς
1316 860 1369 887 τὸν
1377 859 1467 887 αἰῶνα
1481 859 1517 886 δι’
1526 860 1727 894 (incipe-13hr,
1738 869 1767 888 κ.
1776 869 1801 886 τ.
1813 862 1834 886 ἐ.

1031 906 1116 938 Είδὼς
1137 906 1322 942 ἀποκειμένην
1343 906 1459 941 ἀμοιϐὴν
1473 906 1574 938 ἐκλινα,
1593 907 1658 942 ἣτις
1678 908 1743 934 ἐστὶ
1762 908 1835 943 βατι-

1031 952 1089 979 λεία
1115 952 1192 978 Θεοῦ·
1213 962 1222 977 ς
1240 952 1274 978 Ἃ
1302 951 1439 986 ὀφθαλμὸς
1464 952 1514 978 οὐκ
1543 950 1608 985 εἶδε,
1633 953 1686 979 καὶ
1717 952 1768 986 οὖς
1787 955 1835 981 οὐκ

1031 999 1142 1034 ἢκουσε,
1163 998 1210 1024 καὶ
1234 997 1281 1023 ἐπὶ
1309 997 1422 1031 καρδίαν
1450 997 1594 1033 ἀνθρώπου
1618 999 1675 1025 οὐκ
1699 999 1800 1035 ἀνέΰη,
1819 1001 1836 1026 Et

1032 1044 1178 1078 ἡτοίμασεν
1192 1044 1206 1069 ὁ
1216 1042 1281 1074 Θεὸς
1297 1044 1354 1074 τοῖς
1369 1042 1511 1076 ἀγαπῶσιν
1528 1043 1619 1069 αὐτόν.
1635 1053 1647 1069 ι

1069 1087 1124 1115 Τοῦ
1146 1087 1249 1115 αὐτοῦ.
1273 1087 1306 1113 'H
1325 1087 1486 1122 ἀντάμειψις
1509 1087 1562 1113 τῶν
1588 1087 1803 1124 δικαιωμάτων,
1819 1091 1835 1124 ἠ

1030 1133 1131 1168 γνῶσις
1145 1133 1235 1160 αὐτῶν
1252 1134 1336 1160 ἐστιν.

1067 1180 1263 1214 Παρανόμους
1284 1179 1426 1213 ἐμίσησα,
1443 1178 1496 1205 τὸν
1509 1177 1543 1204 δὲ
1557 1179 1658 1213 νόμον
1686 1188 1749 1208 σου
1764 1180 1835 1215 imi.

1030 1233 1124 1259 πησα,
1142 1233 1168 1251 κ.
1178 1233 1202 1250 τ.
1215 1225 1239 1250 ὲ.
1262 1223 1293 1251 Ὀ
1304 1224 1471 1260 παράνομος,
1486 1223 1552 1250 καθὸ
1568 1225 1736 1260 παράνομος
1748 1226 1835 1261 ὑπάρ-

1030 1279 1083 1306 χει,
1104 1271 1216 1306 μισητός
1232 1271 1299 1297 ὲστι·
1320 1269 1388 1296 καθὸ
1404 1270 1434 1296 δὲ
1451 1271 1531 1297 εἰκὼν
1547 1270 1595 1297 καὶ
1609 1271 1731 1306 πλάσμα
1754 1271 1834 1300 Θεοῦ,

1030 1317 1169 1351 ἀγαπητός
1188 1316 1255 1342 ἐστι.
1270 1315 1349 1343 Κατὰ
1367 1316 1432 1350 γοῦν
1450 1316 1500 1352 τὴν
1513 1316 1648 1352 δευτέραν
1664 1317 1775 1344 ἔννοιαν
1789 1318 1835 1343 καὶ

1029 1363 1087 1394 τοῖς
1102 1362 1131 1388 ὲν
1155 1363 1188 1397 τῇ
1210 1361 1318 1396 φυλακῇ
1342 1361 1521 1396 προσϐάλλειν
1545 1362 1613 1397 ἡμῖν
1632 1362 1833 1397 προτέτακται,

1030 1408 1077 1435 καὶ
1092 1405 1122 1434 εὖ
1141 1409 1228 1435 ποιεῖν
1238 1407 1302 1439 τοὺς
1317 1407 1487 1443 κακούργους
1502 1407 1730 1443 νενομοθέτηται.
1746 1408 1834 1435 Δύνα-

1029 1461 1074 1480 ται
1088 1452 1115 1479 δὲ
1127 1452 1244 1479 ἐνταῦθα
1255 1451 1345 1487 λέγειν
1361 1452 1457 1486 λόγους
1469 1452 1516 1479 καὶ
1532 1453 1634 1488 νόμους
1645 1453 1696 1485 οὓς
1713 1454 1835 1489 μεμίση-

993 1509 1015 1537 C
1032 1507 1079 1526 κεν
1095 1499 1110 1525 ὁ
1122 1498 1213 1525 Δαυῖδ.

1069 1542 1124 1570 Τοῦ
1139 1543 1243 1570 αὐτοῦ.
1267 1542 1325 1570 Οὐκ
1345 1542 1435 1578 ὲμίσει
1457 1543 1636 1579 παρανόμους
1653 1543 1832 1580 ἀνθρώπους*

1031 1588 1141 1624 καὶγὰρ
1154 1588 1254 1622 ἔδειξεν
1266 1588 1280 1615 ὁ
1291 1588 1347 1624 βίος
1359 1588 1452 1620 αὑτοῦ,
1467 1589 1508 1615 ὅτι
1521 1589 1572 1616 οὐκ
1590 1589 1762 1626 ἀνθρώπους
1780 1599 1834 1618 ια-

1033 1634 1165 1669 ρανὸμους
1178 1634 1318 1670 ἐμίσησεν·
1333 1634 1395 1660 οὒτε
1412 1634 1465 1670 γὰρ
1479 1635 1524 1661 τὴν
1539 1635 1711 1670 πατραλοίαν
1734 1637 1835 1662 16:3-

1030 1679 1126 1715 σαλὼμ
1152 1679 1293 1715 ἐμίσησεν,
1309 1678 1370 1706 οὒτε
1385 1680 1431 1707 τὸν
1449 1680 1544 1712 Σαοὺλ,
1568 1680 1644 1716 (περὶ
1662 1679 1696 1708 οὗ
1717 1679 1803 1708 εἶπεν
1821 1683 1837 1709 ό

1029 1725 1103 1757 Θεός·
1123 1735 1133 1752 t
1149 1725 1384 1760 Μεταμεμέλημαι
1401 1725 1498 1761 χρίσας
1524 1725 1571 1752 τὸν
1587 1726 1677 1753 Σαοὺλ
1693 1728 1736 1759 είς
1757 1728 1837 1762 βασι-

1029 1771 1118 1802 λέα›)·
1143 1771 1278 1806 διαφόρως
1294 1771 1333 1806 τῷ
1347 1771 1427 1798 Δαυῖδ
1443 1771 1689 1805 ἐπιϐουλεύσαντα,
1703 1773 1771 1800 οὔτε
1786 1774 1835 1801 5.1-

1029 1817 1073 1843 λον
1089 1816 1148 1844 τινὰ
1162 1817 1328 1852 παράνομον·
1347 1816 1408 1843 ὅθεν
1424 1826 1433 1843 ‹
1454 1818 1630 1853 παρανόμους
1650 1828 1660 1844 ι
1681 1818 1786 1850 εἰταῦν,
1802 1819 1833 1845 οὗ

1029 1862 1198 1899 προσέθηκεν
1217 1872 1226 1888 ι
1245 1862 1414 1899 ἀνθρώπους·
1430 1873 1439 1889 ι
1455 1864 1494 1895 ὡς
1508 1865 1564 1900 γὰρ
1580 1865 1659 1899 ἆγιος
1676 1865 1775 1900 ἐμίσει
1800 1865 1835 1891 τὰ

1030 1908 1125 1943 μίσους
1136 1908 1209 1942 ἄξια,
1219 1909 1280 1940 τοὺς
1291 1908 1386 1943 λόγους
1400 1910 1463 1941 τοὺς
1474 1910 1664 1945 παρανόμους,
1680 1911 1718 1936 τὰ
1728 1911 1836 1945 δότε-ιιι

1028 1961 1063 1980 τα
1070 1952 1105 1979 τὰ
1120 1952 1275 1988 παράνομα,
1293 1953 1342 1985 τὰς
1360 1953 1486 1986 τοιαύτας
1503 1954 1692 1986 διδασκαλίας,
1708 1955 1762 1990 τὴν
1777 1955 1833 1982 διά-

1029 1997 1102 2024 θεσιν
1125 1998 1185 2024 καθ’
1211 1998 1244 2034 ἣν
1265 1999 1482 2035 ἁμαρτάνουσιν·
1503 1999 1564 2026 ὅθεν
1581 2001 1637 2032 eoi;
1656 2001 1833 2036 παρανόμοις

1027 2043 1116 2078 λόγοις
1130 2044 1262 2080 ἀντέθηκε
1272 2045 1317 2071 τὸν
1330 2045 1511 2081 ἀγαπώμενον
1522 2046 1615 2081 νόμον.
1630 2046 1714 2072 Κατὰ
1727 2047 1833 2081 ταύτην

1028 2089 1077 2124 τὴν
1091 2089 1194 2116 ἔννοιαν
1219 2090 1266 2116 καὶ⁸
1284 2091 1391 2126 πατέρα
1404 2091 1452 2117 καὶ
1470 2092 1580 2127 μητέρα
1602 2093 1694 2127 μισεῖν
1711 2099 1833 2128 προπε-

1027 2136 1162 2171 τάγμεθα,
1187 2137 1325 2164 τουτέστιν
1352 2138 1572 2173 ἀποστρέφεσθαι
1595 2138 1831 2172 παρακαλοῦντας

993 2176 1015 2203 Ῑ)
1029 2182 1102 2217 ἡμᾶς
1110 2183 1149 2214 είς
1165 2182 1302 2216 ἀσέϐειαν,
1316 2183 1333 2218 ἢ
1347 2183 1395 2209 τοῦ
1409 2183 1479 2210 κατὰ
1490 2184 1609 2218 Χριστὸν
1616 2184 1831 2219 ἀποτρέποντας

1031 2227 1192 2263 μαρτυρίου.
1206 2228 1310 2259 Ἄλλως
1320 2228 1374 2264 γὰρ
1386 2228 1433 2256 καὶ
1444 2229 1507 2261 τοὺς
1522 2229 1641 2265 ἐχθροὺς
1663 2229 1747 2265 ἡμῶν
1760 2231 1831 2263 ἀτα-

1030 2273 1085 2307 πᾷν
1101 2273 1334 2308 προστεταγμεθα.
1352 2273 1419 2301 Θεοῦ
1436 2274 1465 2301 δὲ
1484 2273 1715 2310 προκαλουμένου
1732 2276 1771 2306 εἰς
1796 2274 1829 2300 τὸ

1029 2318 1077 2344 καὶ
1085 2318 1135 2353 τὴν
1148 2318 1217 2345 ἰδίαν
1232 2319 1346 2354 μισῆσαι
1359 2319 1458 2354 ψυχὴν,
1479 2319 1582 2354 ὁμοίως
1598 2320 1649 2346 καὶ
1666 2320 1828 2356 ἀνθρώπους

1028 2363 1069 2390 δεῖ
1082 2364 1255 2399 παρανόμους
1268 2366 1368 2400 μισεῖν,
1384 2365 1420 2397 ώς
1435 2365 1468 2392 ἂν
1488 2366 1590 2398 αὐτοὺς
1612 2366 1826 2402 ἐπιστρέψωμεν

1029 2409 1132 2444 βελτιού
1137 2419 1210 2445 μενοι
1220 2410 1258 2445 τῷ
1271 2411 1307 2446 μὴ
1317 2411 1420 2443 τούτοις
1427 2411 1606 2446 ὁμοιωθῆναι.

1067 2458 1237 2484 Ἐκκλίντιτε
1251 2457 1301 2484 ἀπ’
1317 2458 1400 2492 ἐμοῦ,
1419 2459 1679 2492 πονηρευόμενοι,
1709 2460 1757 2486 καί
1776 2459 1825 2490 ἐξ·

1024 2502 1178 2536 ερευνήσω
1189 2502 1242 2535 τὰς
1254 2503 1380 2535 ἐντολὰς
1392 2502 1445 2529 τοῦ
1458 2502 1534 2530 Θεοῦ
1545 2512 1620 2538 μου,
1632 2513 1661 2531 κ.
1677 2513 1706 2531 τ.
1725 2506 1747 2531 ἑ.
1763 2504 1825 2530 Ἐὰν

1027 2549 1064 2584 μὴ
1079 2549 1237 2575 ὲκκλίνωσιν
1249 2549 1295 2583 ἀφ’
1307 2549 1416 2584 ἡμῶνοί
1432 2548 1571 2584 δαίμονες,
1586 2550 1638 2582 τὰς
1652 2551 1763 2582 ἐντολὰς
1773 2550 1824 2576 τοῦ

1026 2593 1093 2620 Θεοῦ
1105 2595 1190 2621 ποιεῖν
1204 2595 1254 2621 οὐκ
1272 2594 1409 2630 ίσχύομεν·
1426 2595 1494 2630 πρὸς
1512 2595 1569 2631 γὰρ
1582 2596 1689 2629 ταύτας
1709 2597 1824 2632 μάλιστα

1026 2639 1159 2672 ἵστανται,
1182 2637 1224 2667 διὰ
1248 2640 1278 2666 τὺ
1297 2639 1441 2675 προξένους
1457 2641 1526 2675 ἡμῖν
1542 2641 1675 2674 γενέσθαι
1690 2641 1740 2677 τῆς
1752 2640 1826 2675 γνὺ-

1027 2695 1094 2718 σεως
1110 2686 1157 2712 τοῦ
1173 2686 1250 2713 Θεοῦ.

1068 2733 1240 2760 Ἀντιλίιὸοῦ
1254 2741 1313 2767 μου
1326 2733 1399 2760 κατὰ
1413 2733 1447 2759 τὸ
1464 2733 1573 2768 ,ἶόγιὼ-
1589 2742 1660 2766 σου,
1676 2735 1722 2762 καὶ
1732 2734 1821 2767 (licc-
