1889 3052
50 154 82 180 l3
491 156 645 185 SELECTA
664 157 698 185 IN
716 157 884 186 PSALMUS.
905 175 939 179 ——
957 158 1055 187 PSAL.
1075 159 1191 188 CXVIII.

1592 163 1658 190 lli”

50 225 69 247 ι,
86 215 144 242 καὶ
160 215 209 251 μὴ
227 217 433 252 καταισχύνῃς
444 227 482 253 με
497 219 557 247 ἀπὸ
570 218 625 253 τῆς
635 218 812 253 προσδοκίας

888 223 893 246 ι
914 220 1010 251 vivam.
1023 224 1048 246 et
1063 227 1114 246 non
1128 218 1276 253 confundas
1289 226 1329 246 me
1344 219 1376 245 ub
1387 221 1578 254 exspectatione
1589 231 1657 256 "tu,

50 271 77 293 υ,
95 270 126 288 κ.
145 270 174 289 τ.
188 262 214 288 ὲ.
230 271 238 288 ι
260 263 321 289 ’Ὁτι
332 264 349 298 ἡ
360 262 449 298 θλίψις
462 264 599 300 ὑπομονὴν
609 263 818 300 κατεργάζεται,

50 307 73 334 il:
95 307 234 343 ὑπομονὴ
253 308 378 344 δοκιμὴν,
394 310 411 344 ἠ
426 309 455 336 δὲ
470 310 568 346 δοκιμὴ
584 310 689 345 ἐλπίδα,
705 312 722 346 ἡ
732 310 760 337 Gl
776 310 819 336 ὲλ-

50 361 53 381 ῑ
64 353 100 379 οὺ
116 353 315 389 καταισχύνει.
334 364 343 380 ι

50 399 109 427 Γοῦ
128 399 242 427 αὑτοῦ.
254 410 263 426 t
275 401 354 428 Κατὰ
366 401 397 428 τὸ
407 401 498 436 λόγιόν
511 410 567 428 σου⁶
590 411 599 428 ι
616 402 738 428 τουτέστι
749 401 819 428 κατὰ

50 455 56 471 ρ
90 445 251 481 ὑπόσχεσιν
270 455 326 475 σου.
359 447 528 483 Ἐπηγγείλω
550 448 604 484 γὰρ
627 449 656 475 ὲν
681 447 720 483 τῷ
745 447 819 483 νόμῳ

50 491 226 526 ερασπίζειν
242 491 296 518 τῶν
315 491 506 526 φυλασσόντων
529 493 619 520 αὐτόν.
645 492 744 520 Τοῦτον
765 493 819 519 τοί⁸

50 545 55 559 ν
71 536 180 571 ἔχοντα
194 536 241 563 τὸν
260 537 359 564 σκοπὸν
371 538 419 572 τῆς
436 538 485 573 σῆς
501 538 627 574 προνοίας
639 538 763 570 ἀξίωσον,
775 538 818 565 ἵνα

65 581 216 617 ἐπιτυχὼν
231 582 280 617 τῆς
296 583 414 615 ἐλπίδος,
431 583 562 618 αἰσχύνης
585 583 758 619 ὰναπλησθῶ.
782 584 819 610 Th

50 627 150 661 λόγιον
169 627 289 654 ἐνταῦθα
301 628 351 663 τὴν
365 628 511 663 ὑπόσχεσιν
518 628 603 664 δηλοῖ·
617 629 678 656 ἀντὶ
690 629 747 656 τοῦ·
763 626 817 662 Τὴν

50 672 242 706 αγγελθεῖσάν
258 681 303 708 μοι
323 673 464 709 παράσχου
483 674 627 710 σωτηρίαν.

50 763 223 798 Βοήθησόν
238 773 299 798 μοι,
314 765 362 791 καὶ
386 764 571 800 σωθήσομαι,
595 766 644 793 καὶ
659 766 817 802 μελετήσω

65 810 135 843 τοῖς
149 809 330 845 δικαιὼμασί
339 817 397 837 σου
409 810 581 845 διαπαντὸς,
598 821 624 838 κ.
641 821 666 838 τ.
682 812 706 838 ὲ.
724 813 817 848 Είγὰρ

50 856 63 882 δ.
83 856 151 891 ἔφη·
170 865 181 881 ‹
200 855 302 891 Βοηθός
315 856 364 891 μου
379 856 426 883 καὶ
441 857 614 893 ἀντιλήπτωρ
632 867 683 892 μου
700 855 726 884 εἴ
741 859 783 891 σὺ,
804 868 812 884 ι

50 901 81 928 λὰ
93 901 186 928 δεῖται
201 901 327 936 βοηθείας
341 902 522 930 ἀδιαλείπτου.
540 903 583 930 Ἐν
599 903 653 939 ὅσῳ
669 904 723 939 γάρ
734 905 816 939 ἐσμεν

50 947 149 979 ταῦθα,
174 946 252 974 οὔπω
272 948 373 974 τέλειον
389 948 420 974 τὸ
438 958 447 973 ‹
465 949 634 985 σωθήσομαι,
653 960 662 976 ι
679 950 735 976 ἀλλ’
752 951 815 977 ὅταν

51 994 89 1019 τὰ
104 993 163 1020 τῶν
178 993 302 1027 ἀγγέλων
319 993 446 1029 ζήσωμεν
458 994 505 1021 τοῦ
521 995 600 1022 Θεοῦ.
618 996 683 1022 Τότε
700 996 754 1032 γὰρ
770 997 815 1023 καὶ

50 1039 120 1074 λέτη
144 1038 339 1074 δικαιωμάτων
352 1039 496 1075 πρόσωπον
516 1041 584 1076 πρὸς
600 1041 754 1076 πρόσωπον,
784 1042 815 1069 οὐ

51 1085 88 1111 τὰ
105 1085 159 1121 τὴν
169 1084 260 1116 σκιὰν,
281 1084 348 1111 ἀλλὰ
365 1085 435 1112 κατὰ
451 1086 499 1122 τὴν
516 1086 654 1122 ἀλήθειαν.

50 1131 302 1165 Παραϐαίνοντας
316 1131 502 1166 ἐλογισάμην
511 1132 627 1166 πάντας
638 1133 710 1166 τοὺς
724 1133 815 1168 ἀμαρ-

50 1176 135 1209 ιλοὺς
148 1175 206 1210 τῆς
216 1175 280 1211 τῆς·
303 1176 352 1204 διὰ
362 1176 451 1204 τοῦτο
466 1177 609 1212 ἠγάπησα
621 1178 657 1205 τὰ
669 1178 815 1213 μαρτύριά

50 1231 89 1253 πυ.
108 1231 137 1249 κ.
153 1230 179 1248 τ.
193 1222 216 1248 ἑ.
234 1222 329 1257 Ἡμεῖς
344 1223 392 1258 μὲν
407 1232 416 1248 ι
436 1223 655 1259 παραϐαίνοντας
672 1234 682 1250 ι
698 1223 815 1260 λέγομεν

50 1268 81 1300 ὺς
91 1267 301 1303 δεδιδαγμένους
313 1268 359 1294 τὸν
366 1268 456 1302 λόγον,
471 1268 519 1295 καὶ
535 1269 602 1304 μετὰ
611 1269 641 1295 τὸ
651 1269 813 1306 δεδιδάχθαι,

50 1323 56 1350 ι
72 1313 272 1349 τετηρηκότας,
292 1314 349 1340 ἀλλ’
371 1314 543 1346 ἀποστάντας
562 1315 610 1342 καὶ
624 1315 815 1351 παρασεᾶηκό-

53 1368 78 1391 ς.
97 1357 183 1391 οὗτος
196 1359 226 1386 δὲ
241 1360 302 1395 ὁρᾷ,
320 1360 362 1386 ὃτι
376 1359 475 1392 πάντες
491 1359 596 1395 ἔχουσιν
610 1360 737 1396 ἀφορμὰς
745 1361 814 1397 πρὸς

50 1405 237 1439 ιλοκὰγαθίαν,
256 1406 280 1432 εί
296 1405 343 1432 καὶ
365 1405 402 1441 μὴ
418 1405 606 1441 ἐδιδάχθησαν·
624 1405 694 1433 ὥστε
710 1406 747 1442 μὴ
764 1406 813 1442 μό-

50 1459 82 1483 υς
102 1450 264 1487 παραϐάτας
279 1450 405 1485 λέγεσθαι
416 1451 478 1483 τοὺς
494 1450 564 1486 μετὰ
580 1450 630 1487 τὴν
640 1451 731 1478 πίστιν
744 1452 814 1479 ἁπο-

50 1497 151 1530 τάντας,
170 1497 240 1524 ἀλλὰ
258 1497 306 1524 καὶ
323 1497 386 1529 τοὺς
402 1496 579 1524 ὁπωσποτοῦν
596 1497 812 1534 ἁμαρτάνοντας.

869 269 924 292 etc.
941 273 950 290 ι
972 263 1105 297 Quoniam
1125 263 1262 291 tribulatio
1276 264 1433 298 patientiam
1454 271 1592 300 operatur,
1608 275 1657 302 pa-

870 310 963 338 tientia
977 309 1176 345 probationem,
1185 310 1309 345 probatio
1321 317 1384 338 vero
1394 318 1481 346 spem,
1494 320 1556 347 spes
1567 319 1656 341 autent

870 363 922 384 non
938 355 1080 384 contundit
1094 355 1127 382 ³³.
1143 364 1153 382 ι

906 401 1043 437 Ejusdem.
1058 401 1229 429 «Secundum
1238 401 1376 437 eloquium
1391 407 1493 436 tuum,»
1510 403 1536 430 id
1552 409 1595 432 est.
1613 412 1658 433 so-

869 448 1018 476 secundum
1035 447 1258 483 pollicitationem
1275 454 1359 475 tuam.
1386 448 1528 478 Pollicitus
1540 458 1571 478 es
1582 451 1656 478 enim

870 494 896 521 in
918 493 978 528 lege
993 499 1019 521 te
1030 493 1088 521 lore
1102 494 1311 521 custodientium
1324 494 1397 521 illam
1408 495 1588 524 defensorem.
1605 495 1656 523 Cui

870 540 953 575 igitur
965 540 1037 568 istud
1058 540 1225 576 propositum
1240 545 1292 573 est,
1321 548 1383 567 eum
1408 542 1579 576 providentia
1610 546 1656 570 tua

869 585 990 620 dignare,
1018 591 1051 612 ne
1071 592 1120 619 spe
1140 584 1269 612 excideus
1284 585 1443 612 confusione
1462 585 1577 620 replear.
1592 586 1655 613 Elo-

869 631 962 666 quium
991 635 1081 658 autem
1106 631 1158 658 hoc
1191 629 1250 658 loco
1273 630 1482 665 promissionem
1508 632 1655 668 signiﬁcat.

869 683 950 710 atque
963 676 1034 703 idem
1047 681 1089 704 est
1105 682 1137 703 ac
1150 675 1172 703 si
1186 675 1288 703 diceret
1304 684 1310 702 :
1326 676 1491 705 Promissam
1502 678 1566 705 mihi
1585 678 1657 706 salu-

867 725 922 748 tem
936 721 1036 755 przebe.

903 766 983 793 Vens.
1004 766 1065 792 H7.
1087 765 1190 800 Adjuva
1206 772 1245 791 me
1260 769 1283 792 et
1295 765 1382 792 salvus
1400 774 1455 798 ero,
1470 771 1493 792 et
1510 765 1657 792 meditabor

869 814 895 839 in
907 811 1143 847 justiﬁcationibus
1153 813 1205 839 luis
1216 821 1326 846 semper,
1342 817 1394 839 etc.
1407 811 1516 839 Dixerat
1526 812 1633 846 quidem
1647 821 1654 838 :

871 866 880 882 ι
890 857 1004 891 Adjutor
1018 861 1045 884 et
1059 862 1202 891 susceptor
1214 865 1291 885 meus
1302 865 1332 885 es
1346 862 1384 890 tu,
1398 867 1408 884 ι
1427 857 1473 885 sed
1491 857 1655 884 indesiueuti

868 908 929 938 eget
946 902 1056 930 auxilio.
1078 902 1204 936 Quaudiu
1225 904 1298 932 eniut
1313 911 1409 931 sumus
1423 904 1448 930 in
1473 903 1524 931 hoc
1542 903 1654 935 mundo,

868 951 985 977 nondum
1007 948 1160 984 perlectum
1185 955 1227 977 est
1249 950 1316 977 illud
1336 961 1341 978 :
1360 950 1479 977 tSalvus
1503 957 1562 981 ero,
1578 959 1587 975 ι
1607 950 1656 978 sed

867 997 975 1031 quando
987 1005 1049 1025 cum
1063 997 1167 1033 angelis
1182 997 1228 1024 Dei
1245 998 1378 1023 vivemus.
1397 995 1474 1022 Tunc
1485 995 1557 1022 enim
1572 995 1656 1022 medi-

869 1043 935 1070 tatio
952 1044 1143 1071 mandatorum
1161 1043 1206 1070 ﬁet
1219 1042 1289 1070 {acie
1305 1042 1338 1069 ad
1353 1041 1461 1075 facient,
1477 1049 1531 1068 non
1544 1041 1654 1069 umbra<

869 1089 930 1120 tice,
950 1089 997 1116 sed
1015 1089 1162 1116 secundum
1180 1088 1334 1115 veritatem.

903 1133 984 1162 Vens.
999 1134 1059 1162 M9.
1082 1133 1290 1161 Prwvaricantes
1306 1132 1422 1167 reputavi
1435 1139 1524 1159 autne:
1536 1137 1655 1166 peccato-

867 1189 907 1208 res
920 1186 997 1208 terra
1009 1188 1018 1207 :
1030 1181 1089 1207 ideo
1104 1179 1185 1207 dilexi
1195 1179 1345 1207 testimonia
1360 1183 1416 1211 tua,
1431 1183 1484 1207 etc.
1511 1178 1566 1205 Nos
1595 1178 1654 1212 qui-

866 1225 927 1253 dem
957 1224 1192 1260 «pravaricantes
1209 1233 1219 1250 ι
1251 1224 1366 1251 dicimus
1390 1230 1437 1251 eos
1468 1223 1513 1258 qui
1541 1223 1653 1250 verbum

865 1271 954 1299 edocti
977 1275 1052 1304 sunt,
1070 1275 1097 1298 et
1117 1275 1260 1306 postquam
1276 1270 1366 1298 edocti
1392 1274 1475 1302 sunt,
1505 1269 1569 1297 illud
1598 1276 1653 1298 non

865 1317 1057 1349 observarunt,
1079 1315 1128 1344 sed
1146 1316 1325 1344 deseruerunt
1344 1320 1372 1343 et
1392 1316 1563 1351 praevaricati
1577 1321 1652 1343 sunt.

865 1362 915 1390 Hic
930 1367 1022 1390 autem
1041 1361 1116 1390 videt
1134 1366 1248 1389 cunctos
1261 1361 1361 1389 habere
1375 1360 1442 1388 bene
1455 1360 1551 1395 agendi
1570 1367 1652 1387 occa-

867 1415 971 1443 sumes,
998 1408 1052 1436 etsi
1073 1415 1128 1436 non
1153 1407 1256 1434 fuerint
1272 1406 1361 1440 docti,
1385 1407 1422 1433 ita
1442 1410 1471 1433 ut
1489 1413 1540 1432 non
1565 1405 1653 1432 solum

864 1461 912 1482 eos
935 1453 1052 1489 appellet
1070 1452 1281 1488 praevaricantes
1303 1452 1348 1487 qui
1365 1451 1444 1479 ﬁdem
1471 1451 1652 1483 deseruerint.

865 1507 959 1527 verum
969 1499 1053 1527 etiam
1068 1506 1116 1528 eos
1131 1500 1178 1534 qui
1197 1499 1443 1534 quomodocuuque
1465 1497 1572 1525 tandem
1587 1504 1652 1532 pec-

50 1543 199 1579 tutamenta!
216 1544 245 1571 δὲ
264 1544 315 1579 τῆς
334 1543 386 1578 γῆς
400 1543 426 1570 ol
441 1543 488 1570 ἐπὶ
502 1543 553 1578 γῆς
568 1543 759 1580 ἡμαρτηκότες
772 1544 812 1571 ἂν·

888 1550 940 1573 ιιιι.
968 1544 1131 1573 Pet-calores
1147 1552 1212 1572 vero
1227 1548 1307 1571 teme
1322 1543 1447 1571 homines
1471 1547 1535 1570 sunt
1557 1543 1603 1578 qui
1625 1544 1653 1570 in

51 1597 136 1616 ιωποι.
155 1588 247 1616 ’Δλλοι
270 1589 324 1625 γάρ
341 1589 408 1615 εἰσιν
419 1588 577 1625 ἁμαρτωλοὶ
588 1589 716 1625 οὐρανοῦ,
743 1589 813 1625 πρὸς

51 1644 68 1667 ης
80 1636 146 1670 ἡμῖν
160 1636 232 1662 ἔστιν
242 1636 259 1671 ή
270 1635 340 1671 πάλη
356 1643 366 1660 t
384 1634 453 1670 πρὸς
463 1634 498 1662 τά
515 1635 686 1671 πνευματικὰ
702 1635 752 1670 τῆς
767 1644 813 1664 πο-

51 1682 119 1718 ιριας
142 1682 171 1708 ιν
194 1682 252 1713 τοῖς
276 1681 457 1717 ἐπουρανίοις.
490 1691 500 1707 ι
534 1681 608 1708 Ἐκεῖ
629 1681 683 1718 γὰρ
703 1681 812 1718 πρῶτον

51 1727 199 1763 ιαρτόντες.
217 1726 330 1763 ὕστερον
345 1727 393 1753 καὶ
407 1727 454 1753 ἐπὶ
468 1727 520 1761 γῆς
532 1727 612 1754 τοῦτο
625 1728 757 1756 ποιοῦσιν.

61 1772 245 1807 Καθήλωσον
257 1773 292 1799 ἐκ
302 1772 356 1800 τοῦ
372 1773 467 1807 φόϐου
478 1780 537 1800 σου
551 1773 603 1806 τὰς
612 1773 730 1808 σάρκας
739 1783 809 1808 μου·

51 1819 83 1845 τὸ
99 1819 151 1854 γὰρ
171 1817 230 1844 τῶν
244 1817 393 1852 χριμάτων
402 1826 461 1845 σου
474 1818 636 1853 ἐφοϐήθην,
651 1828 677 1846 κ.
695 1829 719 1846 τ.
733 1820 756 1846 ὲ.
781 1820 811 1847 ’0

51 1865 222 1901 ιοηλούμενος
246 1864 421 1901 σταυροῦται.
440 1865 519 1900 Ζητῶ
545 1863 592 1892 οὗν
615 1865 661 1892 τὸν
684 1865 809 1902 σταυρὸν.

51 1911 71 1938 tl.
90 1910 161 1946 ζητῶ
179 1911 283 1946 μήποτε
295 1910 440 1946 ὁπσταυρός
452 1911 524 1937 ἐστιν
541 1912 555 1937 ό
571 1911 652 1945 φόῦος
672 1911 717 1938 τοῦ
730 1911 808 1939 Θεοῦ.

52 1957 82 1983 αὶ
96 1956 149 1992 γὰρ
160 1953 234 1983 εἴπεν
252 1957 267 1982 ό
282 1956 386 1992 Σωτήρο
401 1965 410 1981 ‹
434 1956 481 1988 "Oc
491 1956 537 1984 ἐὰν
555 1957 592 1992 μὴ
607 1957 660 1993 ἄρῃ
672 1957 717 1984 τὸν
734 1966 810 1984 σταυ-

52 2012 74 2030 ›ν
88 2003 178 2034 αὑτοῦ,
187 2003 233 2029 καὶ
247 2002 417 2038 ἀκολουθήσῃ
429 2011 484 2038 μοι,
500 2002 550 2029 οὐκ
563 2003 620 2030 ἐστι
633 2012 682 2038 μου
693 2003 776 2035 ἄξιος.
798 2014 806 2030 ι

52 2048 157 2080 ολλάκις
172 2048 199 2075 δὲ
211 2048 417 2084 διεστειλάμεθα
438 2048 504 2084 περὶ
522 2048 606 2082 φόϐου
624 2050 670 2076 καὶ
687 2050 807 2085 άγάτιης’

52 2094 74 2121 ιι
88 2094 246 2129 τελειότερον
260 2094 410 2129 εἰρήκαμεν
425 2094 469 2121 τὸν
485 2094 634 2129 ἀγαπῶντα
647 2095 694 2122 τοῦ
711 2096 809 2131 φοϐου-

53 2141 121 2173 ἐνου,
138 2141 183 2167 καὶ
202 2141 350 2174 ἀναγκαῖον
364 2138 433 2166 εἶναι
449 2140 495 2167 τὸν
510 2140 592 2175 φόϐον
612 2142 680 2176 πρὸς
694 2143 809 2177 εῐσαγω·

52 2189 89 2223 ἠν.
99 2187 179 2214 Ὅπου
189 2186 217 2213 δὲ
229 2186 335 2222 εἰσέλθῃ
351 2196 359 2212 ι
375 2187 465 2214 τελεία
480 2187 586 2222 ἀγάπη,
598 2188 650 2221 ἔξω
664 2188 754 2223 βάλλει
764 2189 809 2215 τὸν

867 1595 938 1619 terra
954 1595 1077 1626 peccant.
1099 1590 1155 1618 Alii
1179 1591 1251 1618 enim
1267 1595 1331 1618 sunt
1350 1595 1506 1625 peccatores
1518 1590 1591 1623 cteli.
1603 1591 1652 1618 ad—

864 1643 960 1665 versus
970 1643 1041 1672 quos
1053 1636 1133 1664 nobis
1149 1640 1193 1665 est
1206 1635 1364 1664 colluctatio
1383 1645 1393 1662 ι
1404 1640 1498 1664 contra
1518 1636 1649 1672 spiritaiia

865 1682 994 1718 nequitia;
1008 1681 1036 1710 in
1049 1681 1206 1710 celestibus
1219 1681 1253 1709 ".
1270 1691 1280 1708 ι
1296 1681 1364 1709 Cum
1376 1681 1448 1709 enim
1463 1682 1581 1717 primum
1597 1681 1652 1710 illic

864 1728 1048 1764 peccaverint.
1063 1728 1236 1764 postmodum
1251 1727 1335 1755 etiam
1347 1727 1374 1754 in
1390 1732 1461 1755 terra
1473 1727 1524 1755 hoc
1536 1726 1649 1755 faciunt.

898 1774 980 1809 811
998 1773 1079 1802 Vsus.
1100 1773 1160 1802 120.
1178 1772 1286 1808 Con/iga
1299 1773 1393 1800 timore
1405 1777 1450 1799 tuo
1468 1780 1558 1799 cantu
1569 1780 1651 1799 meas:

863 1831 880 1849 ι
889 1821 999 1856 judiciit
1009 1820 1079 1847 enim
1093 1820 1144 1847 tuis
1156 1819 1242 1851 timui,
1257 1822 1310 1846 etc.
1323 1817 1374 1851 Qui
1390 1817 1474 1845 clavis
1486 1817 1582 1845 altixus
1597 1824 1649 1850 est.

863 1865 1042 1901 cruciﬁgitur.
1071 1865 1170 1898 Quaero
1188 1865 1271 1900 igitur
1294 1872 1414 1898 crucem,
1435 1867 1462 1891 et
1478 1871 1570 1898 quaero
1586 1872 1649 1891 nuu-

865 1912 935 1940 forte
948 1919 1015 1939 crux
1033 1911 1069 1938 sit
1095 1912 1175 1938 timor
1201 1911 1260 1939 Dei.
1278 1910 1383 1938 Etenim
1410 1909 1536 1937 Salvator
1558 1910 1648 1937 dixit;

866 1968 874 1984 ι
890 1957 942 1992 Qui
958 1965 1010 1985 non
1034 1957 1134 1991 accipit
1150 1964 1258 1984 crucem
1271 1964 1367 1990 suam,
1392 1960 1420 1984 et
1446 1955 1568 1990 sequitur
1595 1963 1648 1989 me,

864 2011 918 2032 nou
934 2008 976 2032 est
989 2011 1032 2031 me
1055 2002 1154 2037 dignus
1175 2003 1231 2030 ".i
1261 2002 1455 2038 Smpenumero
1481 2002 1606 2030 timorem
1634 2010 1649 2029 a

863 2047 1007 2075 dilectione
1019 2047 1213 2080 distinximus,
1235 2047 1448 2083 diligentemque
1461 2047 1573 2074 timente
1588 2054 1650 2082 per-

863 2093 1004 2122 fectiorem
1020 2100 1082 2120 esse
1096 2092 1228 2125 diximus,
1243 2097 1270 2120 et
1289 2093 1476 2120 necessarium
1491 2099 1552 2120 esse
1569 2092 1648 2120 timo-

864 2147 921 2167 rem
937 2146 988 2173 pro
1003 2138 1216 2166 introductione.
1243 2138 1293 2166 Ubi
1309 2143 1398 2166 autem
1423 2139 1546 2173 ingressa
1567 2138 1649 2165 fuerit

866 2193 875 2210 ι
888 2183 1009 2219 perfecta
1024 2183 1157 2216 cbaritas,
1177 2183 1249 2211 foras
1261 2183 1344 2210 mittit
1362 2183 1486 2210 timorem
1504 2183 1537 2210 ".
1551 2192 1561 2208 ι
1576 2183 1649 2218 Quo-

52 2233 118 2259 οσον.
143 2242 151 2259 ι
174 2233 249 2260 Ἐπεὶ
269 2232 357 2260 τοίνυν
376 2233 532 2269 εὑρίσκεται
552 2233 754 2269 καθηλοὺμενος
777 2235 809 2261 ὲκ

892 2237 935 2257 am
954 2229 1035 2264 igitur
1047 2229 1140 2263 justus
1157 2229 1255 2256 timore
1270 2236 1284 2255 a
1299 2228 1354 2257 Deo
1367 2229 1490 2256 conﬁxus
1505 2229 1648 2264 reperitur,

52 2279 76 2305 )6
102 2278 178 2313 φόϐου
201 2279 253 2305 ὑπὸ
274 2279 321 2305 τοῦ
343 2279 411 2306 Θεοῦ
427 2280 442 2305 ὁ
457 2279 571 2311 δίκαιος,
595 2279 678 2315 ζητῶ,
703 2281 808 2316 μήποτε

62 2325 108 2360 μὲν
134 2324 328 2361 σταυρούμενος
341 2325 472 2359 φοϐεῖται
496 2325 697 2361 καθηλούμενος
716 2327 748 2353 ἐκ
761 2325 807 2352 τοῦ

53 2371 120 2402 όὸου,
146 2371 186 2397 ἴνα
205 2370 330 2407 νεκρώσῃ
345 2372 378 2397 τὰ
402 2371 470 2406 μέλη
484 2371 517 2397 τὰ
532 2372 577 2398 ἐπὶ
589 2372 639 2407 τῆς
654 2373 714 2406 γῆς·
728 2372 809 2407 ἡνίκα

61 2417 92 2444 ἂν
104 2416 162 2452 ἔλθῃ
177 2416 292 2451 ήτελεία
303 2417 407 2452 ἀγάπη,
420 2417 590 2453 καθαιρεῖται
600 2418 654 2445 ἀπὸ
665 2418 712 2444 τοῦ
727 2427 808 2445 σταυ-

53 2462 232 2495 οὖ,Θάτιτεται,
248 2463 280 2489 ὲκ
296 2462 400 2497 νεκρῶν
416 2463 563 2498 ἐγείρεται,
579 2464 610 2489 ἶν’
623 2463 653 2490 ὲν
670 2465 808 2500 καινότητι

53 2508 102 2543 ωῆς
116 2509 291 2545 περιπατήσῃ.
307 2509 398 2536 οὐκέτι
410 2509 479 2535 κατὰ
491 2509 583 2543 φόϐον,
594 2509 661 2536 ἀλλὰ
675 2511 745 2536 κατὰ
759 2510 808 2545 τὴν

54 2554 138 2589 γάπην
152 2554 197 2589 τὴν
211 2555 238 2580 ὲν
252 2554 361 2590 Χριστῷ
380 2555 476 2589 Ἰησοῦ.

75 2600 205 2634 Ἑποίησα
217 2601 307 2635 κρίμα
319 2600 366 2627 καὶ
384 2600 589 2634 δικαιοσύνην-
611 2601 655 2635 In)
670 2601 808 2635 παραδῷ(-

53 2654 70 2672 te
82 2645 138 2678 τοῖς
149 2645 282 2672 ἀδικοῦσί
297 2655 345 2680 με.
365 2655 392 2673 κ.
404 2647 460 2672 τ.ὲ.
476 2646 538 2678 Πῶς
553 2645 600 2673 οὖν
620 2646 678 2673 Ἰὼϐ
692 2648 807 2683 ποιήσας

57 2690 118 2725 ρίμα
133 2690 175 2716 καὶ
197 2690 378 2725 δικαιοσύνην,
395 2690 433 2721 ὼς
449 2690 529 2722 αὐτὸς
543 2691 557 2716 ὁ
574 2690 675 2725 Κύριος
690 2690 807 2726 ἐμαρτύ-

54 2743 112 2769 ιησε,
125 2734 247 2770 παρεδόθη
262 2736 317 2766 τοῖς
331 2734 468 2761 ἀδικοῦσιν
483 2735 580 2767 αὑτόν;
606 2735 641 2761 Ἢ
655 2736 704 2769 τὴν
719 2735 806 2770 ψυχὴν

58 2781 122 2811 ὐτοῖς
134 2780 162 2806 οὐ
178 2780 295 2814 βούλεται
321 2780 523 2816 παραδίδοσθαι·
547 2781 671 2816 σώματος
692 2782 745 2816 γὰρ
760 2782 806 2807 καὶ

54 2826 171 2860 πημάτων
190 2827 203 2852 ὁ
214 2825 313 2858 δίκαιος
323 2823 392 2852 οἶδεν
409 2828 597 2861 καταφρονεῖν.

77 2873 95 2888 ⁵¹
112 2871 179 2900 Rern.
194 2880 216 2905 v,
232 2872 258 2900 3.
297 2873 319 2889 ⁸²
331 2873 431 2908 prcs.
449 2880 484 2904 η,
500 2873 544 2899 12.

585 2873 608 2888 ⁵³
623 2873 716 2900 Matth.
737 2882 762 2906 κ,
777 2874 822 2901 33.

862 2285 1026 2313 quaeronum
1042 2277 1113 2305 forte
1129 2277 1277 2305 cruciﬁxus
1295 2278 1404 2312 quidem
1419 2274 1511 2305 timeat
1525 2279 1649 2306 conﬁxus

863 2323 972 2356 timore,
995 2327 1023 2350 ut
1041 2321 1188 2350 mortiﬁcet
1214 2323 1336 2351 membra
1357 2331 1405 2351 sua
1419 2331 1479 2358 quae
1493 2329 1556 2351 sunt
1568 2332 1649 2359 super

863 2374 980 2401 terram;
1001 2369 1112 2403 quando
1133 2375 1224 2396 autem
1246 2370 1351 2396 venerit
1374 2369 1493 2404 perfecta
1516 2370 1647 2399 charitas.

861 2412 1014 2448 deponatur
1028 2415 1060 2442 de
1074 2421 1164 2447 cruce.
1179 2414 1336 2449 sepeliatur,
1360 2423 1375 2442 a
1394 2416 1511 2443 mortuis
1532 2417 1648 2443 suscite-

862 2464 917 2492 tur,
943 2465 972 2487 ut
998 2461 1025 2487 iu
1052 2462 1171 2488 novitate
1198 2461 1261 2487 vitae
1287 2461 1425 2493 ambulet,
1451 2469 1504 2488 non
1529 2462 1647 2496 amplius

861 2506 1010 2532 secundum
1025 2506 1163 2539 timorem,
1177 2506 1223 2534 sed
1236 2506 1385 2534 secundum
1400 2506 1572 2534 dilectionem
1586 2515 1647 2542 qua:

861 2557 904 2579 est
915 2552 942 2578 iu
956 2551 1065 2578 Christo
1077 2551 1152 2579 Jesu.

899 2597 981 2625 Vens.
997 2598 1057 2625 121.
1076 2597 1280 2633 Fecijudicium
1291 2603 1314 2626 et
1323 2598 1457 2634 justitiam
1469 2605 1478 2624 :
1491 2607 1543 2625 non
1555 2600 1646 2625 tradas

861 2651 901 2670 me
923 2643 1146 2671 calumniantibus
1169 2653 1219 2676 me,
1237 2651 1291 2672 etc.
1317 2645 1459 2678 Quomodo
1483 2645 1566 2680 igitur
1596 2645 1646 2673 Jol-

860 2689 917 2722 qui,
941 2693 971 2715 ut
1000 2693 1114 2716 testatus
1135 2694 1179 2717 est
1202 2690 1344 2723 Dominus,
1371 2690 1436 2718 fecit
1462 2691 1595 2725 judicium
1620 2698 1646 2718 «λι

858 2734 1008 2769 justitiam,
1035 2735 1150 2763 traditus
1172 2740 1215 2763 est
1238 2735 1465 2763 calumniantibus
1493 2735 1540 2764 se?
1564 2736 1645 2763 Certe

861 2781 979 2807 animam
1002 2780 1055 2808 illis
1074 2781 1142 2808 tradi
1168 2789 1221 2807 nou
1246 2781 1313 2809 vult.
1332 2782 1436 2817 Corpus
1451 2783 1563 2810 enimet
1577 2782 1645 2808 divx-

862 2826 913 2852 tias
924 2824 1013 2859 justus
1029 2826 1102 2852 u0vit
1112 2831 1297 2855 contemnere.

863 2874 884 2889 “
900 2874 909 2900 l
923 2873 1001 2900 Joan.
1021 2882 1056 2906 Iv,
1071 2873 1114 2901 l8.
