1889 3052
181 135 252 162 “iiii

218 197 298 223 Vens.
324 194 385 221 125.
421 194 519 222 Servus
531 197 592 219 tuus
606 200 664 219 sum
681 200 726 226 ego
742 202 750 221 :
765 194 799 219 ιΙη
814 193 878 219 milii
892 193 966 220 intel-
985 195 1007 223 Α

179 244 276 271 tectum
298 246 322 269 et
341 242 421 268 sciam
437 241 588 267 testimonia
605 245 664 272 tua,
679 243 733 266 etc.
760 239 856 267 Nullus
876 247 970 267 servus

179 287 286 324 peccati
300 295 396 314 servus
409 291 449 313 est
464 286 522 313 Dei.
546 285 598 318 Qui
620 293 684 321 ergo
708 287 792 313 servit
814 287 837 313 ci
855 287 969 314 inomni

180 335 289 362 actione
315 341 347 361 ac
375 333 549 366 cogitatione,
581 332 685 360 faciens
709 333 799 360 omnia
822 334 970 360 secundum

180 381 293 408 verbum
315 379 384 413 ejus,
402 379 447 406 hic
459 379 533 406 dicat
550 387 556 405 ε
573 387 582 404 ι
594 378 696 406 Servus
721 384 783 406 tuus
798 386 857 406 Sum
873 386 932 414 ego.
957 388 967 405 ι

180 426 256 453 Talis
271 433 332 453 cum
350 430 423 453 esset
441 424 588 460 Propheta.
609 425 636 452 in
656 425 808 452 mercedem
832 425 972 452 servitutis

180 480 237 500 suae
265 471 385 506 postulat
403 470 489 499 illud:
511 479 520 496 ι
534 471 570 497 Da
600 470 667 498 mihi
693 470 893 498 intellectum.»
922 470 972 498 Est

179 518 252 546 enim
274 517 432 545 intellectus
447 516 492 544 ille
506 525 521 543 a
540 517 595 544 Deo
606 517 722 544 donatus
733 516 778 550 qui
795 516 866 550 apud
886 517 970 544 Deum

178 564 257 598 quasi
271 564 297 591 in
311 563 431 591 thesauri
448 563 572 590 custodia
587 562 742 596 deponitur.
754 561 872 597 Spiritus
885 563 970 595 enim,

179 611 277 645 inquit,
299 610 441 645 sapientia
458 614 485 636 ct
502 608 666 641 intellectus,
684 612 711 636 et
724 613 821 636 caetera
838 608 970 636 bonorum

180 657 250 683 dona
267 662 349 689 super
361 662 422 682 eum
441 653 623 689 rcquiesccnt.

215 699 300 727 Vens.
316 699 376 726 126.
390 698 500 732 Tempus
512 697 628 732 faciendi
641 698 765 730 Domino,
778 699 971 733 dissipaverunt

179 746 261 782 legem
276 751 360 778 luant,
381 750 435 774 etc.
450 745 570 781 Tempus
583 751 623 774 est
639 745 820 773 correctionis
845 745 969 776 Domino,

180 797 288 826 tempus
307 790 433 819 videlicet
455 791 584 819 vindicta:
599 792 748 827 capiendae.
775 791 970 824 Dissolvernnt,

179 842 286 869 irritam
306 841 431 869 fecerunt
445 839 533 875 legem
547 843 619 866 tuam
642 839 739 873 iniqui.
766 838 946 874 Symmachus
962 847 968 865 :

181 896 191 912 ‹
207 887 326 921 Tempus
349 885 466 913 faciendi
492 884 617 916 Domino,
642 884 707 918 quia
727 884 865 919 dissipant
885 883 970 918 legem

181 939 268 960 tuam.
284 941 293 958 ι
312 931 409 966 Aquila
425 938 433 958 :
450 940 459 957 ι
474 931 690 966 Abrogaverunt.
705 939 713 956 I

217 980 299 1007 Vens.
330 978 393 1006 128.
422 976 568 1010 Propterea
593 977 628 1003 ad
652 977 740 1004 omnia
768 976 896 1004 mandata
925 981 971 1004 tua

987 869 1008 897 B

184 1026 340 1060 dirigebar:
359 1032 460 1052 omnem
485 1023 555 1050 viam
577 1023 695 1058 iniquam
719 1023 780 1050 odio
805 1023 896 1056 habui,
915 1029 969 1052 etc.

181 1072 233 1105 Qui
250 1072 342 1100 omnia
362 1070 491 1098 mandata
510 1078 564 1098 non
586 1069 716 1102 servavit,
746 1070 768 1097 is
791 1077 842 1097 nec
862 1077 970 1097 omnem

181 1120 251 1146 viam
271 1118 393 1152 iniquam
410 1118 473 1145 odio
488 1116 594 1144 habuit.
622 1115 651 1143 Si
669 1123 733 1144 vero
755 1116 802 1151 qui
828 1115 905 1143 timet
920 1116 972 1143 Do-

180 1164 296 1196 minum,
314 1163 377 1190 odio
398 1163 480 1190 habet
505 1162 690 1196 iniquitatem,
723 1161 768 1189 hic
788 1165 879 1189 autem
899 1161 971 1189 illam

180 1211 243 1238 odio
268 1218 323 1238 non
351 1209 458 1241 habuit,
489 1216 542 1236 non
571 1208 648 1235 timet
662 1207 817 1235 Dotninum.
843 1207 893 1241 Qui
918 1216 972 1236 non

181 1257 270 1290 timet,
284 1264 337 1284 non
357 1256 454 1283 beatus
473 1260 529 1288 est,
568 1252 715 1289 siquidem,
736 1263 746 1279 ι
758 1253 854 1281 beatus
868 1254 911 1281 vir
925 1253 972 1289 qui

179 1303 258 1330 timet
274 1301 421 1329 Dominum
436 1301 469 1328 ⁸⁵.
487 1309 496 1326 ι
521 1299 573 1333 Qui
596 1299 725 1327 mandata
741 1298 788 1326 Det
802 1298 900 1334 diligit,
913 1306 973 1327 om-

182 1356 243 1376 nem
266 1347 323 1375 odit
345 1346 495 1379 malitiam,
516 1348 611 1380 utpote
634 1343 675 1372 eis
698 1344 875 1372 contrariam.
894 1344 972 1373 Nulla

180 1395 254 1421 enim
281 1392 398 1421 societas
418 1392 512 1419 virtuti
536 1398 598 1418 cum
616 1389 735 1424 malitia,
748 1390 803 1418 luci
817 1399 879 1419 cum
895 1396 971 1420 tene-

180 1439 248 1470 bris,
267 1436 376 1464 sanitati
393 1443 455 1464 cum
472 1436 578 1463 morbo.

220 1483 302 1511 Vnns.
318 1482 380 1510 129.
398 1481 535 1509 Mirabilia
548 1482 697 1509 testimonia
713 1486 771 1515 tua,
781 1482 840 1510 ideo
851 1488 971 1512 scrutata

180 1537 217 1558 est
235 1539 266 1558 ea
285 1529 374 1556 anima
389 1536 458 1559 mea,
478 1532 531 1554 etc.
546 1527 615 1561 Quia
630 1534 727 1563 magna
737 1534 800 1555 cum
816 1527 872 1556 sint
888 1529 972 1565 812
986 1535 1008 1566 α

183 1577 337 1606 testimonia
354 1581 398 1603 tua
412 1575 578 1610 uberemque
591 1582 700 1602 sensum
715 1575 844 1609 habeant,
861 1576 973 1604 mirabi-

182 1626 216 1652 lia
250 1628 324 1656 sunt,
346 1622 448 1650 idcirco
467 1629 520 1649 non
543 1620 692 1656 vulgariter
717 1621 751 1648 iis
780 1621 900 1654 attendo,
924 1621 972 1650 sed

181 1669 276 1697 sedulo
292 1669 336 1696 illa
353 1672 539 1704 perscrutatur
554 1667 643 1694 anima
665 1674 736 1695 mea.
763 1667 831 1695 Cum
854 1667 927 1694 enim
941 1674 972 1695 ea

181 1714 381 1749 contemplatus
404 1714 480 1741 fuero
492 1733 500 1746 ,
522 1712 655 1747 meipsum
672 1713 752 1740 video
771 1712 918 1747 plurimum
938 1714 972 1741 ab

181 1767 277 1788 eorum
293 1759 449 1794 cognitione
464 1763 596 1786 remotum
613 1765 673 1786 esse
683 1778 690 1791 ,
710 1763 737 1785 et
753 1758 851 1786 iterum
866 1758 900 1786 iis
913 1759 973 1787 ani-

182 1814 256 1833 unun
284 1806 393 1840 adjicio.
421 1805 523 1832 Deinde
541 1812 657 1832 cernens
683 1812 725 1832 me
756 1805 800 1832 vix
824 1805 852 1832 in
878 1813 972 1833 eorum

183 1852 384 1879 introductione
401 1851 516 1885 versari,
529 1851 618 1879 denuo
628 1858 688 1878 eam
702 1851 779 1885 cujus
793 1858 882 1886 capax
899 1858 971 1884 sum,

182 1898 385 1934 inquisitionem
405 1897 515 1925 intendo
527 1917 535 1930 ,
552 1897 638 1924 donec
660 1897 794 1932 integram
809 1898 973 1932 cognitionis

182 1952 277 1973 eorum
290 1944 434 1971 veritatem
450 1943 600 1970 obtineam.

219 1990 302 2018 Vens.
318 1990 379 2018 151.
396 1988 433 2016 οι
446 1996 531 2015 nteant
544 1988 654 2021 aperui,
674 1993 698 2016 et
718 1989 818 2016 attraxi
837 1990 969 2023 spiritum.

181 2038 244 2072 quia
257 2035 384 2062 mandata
404 2038 449 2061 tua
463 2033 659 2066 desiderabant,
683 2038 737 2061 etc.
761 2033 812 2067 Qui
827 2041 876 2068 per
889 2041 970 2069 opera

182 2082 292 2118 aperuit
309 2089 367 2115 cor,
385 2081 500 2108 attrahit
519 2080 650 2115 Spiritum
666 2084 791 2107 sanctum
807 2080 970 2107 rcvelantcm

181 2130 206 2157 ei
225 2129 357 2164 mysteria
379 2127 438 2154 Dei.
454 2127 492 2155 Os
505 2127 603 2154 animae
617 2133 683 2154 mea:
698 2130 740 2154 est
761 2126 899 2162 cogitatio.
915 2126 972 2155 Hoc

182 2175 267 2211 igitur
285 2174 364 2201 malis
384 2173 595 2208 cogitationibus
610 2172 745 2205 clausum,
770 2172 863 2206 aperui
881 2172 969 2205 bonis,

872 133 915 160 EX
936 133 1089 161 ORIGENE

1756 134 1820 162 1616

1056 193 1170 225 Δοῦλός
1181 199 1239 218 σου
1250 191 1308 226 ειμὶ
1320 189 1386 227 ἐγώ·
1402 191 1568 220 συνέτισόν
1578 202 1618 227 με
1632 194 1681 221 καὶ
1710 195 1819 228 γνώσο-

1019 248 1072 274 μαι
1087 239 1282 272 ’τὼ-μαρτύριά
1306 247 1374 269 σου,
1405 247 1432 265 κ.
1449 248 1474 266 1.
1492 240 1515 265 ὲ.
1537 239 1634 270 Οὐδεὶς
1656 239 1754 272 δοῦλος
1777 241 1820 276 τῆς

1023 286 1159 321 ἁμαρτίας
1173 285 1265 316 δοῦλός
1274 286 1332 311 ἐστι
1343 284 1388 311 τοῦ
1399 284 1478 311 Θεοῦθ
1493 286 1507 311 ὁ
1517 283 1564 312 οὖν
1571 285 1713 313 δουλεύων
1728 287 1758 312 ὲν
1772 288 1820 314 πά-

1023 340 1057 369 σῃ
1069 331 1167 367 πράξει
1180 331 1226 358 καὶ
1238 331 1387 366 διανοήσει,
1397 331 1482 357 ποιῶν
1494 331 1585 358 πάντα
1599 331 1674 358 κατὰ
1687 332 1735 358 τὸν
1747 332 1822 366 λόγον

1022 378 1115 410 αὑτοῦ,
1130 375 1207 409 οὗτος
1218 377 1329 411 λεγέτον
1344 386 1353 402 t
1371 376 1469 409 Δοῦλός
1480 386 1526 404 σου
1543 378 1601 413 εἰμὶ
1616 378 1686 412 ἐγώ.
1710 388 1720 404 ι
1734 379 1823 406 Τοιοῦ-

1021 431 1067 454 τος
1076 422 1114 449 ὣν
1126 423 1303 458 ὁΠροφήτης,
1323 421 1394 454 ἀξιοῖ
1412 421 1507 456 μισθὸν
1521 421 1614 448 λαϐεῖν
1630 422 1684 458 τῆς
1701 423 1824 455 δουλείας

1022 469 1062 495 16'
1085 478 1093 494 t
1118 468 1260 494 Συνέτισόν
1287 476 1331 503 με.
1352 477 1361 492 I
1384 467 1462 494 Ἔστι
1489 467 1544 503 γὰρ
1562 468 1673 501 σύνεσις
1699 470 1824 506 διδομένη

1022 515 1076 542 ἀπὸ
1091 514 1170 548 Θεοῦ,
1186 514 1203 550 ἢ
1221 514 1364 541 ἀπόκειται
1381 514 1456 548 παρὰ
1469 513 1508 550 τῷ
1518 514 1577 549 Θεῷ
1587 514 1627 546 ὡς
1644 516 1676 541 ἐν
1694 515 1825 551 Θησαυρο-

1022 561 1155 596 φυλακίῳ.
1175 561 1288 595 Πνεῦμα
1303 560 1368 596 γὰρ,
1391 560 1469 595 φησὶ,
1488 560 1584 594 σοφίας
1605 561 1656 587 καὶ
1675 562 1824 593 συνέσεως,

1022 607 1069 633 καὶ
1079 607 1114 634 τὰ
1128 606 1191 642 ἑξῆς
1204 606 1257 633 τῶν
1272 606 1383 641 ἀγαθῶν
1396 606 1553 642 χαρίσματα
1572 607 1772 634 ἀναπαύσεται
1785 609 1825 634 ἐπ’

1023 653 1116 680 αὐτόν.

1057 699 1167 734 Κίιιρὸς
1181 700 1235 726 τοῦ
1253 700 1377 734 ποιῆσαι
1384 699 1424 733 τῷ
1431 701 1539 734 Κηρίῳ,
1554 700 1770 728 διεσκέδασαν
1777 702 1829 728 τὼ·

1021 746 1116 780 ’νόμον
1127 754 1195 778 σου,
1211 755 1238 773 κ.
1252 755 1277 773 τ.
1290 746 1313 772 ἐ.
1331 746 1434 782 Καιρός
1443 747 1501 773 ἐστι
1514 746 1611 782 χρόνος
1625 747 1830 782 κατορθώσεως

1022 792 1061 827 τῷ
1081 793 1184 828 Κυρίῳ,
1203 792 1251 820 τοῦ
1263 793 1373 829 ποιῆσαι
1388 793 1528 829 ἐκδίκησιν
1548 793 1687 829 δηλονὰτι.
1705 795 1831 821 Κατὲλυ-

1024 846 1083 870 σαν,
1101 838 1238 874 ἠθέτησαν
1253 839 1298 865 τὸν
1313 839 1395 874 νόμον
1415 848 1462 866 σου
1479 841 1503 866 ot
1520 841 1691 876 παράνομοι.
1709 841 1831 877 Σύμμα-

1023 893 1080 920 χος·
1108 894 1116 910 ι
1132 885 1237 920 Καιρὸς
1259 885 1362 920 πρᾶξαι
1385 885 1425 920 τῷ
1448 886 1554 921 Κυρίῳ,
1569 887 1610 913 ὅτι
1627 887 1832 914 σκεδαννὺουτι

1022 930 1067 958 τὸν
1080 931 1162 966 νόμον
1177 939 1233 958 σου.
1250 941 1258 957 ι
1278 931 1403 962 Ἀκύλας
1419 940 1428 957 t
1449 932 1621 967 Ἦκύρωσαν.
1642 943 1652 959 ι

1057 977 1108 1004 Διὰ
1121 977 1209 1004 τοῦτο
1221 977 1295 1012 πρὸς
1308 977 1410 1011 πάσας·
1419 977 1473 1010 τὰς
1484 978 1614 1012 ἐντολάς
1636 988 1700 1007 σου
1716 989 1831 1015 κατωρ-

1022 1024 1148 1058 θούμην,
1165 1023 1269 1051 πᾶσαν
1292 1024 1364 1050 ὁδὸν
1382 1023 1487 1050 ἄδικον
1494 1024 1642 1058 ἐμίσησα,
1662 1035 1691 1052 κ.
1709 1035 1737 1053 τ.
1755 1027 1780 1054 ἑ.
1803 1028 1829 1054 '0

1024 1068 1061 1104 μὴ
1072 1069 1163 1100 πάσας
1178 1069 1228 1100 τὰς
1244 1068 1354 1100 ἐντολὰς
1374 1068 1551 1104 κατορθώσας
1571 1070 1636 1096 οὐδὲ
1655 1073 1754 1099 πᾶσαν
1770 1073 1828 1099 ὁδὸν

1022 1113 1114 1141 ἄδικον
1131 1114 1272 1150 ἐμίσησεν.
1288 1116 1319 1142 Εἰ
1338 1116 1366 1143 δὲ
1380 1117 1395 1142 ὁ
1409 1116 1575 1152 φοὸούμενος
1589 1117 1638 1143 τὸν
1659 1118 1769 1153 Κύριον
1785 1128 1827 1154 μι-

1023 1160 1065 1186 σεῖ
1081 1159 1198 1192 ἀδικίαν,
1216 1157 1293 1192 οὗτος
1310 1161 1339 1188 δὲ
1351 1161 1402 1187 οὐκ
1420 1162 1561 1198 ἐμίσησεν,
1580 1163 1611 1189 οὺ
1628 1163 1759 1197 φοϐεῖται
1783 1165 1828 1191 τὸν

1023 1205 1135 1241 Κύριον.
1160 1206 1188 1232 Ὀ
1209 1207 1238 1234 δὲ
1264 1207 1301 1243 μὴ
1323 1207 1488 1243 φοϐούμενος
1509 1209 1540 1235 οὐ
1556 1210 1710 1245 μακάριος,
1735 1211 1827 1247 εἴπερ,

1026 1260 1036 1277 ι
1059 1252 1202 1288 Μακάριος
1216 1253 1231 1279 ὸ
1246 1252 1410 1289 φοϐούμενος
1423 1254 1468 1281 τὸν
1479 1254 1592 1290 Κύριον.
1614 1265 1624 1281 ι
1648 1256 1679 1282 ’0
1692 1257 1744 1288 τὰς
1754 1257 1826 1283 ἐντο-

1023 1296 1073 1329 λὰς
1087 1298 1133 1325 τοῦ
1148 1298 1217 1325 Θεοῦ
1235 1299 1350 1334 ἀγαπῶν
1365 1301 1440 1335 μισεῖ
1454 1301 1544 1328 πᾶσαν
1557 1301 1674 1334 κακίαν,
1694 1303 1735 1334 ὡς
1752 1304 1827 1330 ἀντι-

1023 1343 1156 1380 κειμένην
1168 1344 1272 1377 αὑταῖς.
1292 1345 1461 1381 Ἀσύμϐατον
1480 1346 1534 1382 γὰρ
1549 1347 1638 1384 ἀρετὴ
1650 1349 1703 1376 καὶ
1730 1349 1827 1381 κακία,

1023 1389 1083 1425 φῶς
1098 1390 1147 1418 καὶ
1157 1391 1263 1424 σκότος,
1276 1391 1356 1426 ὑγεία
1372 1391 1420 1419 καὶ
1437 1392 1525 1424 νόσος.

1059 1482 1222 1517 Θαυμαστὰ
1237 1483 1275 1511 τὰ
1285 1484 1433 1519 μαρτύριά
1446 1493 1516 1517 σου,
1528 1485 1579 1513 διὰ
1591 1486 1686 1515 τοῦτο
1702 1487 1828 1521 ἐξηρτύ-

1023 1536 1121 1563 νησεν
1141 1529 1219 1557 αὐτὰ
1240 1531 1260 1565 ἠ
1282 1531 1367 1565 ψυχή
1379 1540 1450 1566 μου,
1471 1540 1499 1558 κ.
1521 1541 1546 1559 1.
1565 1533 1588 1558 ἑ.
1614 1533 1696 1560 Ἐπεὶ
1719 1535 1829 1569 μετά-λα

1022 1575 1088 1603 δντα
1104 1576 1153 1603 καὶ
1163 1575 1247 1603 πολὺν
1259 1576 1353 1612 ἔχοντα
1365 1577 1428 1604 νοῦν
1441 1577 1476 1604 τὰ
1486 1578 1628 1614 μαρτύριά
1642 1587 1704 1611 σου,
1718 1580 1830 1616 θαυμα-

1023 1622 1074 1649 στὰ
1084 1623 1153 1654 ἐστι,
1163 1622 1258 1649 τούτου
1274 1623 1353 1658 χάριν
1361 1623 1410 1659 οὐχ
1421 1623 1459 1655 ὡς
1467 1623 1562 1659 ἔτυχεν
1576 1625 1672 1657 αὐτοῖς
1684 1628 1830 1662 προσέχω.

1022 1667 1080 1694 ἀλλ’
1097 1667 1298 1703 ἐπιτεταμένως
1313 1668 1442 1704 ὲξερευνᾷ
1458 1670 1528 1696 αὐτὰ
1545 1671 1562 1705 ἡ
1583 1670 1658 1707 ψυχή
1674 1681 1740 1707 μου·
1760 1674 1832 1708 ἔχων

1022 1713 1076 1749 γὰρ
1085 1713 1134 1749 τὴν
1150 1714 1241 1742 αὐτῶν
1255 1714 1382 1750 θεωρίαν,
1398 1715 1454 1751 ὁρῶ
1476 1716 1595 1751 ἐμαυτὸν
1612 1718 1683 1745 πολὺ
1698 1719 1754 1754 τῆς
1768 1720 1830 1746 ἐπι-

1023 1759 1131 1795 στήμης
1155 1759 1244 1786 αὐτῶν
1270 1760 1495 1797 ἀπολειπόμενον,
1516 1763 1564 1789 καὶ
1585 1763 1719 1800 δεύτερον
1735 1767 1831 1798 αὐτοῖς

1023 1803 1171 1830 ἔπιὸάλλω·
1193 1801 1252 1831 εἶτα
1267 1804 1346 1832 πάλιν
1371 1805 1453 1841 ὁρῶν,
1467 1807 1508 1833 ὅτι
1533 1807 1614 1842 μόγις
1631 1809 1665 1835 ὲν
1683 1811 1828 1846 εἰσαγωγῇ

1022 1850 1111 1877 αὐτῶν
1119 1850 1245 1886 ὑπάρχω,
1257 1851 1384 1879 ὲπιτείνω
1392 1853 1483 1879 τοίνυν
1496 1853 1678 1890 ἑγχωροῦσάν
1691 1865 1743 1892 μοι
1754 1858 1830 1893 ἐρεῖν

1023 1904 1082 1928 ναν,
1098 1895 1150 1928 ἓως
1163 1892 1194 1922 οὗ
1218 1897 1268 1932 τὴν
1279 1897 1519 1934 ἀκραιφνεστάτην
1534 1900 1584 1935 τῆς
1601 1892 1827 1939 ὲπεστήμηςγαῠ-

1022 1941 1076 1967 τῶν
1090 1940 1144 1974 ἔξω
1157 1941 1298 1978 ἀλήθειαν.

1060 1987 1096 2015 Τὸ
1112 1989 1210 2023 στόμα
1221 1998 1280 2024 μου
1301 1988 1408 2023 ἧνοιξα
1422 1990 1472 2017 καί
1483 1991 1615 2019 summa
1629 1993 1765 2030 πνεῦμα,
1783 1995 1827 2022 ὅτι

1022 2033 1076 2067 τὰς
1090 2033 1218 2067 ἐντολάς
1231 2041 1290 2061 σου
1305 2034 1486 2069 ἐπεπόθουν,
1512 2046 1540 2063 κ.
1565 2046 1591 2064 τ.
1609 2039 1636 2066 ὲ.
1663 2040 1694 2066 '0
1718 2041 1827 2073 ἀνοίξας

1021 2079 1065 2106 διὰ
1077 2079 1127 2115 τῆς
1140 2081 1296 2116 πρακτικῆς
1308 2081 1357 2117 τὴν
1374 2081 1497 2118 καρδίαν,
1509 2082 1584 2110 ἕλκει
1598 2084 1631 2111 τὸ
1645 2085 1726 2119 ἆγιον
1742 2087 1827 2113 Πνεῦ-

1024 2134 1062 2161 μα
1075 2126 1105 2153 τὸ
1118 2126 1311 2154 ἅποκαλὺτπον
1327 2128 1401 2164 αὐτῷ
1411 2127 1446 2155 τὰ
1463 2130 1603 2165 μυστήρια
1618 2131 1668 2158 τοῦ
1686 2132 1768 2159 Θεοῦ.
1790 2133 1828 2158 Τδ

1023 2171 1110 2207 στόμα
1131 2173 1180 2208 τῆς
1208 2172 1298 2208 ψυχῆς
1326 2182 1377 2209 μου
1408 2174 1482 2201 ἐστὶν
1496 2175 1514 2210 ἡ
1529 2175 1649 2203 διάνοια.
1676 2177 1766 2204 Τοῦτο
1779 2176 1827 2204 οὖν

182 2225 210 2249 et
225 2222 327 2249 attraxi
348 2221 478 2256 Spiritum
497 2221 668 2254 intellectus,
693 2222 789 2257 gratiae
811 2225 839 2249 et
864 2221 970 2256 sapien-

1055 2218 1134 2250 eicaq
1147 2220 1202 2250 τοῖς
1217 2220 1345 2255 πονηροῖς
1352 2219 1503 2256 λογισμοῖς,
1516 2221 1613 2256 ἧνοιξα
1629 2224 1689 2255 τοῖς
1703 2225 1826 2259 ἀγαθοῖς.

182 2269 237 2298 tite.

218 2315 357 2350 Ejusdem.
373 2313 478 2341 Merees
497 2313 579 2348 igitur
593 2312 779 2339 concessionis
797 2312 915 2347 Spiritus
930 2316 972 2339 est

182 2361 301 2389 elocutio
317 2364 344 2388 et
362 2359 504 2387 exsecutio
520 2358 711 2385 mandatorum
734 2358 792 2391 Dei,
813 2359 850 2385 ita
875 2361 905 2384 ut
922 2365 971 2385 nos

181 2406 312 2434 aolumos
329 2405 496 2440 aperiamus,
514 2407 542 2430 et
566 2402 639 2430 iiiico
661 2409 677 2430 e
700 2402 776 2431 malis
801 2403 970 2430 attrahamus

181 2452 322 2486 Spiritum.

223 2494 301 2525 Vsus.
320 2497 383 2524 155.
405 2495 516 2523 Crassus
542 2502 612 2522 meo:
633 2495 716 2530 dirige
741 2494 885 2521 secundum
913 2495 970 2522 ela-

182 2544 273 2578 quium
290 2547 376 2575 tamn,
395 2547 419 2569 et
441 2549 493 2568 non
512 2541 662 2568 dominetur
687 2540 737 2567 mei
760 2540 844 2567 omnis
862 2540 971 2575 injusti-

182 2590 229 2621 tia,
243 2594 296 2616 etc.
314 2588 402 2615 Mente
413 2587 561 2623 peccantis
571 2587 703 2615 dominari
717 2586 817 2614 dicitur
827 2586 969 2621 injuslitia;

182 2642 264 2668 opere
279 2634 494 2669 prmvaricantis,
504 2632 732 2669 superdominari.
746 2632 793 2660 Vel
809 2632 881 2660 forte
906 2639 973 2666 pau-

184 2679 266 2707 Iulum
284 2680 452 2715 peccantium
474 2680 632 2707 dominatur
656 2679 801 2714 iniquitas,
824 2678 971 2714 plurimum

184 2732 248 2753 vero
261 2726 430 2761 peccantium
446 2726 696 2761 superdominatur.

221 2849 244 2864 "
260 2847 330 2875 Psal.
344 2855 397 2879 CXI,
412 2849 438 2876 1.

1025 2264 1072 2291 καί
1083 2265 1194 2292 είλκυσα
1206 2265 1318 2301 Πνεῦμα
1333 2266 1476 2299 συνέσεως,
1488 2268 1615 2303 χάριτος,
1631 2271 1681 2297 καὶ
1695 2273 1794 2306 σοφίας.

1063 2311 1118 2338 Τοῦ
1133 2311 1236 2339 αὐτοῦ.
1254 2311 1359 2344 Μισθὸς
1378 2312 1433 2348 ἄρα
1457 2313 1508 2348 τῆς
1524 2315 1663 2350 χορηγίας
1679 2317 1729 2344 τοῦ
1745 2318 1826 2344 Πιδεῶ-

1026 2366 1110 2393 ματος
1124 2358 1140 2393 ἡ
1160 2358 1259 2394 φράσις
1276 2358 1331 2385 τῶν
1349 2359 1465 2386 ἐντολῶν
1478 2359 1526 2386 τοῦ
1542 2360 1612 2387 Θεοῦ
1631 2362 1681 2388 καὶ
1698 2364 1715 2399 ἡ
1732 2364 1827 2398 κατόρ-

1025 2404 1120 2437 Θωσις,
1137 2405 1208 2431 ὥστε
1223 2405 1326 2438 ἀνοῖξαι
1339 2405 1419 2441 μόνον
1430 2407 1506 2441 ἡμᾶς
1515 2406 1548 2433 τδ
1561 2408 1663 2444 στόμα,
1682 2411 1731 2437 καὶ
1742 2419 1828 2444 παρει-

1024 2451 1119 2486 χρῆμα
1135 2449 1248 2486 Πνεῦμα
1257 2450 1286 2483 ἐξ
1299 2451 1422 2486 οὐρανῶν
1435 2452 1534 2479 ἕλκειν.

1063 2496 1102 2524 Τὰ
1116 2495 1282 2531 ὃιαὸήματά
1291 2505 1352 2531 μου
1373 2498 1562 2526 κατεύθυνον
1576 2500 1656 2527 κατὰ
1673 2501 1708 2527 τὸ
1720 2502 1829 2535 ,λέξο-ιε’,-

1024 2550 1093 2575 σου,
1115 2542 1216 2577 καὶμὴ
1239 2543 1502 2576 κατακειριευσάτω
1519 2554 1581 2580 μου
1603 2546 1691 2574 πᾶσα
1704 2547 1827 2581 (inpia.

1024 2596 1052 2615 κ.
1074 2596 1099 2614 τ.
1121 2588 1144 2615 ὲ.
1162 2587 1215 2614 Τοῦ
1231 2588 1281 2623 μὲν
1311 2588 1382 2615 κατὰ
1402 2588 1523 2616 διάνοιαν
1545 2591 1749 2627 ἁμαρτάνοντος
1769 2601 1828 2618 πιηά-

1029 2632 1128 2668 ριεύειν
1140 2632 1250 2667 λέγεται
1263 2634 1280 2669 ἡ
1300 2633 1411 2669 ἀνομία·
1428 2634 1477 2661 τοῦ
1494 2634 1524 2662 δὲ
1538 2638 1603 2662 κατ’
1615 2638 1753 2674 ἐνέργειαν
1766 2647 1828 2664 zu.

1027 2677 1218 2713 ρανομοῦντος,
1237 2679 1456 2715 κατακυριεύειν.
1476 2681 1513 2707 Ἦ
1527 2681 1601 2717 τάχα
1614 2684 1668 2711 τῶν
1683 2685 1729 2719 μὲν
1741 2684 1827 2717 ὀλίγα

1026 2724 1238 2761 ἁμαρτανόντων
1268 2725 1387 2762 κυριεύει
1414 2727 1432 2762 ἡ
1453 2727 1569 2764 ἀνομία,
1589 2730 1644 2756 τῶν
1666 2730 1692 2757 δὲ
1710 2730 1829 2758 micion

1025 2770 1227 2806 κατακυριεύει.
