1889 3052
57 127 86 154 l7
470 117 625 146 SELECTA
645 116 678 143 IN
696 113 863 143 PSALMOS.
886 128 920 134 —-
939 110 1035 139 PSAL.
1055 107 1172 136 CXVIII.

1577 105 1645 132 IGIS

54 181 201 215 Διεξόὸους
220 179 337 206 ὑδάτων
346 176 516 204 κατέδυσαν
532 176 558 202 οἱ
571 173 719 209 ὀφθαλμοί
731 181 802 207 μου,

898 169 977 197 Vens.
1007 168 1070 196 136.
1102 167 1196 193 Exitus
1225 171 1354 199 aquarum
1382 163 1544 191 transierunt
1577 164 1647 192 oculi

56 229 80 255 el
94 228 147 254 οὐκ
169 223 307 260 ἐφύλαξα
323 222 378 249 τὸν
402 222 496 255 νόμον
512 228 581 250 σου,
598 227 625 245 κ.
645 226 670 244 τ.
693 217 716 243 ὲ.
733 215 802 246 Τοὺς

55 273 86 300 τὰ
95 272 208 299 διάνοιαν
219 268 388 304 πειρασμοῦς
399 265 446 293 νῦν
454 265 591 301 τροπικῶς
605 263 688 290 ὕδατα
705 261 803 296 ὀνομά-

54 340 68 351 ,,
85 315 121 345 ὧν
132 318 203 353 ἡμᾶς
217 314 366 350 ἀποτρέπει
377 313 512 348 Σολομὼν,
522 311 621 344 λέγων·
637 319 645 334 ι
657 308 724 335 ’Λπὺ
739 307 804 334 ὓδα-

54 375 61 397 ;
75 352 210 398 ἀλλοτρίου
226 361 359 396 ἀπόσχου,
375 360 423 386 καὶ
436 358 490 386 ἀπὺ
504 357 596 393 πηγῆς
607 354 750 390 ἀλλοτρίας
767 352 804 389 μὴ

54 419 90 447 ης.
112 419 121 436 ι

54 456 106 484 ΙὉῦ
121 454 222 483 αὑτοῦ.
241 454 273 481 Οἱ
298 452 429 489 ἡμέτεροι
453 450 587 486 ὀφθαλμοὶ
614 449 654 482 είς
673 448 806 481 διεξόδους

54 503 119 529 ἀτων
137 500 315 528 καταδύνουσι
336 499 372 525 τὰ
385 497 430 526 τοῦ
444 497 501 533 βίου
522 497 673 532 πράγματα
689 495 806 527 ἄστατα,

54 558 57 577 ζ
71 549 126 574 ἐστι
137 547 216 582 χρεία
223 545 314 572 λοιπὸν
322 544 427 571 ἐκεῖθεν
435 543 584 579 ἀναχθῆναι
596 542 643 569 καὶ
653 541 793 576 διαϐλέψαι
799 561 806 573 ,

54 602 86 620 τε
93 591 263 627 τὰὲστηκότα
269 590 316 617 τοῦ
326 589 468 626 μέλλοντος
475 588 572 620 αἰῶνος
578 587 636 614 aue
642 588 696 623 ρεῖν
702 587 805 614 λοιπόν.

54 638 107 666 Τοῦ
121 637 224 665 αὑτοῦ.
251 636 279 664 '0
293 636 439 672 Σύμμαχος
453 634 534 661 οὕτω·
550 644 558 659 ι
579 634 731 670 Διαιρέσεις
745 633 807 660 ὑδά-

54 694 70 712 ην
83 685 229 712 κατέδυναν
239 684 263 710 οἱ
280 682 414 718 ὀφθαλμοί
438 690 489 717 μου
505 681 570 716 περὶ
589 680 642 708 τῶν
659 681 696 716 μὴ
711 680 809 716 φυλασ.

54 739 117 757 ντων
133 730 178 756 τὸν
191 729 273 764 νόμον
296 737 353 754 σου.
372 737 380 754 ι

58 775 236 810 Ἐξέτηξέμε
251 773 340 809 ζῆλός
357 780 426 805 σου,
442 772 486 800 ὅτι
497 772 679 800 ἐπελάθοντο
693 772 752 799 τῶν
761 773 810 799 λό-

54 831 76 848 ir
86 829 143 849 σου
155 823 182 848 οί
202 820 304 855 ἐχθροί
311 829 381 855 μου,
397 828 424 846 κ.
439 819 500 858 τηὲ.
520 816 583 846 Οἷον
598 817 678 853 ζῆλον
693 818 809 852 ἀνελάμ-

54 876 106 899 νον,
124 866 213 893 εἴποτε
226 866 319 901 ἐώρων
329 865 390 892 τινὰ
406 863 618 900 ἐπιλελησμένον
630 863 685 890 τῶν
702 863 755 889 σῶν
765 863 809 889 λό-

54 921 88 944 ιν;
109 912 164 947 Οὐχ
179 910 273 943 ἁπλῶς
288 910 378 946 ζῆλον,
396 910 465 937 ἀλλὰ
489 909 638 937 διάπτοντά
659 917 689 936 τε
707 909 754 936 καὶ
768 909 809 935 έν-

54 966 128 993 ρμον,
146 957 193 984 καὶ
218 956 379 992 αὐτόχρημα
401 955 510 988 καῦσιν,
535 956 559 982 εἰ
578 954 710 990 ἐθεώρουν
731 953 809 986 τινὰς

54 1002 278 1037 ιλανθανομένους
301 1010 348 1028 σου
365 1001 419 1028 τῶν
444 1001 539 1036 λόγων.
564 1000 632 1036 Περὶ
649 1000 744 1026 τούτου
760 999 808 1026 τοῦ

54 1048 98 1074 λου
111 1048 285 1084 ἐμνήσθησαν
299 1049 323 1074 οῑ
337 1047 456 1083 μαθηταὶ
480 1048 513 1074 ὲκ
526 1045 671 1082 προσώπου
693 1045 739 1072 τοῦ
757 1047 810 1072 Κυ-

54 1103 76 1120 ιυ
97 1095 125 1121 ὲν
147 1093 246 1129 ψαλμῷ
265 1093 421 1129 εἰρημένου,
435 1093 477 1120 ὅτι
503 1102 513 1118 ‹
527 1091 557 1120 '0
566 1092 646 1128 ζῆλος
670 1091 717 1118 τοῦ
733 1091 809 1118 οἴκου

54 1148 64 1164 J
83 1138 222 1173 κατέφαγέ
237 1147 281 1174 με.
298 1147 308 1164 ι

54 1183 270 1218 Πεπυρωμένον
291 1182 325 1209 τὸ
346 1183 452 1218 λόγιόν
478 1190 536 1210 σου
566 1182 695 1217 σφόδρα,
719 1182 768 1209 καί
793 1183 811 1209 ὁ

54 1229 125 1262 ῦ-ίός
141 1236 198 1257 σου
215 1228 375 1264 ἠγάπησεν
394 1228 478 1261 αὐτὸ,
492 1237 519 1256 κ.
537 1237 562 1256 τ.
578 1229 602 1256 ὲ.
618 1228 737 1260 Ἀδολος,
762 1236 811 1264 φη-

54 1285 71 1306 ι,
89 1276 103 1301 ὸ
123 1274 169 1301 τοῦ
193 1274 260 1301 Θεοῦ
284 1275 377 1310 νόμος,
398 1275 437 1306 ὡς
460 1273 533 1309 αὐτῷ
551 1274 748 1310 πεπυρωμένος
771 1273 811 1309 τῷ

55 1321 162 1356 εύματι·
180 1321 274 1357 διόπερ
284 1321 315 1348 οὐ
326 1321 481 1353 κολακείαν,
496 1322 547 1348 οὐκ
559 1320 700 1357 εἰρωνείαν
710 1321 810 1356 κέκτη-

54 1377 72 1400 ι,
95 1367 162 1394 ἀλλὰ
175 1367 300 1403 φανερῶς
314 1368 377 1399 τοὺς
393 1367 600 1403 ἁμαρτάνοντας
613 1367 730 1403 ἐλέγχει,
746 1367 810 1399 τοὺς

54 1413 183 1445 ,ελοῦντας
205 1413 311 1448 στύφει.
334 1422 344 1439 ι
362 1413 421 1440 Ζῶν
431 1413 485 1450 γὰρ
499 1414 513 1440 ὁ
523 1413 601 1448 λόγος
617 1413 663 1440 τοῦ
674 1413 753 1445 Θεοῦ,
765 1413 811 1440 καὶ

54 1459 142 1495 ιργὴς,
158 1460 205 1486 καὶ
217 1458 373 1495 τομώτερος
389 1459 460 1495 ὑπὲρ
473 1459 564 1486 πᾶσαν
579 1459 717 1495 μάχαιραν
728 1459 812 1486 δίστο-

854 216 915 247 mei,
931 215 992 250 quia
1005 221 1056 240 non
1070 211 1198 239 custodiet
1212 209 1295 245 legem
1309 215 1381 236 tuam
1393 229 1400 242 ,
1424 214 1478 236 etc.
1503 209 1645 236 Tcntatiu-

854 269 903 289 nes
926 268 986 296 qua:
1012 259 1094 286 menti
1111 261 1280 288 occurrunt,
1312 264 1384 283 nunc
1419 257 1534 292 ligurate
1560 265 1649 292 aquas

855 311 951 338 vocat,
969 313 984 333 a
1003 305 1100 340 quibus
1125 311 1174 331 nos
1197 304 1296 330 avertit
1323 301 1464 334 Salomon,
1484 303 1578 330 dicens
1605 304 1646 331 ‘3:
1668 318 1670 325 -

858 363 867 380 ι
880 352 921 380 Ab
936 359 1006 386 aqua
1036 351 1125 377 aliena
1140 349 1258 381 abstine,
1278 353 1305 375 et
1328 348 1360 375 de
1387 347 1461 375 fonte
1485 348 1574 376 alieno
1594 358 1646 376 non

855 397 943 425 bibas.
959 407 968 423 ι

892 442 1033 478 Ejusdem.
1060 440 1137 469 Oculi
1159 439 1245 468 nostri
1269 440 1296 467 in
1319 439 1408 467 exitus
1425 447 1557 475 aquarum
1575 428 1647 469 thum

857 489 918 517 vita:
935 488 1015 522 hujus
1031 487 1137 523 negotia
1155 487 1329 521 demergunt,
1346 486 1447 521 quibus
1469 485 1568 513 deinde
1580 493 1648 519 opus

858 540 899 564 est
918 535 981 562 inde
1002 533 1099 561 deduci
1118 537 1144 561 et
1168 533 1315 568 dispicere,
1344 535 1374 558 ut
1395 531 1421 559 in
1443 536 1582 566 posterqu
1606 538 1650 558 res

858 580 970 609 stabiles
985 579 1068 607 futuri
1082 579 1173 607 sazeuli
1188 581 1380 606 contueantur.

895 626 1032 662 Ejusdem.
1065 624 1247 662 Symmachus
1275 625 1314 653 sic
1345 625 1450 652 vertit:
1470 633 1480 650 ι
1499 623 1651 651 Divisioncs

860 680 992 707 aquarum
1008 671 1149 699 subierunt
1167 670 1239 698 oculi
1258 670 1310 698 mei
1330 670 1364 697 de
1379 670 1412 697 iis
1425 670 1470 704 qui
1486 677 1540 698 non
1557 674 1651 696 custo-

860 719 937 746 diunt
952 718 1039 754 legem
1054 723 1136 745 tuam.
1147 727 1157 746 ι

898 765 978 793 Vens.
997 763 1058 791 I59.
1085 763 1228 790 Tabescere
1250 770 1291 789 me
1309 762 1370 796 fecit
1392 761 1463 789 zelus
1485 767 1566 793 tuus;
1589 759 1652 795 quia

860 811 1004 839 oblitiaunt
1018 810 1095 837 verba
1113 814 1160 836 tua
1172 809 1273 836 inimici
1285 808 1345 838 mei,
1362 813 1416 836 etc.
1430 807 1542 842 Qualem
1563 806 1652 834 zelum

859 857 1041 889 assumebam,
1055 856 1077 884 si
1090 856 1200 891 quando
1222 856 1347 884 videbam
1365 855 1485 889 aliquem
1503 852 1651 880 verborum

861 909 967 931 tuorum
981 902 1127 930 oblivisci?
1143 901 1242 937 Utique
1254 909 1307 929 non
1322 901 1539 936 qualemcunque
1551 898 1653 929 zelum,

859 950 906 978 sed
925 956 1069 977 accensum
1086 952 1113 976 et
1126 938 1259 980 calidum,
1274 952 1356 982 atque
1375 946 1450 973 illico
1461 945 1614 976 ardentem,
1630 943 1652 970 si

859 996 970 1031 quando
985 995 1109 1022 videbam
1129 993 1236 1028 aliquos
1251 993 1398 1021 verborum
1418 996 1526 1019 tuorum
1543 990 1652 1017 oblitos.

860 1042 946 1077 llujus
960 1041 1009 1069 zeli
1023 1041 1207 1069 meminerunt
1220 1039 1358 1074 discipuli,
1375 1039 1407 1065 de
1418 1045 1473 1073 quo
1487 1044 1520 1064 ex
1537 1043 1653 1072 persona

861 1089 967 1117 Domini
989 1088 1016 1116 in
1040 1087 1146 1123 psalmo
1162 1086 1184 1102 ⁸⁷
1211 1086 1312 1113 dicitur
1330 1095 1336 1113 :
1354 1083 1458 1112 (Zelus
1481 1083 1578 1110 domus
1602 1086 1655 1109 tuae

860 1135 978 1163 comedit
991 1141 1043 1161 me.
1057 1143 1067 1160 ι

896 1180 978 1208 Vens.
1006 1179 1067 1208 140.
1090 1179 1209 1214 Ignitum
1232 1176 1365 1212 eloquium
1383 1179 1457 1202 tuum
1477 1174 1652 1204 uehementer,

860 1232 986 1255 etrervus
1006 1230 1066 1253 tuus
1087 1223 1179 1252 dilexit
1192 1223 1272 1255 illud,
1284 1226 1340 1249 etc.
1365 1220 1435 1253 Doll,
1449 1220 1548 1255 inquit,
1569 1218 1652 1254 813

861 1281 958 1307 expers
971 1277 1013 1300 est
1029 1272 1072 1300 lex
1086 1272 1144 1304 Dei,
1159 1274 1252 1305 utpote
1267 1269 1326 1304 ipso
1343 1267 1441 1302 spiritu
1459 1266 1542 1301 ignita
1561 1276 1566 1293 :
1586 1272 1655 1299 qua-

861 1325 973 1356 propter
983 1327 1035 1346 non
1051 1317 1235 1346 adulationem
1246 1335 1254 1349 ,
1270 1322 1322 1342 non
1340 1313 1543 1342 simulationem
1563 1310 1653 1338 conti-

861 1371 918 1400 net,
941 1365 988 1394 sed
1014 1365 1159 1392 manifeste
1184 1366 1329 1396 peccantes
1357 1359 1463 1395 arguit,
1485 1357 1656 1393 negligentes

861 1411 1031 1447 perstringit.
1052 1418 1062 1436 ι
1078 1409 1164 1438 Vivus
1177 1410 1218 1435 est
1229 1407 1302 1434 enim
1317 1412 1409 1434 sermo
1429 1404 1491 1437 Dei,
1506 1408 1533 1430 et
1547 1401 1655 1431 elllcax.

862 1463 890 1486 et
901 1456 1098 1494 penetrabilior
1112 1454 1188 1482 omni
1202 1453 1291 1490 gladio
1312 1450 1423 1486 ancipiti
1435 1470 1442 1483 ,
1457 1455 1486 1477 et
1498 1449 1656 1486 pertingens

54 1514 79 1538 ν,
101 1506 149 1532 καὶ
178 1504 363 1540 διικνούμενος
389 1503 454 1540 ἄχρι
485 1504 619 1539 μερισμοῦ
644 1503 735 1539 ψυχῆς
764 1503 810 1530 καὶ

898 1512 948 1540 que
964 1504 998 1531 ad
1008 1502 1170 1530 divisionem
1185 1501 1284 1527 anima:
1298 1503 1326 1525 et
1345 1498 1458 1533 spiritus
1468 1518 1475 1530 ,
1494 1502 1655 1529 compagum

55 1550 183 1586 εὐματος,
208 1550 305 1586 ἁρμῶν
323 1558 353 1576 τε
370 1549 418 1576 καὶ
435 1549 552 1585 μυελῶν,
567 1549 614 1576 καὶ
630 1549 752 1585 κριτικὸς
767 1549 811 1576 ὲν-

54 1597 163 1631 μήσεων
187 1597 234 1624 καὶ
252 1597 362 1625 ἐννοιῶν
390 1596 514 1632 καρδίας.
542 1605 552 1622 ι
580 1595 682 1622 Τοῦτον
710 1595 811 1628 τοίνυν,

54 1651 98 1678 τερ
111 1643 193 1678 ἐσμὲν
205 1643 293 1669 δοῦλοι
309 1643 356 1669 τοῦ
368 1642 446 1675 Θεοῦ,
459 1643 507 1670 καὶ
519 1642 598 1678 ἡμεῖς
614 1641 812 1677 ὰγαπήσωμεν,

54 1689 155 1725 γδαμῶς
176 1689 259 1716 αὐτὸν
284 1689 446 1722 κυϐεύοντες
473 1689 541 1725 μηδὲ
562 1688 701 1719 δολοῦντες
728 1688 813 1723 (ὅπερ

54 1737 74 1768 ἱς
86 1737 100 1763 ὁ
114 1736 219 1768 Παῦλος
233 1736 366 1772 ᾐνίξατο),
383 1736 503 1772 καθαρὸν
512 1735 540 1762 δὲ
555 1734 747 1771 προφέροντες,
762 1742 814 1760 κα-

54 1791 108 1818 περ
116 1783 148 1809 ὲκ
156 1783 205 1818 τῆς
214 1781 262 1809 τοῦ
274 1781 345 1808 Πνεύ
349 1790 433 1817 ματος
440 1781 555 1817 χωνείας
563 1780 722 1816 ἐδεξάμεθα.

54 1828 112 1856 Τοῦ
129 1828 232 1856 αὑτοῦ.
253 1828 290 1855 Τὸ
305 1827 504 1864 πεπυρωμένον
518 1827 608 1861 λόγιον
623 1826 671 1853 τοῦ
687 1825 754 1853 Θεοῦ
765 1834 814 1852 κατ

54 1874 125 1901 καίει
143 1873 219 1907 ξύλα,
243 1873 349 1910 χόρτον,
366 1873 504 1909 καλάμην,
524 1872 574 1905 τὰς
590 1871 729 1908 μοχθηρὰς
743 1871 814 1904 ἕξεις

54 1919 177 1946 αλίσκον.

59 1967 94 1994 Ἡ
107 1966 286 1999 δικαιοσύνη
308 1972 367 1992 σου
383 1964 561 1998 δικαιοσύνη
576 1965 620 1997 εὶς
635 1963 689 1991 τὸν
710 1962 813 1996 αἰῶνα,

54 2013 68 2040 ιὶ
86 2014 103 2040 ὁ
115 2013 209 2047 νόμος
221 2019 280 2039 σου
293 2011 428 2045 ἀλήθεια,
444 2020 471 2038 κ.
481 2019 507 2037 τ.
521 2011 544 2037 ὲ.
570 2010 603 2037 Ἦ
618 2009 693 2046 παρὰ
710 2009 815 2046 ἀνθρώ-

55 2068 79 2092 ις
94 2057 252 2093 δικαιοσύνη
272 2057 340 2093 πρὸς
362 2057 451 2091 ὀλίγον
466 2055 624 2092 ψηφίζεται.
653 2054 814 2090 Δικαιοσύνη

54 2104 128 2136 ὺνιος
141 2102 297 2139 δικαιοσύνη
315 2102 416 2138 κυρίως
427 2111 433 2117 ·
458 2102 487 2129 ὃν
511 2101 544 2129 ἂν
557 2101 681 2134 δικαιοῖς,
697 2101 816 2132 αἰωνίως

54 2151 192 2182 ὶδικαίως
218 2149 348 2185 βεϐαιοῖς.
374 2149 406 2176 'H
420 2149 448 2176 δὲ
469 2148 525 2175 τῶν
547 2147 698 2183 ἀνθρώπων
715 2147 744 2174 οὐ
760 2155 813 2174 τοι-

865 1557 973 1587 quoque
986 1557 1019 1576 ac
1033 1547 1210 1576 medullarum
1221 1566 1228 1579 ,
1257 1550 1284 1573 et
1309 1545 1443 1572 discretor
1460 1541 1655 1576 cogitationum

865 1602 893 1625 et
913 1595 1093 1624 intentionum
1117 1593 1208 1621 cordis
1223 1592 1257 1619 ".
1274 1601 1283 1618 ›
1300 1590 1377 1617 Illum
1390 1590 1483 1626 igitur,
1500 1589 1523 1616 si
1545 1587 1655 1622 quidem

865 1642 936 1671 servi
953 1641 1000 1669 Dei
1014 1647 1120 1673 sumus,
1134 1646 1182 1666 nos
1197 1644 1306 1673 quoque
1316 1636 1656 1671 diligemus,nequaquam

865 1697 926 1717 eum
953 1688 1126 1716 ludiﬁcantes
1150 1690 1197 1713 aut
1217 1684 1395 1712 I‘alsilicantes
1418 1681 1510 1717 (quod
1542 1681 1575 1709 de
1599 1688 1658 1716 qut-

865 1735 977 1763 busdant
991 1733 1095 1761 Paulus
1119 1730 1299 1765 insinuavit),
1312 1729 1359 1757 sed
1373 1736 1471 1764 purum
1487 1727 1655 1763 proferemus

864 1785 945 1818 prout
959 1787 1021 1808 eum
1034 1787 1067 1807 ex
1082 1779 1195 1807 fornace
1211 1777 1330 1812 Spiritus
1345 1775 1513 1810 accepimus.

902 1826 1042 1862 Ejusdem.
1061 1824 1176 1860 Ignitum
1193 1821 1330 1855 eloquium
1347 1820 1394 1848 Dei
1417 1817 1555 1847 comburit
1569 1817 1657 1853 ligna,

867 1873 971 1906 I'entun,
982 1871 1121 1907 stipulam,
1140 1869 1226 1899 malos
1241 1868 1351 1898 habitus
1362 1871 1544 1895 consumens-

901 1965 984 1993 Vsus.
1000 1963 1062 1992 142.
1077 1962 1190 1990 Iustitia
1201 1966 1247 1989 tua
1258 1959 1365 1994 iustitia
1385 1959 1412 1986 in
1427 1962 1565 1988 ceternum,
1581 1955 1663 1983 cile:

866 2018 911 2040 tua
920 2012 1027 2043 veritas,
1039 2014 1092 2037 etc.
1101 2008 1167 2042 Quae
1180 2007 1250 2043 apud
1265 2005 1389 2033 homines
1398 2007 1440 2031 est
1451 2001 1554 2038 iustitia
1565 2000 1657 2035 parvi-

867 2057 1004 2094 penditur.
1018 2055 1125 2084 Justitia
1141 2058 1242 2081 :L‘Ierna
1258 2051 1369 2088 proprie.
1384 2049 1489 2084 iustitia
1505 2052 1556 2076 est.
1571 2046 1664 2080 Qucnr

863 2093 1065 2140 justiﬁcaveris.
1088 2107 1151 2128 eum
1178 2100 1211 2127 iu,
1231 2102 1361 2125 mternum
1375 2101 1402 2123 et
1415 2096 1487 2131 juste
1499 2093 1657 2121 conﬁrmas.

866 2149 976 2178 Justitia
993 2154 1059 2175 vero
1072 2145 1210 2174 hominum
1227 2152 1281 2170 non
1297 2147 1338 2170 est
1351 2141 1493 2177 ejusmodi.
1510 2139 1659 2174 Tempora-

54 2206 86 2233 τη
98 2205 105 2212 ·
121 2195 289 2233 πρόσκαιρός
301 2204 331 2222 τε
349 2195 403 2231 γὰρ
416 2194 463 2221 καὶ
480 2193 651 2229 σφαλλομένη
666 2193 700 2220 τὰ
717 2192 810 2219 πολλά.

898 2203 919 2223 ειι
936 2194 1008 2223 enim
1026 2198 1070 2221 est
1083 2197 1193 2226 etszepe
1210 2189 1286 2219 falsa.
1298 2188 1354 2216 Lex
1370 2193 1413 2215 tua
1428 2188 1543 2223 ipsamct
1560 2185 1660 2213 veritas

54 2245 73 2270 ιὶ
89 2243 104 2269 ὁ
118 2243 200 2278 νόμος
215 2251 261 2269 σου
276 2241 341 2268 αὐτὸ
364 2241 460 2277 χρῆμα
474 2240 614 2276 ἀληθείας,
635 2240 736 2274 σφόδρα
749 2239 815 2275 ἀλη-

54 2289 106 2316 ἇων
124 2289 154 2315 ὲν
178 2289 256 2315 πᾶσι.
287 2288 396 2314 Νοείται
421 2286 451 2313 δὲ
465 2285 579 2322 ἀλήθεια
605 2285 652 2312 καὶ
669 2284 814 2322 ἡόρθότης

54 2335 89 2362 τὰ
103 2334 134 2361 τό
147 2343 154 2349 ·
176 2344 186 2360 ι
200 2334 308 2365 Δίκαιος
327 2331 361 2366 εἴ,
379 2332 476 2368 Κύριε,
495 2330 542 2358 καὶ
565 2331 654 2363 εὐθεῖς
667 2331 695 2357 αἱ
709 2330 816 2366 κρίσεις

54 2390 105 2407 LI

54 2427 182 2461 Θλίψεις
205 2425 255 2453 καί
276 2425 402 2461 ἀνάγκαι
418 2424 551 2460 εὕροσὰν
569 2432 618 2460 με,
641 2425 671 2451 al
695 2422 817 2450 ἐντολαί

58 2482 75 2499 υ
89 2472 204 2507 μελέτη
216 2481 288 2507 μου,
310 2481 338 2501 κ,
355 2481 380 2498 τ.
392 2473 416 2498 ὲ.
437 2472 542 2507 Ὥσπερ
560 2469 731 2506 ἐκζητουσῶν
743 2469 817 2504 ἡμᾶς

55 2528 70 2545 ν
85 2519 204 2554 θλίψεων
221 2519 268 2546 καὶ
292 2518 346 2545 τῶν
360 2517 497 2553 ἀναγκῶν,
513 2516 586 2551 λέγει
609 2516 649 2550 τὸ,
674 2514 816 2551 «Εὔροσάν

55 2584 62 2590 .
77 2575 86 2591 ι
115 2566 152 2592 ’Ἡ
176 2565 248 2600 τάχα
271 2564 375 2599 θλίψεις
398 2564 422 2590 οἱ
448 2563 584 2594 θλίϐοντες
604 2562 740 2596 λέγονται,
767 2561 815 2587 καὶ¹

54 2612 140 2645 ἀγκαι
156 2612 181 2638 οἱ
195 2611 244 2643 τὰς
257 2611 381 2646 ἀνάγκας
397 2610 560 2644 ἐπάγοντες·
578 2607 638 2640 ἔθος
653 2608 708 2643 γὰρ
724 2607 781 2642 ἔχει
796 2608 812 2642 ἡ

54 2657 116 2693 uel]
131 2658 182 2689 τὰς
197 2657 268 2690 ἔξεις
282 2658 343 2684 ἀντὶ
359 2656 412 2683 τῶν
426 2656 542 2691 ἑχόντων
561 2655 645 2686 αὑτὰς
661 2653 813 2689 ὀνομάζειν.

54 2714 98 2731 ντω
111 2705 169 2741 γὰρ
193 2704 269 2740 παρὰ
291 2703 423 2739 Παύλῳιι
434 2703 467 2729 Ἦ
478 2703 572 2737 ἀγάπη
585 2702 713 2728 οὐδέποτε
735 2701 814 2728 ἐκπί-

56 2759 98 2776 ει·
114 2761 123 2776 ι
153 2759 201 2777 και
219 2750 294 2785 παρά
308 2749 477 2785 Σολομῶντι“
494 2758 503 2774 ι
527 2749 558 2774 'H
572 2748 644 2783 κακὴ
662 2748 743 2784 βουλὴ
760 2749 813 2775 ἁπ-

76 2797 100 2813 ⁸⁶
121 2797 201 2825 Prov.
225 2806 254 2826 ν,
278 2797 320 2824 Ili.
376 2797 398 2812 "
417 2797 487 2824 l‘sal.
509 2804 603 2828 vatu,
630 2797 668 2823 ιυ.

65 2833 149 2861 l’rov.
172 2841 201 2863 ιι,
227 2833 266 2860 I7.

725 2795 747 2810 ⁵⁸
767 2794 850 2822 llcbr.
873 2801 912 2826 tv,
937 2794 977 2821 1'2.

866 2246 923 2274 est,
933 2239 1032 2275 quippe
1046 2245 1107 2273 qum
1118 2237 1144 2264 iu
1161 2236 1284 2263 omnibus
1300 2242 1380 2262 verax
1397 2238 1448 2260 est.
1465 2231 1594 2259 Veritatis
1609 2237 1659 2257 no-

869 2288 942 2314 utine
968 2285 1129 2320 intelligitur
1157 2283 1239 2310 etiaut
1270 2282 1404 2310 rectiuqu
1426 2281 1502 2314 juxta
1535 2278 1599 2306 illud
1614 2277 1657 2304 5':

871 2342 880 2359 ι
902 2332 995 2360 Justus
1008 2338 1047 2364 es,
1063 2329 1189 2362 Domine,
1205 2334 1232 2356 et.
1248 2333 1322 2356 recta
1334 2326 1435 2361 judicia
1450 2330 1505 2352 tua.
1528 2333 1537 2350 ν

907 2425 988 2453 Vens.
1004 2423 1066 2451 M5.
1084 2421 1279 2449 Tribulutiones
1292 2423 1316 2446 et
1331 2417 1496 2444 necessitates
1507 2416 1659 2443 invenerunt

869 2480 930 2504 me;
945 2471 1072 2498 mundata
1085 2474 1132 2496 tua
1147 2467 1283 2494 meditatio
1304 2473 1361 2492 mea
1377 2469 1426 2495 est,
1444 2467 1496 2490 etc.
1513 2462 1595 2497 Quasi
1611 2469 1660 2488 nos

869 2518 1014 2554 exquirant
1040 2516 1230 2544 tribulationes
1255 2519 1283 2542 et
1298 2512 1484 2544 necessitates,
1502 2510 1540 2537 ait
1556 2519 1563 2536 :
1582 2518 1591 2535 (
1615 2508 1659 2535 In-

869 2553 1003 2592 venerunt
1023 2570 1077 2590 me.
1098 2571 1108 2588 ι
1125 2560 1172 2588 Vel
1195 2561 1267 2588 forte
1289 2559 1481 2588 tribulationes
1497 2556 1625 2584 dicuntur
1641 2553 1660 2580 ii

868 2610 914 2646 qui
930 2609 1070 2643 tribulant,
1087 2608 1264 2636 necessitates
1276 2614 1338 2635 vero
1350 2606 1368 2633 ii
1385 2605 1430 2641 qui
1446 2603 1506 2631 illas
1526 2601 1658 2629 inferunt.

870 2657 946 2685 Solcl
958 2656 1031 2684 enim
1048 2655 1188 2690 Scriptura
1209 2654 1321 2682 habitus
1347 2652 1488 2681 nominare.
1504 2656 1552 2684 pro
1567 2647 1601 2675 iis
1612 2649 1658 2681 qui

870 2703 929 2730 illos
953 2702 1065 2731 habent.
1089 2701 1135 2728 Sic
1153 2700 1225 2728 enim
1245 2700 1316 2734 apud
1338 2698 1450 2726 Paulum
1469 2697 1504 2720 ενι
1517 2694 1661 2721 ιωιιιτιιίιδ

869 2756 1008 2784 nunquam
1022 2747 1123 2776 excidit
1138 2756 1145 2773 :
1166 2755 1175 2772 ι
1199 2751 1226 2773 et
1240 2746 1310 2780 apud
1328 2745 1501 2773 Salumoncm
1513 2741 1553 2767 δίε
1572 2750 1581 2765 ι
1598 2739 1660 2766 νει-ο

1031 2794 1052 2808 δθ
1071 2791 1142 2830 Psal.
1163 2799 1261 2825 cxvnt,
1284 2792 1345 2820 157.
1401 2791 1422 2806 ου
1442 2791 1452 2818 l
1471 2789 1533 2817 Cor.
1553 2798 1617 2824 xm,
1636 2789 1660 2817 8.
