1889 3052
167 91 236 120 9619

855 92 902 120 EX
921 92 1072 122 ORIGENE

1738 92 1800 118 ΙἺΞῦ

165 156 273 179 versum
289 150 434 178 consilium
462 150 571 185 reliquit
597 150 748 178 doctrinam
775 158 789 177 a
813 150 942 185 juventuh

1038 160 1081 178 ιπε
1095 150 1142 187 τὴν
1156 149 1327 177 διδασκαλίαν
1342 149 1390 185 τὴν
1404 149 1437 176 ἐκ
1446 148 1586 184 νεότητος,
1603 150 1653 176 καί.
1665 149 1720 184 τῆς
1731 149 1800 181 θείας

163 201 330 231 susceptam,
342 201 371 223 et
382 196 466 223 divini
484 195 638 223 testamenti
655 195 768 223 oblitum
784 201 835 224 est.
855 206 864 222 ι
879 197 956 231 Sui-pc

164 242 246 270 ctiam
265 241 432 269 contrarium
449 241 512 268 facit
525 240 678 275 Seriptura,
693 246 719 268 et
738 242 837 269 virtute
855 243 953 276 praedi-

145 278 221 316 .tutn
250 288 309 316 loco
327 287 435 314 virtutis
461 287 593 314 nominat.
613 286 679 314 Nam
704 287 731 315 in
755 287 910 316 Proverbiis
933 288 954 304 ⁶¹

164 335 202 361 ait
217 342 226 361 :
244 343 253 360 ι
272 333 405 360 lllitterati
421 332 536 360 oderunt
547 333 720 366 sapientiam,
741 342 751 359 ι
769 333 795 360 id
809 338 852 361 est
868 333 954 361 virtu-

165 384 227 407 tem.
243 379 275 406 Et
292 379 390 406 Paulus
405 386 412 405 :
429 388 438 403 ι
455 378 545 406 Nolite
565 378 659 406 deduci
680 387 694 405 a
718 383 809 407 mente
833 384 951 411 vestra,»

164 426 215 452 hoc
235 429 279 452 est
303 424 337 452 ab
360 424 491 458 ejusmodi
516 424 661 452 sententia.
683 424 710 451 In
734 424 954 452 tribulationibus

163 470 291 498 mandata
317 474 362 501 tua
384 470 526 498 meditatio
540 477 599 497 mea
623 471 953 503 erant,consolabantttr-

162 522 214 548 quc.
225 522 268 542 me
282 522 314 542 ac
333 521 451 542 mmrore
466 514 602 542 levabant.
619 514 680 541 Haec
692 515 764 542 enim
777 523 839 542 cum
857 523 954 550 opera-

163 562 211 588 riis
227 560 336 588 virtutis
356 560 452 594 juncta
476 565 558 588 sunt:
573 569 636 588 nam
657 568 689 588 ex
708 560 813 588 illorum
829 561 952 588 doctrina

163 607 348 634 fortitudinem
375 607 451 634 disco
477 611 505 634 ct
535 607 624 634 tristia
651 614 782 642 generose
807 606 876 633 fero.
908 606 954 634 Sic

162 654 244 680 etiam
263 653 444 688 Symmachus
464 653 657 688 interpretatus
679 659 742 681 est:
762 662 771 679 ι
786 653 953 680 Tribulatio-

162 707 210 726 nes
225 703 253 726 et
276 699 434 726 ventioues
455 700 720 734 comprehenderunt
738 706 780 726 me
793 719 801 732 ,
817 703 951 734 praecepta

162 750 252 772 autent
268 749 314 772 tua
326 744 495 772 delectabant
507 752 570 778 tne;
587 754 595 770 ι
613 745 711 780 Aquila
727 753 791 772 vero
805 745 862 772 sic:
876 754 885 771 ι
905 745 952 773 Af-

163 789 244 816 llictio
257 794 284 816 ct
294 789 420 824 angustia
434 789 596 817 invenerunt
609 797 669 818 me:
684 791 809 817 mandata
822 795 866 817 tua
878 790 952 818 oble-

162 835 246 862 ctalio
260 841 329 862 mea.
351 844 359 860 ι

197 879 278 908 Vens.
296 880 356 907 M4.
381 879 509 915 {Equitas
534 881 683 907 testimonia
700 885 745 907 tua
766 881 792 907 in
813 886 950 914 wternum,

161 925 321 953 intellectum
334 926 369 953 da
383 926 448 953 milii
467 931 490 954 et
513 927 607 959 vivam,
626 931 680 955 etc.
701 927 858 955 Intellectus
877 928 952 962 prior

159 971 342 1004 csuscientia,
361 971 397 998 ita
414 975 443 998 ut
457 971 503 1006 qui
523 972 636 999 scientia
658 972 788 1007 praeditus
799 977 841 999 est
856 972 952 999 intelli-

160 1023 226 1052 gens
246 1016 327 1044 etiam
345 1017 380 1044 sit
393 1025 401 1050 ;
414 1017 459 1052 qui
474 1022 563 1044 autem
579 1017 732 1053 intelligens
747 1023 800 1051 est,
818 1017 841 1045 is
857 1025 952 1046 neces-

161 1063 235 1090 sario
249 1070 301 1090 non
317 1063 353 1091 sit
368 1063 480 1091 scientia
495 1063 634 1098 praeditus.

194 1108 278 1144 814
296 1109 378 1137 Vens.
394 1109 453 1136 145.
464 1109 584 1137 Clamavi
596 1109 623 1136 in
635 1114 688 1137 toto
700 1110 778 1137 corde
796 1118 952 1143 meo,ea:au-

159 1154 188 1181 di
199 1163 249 1186 me,
265 1156 385 1188 Domine,
391 1155 596 1190 justiﬁcationu
609 1160 670 1184 tum
681 1157 826 1191 requiram,
837 1160 891 1184 etc.
899 1155 950 1189 Qui

159 1208 192 1227 ιιι
205 1205 262 1228 ιοιο
278 1202 360 1229 corde
374 1201 460 1236 diligit
479 1201 575 1238 Deum,
585 1201 612 1229 in
629 1205 686 1230 toto
702 1201 784 1230 corde
803 1202 913 1230 clamat.

196 1290 330 1324 Ejusdem.
342 1289 391 1318 Hic
404 1290 507 1318 clamor
521 1298 575 1319 non
586 1295 628 1319 est
641 1299 736 1327 magna
751 1299 814 1324 vox,
830 1292 878 1319 sed
893 1299 951 1319 ma-

157 1337 270 1372 gnitudo
280 1345 374 1365 earum
388 1345 479 1365 rerum
491 1345 553 1372 qua:
566 1344 615 1373 per
626 1337 698 1365 illam
713 1337 769 1365 Deo
790 1338 950 1373 signiﬁcan.

159 1389 212 1410 tur.
227 1383 322 1411 Justus
337 1383 410 1410 enim
432 1390 559 1418 magnam
580 1382 613 1410 ad
628 1383 712 1411 Deum
727 1391 822 1411 vocem
838 1384 949 1416 emittit,

158 1429 300 1464 postulans
314 1428 436 1457 ccelestia
452 1433 480 1457 et
495 1436 605 1466 magna.
620 1429 666 1458 Sic
680 1430 763 1457 etiam
775 1429 867 1464 justus
882 1430 949 1457 Abel

158 1478 281 1501 mortuus
303 1473 423 1509 loquitur
437 1474 481 1501 ":
503 1483 513 1500 ι
535 1474 602 1502 Nam
624 1482 676 1502 vox
695 1474 837 1510 sanguinis
855 1475 949 1502 fratris

159 1519 197 1546 tui
213 1518 313 1546 clamat
328 1519 361 1546 ad
379 1527 422 1546 me
436 1520 469 1547 de
483 1524 573 1548 terra:
590 1525 639 1547 rut
655 1520 828 1547 manifestum
846 1520 892 1547 liat
904 1520 949 1554 ju-

157 1569 229 1591 stum
245 1572 343 1599 magna
360 1572 428 1593 voce
449 1566 484 1593 ad
503 1565 587 1594 Deum
604 1565 748 1593 clamasse.
761 1565 794 1592 Et
810 1565 894 1601 Moysi
914 1567 948 1593 ab

157 1609 295 1646 Egyptiis
313 1611 528 1645 persecutionem
545 1611 658 1645 patienti
673 1611 714 1638 ait
726 1610 764 1637 “:
776 1619 786 1636 ι
805 1611 875 1644 Quid
892 1610 947 1638 cla-

158 1663 217 1682 mas
228 1655 261 1682 ad
273 1662 315 1683 me
329 1655 342 1681 ?
357 1665 367 1681 ι

196 1701 470 1730 Vens.M7.Pra2veni
486 1702 514 1728 in
534 1703 724 1729 immaturitate
736 1707 759 1729 et
774 1702 887 1729 clamavi
896 1709 906 1728 :
920 1703 947 1730 in

157 1747 233 1774 verba
249 1753 296 1774 tua
316 1748 507 1782 supersperavi,
520 1752 572 1776 etc.
587 1747 770 1776 lmmaturitas
782 1752 823 1776 est
841 1748 947 1776 intelle-

156 1793 255 1820 ctualis
266 1793 407 1828 dispositio
425 1793 592 1821 habitudinis
610 1793 645 1820 ad
666 1793 851 1829 cognitionem
870 1794 947 1821 festi-

157 1850 235 1870 1121ῐι5.

191 1890 273 1917 Vsus.
285 1886 346 1917 150.
362 1887 641 1923 Appropinquaoerunt
654 1891 835 1922 persequentes
846 1895 886 1914 me
895 1887 947 1914 ini-

155 1936 250 1970 quitati
264 1942 300 1962 :a
314 1935 369 1970 lege
386 1939 474 1961 autem
492 1939 538 1960 tua
557 1934 632 1968 longe
644 1933 708 1968 facti
722 1938 793 1966 sunt,
810 1938 862 1961 etc.
877 1933 946 1960 liinc

156 1982 286 2009 discimus
310 1981 376 2016 quid
389 1981 509 2015 patiatur
529 1981 552 2008 is
569 1981 615 2016 qui
628 1978 733 2014 justum
749 1981 943 2015 persequitur:

155 2033 286 2063 quantum
302 2028 374 2056 enim
390 2028 423 2054 ad
434 2027 535 2062 justum
552 2027 769 2062 persequendum
785 2026 944 2059 accesserit,

156 2075 324 2102 tantumdem
339 2082 353 2100 a
370 2074 428 2109 lege
453 2073 499 2101 Dei
515 2073 657 2109 elongatur
675 2082 682 2107 ;
698 2077 830 2109 quantum
850 2078 940 2100 autem

154 2130 169 2147 κ
181 2121 250 2156 lege,
260 2119 427 2147 tantumdem
441 2119 524 2146 etiam
541 2126 555 2146 a
568 2118 621 2146 vita
633 2123 798 2151 removetur,
807 2119 870 2154 quia
884 2119 940 2154 ipsa

153 2168 196 2191 cst
209 2164 261 2190 vita
279 2168 384 2191 nostra.

192 2209 271 2237 Vens.
286 2209 347 2236 151.
362 2208 446 2244 Prope
460 2218 486 2236 es
501 2213 540 2242 tu,
554 2207 678 2241 Domine,
691 2213 714 2235 et
727 2217 815 2236 omnes
829 2209 877 2236 vite
889 2214 941 2237 tua:

154 2255 261 2289 ueritas,
274 2260 328 2283 etc.
342 2254 401 2290 Ipse
418 2255 499 2290 igitur
511 2255 564 2282 hoc
578 2256 657 2282 modo
673 2254 782 2289 quidem
797 2255 942 2290 appropin-

152 2306 218 2336 quat
243 2306 455 2329 :verumtamen
479 2301 532 2329 nisi
551 2309 602 2330 nos
626 2301 684 2335 ipso
708 2301 942 2337 appropinquante

152 2347 303 2375 etltciamus
323 2351 352 2374 ut
365 2352 393 2374 et
406 2347 457 2382 ipsi
470 2348 503 2375 ad
517 2355 578 2375 eum
594 2347 769 2381 accedamus,
781 2348 941 2383 propinqui-

154 2397 208 2421 tate
224 2393 283 2429 cjus
297 2400 350 2421 non
362 2392 494 2420 fruemur.
512 2393 614 2420 Idcirco
630 2397 786 2427 peccatores
798 2399 813 2420 a
831 2393 886 2420 Deo
900 2400 943 2420 rc-

152 2440 219 2468 moti
231 2445 307 2468 sunt.
327 2449 336 2465 ι
354 2439 423 2468 Ecce
434 2439 481 2474 qui
503 2439 633 2475 elongant
655 2442 746 2467 seate
756 2436 937 2473 peribunt‘h

149 2484 245 2514 Justus
257 2490 348 2514 autem
363 2485 444 2513 etlicit
457 2491 486 2513 ut
500 2485 557 2513 Deo
574 2486 783 2520 appropinquet.

187 2530 325 2567 Ejusdem.
337 2531 444 2560 Justitia
459 2538 544 2567 prope
552 2536 594 2560 est
606 2532 630 2560 ei
643 2531 687 2567 qui
704 2535 778 2559 recte
786 2537 866 2566 agerc
875 2538 941 2558 con-

153 2579 258 2612 suevit;
279 2579 364 2606 multo
385 2584 476 2607 autem
500 2580 609 2615 propior
623 2580 663 2607 eis
684 2578 730 2614 qui
756 2585 839 2613 opere
863 2578 943 2614 justi-

154 2623 217 2650 tiam
233 2629 260 2652 ct
278 2625 421 2652 scientiam
436 2625 486 2653 sibi
508 2629 711 2660 compararunt.

962 1500 983 1529 C

190 2714 271 2742 Vsus,
287 2715 347 2742 15⁵9..
361 2714 442 2743 Initio
463 2718 569 2751 cognovi
585 2717 616 2743 de
634 2717 791 2744 testimoniis
805 2717 940 2751 tuis,qttin

194 2803 216 2816 "
230 2802 309 2830 i‘mv.
330 2812 348 2835 ι,
372 2805 417 2831 2-2.
454 2805 476 2821 ⁸³
495 2805 563 2834 (icit.
578 2806 655 2838 H510
698 2807 721 2822 ‘“
736 2807 820 2835 Exod.
838 2815 891 2836 liv.
911 2806 942 2833 15

1006 196 1152 223 ἐπελάθετο
1167 195 1307 230 διαθήκης.
1326 204 1336 220 ι
1358 195 1433 220 Ποιεῐ
1444 194 1472 221 δὲ
1489 194 1619 226 πολλάκις
1633 193 1684 220 καὶ
1697 194 1729 220 τὸ
1743 195 1802 221 ἀνὰα

1006 242 1086 267 παλιν
1099 241 1116 276 ἡ
1132 240 1236 276 Γραφὴ,
1252 239 1357 266 καὶτὸν
1373 239 1514 274 πεφυκότα
1530 239 1660 274 δέχεσθαι
1675 239 1729 274 τὴν
1743 240 1794 275 ἀρε

1005 287 1053 322 τὴν
1069 287 1129 313 ἀντὶ
1144 286 1193 321 τῆς
1205 285 1303 320 ἀρετῆς
1318 284 1455 320 ὀνομάζει.
1483 285 1527 311 Ἐν
1546 285 1600 320 γὰρ
1619 286 1686 315 ταῖς
1706 285 1799 321 Παροι-

1007 332 1082 367 μίαις
1095 332 1188 368 φησίν·
1201 341 1210 357 ι
1223 332 1254 357 Οἱ
1266 331 1423 357 ἀπαίδευτοι
1438 331 1572 366 ἐμίσησαν
1589 331 1702 366 σοφίαν,
1720 341 1729 356 ν
1745 332 1798 358 ἀντὶ

1005 376 1051 403 τοῦ
1073 377 1183 413 ἀρετήν.
1214 376 1298 403 Καὶὸ
1314 375 1437 407 Παῦλος·
1465 376 1529 412 «Mil
1546 376 1730 411 μετατίθεσθε
1752 377 1802 403 ἀπὸ

1004 422 1050 448 τοῦ
1064 423 1122 454 νοὸς
1137 422 1225 457 ἡμῶν,
1239 431 1247 447 ι
1263 422 1401 448 τουτέστιν
1415 422 1468 448 ἀπὸ
1486 422 1536 458 τῆς
1550 423 1661 449 τοιᾶσδε
1679 422 1801 458 γνώμης.

1011 468 1054 494 Ἐν
1067 469 1127 500 ταῖς
1149 467 1269 502 θλίψεσιν
1288 469 1316 494 αἱ
1340 467 1444 495 ἑντολαί
1470 477 1518 494 σου
1535 468 1636 504 μελέτη
1665 478 1719 504 μου
1735 467 1802 503 ἦσαν

1005 514 1210 549 παρηγοροῦσαι
1226 514 1272 541 καὶ
1288 514 1319 540 τὸ
1340 513 1421 548 ἄλγος
1443 513 1684 548 ἐπικουφίζουσαι.
1712 514 1803 540 Ταῦτα

1003 560 1057 596 γὰρ
1075 559 1250 592 συνέζευκται
1275 560 1330 591 τοῖς
1343 559 1473 594 ἐργάταις
1489 559 1539 594 τῆς
1565 559 1686 596 ἀρετῆς·
1705 560 1739 586 εκ
1752 560 1804 594 γὰρ

1003 607 1052 641 τῆς
1067 606 1169 633 τούτων
1193 605 1367 637 διδασκαλίας
1390 605 1439 640 τὴν
1455 605 1567 640 ἀνδρίαν
1585 604 1734 640 μανθάνω,
1759 606 1804 632 καὶ

1004 653 1079 688 φέρω
1102 653 1232 687 γενναίως
1253 652 1287 678 τὰ
1315 651 1437 687 λυπηρά.
1471 650 1550 678 Οὕτω
1574 651 1624 678 καὶ
1650 650 1804 686 Σύμμαχος

1004 700 1174 734 ἡρμήνευοεν
1185 707 1192 713 ·
1220 707 1229 724 ι
1243 697 1351 733 Θλίψεις
1371 697 1419 723 καὶ
1434 696 1570 728 κακώσεις
1583 696 1742 724 κατέλαὸόν
1761 706 1804 732 με,

1004 744 1070 771 αἰδὲ
1085 743 1191 771 ὲντολαί
1202 752 1248 770 σου
1263 743 1377 780 ἕτερτοόν
1393 752 1437 778 με.
1450 752 1460 768 ι
1486 743 1514 769 '0
1528 742 1557 768 δὲ
1576 742 1698 775 Ἀκύλας
1713 742 1804 769 οὕτω·

1006 800 1015 816 ι
1027 790 1149 826 Θλιμμὸς
1160 791 1206 817 καὶ
1220 789 1318 825 συνοχὴ
1333 787 1412 825 εὗρόν
1428 797 1462 824 με
1473 797 1480 804 ·
1498 789 1524 815 αἱ
1541 788 1651 815 ὲντολαί
1666 797 1718 815 σου
1735 789 1806 816 ἀπύ-

969 831 990 858 Β
1004 831 1098 868 λαυσίς
1113 846 1173 872 μου.
1186 845 1196 862 l

1038 883 1218 916 Δικαιοσύνη
1244 882 1281 909 τὰ
1297 880 1445 917 μαρτύριά
1467 889 1525 908 σου
1549 882 1594 914 εις
1612 881 1669 908 τὸν
1688 881 1806 910 αἱιῖινα·

1002 929 1165 957 συνέτισόν
1182 937 1232 963 με,
1251 928 1301 955 καὶ
1322 927 1456 964 ζήσομαι,
1483 938 1510 957 κ.
1526 937 1552 956 τ.
1572 929 1597 954 ὲ.
1631 928 1665 955 'H
1692 927 1808 958 σύνεσις

1002 975 1123 1011 προτέρα
1139 975 1198 1002 ἐστὶ
1213 974 1262 1011 τῆς
1276 974 1412 1009 γνώσεως,
1438 974 1476 1007 ὡς
1491 972 1559 1002 εἶναι
1575 973 1624 1000 τὸν
1645 973 1807 1008 γνωστικδν

1002 1022 1049 1048 καὶ
1071 1021 1194 1050 συνετόν·
1218 1021 1263 1047 τὸν
1289 1020 1317 1047 δὲ
1336 1021 1446 1047 συνετὸν
1467 1021 1498 1047 οὐ
1521 1020 1634 1051 πάντως
1661 1020 1714 1046 καὶ
1731 1028 1805 1055 γνω-

1003 1075 1094 1094 στικον
1102 1079 1106 1084 ”

1042 1111 1250 1147 Ἔκέκραξαέν
1260 1111 1318 1146 ὅλῃ
1333 1111 1440 1146 καρδίᾳ
1451 1121 1521 1146 μου,
1536 1111 1720 1138 ἐπάκουσόν
1730 1120 1804 1146 μου,

1001 1158 1099 1191 Κύριε,
1112 1157 1149 1184 τὰ
1169 1156 1350 1192 δικαιώματά
1361 1163 1420 1183 σον
1433 1155 1597 1191 ἐκζητήσω,
1612 1165 1641 1183 κ.
1659 1165 1686 1183 τ.
1703 1155 1731 1183 ε.
1758 1155 1805 1190 ἐξ

1000 1202 1064 1238 ὅλης
1077 1201 1191 1237 καρδίας
1207 1201 1322 1236 ἀγαπῶν
1337 1201 1382 1228 τὸν
1394 1201 1471 1235 Θεὸν,
1486 1198 1565 1233 οὗτος
1587 1203 1617 1228 ἐν
1638 1201 1692 1239 ὅλῃ
1703 1201 1807 1238 κράζει

1000 1248 1111 1284 καρδίᾳ.

1037 1294 1094 1322 Τοῦ
1109 1293 1212 1322 αὐτοῦ.
1232 1294 1289 1330 0ρχ
1301 1295 1318 1331 ὴ
1333 1293 1441 1330 κραυγὴ
1454 1293 1560 1329 μεγάλη
1574 1293 1636 1320 ἐστὶ
1649 1293 1742 1330 φωνὴ,
1756 1294 1805 1320 εὑ-

999 1339 1033 1367 λὰ
1054 1339 1085 1366 τδ
1110 1339 1225 1375 μέγεθος
1247 1339 1302 1366 τῶν
1326 1339 1534 1375 σημαινομένων
1572 1339 1619 1365 ὑπ’
1643 1339 1736 1374 αὐτῆς
1763 1339 1804 1375 τῷ

997 1382 1067 1418 Θεῷ.
1081 1383 1111 1410 '0
1124 1383 1178 1419 γὰρ
1191 1383 1294 1416 δίκαιος
1308 1384 1430 1419 μεγάλην
1444 1383 1572 1411 ἀποτελεῖ
1585 1384 1657 1420 πρὸς
1671 1384 1721 1411 τὸν
1734 1385 1805 1412 Θεὺν

1000 1428 1101 1465 φωνὴν,
1123 1429 1207 1456 αἰτῶν
1225 1429 1374 1465 ἐπουράνια
1399 1429 1446 1456 καὶ
1477 1429 1593 1465 μεγάλα.
1615 1429 1700 1457 Οὕτω
1717 1432 1770 1458 καὶ
1789 1432 1804 1459 ό

999 1474 1102 1506 δίκαιος
1117 1475 1199 1502 Ἅϐελ
1220 1475 1364 1503 ἀποθανὼν
1387 1475 1480 1502 λαλεῖν
1500 1475 1598 1512 «Φωνὴ
1610 1476 1668 1511 γὰρ
1682 1477 1805 1513 amato;

999 1520 1046 1547 τοῦ
1062 1521 1176 1556 ἀδελφοῦ
1198 1530 1243 1548 σου
1260 1521 1309 1557 βοᾷ
1329 1521 1396 1558 πρὸς
1412 1521 1446 1557 μὲ
1463 1523 1496 1548 ἐκ
1508 1522 1558 1557 τῆς
1572 1522 1642 1558 γῆς·
1657 1531 1668 1548 ι
1689 1523 1736 1550 ἵνα
1756 1524 1805 1558 δη-

997 1565 1081 1602 λωθῇ,
1108 1567 1149 1594 ὅτι
1165 1567 1269 1599 δίκαιος
1284 1567 1354 1604 πρὸς
1380 1568 1426 1595 τὸν
1451 1567 1517 1594 Θεὸν
1542 1568 1652 1605 μεγάλῃ
1675 1569 1804 1605 κέκραγε

997 1613 1084 1648 φωνῇ.
1103 1613 1158 1639 Καὶ
1171 1613 1210 1649 τῷ
1225 1614 1311 1650 Μωσῇ
1326 1613 1556 1649 καταδιωκομένψ
1575 1614 1629 1641 ὑπὸ
1641 1614 1701 1641 τῶν
1711 1616 1803 1650 Δίγυ-

997 1658 1084 1684 πτίων
1099 1658 1188 1693 λέγει·
1207 1669 1216 1685 ι
1229 1659 1262 1686 Τί
1280 1659 1344 1695 βοᾷς
1358 1659 1426 1695 πρὸς
1444 1659 1493 1694 μέ;
1505 1669 1514 1685 ι

1031 1705 1209 1740 Προέφθασα
1227 1705 1262 1732 ἐν
1278 1706 1384 1740 ἀωρίᾳ,
1405 1706 1454 1732 καὶ
1476 1705 1640 1740 ἑξέκριιξα·
1663 1708 1709 1741 εις
1730 1707 1805 1742 τοὺς

995 1752 1106 1786 λόγους
1117 1760 1175 1779 σου
1191 1751 1357 1786 ἑπήλπισα,
1382 1760 1445 1780 κ.τ.
1459 1752 1482 1780 ὲ.
1510 1752 1612 1788 ’Λωρία
1632 1754 1698 1780 ἐστὶ
1715 1754 1804 1790 νοητὴ

995 1796 1115 1828 διάθεσις
1130 1796 1212 1829 ἕξεως
1227 1798 1274 1824 ἐπὶ
1286 1797 1334 1833 τὴν
1346 1796 1445 1832 γνῶσιν
1463 1797 1669 1829 σπουδάζουσα.

1031 1889 1243 1923 Προσήγογισαν
1255 1889 1282 1916 οἱ
1294 1888 1529 1923 καταδιώκοντές
1536 1898 1575 1924 με
1589 1890 1704 1924 drop/rt
1717 1899 1726 1906 ·
1741 1892 1801 1918 ἀπὸ

995 1934 1030 1962 δὲ
1048 1935 1101 1962 τοῦ
1118 1936 1212 1969 νόμου
1234 1943 1292 1961 σου
1314 1935 1557 1970 ἑμακρύνθησαν,
1576 1944 1646 1962 κ.τ.
1660 1937 1685 1964 ὲ.
1722 1937 1802 1963 A121:—

997 1980 1118 2016 σκόμεθα
1140 1981 1195 2007 ἀπὸ
1210 1981 1254 2007 τοῦ
1268 1981 1415 2016 λεγομένου
1440 1981 1538 2007 εἰδέναι
1552 1981 1579 2007 τί
1596 1981 1701 2017 πάσχει
1713 1983 1729 2009 ὁ
1748 1991 1798 2009 x1-

995 2026 1135 2053 ταδιώκων
1149 2027 1194 2053 τὸν
1217 2026 1334 2054 δίκαιον·
1358 2027 1413 2062 ὅσῳ
1430 2026 1484 2062 γὰρ
1499 2026 1606 2060 ἐγγίζει
1631 2029 1673 2059 εἰς
1690 2029 1723 2054 τὸ
1737 2027 1799 2055 διώ-

998 2080 1057 2098 κειν
1070 2071 1115 2098 τὸν
1128 2072 1240 2103 δίκαιον,
1255 2072 1373 2107 τοσούτῳ
1387 2072 1496 2108 μακρὰν
1514 2073 1622 2107 γίνεται
1643 2073 1692 2099 τοῦ
1712 2074 1798 2109 νόμω

999 2117 1045 2145 τοῦ
1060 2117 1138 2145 Θεοῦ.
1165 2118 1243 2144 Ὅσον
1255 2118 1284 2144 δὲ
1300 2118 1353 2145 ἀπὸ
1376 2118 1422 2144 τοῦ
1438 2119 1533 2154 νόμου,
1560 2119 1736 2155 μαχρὺνεται
1750 2119 1800 2146 καὶ

961 2173 983 2201 ι)
998 2164 1051 2192 ἀπὸ
1065 2164 1114 2199 τῆς
1130 2164 1212 2199 ζωῆς,
1227 2164 1268 2190 ὃτι
1279 2164 1348 2198 αὐτὴ
1363 2164 1418 2200 ζωὴ
1434 2164 1520 2199 ἡμῶν.

1037 2210 1143 2245 Ἐγγὺς
1158 2207 1187 2236 εἷ
1208 2209 1259 2242 σὺ,
1284 2211 1382 2244 Κύριε,
1410 2210 1457 2237 καὶ
1479 2210 1576 2237 πᾶσαι
1596 2213 1627 2238 αἱ
1649 2212 1717 2239 ὁδοί
1738 2221 1799 2239 σου

995 2255 1131 2289 ἀλήθεια,
1146 2264 1172 2282 κ.
1185 2264 1210 2283 τ.
1222 2256 1245 2281 ἐ.
1265 2255 1351 2287 Αὐτὸς
1371 2255 1419 2290 μὲν
1432 2254 1478 2282 οὖν
1494 2256 1600 2290 ἐγγίζει
1616 2257 1708 2290 οὕτως
1718 2267 1725 2272 -
1738 2258 1798 2284 τωι

995 2301 1044 2329 ἐὰν
1062 2301 1099 2337 μὴ
1114 2301 1160 2328 καὶ
1181 2302 1261 2337 ἡμεῖς
1278 2303 1470 2338 ἑνεργήσωμεν
1484 2302 1569 2329 αὑτοῦ
1586 2304 1748 2338 ἐγγίζοντος
1762 2305 1798 2330 τὶ

996 2346 1114 2381 ἐγγίζειν
1134 2346 1218 2382 αὐτῷ,
1234 2347 1284 2374 οὑκ
1302 2347 1492 2382 ἀπολαύσομεν
1510 2347 1562 2382 τῆς
1575 2348 1731 2383 ὲγγύτητος
1747 2350 1799 2375 αὖα

994 2391 1052 2419 τοῦ,
1073 2392 1122 2419 Διὰ
1135 2393 1214 2419 τοῦτο
1228 2392 1322 2428 πόρῤω
1339 2392 1406 2420 εἰσὶν
1421 2393 1446 2419 οἱ
1460 2392 1623 2428 ἁμαρτωλοὶ
1644 2394 1694 2420 τοῦ
1715 2393 1797 2420 Θεοῦ.

995 2448 1006 2465 ἰ
1017 2439 1082 2466 Ἰδοὺ
1095 2439 1119 2465 οἱ
1134 2437 1319 2474 μακρὺνοντες
1335 2438 1447 2469 ἑαυτοὺς
1462 2437 1516 2464 ἀπὸ
1528 2439 1576 2464 σοῦ
1592 2438 1773 2467 ἀπολοῦνται.
1786 2450 1796 2465 ι

999 2485 1028 2511 ’0
1040 2484 1068 2510 δὲ
1083 2484 1186 2516 δίκαιος
1200 2485 1308 2520 ἐνεργεῖ
1325 2483 1355 2510 τὺ
1369 2483 1488 2518 ἐγγίζειν
1504 2483 1545 2519 τῷ
1559 2484 1631 2519 Θεῷ.

1032 2531 1087 2558 Τοῦ
1102 2530 1206 2558 αὑτοῦ.
1232 2530 1330 2565 Ἐγγύς
1343 2531 1417 2557 ἐστιν
1430 2531 1446 2566 ή
1465 2530 1627 2566 δικαιοσύνη
1642 2531 1692 2557 τοῦ
1705 2539 1798 2565 πεφυ-

993 2577 1070 2608 κότος
1093 2577 1313 2612 δικαιοπραγεῖν·
1330 2576 1419 2612 πολλῷ
1438 2576 1466 2603 δὲ
1483 2576 1568 2603 πλέον
1591 2577 1668 2604 ἐστὶν
1680 2577 1799 2611 ἐπέ-δερ

995 2632 1041 2660 ρον
1053 2623 1108 2650 τῶν
1122 2624 1181 2650 κατ’
1194 2623 1333 2660 ἐνέργειαν
1354 2622 1535 2659 κτησαμένων
1553 2623 1728 2659 δικαιοσύνην
1744 2625 1797 2650 za’t

994 2669 1104 2703 γνῶσιν.

1029 2716 1098 2742 Κατ’
1111 2714 1205 2750 ἀρχὰς
1222 2715 1317 2749 ἔγνων
1338 2715 1372 2742 ἐκ
1395 2715 1454 2742 τῶν
1466 2719 1643 2752 μαρτυριῶν
1659 2723 1725 2745 σευ,
1745 2713 1793 2741 δεμ

993 2805 1014 2821 ⁸³
1034 2803 1105 2833 l‘sal.
1128 2811 1201 2836 Lm.
1220 2803 1265 2831 27.
