1906 3051
143 99 156 126 1
162 97 215 126 625

602 94 755 123 SELEC'I‘A
776 94 810 122 IN
829 94 1000 123 PSALMOS.
1018 109 1054 114 —
1073 93 1171 122 PSAL.
1190 92 1306 121 CXVIII.

1704 94 1772 123 1626

178 157 375 192 Προσεδόκων
387 157 420 183 τὸ
444 156 592 191 σωτήριόν
613 165 682 189 σου,
698 158 797 190 Κίιριε,
812 156 861 183 καὶ
882 156 924 183 τὼ

1023 155 1103 183 Vens.
1117 155 1176 182 166.
1201 154 1394 188 Exspectabam
1411 153 1529 181 salutare
1549 158 1634 186 tuum,
1651 153 1770 186 Domine,

142 201 271 235 ἐντολάς
286 210 345 229 σου
360 201 512 237 ἠγάπησα,
535 210 562 228 κ.
573 210 599 229 τ.
613 203 635 228 ἐ.
660 202 803 238 Μακάριος
820 202 835 228 ὁ
847 210 928 237 προσσ

142 247 288 284 δεχόμενος
303 248 350 274 τοῦ
371 247 438 273 Θεοῦ
460 247 490 274 τὸ
505 247 647 283 σωτήριον,
668 248 785 283 ἀγαπῶν
807 248 836 275 δέ
850 247 932 274 αὐτοῦ

143 293 191 319 καὶ
206 292 253 324 τὰς
271 292 393 324 ἐντολάς·
412 289 489 324 οὗτος
502 292 556 328 γὰρ
571 293 611 324 εἰς
636 292 693 327 βίον
715 293 817 320 τέλειον
833 293 872 324 εἰς
883 293 932 319 ἀκ-

145 338 199 373 μὴν
219 338 367 373 προκόπτει
385 338 594 374 μακαριότητος,
612 339 673 373 ἥτις
693 339 784 370 αὐτοῖς
797 339 853 370 τοῖς
866 339 933 365 ἁπο-

144 384 248 415 στόλοις
261 383 429 419 κεκλήρωτο,
447 382 516 418 πρὸς
531 383 578 415 οὓς
599 383 706 417 ἔλεγεν·
723 392 732 408 ι
748 384 889 410 Ἔστωσαν
905 384 932 410 αἱ

142 427 242 463 ὀσφύες
258 428 334 463 ὑμῶν
360 427 588 464 περιεζωσμέναι,
613 428 661 454 καὶ
676 428 700 454 οἱ
714 427 806 463 λύχνοι
820 428 932 463 καιόμε-

143 482 183 500 νοι
193 482 200 489 ’
213 474 260 501 καὶ¹
282 474 361 509 ὑμεῖς
379 474 467 509 ὅμοιοι
479 473 632 509 ἀνθρώποις
646 473 871 509 προσδεχομένοις
887 474 933 501 τὸν

143 519 245 556 Κύριον
258 519 357 546 αὐτῶν.
374 529 383 546 ι

185 565 343 600 Ἐτγισάτω
363 565 383 599 ἠ
401 565 506 599 δέησίς
521 573 581 600 μου
601 564 731 592 ἐνώπιόν
743 573 801 593 σου
812 585 820 598 ,
832 565 931 600 Κύριε,

141 611 218 638 κατὰ
233 611 265 638 τὸ
278 612 385 647 ,λόγιόν
395 618 454 638 σου
467 610 632 638 συνέτισόν
646 620 701 646 με,
721 620 749 639 κ.
764 620 790 638 τ.
808 612 832 638 ἐ.
853 612 932 639 Κατὰ

141 657 177 683 τὰ
191 656 309 692 πρότερα
329 657 447 692 στοιχεῖα
466 656 549 683 ὥδευε
573 656 641 692 πρὸς
663 657 710 684 τὸν
731 657 807 692 Θεὸν,
824 657 931 684 οὐδέπω

140 699 175 736 ἦν
191 701 274 735 ἐγγὺς
290 701 372 728 αὐτοῦ
382 710 389 716 ·
406 701 451 727 ὅτε
467 700 496 727 δέ
512 701 559 727 ἐπὶ
570 701 642 727 τέλει
658 701 803 736 γεγένηται
821 700 869 728 τοῦ
887 700 931 727 λό-

140 755 190 780 γου
207 746 254 773 τοῦ
269 746 467 782 προκειμένου,
488 746 536 773 καὶ
552 746 623 773 κατὰ
641 746 672 773 τὸ
692 746 843 773 τελευταῖον
864 747 930 782 παρ’

146 791 283 828 Ἑϐραίοις
299 794 447 828 στοιχεῖον,
463 792 523 819 τότε
540 791 649 827 εὔχεται
665 793 708 819 ἵνα
728 793 745 828 ἡ
762 792 829 828 εὐχὴ
847 792 928 820 αὑτοῦ

984 209 1008 228 et
1032 202 1159 228 mandata
1188 206 1234 227 tua
1264 200 1357 232 dilexi,
1379 203 1431 226 etc.
1450 199 1546 226 Beatus
1560 199 1605 233 qui
1633 205 1761 233 exspecta

983 249 1102 277 salutare
1119 248 1175 281 Dei,
1192 252 1219 274 et
1246 247 1372 274 mandata
1388 245 1447 279 ejus
1467 245 1564 280 diligit.
1591 245 1639 272 llic
1653 246 1724 272 enim
1738 246 1772 271 all

983 295 1065 322 vitam
1079 294 1238 329 perfectam,
1257 297 1283 318 et
1298 292 1332 319 ad
1345 291 1452 318 culmen
1466 290 1574 324 prolicit
1585 290 1770 322 beatitudinis,

983 349 1043 376 quae
1056 340 1121 375 ipsis
1148 339 1277 374 apostolis
1303 338 1423 373 repasita
1439 342 1492 369 est.
1508 337 1541 364 ad
1558 345 1625 371 quos
1645 337 1713 364 dixit
1724 337 1747 352 "
1764 346 1770 363 :

985 396 995 414 ι
1017 386 1077 414 Sint
1091 386 1174 413 lumbi
1189 384 1273 413 vestri
1293 384 1443 419 praecincti,
1458 387 1484 410 et
1496 383 1614 410 lucernae
1625 383 1770 415 ardentes;

982 437 1010 460 et
1024 440 1074 460 vos
1093 432 1195 460 similes
1219 430 1375 459 hominibus
1393 428 1613 464 exspectantibus
1627 427 1771 454 Dominum

982 485 1071 506 suum.
1086 487 1096 504 ι

1016 567 1099 603 817
1125 566 1206 594 VEns.
1231 566 1293 594 169.
1320 565 1516 600 Appropinquet
1542 562 1693 598 deprecatio
1713 570 1769 588 mea

981 614 1008 640 in
1028 619 1167 647 conspectu
1188 618 1244 646 tuo,
1261 611 1370 638 Domine
1380 619 1389 638 .'
1398 610 1479 645 juxta
1494 610 1625 644 eloquium
1641 614 1715 635 tuum
1735 609 1769 634 du

981 659 1046 686 milii
1066 658 1237 689 intellectum,
1263 661 1318 684 etc.
1342 656 1497 684 Secundum
1522 655 1612 689 priora
1635 655 1768 682 elementa

981 702 1140 730 ambulabat
1165 703 1199 729 ad
1227 703 1322 734 Deum,
1351 706 1379 728 et
1406 701 1525 728 nondum
1551 700 1575 727 ei
1601 701 1769 735 propinquus

981 754 1058 783 erat;
1070 749 1178 783 quando
1189 753 1279 775 autem
1294 747 1346 774 fuit.
1363 747 1390 774 in
1407 746 1461 774 ﬁne
1475 746 1606 781 propositi
1623 746 1768 777 sermonis,

982 799 1009 822 et
1025 795 1051 822 in
1067 795 1157 822 littera
1174 802 1235 829 qua:
1253 794 1325 828 apud
1342 793 1470 821 Hebraeos
1486 797 1528 820 est
1542 796 1690 827 postrema,
1706 796 1770 819 tunc

140 838 240 874 ἐγγίσῃ
255 837 294 870 τῷ
306 838 366 873 Θεῷ
377 858 385 870 ,
402 838 450 864 καὶ
466 838 556 874 φθάσῃ
572 838 640 874 πρὸς
652 838 745 866 αὐτόν.
759 839 827 874 Περὶ
841 838 869 864 δὲ
882 838 924 865 τοί¹

981 840 1118 873 obsecrat,
1135 844 1164 867 ut
1180 839 1270 868 oratio
1285 839 1344 874 ejus
1369 838 1425 866 Deo
1450 838 1662 873 appropinquet,
1685 843 1712 865 et
1735 838 1768 864 ad

139 883 201 919 Θεῷ
225 885 350 918 ἐγγίσαι,
375 884 428 920 χρὴ
461 884 576 917 εἰδέναι,
601 885 641 912 ὅτι
662 885 792 920 διαφορὰς
812 885 928 921 εὕρομεν

138 929 253 961 ταύτας.
285 929 314 957 ὐ
339 930 388 966 μὲν
412 930 579 966 τελειότερος
605 930 708 965 ἐγγίζει
728 931 767 966 τῷ
781 931 856 966 Θεῷ·
871 932 885 958 ὁ
899 931 928 958 δὲ

140 975 335 1011 ὑποδεέστερος
351 977 398 1003 καὶ
420 977 504 1010 ἐγγὺς
527 976 622 1003 τούτου
636 996 643 1009 ,
658 977 739 1008 αὐτὸς
757 977 807 1012 μὲν
821 977 871 1003 οὐκ
886 978 929 1011 ἐγ-

138 1021 211 1056 γίζει
227 1022 265 1057 τῷ
274 1021 334 1057 Θεῷ
345 1030 352 1037 ”
370 1022 454 1058 εὐχὴν
467 1022 495 1049 δὲ
511 1021 567 1058 ἔχει
583 1021 742 1057 ἐγγίζουσαν
761 1022 835 1057 αὐτῷ
845 1031 851 1037 ·
867 1022 928 1049 ὅθεν

138 1067 205 1102 περὶ
220 1066 359 1098 Μωῦσέως
379 1066 470 1102 εὕροις
491 1067 525 1094 ἂν
536 1067 584 1093 τό·
603 1076 612 1093 ι
639 1067 744 1101 Ἐγγιεϊ
761 1067 864 1102 Μωσῆς
884 1067 928 1102 μό-

139 1121 186 1144 νος
200 1112 267 1148 πρὸς
283 1113 329 1140 τὸν
339 1113 416 1146 Θεὸν,
430 1113 455 1140 οἰ
477 1113 506 1140 δὲ
519 1112 606 1140 λοιποὶ
620 1113 669 1139 οὐκ
686 1113 834 1147 ἐγγιοῦσιν·
852 1123 861 1140 ι
881 1114 927 1140 ἐπὶ

137 1159 169 1186 δὲ
195 1159 290 1186 τούτου
322 1159 405 1195 εὐχὴν
431 1159 563 1194 λέγουσαν
586 1168 595 1185 ι
617 1159 770 1193 Ἐγγισάτω
797 1160 813 1194 ἡ
835 1159 927 1194 δέησίς

140 1213 209 1240 μου,
225 1216 235 1231 ι
259 1206 306 1232 και¹
327 1205 401 1241 ἑξῆς.
427 1206 476 1237 Τίς
500 1205 529 1232 δέ
549 1205 652 1232 τούτων
679 1206 696 1241 ἡ
711 1205 826 1241 διαφορὰ
852 1204 926 1237 ἄξιον

137 1252 189 1287 ήδη
205 1251 353 1288 θεωρῆσαι.
373 1252 401 1279 '0
415 1251 481 1284 Θεὸς
496 1252 546 1279 οὐκ
557 1252 585 1278 ἐν
601 1252 676 1287 τόπῳ
690 1251 763 1278 ἐστὶν
773 1270 780 1283 ,
798 1250 865 1278 ἀλλὰ
882 1250 927 1278 δύ-

138 1297 221 1333 ναμίς
243 1298 315 1324 ἐστιν
334 1297 452 1334 ἄῤῥητος
472 1298 520 1325 καὶ
547 1297 700 1333 ἄφθεγκτος
717 1297 772 1330 ,καὶ
800 1297 924 1333 ἀόρατος.

137 1343 172 1370 Εἰ
190 1343 213 1370 δ’
230 1344 280 1370 οὐκ
304 1343 377 1370 ἐστιν
394 1344 423 1370 ἐν
436 1343 511 1380 τόπῳ
532 1343 547 1370 ὁ
563 1343 645 1376 Θεὸς,
675 1342 795 1378 ἐγγίζειν
822 1341 850 1368 δὲ
868 1342 926 1369 ἔστι

138 1390 208 1417 ποτὲ
220 1389 259 1425 τῷ
282 1389 359 1425 Θεῷ,
375 1389 497 1425 δηλονότι
514 1389 552 1426 τῷ
567 1390 596 1416 ἐν
612 1390 678 1425 ἡμῖν
694 1388 803 1424 ἀοράτῳ
821 1388 927 1423 ἐγγίζο-

139 1445 190 1472 μεν
211 1436 293 1471 αὐτῷ.
314 1436 347 1463 Τί
363 1436 391 1462 δέ
405 1437 435 1464 ὲν
453 1437 520 1472 ἡμῖν
541 1436 674 1472 ἀόρατον;
694 1436 724 1462 '0
738 1435 858 1471 κρυπτὸς
878 1435 927 1470 τῆς

136 1483 250 1519 καρδίας
266 1483 423 1519 ἄνθρωπος,
437 1482 466 1510 ὃν
480 1482 621 1518 ὠνόμασεν
637 1483 654 1517 ή
671 1481 767 1517 Γραφὴ
785 1490 795 1506 ι
816 1480 869 1507 ἔσω
880 1481 926 1508 ἇν-

981 886 1068 920 ipsum
1094 885 1245 920 perveniat.
1272 884 1409 912 Caeterum
1435 884 1469 911 de
1490 884 1695 919 propinquitate
1720 883 1769 910 Dei

979 933 1120 961 sciendum
1134 937 1175 960 est
1189 932 1239 959 has
1262 938 1312 958 nos
1331 930 1500 958 differentias
1514 931 1661 964 reperisse.
1677 928 1769 956 Perfe-

978 978 1047 1006 ctior
1062 977 1262 1013 appropinquat
1281 977 1351 1009 Deo;
1365 975 1480 1003 inferior
1495 983 1560 1003 vero
1577 980 1605 1003 et
1621 975 1684 1001 huic
1699 974 1768 1001 vici-

978 1032 1028 1052 nus
1046 1032 1099 1052 non
1115 1023 1314 1059 appmpinquat
1327 1022 1435 1056 quidem
1456 1022 1522 1054 Deo,
1543 1022 1590 1049 sed
1613 1021 1767 1048 orationum:

978 1071 1061 1099 habet
1078 1071 1102 1098 ei
1118 1070 1396 1105 appropinquantem.
1419 1067 1497 1096 Unde
1521 1068 1554 1095 de
1579 1067 1672 1103 Moyse
1693 1075 1770 1101 repe-

979 1117 1035 1144 rire
1051 1122 1093 1144 est
1110 1116 1196 1144 illud:
1215 1125 1224 1142 ‹
1242 1116 1361 1143 Accedet
1384 1114 1492 1150 Moyses
1516 1114 1591 1142 solus
1617 1114 1650 1140 ad
1673 1114 1767 1145 Deum.

977 1163 1068 1191 caeteri
1085 1167 1177 1190 autem
1195 1169 1248 1189 non
1264 1161 1414 1194 accedent;
1434 1169 1444 1186 ι
1465 1161 1574 1195 insuper
1589 1167 1652 1188 vero
1665 1160 1768 1186 oratio-

977 1215 1038 1235 nem
1056 1208 1191 1235 dicentem
1206 1214 1215 1234 :
1239 1216 1248 1233 ι
1261 1207 1468 1242 Appropinquet
1483 1205 1641 1240 deprecatio
1659 1213 1730 1236 mea,
1753 1214 1762 1230 ι

977 1258 1031 1281 etc.
1051 1253 1116 1287 Quae
1129 1260 1212 1288 porro
1227 1253 1324 1280 horum
1346 1253 1382 1280 sit
1399 1251 1567 1283 diﬂ‘ereutia,
1589 1258 1679 1285 opera:
1703 1258 1766 1284 pre-

978 1298 1046 1325 tium
1062 1303 1105 1325 est
1122 1298 1307 1326 considerare.
1325 1297 1395 1324 Dens
1411 1304 1464 1324 non
1482 1296 1562 1324 estin
1579 1295 1649 1329 loco,
1665 1296 1712 1322 sed
1726 1299 1768 1322 est

977 1344 1063 1371 virtus
1083 1350 1183 1371 arcana
1199 1347 1226 1371 et
1242 1341 1388 1370 ineﬂ‘abilis
1411 1348 1439 1370 et
1461 1341 1618 1370 invisibilis.
1633 1341 1661 1368 Si
1676 1347 1766 1368 autem

979 1390 1051 1418 Deus
1066 1398 1121 1417 non
1137 1394 1180 1418 est
1197 1390 1224 1417 in
1245 1391 1316 1422 loco,
1329 1393 1357 1417 et
1373 1389 1520 1423 aliquando
1540 1393 1629 1415 tamen
1647 1387 1703 1415 Deo
1719 1396 1767 1422 ap-

976 1435 1160 1470 propinquare
1174 1442 1330 1470 possumus,
1346 1434 1440 1469 utique
1452 1441 1500 1468 per
1512 1433 1539 1460 id
1554 1434 1626 1467 quod
1644 1434 1669 1460 in
1688 1433 1767 1460 nobis

976 1485 1018 1508 est
1040 1481 1178 1509 invisibile
1201 1481 1252 1515 ipsi
1273 1480 1534 1516 appropinquamus.
1556 1479 1625 1513 Quid
1643 1488 1725 1515 porro
1739 1481 1765 1507 in

137 1516 264 1564 Opto-nov;
282 1538 292 1555 ι
311 1516 412 1556 Ῠοῦτου
426 1528 492 1563 γοῦν
506 1516 579 1555 ἐστιν
594 1516 701 1562 ἐγγίσαι
710 1526 749 1562 τῷ
762 1526 832 1562 Θεῷ.
847 1527 924 1553 Ἐστι

977 1527 1055 1555 nobis
1080 1533 1122 1555 est
1146 1527 1293 1560 invisibile,
1322 1528 1373 1555 nisi
1397 1527 1521 1555 occultus
1543 1528 1633 1555 cordis
1662 1528 1764 1560 homo,

135 1574 165 1601 δὲ
188 1574 296 1608 ἐγγίσαι
323 1574 368 1602 διὰ
390 1574 478 1611 Ἰησοῦ
501 1574 636 1610 Χριστοῦ·
661 1574 708 1600 καὶ
735 1573 851 1609 μάλιστα
877 1572 925 1600 ἐὰν

135 1621 277 1655 νοήσωμεν
290 1620 336 1647 τὸν
350 1620 467 1655 Χριστὸν
476 1640 484 1653 ,
498 1621 539 1647 ὅτι
549 1620 607 1647 ἐστὶ
616 1619 783 1655 δικαιοσύνη,
793 1619 834 1646 ὅτι
850 1619 925 1646 ἐστὶν

133 1665 249 1701 ἀλήθεια
263 1666 310 1693 καὶ
325 1666 405 1701 σοφία
415 1686 423 1698 ,
441 1666 488 1693 καὶ
499 1666 646 1697 ἀνάστασις
660 1665 708 1692 καὶ
720 1664 777 1699 φῶς
787 1664 923 1700 ἀληθινόν.

136 1711 218 1737 ἸΑνευ
231 1710 286 1747 γὰρ
300 1710 402 1738 τούτων
423 1711 473 1738 οὐκ
487 1711 558 1738 ἔστιν
574 1710 680 1746 ἐγγίσαι
697 1710 772 1746 Θεῷ,
790 1710 846 1737 ἀλλ’
863 1710 924 1737 οὐδὲ

134 1756 220 1791 χωρὶς
230 1757 355 1793 εἰρήνης,
368 1756 418 1792 τῆς
435 1756 605 1795 φρουρούσης
623 1757 673 1792 τὴν
690 1756 804 1792 καρδίαν
825 1756 871 1782 καὶ
889 1755 924 1782 τὰ

133 1803 274 1838 νοήματα,
285 1803 346 1838 ἦτις
364 1803 436 1829 ἐστὶν
448 1803 462 1829 ὁ
474 1802 600 1838 Χριστός.
619 1802 693 1838 Ὄσῳ
706 1802 734 1828 δέ
754 1811 796 1834 τις
815 1801 923 1828 ἀπολεί-

134 1856 215 1873 πεται
226 1846 328 1874 τούτων
338 1866 345 1879 ,
357 1846 528 1882 δικαιοσύνης
538 1847 609 1882 φημὶ
620 1847 667 1873 καὶ¹
680 1846 775 1882 σοφίας
784 1866 791 1879 ,
803 1846 922 1882 τοσούτῳ

135 1893 244 1929 μακράν
255 1893 329 1920 ἐστιν
344 1894 359 1920 ὁ
371 1892 490 1925 τοιοῦτος
504 1892 551 1920 τοῦ
568 1892 647 1920 Θεοῦ.

168 2031 309 2059 Εὶσέλθοι
324 2031 357 2058 τὸ
376 2031 491 2067 ἀξίωμά
506 2040 566 2067 μου
588 2030 716 2058 ἐνώπιόν
728 2038 800 2062 σου,
815 2031 919 2065 Κύριε,

133 2077 208 2104 κατὰ
220 2076 253 2103 τὸ
263 2077 369 2112 λόγιόν
387 2084 446 2104 σου
456 2077 551 2111 ῥῦσαί
564 2085 617 2112 με,
638 2085 665 2103 κ.
682 2085 708 2104 τ.
723 2077 747 2103 ἐ.
765 2077 921 2113 Παρακαλεῖ

130 2124 258 2159 τοιαύτην
283 2123 353 2152 εἶναι
378 2125 428 2161 τὴν
442 2125 552 2158 ἀξίωσιν
581 2126 710 2162 δόκιμον,
731 2127 778 2154 καὶ
802 2126 918 2162 βέὸαιον,

975 1581 1054 1609 quem
1070 1573 1213 1608 Scriptura
1229 1574 1252 1590 "
1275 1582 1284 1599 I
1300 1573 1463 1601 interiorem
1488 1573 1626 1600 hominem
1645 1583 1654 1599 ι
1675 1573 1763 1600 nomi-

974 1617 1072 1647 navit?
1087 1619 1173 1654 Hujus
1190 1627 1258 1653 ergo
1281 1623 1324 1647 est
1337 1619 1559 1654 appropinquare
1582 1619 1646 1645 Deo.
1663 1618 1764 1646 Possu-

974 1673 1034 1693 mus
1054 1665 1137 1692 etiam
1165 1665 1384 1700 appropinquare
1411 1672 1458 1699 per
1481 1663 1577 1692 Jesum
1604 1665 1762 1698 Christum,

972 1711 1123 1747 praesertim
1132 1711 1156 1739 si
1168 1711 1385 1738 intellexerimus
1395 1710 1534 1738 Christum
1546 1711 1763 1746 essejustitiam,

973 1757 1134 1788 veritatem,
1160 1757 1339 1791 sapientiam,
1365 1757 1595 1784 resurrectionem
1618 1762 1646 1784 et
1674 1757 1763 1785 lucem

972 1810 1074 1830 veram.
1095 1801 1163 1829 Nam
1179 1802 1238 1830 sine
1254 1801 1297 1830 his
1313 1802 1426 1830 minime
1441 1809 1586 1837 possumus
1599 1803 1655 1830 Deo
1666 1811 1764 1838 appro-

971 1850 1120 1885 pinqttare,
1143 1849 1190 1877 sed
1216 1855 1267 1876 nec
1293 1848 1353 1876 sine
1376 1854 1443 1883 pace
1466 1855 1515 1875 cor
1534 1853 1562 1876 et
1583 1849 1763 1883 cogitationes

971 1896 1155 1928 custodiente,
1170 1903 1233 1930 qua:
1246 1902 1298 1930 pax
1315 1898 1358 1922 est
1370 1894 1507 1922 Christus.
1520 1895 1656 1928 Quantum
1672 1901 1761 1922 autent

971 1942 1032 1977 quis
1048 1941 1111 1969 istis
1125 1941 1294 1973 destituitur,
1309 1940 1418 1976 justilia
1442 1940 1552 1975 inquam
1573 1945 1599 1969 et
1615 1941 1761 1976 sapientia,

974 1989 1144 2017 tantumdem
1159 1992 1279 2016 remotus
1292 1990 1334 2015 est
1345 1995 1360 2014 a
1375 1986 1441 2014 Deo.

1009 2035 1092 2062 Vens.
1113 2035 1176 2063 170.
1201 2034 1286 2061 Intret
1311 2033 1454 2067 postulatio
1482 2041 1540 2061 mea
1570 2033 1597 2060 in
1622 2038 1760 2068 conspectu

971 2085 1028 2115 tuo,
1052 2081 1174 2114 Domine,
1195 2079 1339 2108 secundum
1358 2080 1490 2115 eloquium
1513 2083 1587 2107 tuum
1607 2081 1677 2114 eripe
1701 2088 1760 2111 me,

970 2131 1024 2154 etc.
1049 2126 1137 2162 Rogat
1165 2130 1194 2153 ut
1220 2125 1374 2154 istiusmodi
1401 2125 1548 2160 postulatio
1573 2125 1609 2154 sit
1633 2127 1759 2161 probata,

131 2171 179 2196 καὶ
193 2169 403 2204 ἀκατάγνωστον
414 2186 425 2203 ,ι
440 2170 510 2197 ὥστε
532 2171 662 2198 εἰσελθεῖν
677 2171 791 2199 ἐνώπιον
803 2173 918 2207 Κυρίου.

977 2173 1051 2200 lirtna
1064 2178 1091 2200 et
1102 2172 1365 2208 irrepreheusihilis,
1378 2171 1415 2199 ita
1432 2176 1462 2198 ιιι
1477 2171 1561 2200 intret
1574 2172 1599 2199 in
1610 2178 1758 2206 conspectu

128 2216 271 2252 Γνὼσομαι
283 2216 310 2242 δὲ
318 2217 343 2242 εί
355 2215 469 2243 εἰσέλθοι
481 2217 510 2243 τὸ
521 2217 629 2254 ἀξίωμά
640 2227 691 2254 μου
702 2217 814 2245 ἐνώπιόν
824 2227 881 2250 σου,
893 2219 917 2245 εἰ

130 2262 258 2298 ρυσθείην
275 2261 326 2289 ὑπὸ
341 2261 388 2288 σοῦ
402 2261 472 2289 κατὰ
483 2263 528 2290 τὸν
541 2263 618 2298 λόγον
632 2264 679 2290 καὶ
697 2264 727 2291 τὸ
740 2263 848 2300 ἀξίωμά
866 2273 916 2300 μου

129 2309 177 2336 καὶ
200 2309 249 2345 τὴν
265 2308 360 2343 σοφίαν
382 2317 439 2336 σου.
468 2308 496 2335 '0
516 2310 571 2344 γὰρ
585 2309 720 2342 ἁνώτεηος
738 2311 846 2338 πάντων
864 2320 917 2338 πα-

128 2356 184 2383 θῶν
193 2356 312 2390 γεγονὼς
320 2376 328 2388 ,
342 2355 447 2390 καὶτῆς
457 2355 618 2396 ἀχρειοὺσης
629 2357 737 2392 μακρὰν
747 2358 788 2384 ὅτι
800 2357 916 2393 μάλιστα

127 2402 228 2434 κακίας
255 2403 399 2438 χωρήσας,
417 2401 536 2438 ἐρῤύσῦη
561 2403 614 2430 ὑπὸ
632 2403 680 2430 τοῦ
702 2403 769 2430 Θεοῦ
790 2404 860 2431 κατὰ
885 2404 916 2431 τὸ

127 2449 218 2483 λόγιον
234 2448 328 2475 αὐτοῦ.
350 2449 422 2475 ’Δντὶ
437 2448 465 2475 δὲ
478 2448 525 2474 τοῦ
543 2458 551 2474 t
568 2449 599 2475 τὺ
615 2449 724 2485 ἀξίωμά
736 2458 787 2484 μου
802 2459 811 2475 ι
835 2451 849 2476 ὁ
867 2450 915 2485 μὲν

134 2493 250 2525 ’Λκὺλας
275 2503 284 2519 ι
298 2493 390 2528 δέησίς
409 2502 478 2528 μου,
498 2504 506 2519 ι
536 2495 549 2520 ὁ
567 2494 595 2520 δὲ
620 2494 766 2531 Σύμμαχος
798 2505 806 2520 ι
827 2496 915 2522 ἱκεσία

128 2548 180 2574 μου
197 2549 205 2564 ι
225 2540 362 2575 εἰρήκασι.
382 2539 433 2565 Δύο
449 2539 484 2574 δὴ
505 2536 551 2566 οὖν
564 2540 652 2572 αἰτεῖ,
672 2540 721 2576 τὴν
738 2541 845 2568 σύνεσιν
861 2542 915 2568 τῶν

127 2584 210 2620 ιερῶν
220 2584 317 2619 λογίων
326 2605 334 2618 ,
349 2585 395 2612 καὶ
405 2585 454 2620 τὴν
466 2586 625 2621 ἀπαλλαγὴν
637 2587 685 2614 καὶ
695 2586 849 2624 ἐλευθερίαν
860 2587 914 2616 τῶν

123 2630 157 2657 ἐν
169 2629 208 2665 τῷ
224 2629 274 2665 βίῳ
290 2630 397 2657 κακῶν·
412 2631 427 2658 ὃ
440 2631 471 2667 δὴ
487 2631 534 2658 καὶ
551 2632 615 2667 ἡμῖν
631 2632 788 2666 ἀναγκαῖον.

161 2812 187 2830 ’⁸
203 2812 270 2842 Luc.
283 2820 332 2848 xu,
345 2813 390 2842 35.
427 2814 449 2830 ⁷⁵
469 2814 547 2843 Rom.
564 2821 613 2848 vn,
628 2813 672 2842 22.

971 2219 1088 2246 Domini.
1111 2218 1280 2254 Cognoscam
1303 2224 1394 2247 autem
1419 2224 1510 2247 utrum
1530 2219 1677 2253 postulatio
1699 2225 1759 2246 mea

970 2265 1114 2293 intraverit
1133 2265 1160 2292 in
1184 2271 1331 2301 conspectu
1353 2270 1411 2298 tuo,
1432 2267 1455 2294 si
1479 2265 1627 2293 secundum
1646 2264 1757 2292 verbum

969 2313 997 2336 et
1011 2308 1225 2342 postulationem
1243 2317 1331 2337 meam
1346 2317 1379 2337 ac
1394 2311 1554 2346 sapientiam
1570 2314 1642 2336 tuam
1658 2317 1672 2336 a
1685 2315 1710 2336 te
1726 2309 1758 2336 li-

970 2356 1078 2383 beratus
1092 2355 1179 2383 fuero.
1192 2356 1242 2390 Qui
1252 2357 1325 2384 enim
1339 2357 1466 2385 omnibus
1476 2357 1620 2385 affectibus
1631 2357 1758 2391 superior

969 2401 1065 2434 evasit,
1078 2406 1105 2429 et.
1117 2401 1196 2436 longe
1213 2401 1359 2429 admodum
1375 2403 1409 2430 ab
1426 2402 1515 2430 inutili
1542 2403 1645 2430 malitia
1664 2410 1755 2430 remo-

970 2452 1012 2475 tus
1026 2452 1079 2481 est,
1094 2448 1117 2476 is
1132 2455 1146 2474 a
1164 2448 1219 2475 Deo
1234 2449 1383 2476 secundum
1398 2448 1535 2483 eloquium
1551 2448 1609 2483 ejus
1625 2449 1756 2477 liberatus

967 2499 1021 2522 est.
1035 2494 1168 2522 Caeterum
1184 2503 1234 2530 pro
1261 2504 1270 2521 ι
1288 2495 1436 2529 postulatio
1459 2503 1517 2523 mea
1538 2505 1548 2522 ι
1574 2495 1670 2530 Aquila
1690 2495 1755 2529 qui-

967 2541 1029 2569 dem
1045 2550 1054 2568 t
1072 2542 1230 2577 deprecatio
1244 2549 1315 2574 mea,
1335 2550 1345 2567 ι
1365 2540 1548 2575 Symmachus
1564 2549 1627 2569 vero
1647 2551 1656 2568 ι
1674 2541 1754 2570 obse-

966 2588 1052 2616 cratio
1069 2596 1129 2615 mea
1147 2598 1157 2615 ι
1175 2587 1310 2615 dixerunt.
1328 2587 1385 2614 Duo
1400 2587 1486 2623 igitur
1506 2588 1634 2622 postulat,
1654 2588 1754 2615 intelli-

965 2634 1084 2669 gentiam
1104 2641 1245 2661 saerorum
1265 2632 1435 2667 elaqniorum
1459 2638 1486 2660 et
1509 2632 1698 2660 liberationem
1721 2639 1754 2659 ac

967 2679 1119 2707 libertatem
1135 2680 1169 2708 ab
1182 2679 1262 2715 hujus
1278 2680 1340 2708 vitae
1357 2680 1436 2709 malis
1450 2690 1457 2707 :
1475 2680 1547 2716 quod
1566 2679 1659 2715 utique
1674 2678 1753 2707 nobis

964 2726 1147 2754 necessarium
1162 2731 1214 2755 est.
1427 2738 1432 2741 *
