1889 3052
157 100 226 131 1627

157 212 279 240 docueris
300 222 340 240 me
352 214 562 249 justiﬁcationes
588 219 660 247 tuas,
686 219 740 242 etc.
763 214 904 242 Eructatio
920 219 950 241 ut

157 257 302 292 plurimum
318 258 416 286 accidit
445 260 587 286 saturatis.
608 258 653 286 Sic
673 261 747 287 enim
765 261 862 295 repleti
883 268 949 288 eru-

157 309 266 332 ctamus
293 305 452 340 qualitatem
482 306 534 332 cibi
561 313 641 340 quem
665 307 842 341 sumpsimus.
870 306 949 335 Novit

158 350 243 385 igitur
260 351 369 378 divinus
384 357 474 378 sermo
486 352 576 378 cibum
593 352 741 387 spiritalem
756 359 764 380 :
780 360 843 379 nam
860 353 948 387 ipsum

158 396 277 424 Verbum
304 398 343 424 ait
357 398 379 414 "
394 405 424 425 se
440 405 500 425 esse
522 406 617 432 panem
642 408 648 425 ε
676 408 685 424 ι
702 399 758 432 Ego
779 407 841 426 sum
868 399 948 434 panis

157 444 236 471 vivus
251 445 297 479 qui
312 444 345 472 de
365 444 434 472 caelo
449 445 577 472 descendi
594 455 601 473 :
620 445 642 472 si
658 446 721 480 quis
742 446 948 473 manducarerit

157 498 190 516 ex
216 491 266 518 hoc
289 497 370 524 pane,
399 491 473 518 vivet
499 490 526 518 in
552 491 802 526 :eternunuﬁls
823 491 892 525 Quin
921 497 949 519 et

157 543 255 564 carnes
276 537 378 564 habere
406 544 437 564 se
460 537 556 564 ait":
585 546 595 562 ι
614 537 666 571 Qui
692 538 839 565 mandueat
860 545 947 565 meam

157 588 280 613 carnem,
294 581 377 610 habet
389 583 474 609 vitam
488 582 515 609 in
529 583 678 618 semetipso
694 592 701 610 :
720 590 785 610 caro
799 583 872 610 enim
889 591 948 611 mea

156 633 241 655 verus
264 633 305 655 est
325 628 412 656 cibus.
428 637 438 654 ›
457 627 484 655 Si
501 627 585 663 igitur
595 628 645 656 hoc
660 636 738 663 pane,
752 629 779 655 id
792 636 833 656 est
846 629 947 663 Verbo,

157 675 273 701 saturati
293 673 436 708 fuerimus,
460 675 645 702 eructabimus
663 675 804 710 hymnum.
822 676 949 709 Quando-

157 727 212 754 que
234 728 299 747 vero
318 721 403 748 etiam
429 722 594 749 eructabunt
618 722 758 749 orationes
779 732 785 749 ε
803 723 854 750 hoc
874 723 947 750 enim

157 767 241 794 ctiam
261 775 310 802 per
325 776 422 803 preces
441 776 554 796 necesse
576 773 617 796 est
645 770 714 802 ﬁeri,
738 778 799 797 cum
824 771 949 799 docueris

158 821 202 841 tne
224 814 437 849 justiﬁcationes
466 819 536 842 tuas.
560 814 627 842 Nam
660 816 711 843 nisi
734 816 947 851 justiﬁcatioues

159 865 218 887 Inus
232 861 343 888 edoctus
356 860 444 894 fuero,
459 860 593 895 ejusmodi
606 858 807 890 eructatiénem
823 869 950 891 cruciare
966 851 986 878 Β

159 913 275 940 nequeo.

193 951 332 986 Ejusdem.
350 953 585 986 Quemadmodum
599 960 693 980 eorum
707 953 752 988 qui
768 961 847 988 aequo
859 954 950 981 animo

159 1001 232 1028 sunt,
249 1002 292 1024 est
304 997 419 1032 psallere
438 997 530 1033 (nam,
546 998 634 1034 inquit
646 999 680 1031 ⁷⁸,
698 1008 707 1024 ι
718 1006 794 1033 aquo
803 1000 895 1026 animo
909 1003 951 1028 est

159 1043 257 1078 aliquis
274 1044 299 1070 in
314 1043 401 1077 vobis,
417 1043 513 1078 psallat
524 1044 560 1080 ι),
572 1045 612 1072 sic
625 1045 739 1081 hymnos
748 1054 846 1075 canere
856 1054 949 1075 eorum

158 1093 200 1115 est
213 1089 258 1122 qui
272 1088 500 1122 justilicationum
519 1090 640 1118 rationes
658 1097 818 1127 perspectas
834 1093 948 1122 habent.

159 1137 193 1162 At
209 1143 273 1162 vero
290 1134 408 1170 psallere
421 1136 578 1164 hominibus
600 1139 737 1172 convenit,
765 1139 880 1174 hymnos
903 1148 951 1166 au-

158 1187 213 1208 tem
230 1189 342 1216 canere,
358 1183 462 1218 angelis
479 1183 520 1210 vel
537 1183 571 1210 iis
582 1184 628 1218 qui
644 1184 796 1219 angelicam
813 1187 896 1213 vitam
912 1188 952 1214 vi-

158 1232 235 1255 vunt.
268 1228 442 1264 Quapropter
471 1229 556 1256 etiam
589 1230 617 1257 in
652 1230 725 1265 agris
756 1237 951 1265 pernoctantes

159 1278 285 1308 pastores
308 1281 361 1301 non
389 1275 536 1302 audierunt
569 1275 681 1308 angelos
712 1276 877 1311 psallentes,
903 1278 950 1305 sed

159 1320 275 1354 hymnos
289 1323 421 1347 canentes
434 1324 462 1347 et
482 1320 625 1347 dicentes:
647 1329 657 1346 ι
682 1319 776 1348 Gloria
799 1322 826 1348 in
849 1322 952 1351 altissi-

159 1366 210 1392 mis
235 1365 289 1393 Deo
310 1365 344 1398 ",
367 1374 376 1391 ι
400 1369 454 1392 etc.
477 1365 525 1392 Est
548 1365 632 1400 igitur
646 1367 838 1400 aequanimitas
851 1368 951 1396 anima:

158 1415 247 1437 status
268 1409 413 1437 all‘cctuum
437 1417 544 1445 expers,
562 1411 596 1438 ad
613 1418 693 1446 quem
708 1411 835 1439 manda’la
858 1412 904 1440 Dei
924 1417 951 1441 et

159 1465 223 1484 vera
238 1457 363 1491 dogmata
383 1457 536 1492 perducunt
553 1465 561 1490 ;
577 1457 697 1493 hymnus
718 1463 809 1486 autem
830 1464 874 1487 est
892 1459 950 1494 glo-

158 1501 286 1530 tilicatio.

197 1549 277 1576 Vens.
294 1548 357 1576 175.
384 1548 453 1576 Vivet
466 1549 555 1576 anima
572 1557 630 1576 mea
645 1553 670 1577 et
683 1549 800 1578 laudabit
815 1555 852 1585 te,
866 1556 891 1578 et
899 1551 948 1586 ju-

158 1595 231 1622 dicia
247 1601 292 1622 tua
308 1595 472 1630 adjuuabunl
487 1604 538 1628 me.
559 1600 613 1623 etc.
637 1597 678 1624 Ad
694 1596 816 1625 futurum
841 1603 949 1633 tempus

157 1642 242 1669 vitam
268 1641 365 1669 animm
390 1642 493 1669 retulit.
515 1650 524 1667 ι
540 1641 602 1669 Vita
625 1643 697 1669 enim
714 1648 807 1670 nostra
832 1644 949 1672 abscon-

158 1688 213 1715 dita
241 1693 282 1715 est
308 1696 368 1715 cum
393 1687 505 1716 Christo
522 1689 549 1716 in
571 1689 627 1716 Deo
642 1688 677 1715 “.
695 1698 704 1715 ι
720 1689 798 1717 Tunc
816 1689 947 1725 hymnum

159 1735 215 1762 Dco
231 1735 341 1770 proprie
356 1735 438 1762 dicet.

195 1781 278 1809 Vsus.
303 1781 361 1808 l76.
382 1781 476 1808 Erraui
493 1782 562 1808 sicut
584 1780 640 1808 ovis
659 1788 718 1816 qua
736 1780 837 1815 periit:
859 1789 948 1816 qurere

157 1837 261 1856 cert-um
279 1834 364 1860 tuum,
390 1828 452 1863 quia
468 1827 595 1854 mandata
617 1831 664 1854 tua
684 1835 736 1854 non
759 1835 817 1854 sum
839 1828 947 1862 oblitus,

157 1881 212 1901 etc.
237 1874 360 1901 Primum
387 1873 496 1907 quidem
522 1876 652 1906 tanquam
676 1870 782 1905 iustitia
809 1878 946 1900 errantem

160 1920 279 1946 aninmm
307 1918 444 1946 convertit
469 1917 627 1950 Dominus;
649 1917 748 1944 deinde
775 1925 840 1945 vero
866 1919 946 1945 etiam

159 1971 287 2001 tanquam
303 1963 450 1999 sapientia,
469 1963 604 1998 siquidem
617 1972 697 1993 error
715 1965 813 1993 animae
832 1970 873 1992 est
891 1972 949 1992 ma-

158 2011 216 2040 litia
232 2017 258 2039 et
274 2010 437 2046 ignorantia.

411 2098 574 2128 PSALMUS
606 2099 700 2128 CXIX.

195 2145 279 2173 Vens.
306 2145 332 2171 l.
360 2144 497 2172 Canticum
523 2134 664 2179 graduum,
687 2149 742 2173 etc.
767 2146 822 2174 Soli
844 2147 883 2175 illi
902 2150 947 2183 qui

159 2192 214 2219 vita
239 2191 398 2226 rationeqne
424 2191 586 2222 ascendunt,
604 2191 660 2225 apti
674 2196 738 2218 sunt
762 2193 948 2228 gradualibus,

161 2237 251 2272 iisque
266 2236 403 2271 mysteriis
416 2243 476 2270 qua:
492 2236 519 2263 in
534 2237 651 2264 canticis
672 2237 861 2266 continentur.
877 2239 950 2267 Con-

157 2283 275 2318 jicinms'
289 2283 405 2318 primum
429 2282 563 2317 graduum
583 2284 722 2310 canticum
747 2285 832 2313 fuisse
853 2287 952 2313 recita-

160 2334 230 2361 tum,
257 2328 280 2356 si
308 2328 418 2363 quando
442 2327 542 2355 bellum
571 2327 752 2362 immineret;
782 2330 949 2364 secundum,

158 2375 268 2409 quando
285 2381 315 2402 se
331 2372 520 2409 prmparabant
533 2377 561 2400 et
578 2374 668 2401 socios
684 2374 873 2409 advocabant;
894 2382 946 2403 Ier-

160 2422 237 2454 Iium,
253 2425 398 2456 postquam
413 2427 476 2447 cum
491 2419 616 2448 hostibus
631 2423 781 2456 congressi,
798 2422 864 2457 ipsis
882 2431 949 2458 quo-

159 2467 305 2494 dammodo
318 2466 474 2501 superiores
491 2471 658 2500 evaserant;
681 2472 820 2502 quartum,
838 2469 949 2504 quando

158 2514 191 2540 de
205 2513 319 2540 victoria
337 2512 364 2540 in
379 2512 432 2539 line
448 2512 618 2547 sperabant;
637 2514 772 2548 quintum,
798 2519 944 2550 postquam

157 2567 218 2587 eam
237 2559 347 2587 fuerant
361 2559 502 2587 conseCuti
519 2567 526 2592 ;
543 2564 663 2592 sextum,
679 2560 789 2594 quando
803 2561 946 2594 redibant;

158 2606 318 2640 septimum,
331 2604 439 2639 quando
445 2603 503 2639 jam
515 2604 655 2631 redierant
668 2612 676 2634 ;
691 2609 826 2638 octavum,
839 2605 947 2638 quando

159 2648 289 2683 templum
313 2648 511 2681 exstruebant;
528 2656 640 2681 nonum,
665 2654 807 2685 postquam
830 2651 856 2678 in
881 2657 947 2685 pace

158 2694 350 2727 versabantur,
367 2693 556 2722 describentes
576 2694 637 2729 quis
656 2696 754 2724 beatus
775 2701 849 2724 esset
869 2703 946 2723 recu-

867 109 912 136 ex
932 108 1086 148 ORIGENE

193 167 276 194 Vsus.
298 168 359 197 ΓΗ.
384 168 551 196 Eructabunt
569 169 641 196 labia
661 177 717 197 mea
731 170 867 205 hymnum,
891 179 949 198 cum
963 173 986 200 A

1725 108 1793 136 1628

1042 170 1263 204 Ἐξερεύξονται
1284 171 1320 198 τὰ
1342 171 1429 205 χειλη
1443 180 1504 206 μου
1521 171 1636 205 ὕμνον,
1660 170 1737 197 ὅταν
1757 169 1800 197 δι-

1004 215 1100 250 δάξῃς
1116 225 1155 250 με
1173 216 1210 243 τὰ
1221 216 1400 252 δικαιώματὰ
1421 225 1496 248 σου,
1513 226 1541 243 κ.
1560 225 1587 243 τ.
1602 217 1626 243 ὲ.
1659 216 1693 242 Ἡ
1715 215 1800 251 spari:

1003 262 1042 293 ὡς
1059 261 1159 289 ἐπίπαν
1183 262 1287 297 γίνεται
1303 264 1360 295 τοῖς
1385 262 1608 298 κεκορεσμένοις.
1626 262 1802 296 Πλησθέντες

1002 307 1057 342 γὰρ
1072 307 1158 339 οὕτως
1177 307 1346 343 ὲρευγόμεθα
1359 308 1408 344 τὴν
1425 308 1555 343 ποιότητα
1569 307 1619 343 τῆς
1633 307 1752 342 τροφῆς.
1769 308 1801 342 ἢν

1003 354 1162 390 εἰλήφαμεν.
1177 352 1254 381 Οἶδεν
1267 352 1314 381 οὖν
1327 355 1341 381 ὁ
1352 354 1423 386 θεῖος
1438 353 1516 388 λόγος
1529 354 1725 388 πνευματικὴν
1740 361 1801 387 ep.»

1003 401 1066 435 φήψ
1076 400 1156 431 αὐτὸς
1162 399 1216 435 γὰρ
1224 401 1238 427 ὁ
1246 400 1331 434 Λόγος
1339 401 1421 435 φησίν
1429 400 1510 436 ἄρτος
1519 398 1600 427 εἶναι·
1613 409 1624 425 ι
1637 398 1712 432 Ἐγώ
1722 400 1781 433 εἰμι
1788 400 1801 424 ὁ

1003 448 1084 484 ἄρτος
1092 449 1105 474 ὁ
1116 447 1169 480 ζῶν
1179 449 1194 474 ὁ
1205 448 1235 480 ἐξ
1242 448 1358 484 οὐρανοῦ
1366 447 1487 478 καταόάς
1497 455 1503 462 ⁶
1515 447 1529 472 ὸ
1538 446 1634 481 φαγὼν
1646 445 1744 472 τοῦτον
1754 445 1801 471 risv

1003 493 1084 529 ἄρτον
1095 493 1206 529 ζήσεται
1218 495 1258 525 εἰς
1271 494 1316 520 τὸν
1331 493 1427 520 αἰῶνα.
1445 503 1455 518 ι
1471 492 1525 519 Καί
1537 500 1603 527 φησι
1616 491 1675 526 γὰρ
1685 491 1701 516 ὁ
1714 490 1801 523 Λόγος

1002 539 1075 574 ἔχειν
1087 539 1191 574 σάρκας
1202 540 1230 566 ὲν
1243 539 1281 575 τῷ
1290 548 1296 554 ·
1314 549 1323 565 ί
1334 539 1479 574 Ὃτρώγων
1492 547 1542 573 μου
1558 538 1608 573 τὴν
1621 538 1726 572 σάρκα,
1744 535 1802 570 ἔχει

1002 585 1075 620 ζωὴν
1085 586 1113 611 ὲν
1126 585 1214 620 ἐαυτῷ
1224 593 1231 600 ·
1242 586 1258 620 ἡ
1269 585 1323 621 γὰρ
1334 584 1403 621 σάρξ
1414 593 1464 620 μου
1475 584 1577 619 ἀληθής
1586 584 1646 609 ἐστι
1661 581 1777 620 βρῶσις.
1791 591 1800 606 ι

1009 632 1071 658 Ἐὰν
1085 629 1131 658 οὖν
1155 631 1330 667 κορεσθῶμεν
1352 631 1447 658 τούτου
1464 630 1510 657 τοῦ
1525 630 1608 666 ἄρτου
1620 650 1628 661 ,
1648 630 1663 656 ὁ
1678 630 1740 655 ἐστι
1755 627 1803 654 τοῦ

1002 677 1103 712 Λόγου.
1119 678 1285 714 ὲρευξόμεθα
1301 677 1396 713 ὕμνον.
1412 677 1480 704 Ποτὲ
1501 677 1530 703 δὲ
1543 675 1738 711 ἐξερεύξονται
1757 674 1805 700 καὶ

1003 723 1081 758 εὐχαί
1094 731 1100 738 ·
1114 723 1144 749 τὸ
1161 723 1215 758 γὰρ
1228 723 1294 749 αὐτὸ
1309 722 1435 757 γενέσθαι
1451 723 1605 756 ἐπάναγκες
1620 721 1669 747 καὶ
1684 720 1730 747 διὰ
1751 720 1806 746 τῶν

1002 769 1099 804 εὐχῶν,
1111 769 1174 796 ὅταν
1192 769 1300 804 διδάξῃς
1313 778 1346 804 με
1358 769 1392 795 τὰ
1409 767 1582 804 δικαιώματά
1599 776 1648 794 σου
1659 775 1666 782 ·
1684 766 1735 794 ἐὰν
1748 766 1806 801 γὰρ

1005 815 1041 850 μὴ
1055 815 1170 850 διδαχθῶ
1190 815 1224 841 τὰ
1247 815 1419 850 δικαιώματά
1446 823 1512 846 σου,
1537 813 1671 848 τοιαύτην
1697 811 1807 848 ὲρυγὴν

1002 860 1193 897 ὲξερεύξασθαι
1207 861 1238 888 οὐ
1253 861 1384 897 δύναμαι.

1040 953 1094 980 Τοῦ
1120 953 1223 980 αὐτοῦ.
1245 953 1349 989 ’Ὠσπερ
1374 952 1428 980 τῶν
1454 952 1648 988 εὑθυμούντων
1676 952 1742 979 ἐστὶ
1773 952 1804 978 τὲ

1000 999 1110 1034 ψάλλειν
1133 996 1277 1034 (ιεὺθυμεί
1299 998 1354 1034 γάρ
1375 1007 1431 1030 τις,
1456 999 1554 1033 φησιν,
1579 999 1609 1024 ὲν
1620 997 1706 1033 ὐμϊν;
1733 998 1807 1031 ψαλ-

1000 1044 1187 1081 λέτω›),οὖτω
1198 1044 1229 1070 τὸ
1243 1044 1337 1079 ὑμνεῖν
1356 1044 1411 1070 τῶν
1426 1043 1600 1080 θεωρούντων
1623 1044 1692 1074 τοὺς
1706 1043 1807 1076 λόγους

1000 1090 1055 1117 τῶν
1069 1089 1261 1125 δικαιωμάτων
1281 1090 1366 1117 ἐστίν.
1400 1089 1480 1116 Ἀλλὰ
1501 1090 1532 1116 τὸ
1553 1090 1603 1125 μὲν
1622 1089 1743 1124 ψάλλειν
1759 1090 1806 1116 ἀν-

1001 1135 1120 1172 θρώποις
1134 1135 1258 1171 ἁρμόζει,
1278 1135 1308 1162 τὸ
1323 1136 1352 1162 δὲ
1367 1136 1462 1171 ὑμνεῖν
1478 1135 1623 1170 ἀγγέλοις,
1636 1135 1655 1170 ἥ
1677 1136 1738 1166 τοῖς
1755 1136 1805 1168 ἁγ-

1001 1182 1108 1217 γελικὸν
1123 1182 1214 1217 ἔχουσι
1230 1181 1288 1216 βίον
1298 1191 1304 1197 ·
1322 1181 1362 1208 διὸ
1377 1182 1424 1208 καὶ
1436 1182 1461 1208 οἱ
1475 1180 1683 1217 ἀγραυλοῦντες
1704 1180 1804 1215 ποιμέ-

1001 1236 1046 1259 νες
1059 1227 1108 1254 οὐκ
1119 1227 1239 1262 ἥκουσαν
1250 1227 1375 1262 ἀγγέλων
1388 1227 1544 1262 ψαλλόντων
1553 1246 1560 1258 ,
1572 1226 1631 1254 ἀλλ’
1646 1226 1802 1262 ἁνυμνούν-

1001 1282 1054 1300 των
1078 1273 1131 1309 καὶ¹
1150 1273 1283 1308 λεγόντων
1293 1282 1300 1289 ·
1330 1282 1340 1299 ι
1357 1272 1426 1305 Δόξα
1443 1274 1471 1300 ὲν
1487 1273 1612 1307 ὑψίστοις
1627 1271 1692 1307 Θεῷ
1703 1292 1711 1304 ,
1729 1281 1738 1297 ι
1757 1271 1803 1298 καὶ

1001 1319 1035 1347 τὰ
1047 1319 1120 1356 ἑξῆς.
1139 1320 1218 1346 Ἐστι
1236 1319 1326 1346 τοίνυν
1349 1319 1468 1354 εὐθυμία.
1492 1318 1614 1346 ἀπάθεια
1629 1318 1726 1353 ψυχῆς
1750 1317 1802 1344 ἀπὸ

1000 1367 1055 1394 τῶν
1068 1366 1182 1394 ἐντολῶν
1200 1366 1248 1394 τοῦ
1272 1366 1339 1393 Θεοῦ
1353 1366 1400 1393 καὶ
1422 1366 1477 1393 τῶν
1492 1365 1627 1401 ἀληθινῶν
1654 1364 1801 1400 δογμάτων

1001 1412 1204 1448 προσγινομένη
1215 1421 1224 1428 υ
1241 1412 1324 1448 ὕμνος
1334 1412 1363 1439 δέ
1377 1412 1434 1439 ἐστι
1447 1411 1598 1446 δοξολογία.

1037 1550 1166 1585 Ζήσεται
1184 1551 1204 1586 ἡ
1228 1550 1313 1586 ψυχή
1337 1560 1397 1586 μου
1412 1550 1589 1578 καὶαινέσει
1609 1558 1667 1582 σε,
1692 1551 1743 1577 καὶ
1767 1551 1801 1577 τὰ

1001 1596 1130 1633 κρΙματά
1143 1604 1200 1624 σου
1213 1597 1361 1630 βοηθήσει
1373 1606 1424 1632 μοι
1437 1617 1444 1629 ,
1465 1605 1493 1624 κ.
1509 1606 1535 1624 τ.
1550 1597 1575 1624 ὲ.
1598 1597 1649 1629 Εἰς
1664 1597 1714 1624 τὸν
1737 1597 1800 1632 μὲλ-

1000 1644 1081 1671 λοντα
1091 1643 1187 1680 χρόνον
1195 1643 1313 1670 ἑνέκλειε
1326 1642 1375 1678 τὴν
1386 1642 1458 1678 ζωὴν
1470 1642 1521 1678 τῆς
1534 1642 1626 1678 ψυχῆς
1636 1651 1644 1659 ·
1662 1652 1672 1669 ί
1687 1642 1723 1669 Ἦ
1746 1643 1800 1677 γὰρ

1002 1689 1060 1725 ζωὴ
1077 1689 1156 1726 ἡμῶν
1171 1689 1324 1725 κέκρυπται
1344 1689 1392 1716 σὺν
1410 1688 1450 1724 τῷ
1463 1689 1576 1724 Χριστῷ
1593 1690 1623 1716 ὲν
1640 1689 1681 1725 τῷ
1699 1689 1771 1725 Θεῷ.
1787 1699 1797 1715 ι

1002 1736 1069 1763 Τότε
1083 1735 1198 1772 ὑμνήσει
1214 1735 1317 1772 κυρίως
1328 1735 1374 1762 τδν
1385 1734 1462 1762 Θεόν.

1041 1780 1233 1815 Ἐπλαγήθην
1247 1785 1289 1814 ὡς
1306 1781 1455 1815 πρόϐατον
1475 1781 1650 1814 ἀπολωλός·
1668 1781 1799 1815 ζήτησον

998 1828 1053 1855 τὸν
1079 1827 1193 1855 δοῦλόν
1213 1835 1288 1860 σου,
1308 1826 1352 1853 ὅτι
1370 1827 1424 1860 τὰς
1436 1826 1564 1860 ἐντολάς
1587 1833 1648 1854 σου
1667 1828 1725 1854 οὐκ
1745 1828 1798 1853 ἐπ-

1001 1874 1162 1908 ελαθόμην,
1178 1882 1205 1900 κ.
1223 1882 1250 1900 τ.
1269 1873 1292 1900 ὲ.
1320 1871 1434 1908 Πρῶτον
1461 1872 1510 1908 μὲν
1537 1872 1587 1908 τὴν
1610 1873 1798 1908 πλανηθεῖςαν

999 1920 1089 1956 ψυχὴν
1107 1919 1145 1951 ὡς
1165 1918 1322 1953 δικαιοσύνη
1340 1917 1499 1953 ἐπιστρέψει
1518 1919 1532 1944 ὸ
1552 1916 1673 1952 Κύριος,
1704 1917 1798 1943 ἔπειτα

1001 1965 1030 1992 δὲ
1053 1966 1099 1991 καὶ
1124 1964 1162 1995 ὡς
1179 1963 1274 1997 σοφία,
1297 1962 1377 1998 εἴπερ
1403 1962 1490 1998 πλάνη
1517 1961 1578 1988 ἐστὶ
1599 1961 1694 1998 ψυχῆς
1715 1962 1797 1989 κακία

1003 2011 1050 2037 καὶ
1065 2009 1199 2044 ἀγνωσία.

1281 2100 1427 2127 ΨΛΛΜΟΣ
1443 2099 1516 2126 ΡΙΘ’.

1042 2148 1109 2185 ᾨδὴ
1124 2147 1183 2174 τῶν
1194 2145 1374 2181 ἀναϐαθμῶν
1385 2167 1392 2178 ,
1407 2155 1434 2172 κ.
1452 2155 1478 2174 τ.
1492 2146 1516 2172 ὲ.
1536 2145 1623 2172 Μόνοι
1644 2146 1670 2172 οὶ
1689 2145 1728 2180 τῷ
1749 2145 1796 2181 βίῳ

1001 2193 1056 2230 (42)
1072 2193 1118 2221 καὶ
1134 2192 1173 2228 τῷ
1184 2192 1257 2226 λόγῳ
1272 2191 1464 2223 ἀναϐαίνοντες
1478 2190 1573 2217 οἰκεῖοί
1592 2191 1647 2217 εἰσι
1661 2191 1717 2217 τῶν
1734 2192 1796 2218 ἁνα-

1001 2238 1112 2273 6αθμῶν
1124 2258 1132 2270 ,
1150 2237 1197 2264 καὶ
1214 2236 1269 2263 τῶν
1284 2237 1313 2262 ὲν
1329 2237 1388 2268 ταῖς
1410 2236 1493 2271 ᾠδαῖς
1510 2235 1601 2262 αὐτῶν
1626 2237 1794 2271 μυστηρίων.

1001 2284 1190 2320 Στοχαζόμεθα
1202 2283 1250 2318 τὴν
1267 2283 1316 2319 μὲν
1330 2282 1443 2318 πρώτην
1465 2281 1538 2317 ᾠδὴν
1554 2281 1610 2308 τῶν
1631 2282 1795 2317 ἀναϐαθμῶν

1001 2330 1129 2365 λέγεσθαι
1149 2330 1178 2355 ὲν
1196 2328 1235 2364 τῷ
1252 2328 1330 2363 λαῷ,
1352 2327 1444 2354 εἴποτε
1461 2327 1580 2362 πόλεμος
1594 2328 1794 2363 προσεδοκᾶτο·

999 2377 1049 2413 τὴν
1069 2376 1096 2402 δὲ
1114 2375 1261 2411 δευτέραν,
1288 2373 1369 2400 ὁπότε
1393 2372 1652 2408 παρεσκευάζοντο,
1666 2373 1714 2399 καὶ
1731 2382 1796 2408 συμ-

1002 2423 1095 2459 μάχων
1111 2421 1232 2448 ἐδέοντο·
1247 2420 1296 2456 τὴν
1317 2419 1346 2446 δὲ
1370 2419 1476 2455 τρίτην.
1499 2419 1569 2455 μετὰ
1591 2419 1622 2445 τὸ
1642 2420 1794 2455 συμϐαλόν-

998 2477 1045 2499 τες
1058 2469 1114 2500 τηῖς
1133 2466 1271 2503 πολεμίοις
1293 2465 1439 2501 ὑπέρτεροι
1454 2473 1512 2497 πως
1527 2465 1619 2492 αὐτῶν
1632 2466 1793 2500 γεγονέναι·

1000 2514 1049 2550 τὴν
1059 2514 1087 2541 δὲ
1098 2514 1232 2549 τετάρτην
1243 2533 1250 2545 ,
1266 2513 1310 2539 ὅτε
1328 2520 1361 2538 πε
1368 2512 1394 2547 pl
1406 2512 1457 2547 τῆς
1470 2512 1549 2547 νίκης
1565 2512 1614 2538 ἐπὶ
1627 2512 1702 2539 τέλει
1719 2514 1794 2548 ἠλπι-

1001 2559 1061 2592 ζον·
1079 2559 1128 2594 τὴν
1143 2558 1172 2585 δὲ
1199 2558 1345 2593 πέμπτην,
1362 2557 1410 2584 ἐπὶ
1432 2556 1472 2592 τῷ
1495 2557 1730 2592 κατωρθωκέναι·
1748 2559 1793 2593 τὴν

1001 2605 1030 2632 δὲ
1040 2605 1124 2639 ἕκτην
1137 2624 1144 2635 ,
1160 2603 1372 2638 ἐπανερχόμεναι
1383 2611 1390 2618 '
1405 2602 1455 2637 τὴν
1468 2601 1497 2628 δὲ
1511 2601 1632 2638 ἑϐδόμην
1642 2623 1650 2635 ,
1665 2603 1792 2637 ἐπανελη-

1001 2650 1110 2682 λυθότες
1122 2659 1128 2665 ·
1153 2650 1203 2686 τὴν
1219 2650 1248 2677 δὲ
1267 2648 1377 2684 ὀγδόην,
1402 2647 1633 2680 ἐπισκευάζοντες
1657 2649 1705 2677 τὸν
1719 2649 1789 2676 ναόν·

1000 2695 1048 2731 τὴν
1062 2695 1090 2722 δὲ
1103 2695 1216 2730 ὲννάτην
1228 2715 1236 2728 ,
1251 2693 1321 2730 μετὰ
1331 2693 1361 2721 τὸ
1373 2694 1402 2721 ὲν
1415 2693 1511 2728 εἰρήνῃ
1518 2692 1650 2727 γενέσθαι
1660 2714 1668 2726 ,
1685 2694 1789 2730 διαγρά-

194 2763 218 2782 ⁷⁶
235 2762 313 2789 Joan.
336 2771 373 2795 vt,
395 2764 440 2795 51,
460 2764 504 2792 52.
543 2764 566 2780 ⁷⁷
585 2763 651 2792 ibid.
671 2763 716 2797 55,
729 2762 774 2791 56.
812 2762 834 2778 ⁷⁸
843 2761 937 2790 Jacob.

1072 2762 1094 2778 "
1108 2761 1173 2790 Luc.
1187 2769 1218 2795 ιι,
1230 2762 1272 2789 14.
1311 2762 1334 2778 ⁸⁸
1346 2762 1450 2792 Coloss.
1465 2771 1505 2796 Ill,
1519 2763 1548 2790 5.

200 2833 256 2866 (ιε)
271 2834 364 2861 Μόγοι
377 2835 402 2861 οι
416 2834 455 2866 τῷ
468 2835 536 2868 βιῳ,
554 2840 606 2862 etc.
626 2835 727 2864 Catena
746 2835 879 2863 Coldcrii.
