1889 3052
63 106 108 135 ξῖθ
514 105 669 134 SELECTA
688 106 721 133 lN
738 105 910 135 PSALMOS.
931 123 966 127 —
983 106 1082 134 PSAL.
1103 105 1197 134 CXIX.

1601 108 1669 136 £630

63 174 133 197 πντες
146 164 186 197 τίς
199 165 213 192 ό
226 165 375 201 μακάριος⁷
393 165 440 192 ἐπὶ
453 164 492 200 τῷ
508 165 570 197 τοὺς
582 166 700 198 οἰκείους
713 165 820 202 ἀπειλη-

896 171 972 193 erata
989 166 1201 193 domesticorum
1225 165 1418 193 consuetudine
1431 186 1439 198 ,
1456 164 1602 200 decimum,
1623 167 1669 196 ubi

62 213 135 243 έναι,
151 212 198 238 καὶ
220 209 291 238 εἶναι
313 212 362 239 σὺν
385 212 495 243 αὐτοῖς’
521 212 571 248 τὴν
593 212 622 239 δὲ
637 212 772 247 δεκάτην,
800 213 828 239 ὲν

62 258 135 294 ιθείᾳ
150 258 332 293 τυγχάνοντες
357 259 453 295 εἰρήνῃ
463 280 469 291 ,
483 259 526 285 ὅτε
548 259 614 293 φασὶ
633 258 765 290 πολλάκις
780 258 829 294 μὲν

62 303 240 339 επολεμῆσθαι
249 323 256 335 ,
278 303 458 339 μηδεπώποτε
473 303 501 331 δὲ
514 303 675 338 δεδυνῆσθαι
698 304 758 329 κατ’
783 302 830 329 αὐ-

62 349 90 374 iw
114 349 176 381 τοὺς
200 349 361 385 πολεμίους·
379 349 429 385 τὴν
451 349 480 376 δὲ
503 349 665 384 ἑνδεκάτην,
695 349 745 384 ἤδη
771 350 828 380 τοῖς

61 395 118 426 ῑίοις
145 394 319 429 σχολάζοντες
334 395 381 421 καὶ
407 394 441 421 τὰ
467 394 538 430 βάθη
564 393 654 421 αὐτῶν
673 393 825 425 συνιέντες·

61 449 86 475 qv
98 441 125 466 δὲ
135 439 288 476 δωδεκάτην
298 460 306 472 ,
322 440 360 472 ὡς
375 440 425 467 οὐκ
436 440 613 476 ἐπαιρόμενοι
629 440 676 466 ἐπὶ
687 441 742 471 τοῖς
758 448 827 474 γνω-

61 488 139 512 )εἰτιν
151 495 157 500 -
174 486 224 520 τὴν
240 485 268 512 δὲ
282 485 511 522 τρισκαιδεκάτην
521 505 528 518 ,
551 486 616 522 περὶ
633 484 826 512 ἀποκαταστά-

60 541 104 564 εως
122 532 245 568 εὔχονται
259 531 379 568 Χριστοῦ
390 540 398 546 ·
414 531 464 568 τὴν
474 532 502 559 δὲ
515 532 825 568 τεσσαρεσκαιδεκάτην,

60 578 98 614 api.
113 577 362 610 ἀποκαταστάσεως
383 578 434 612 τῆς
450 577 629 613 Ἐκκλησίσς·
645 577 695 613 τὴν
711 576 739 603 δὲ
759 585 825 603 πεν-

60 624 242 660 .καιδεκάτην,
259 624 322 659 περ)¹
337 623 384 650 τοῦ
402 624 455 650 δεῖν
471 623 585 656 αὐτοὺς,
611 623 768 658 φθάσαντας
786 624 826 654 εἰς

60 680 77 696 ιν
93 668 165 697 οἷκον
182 670 228 696 τοῦ
243 670 310 697 Θεοῦ
321 690 327 701 ,
341 671 452 697 ἑστάναι
478 672 507 697 ὲν
524 669 598 704 αὺτῷ
608 690 615 702 ,
630 670 678 696 καὶ
703 669 826 703 εὐλογεῖν

59 718 113 744 Ἆτὸν
126 737 132 749 ,
153 717 314 753 ἐπαίροντας
328 717 377 749 τὰς
391 719 486 754 χεῖρας
507 718 546 748 εἰς
569 717 603 744 τὰ
623 716 688 751 ἆγια
698 737 705 750 ,
718 716 762 742 ἴνα
777 715 826 742 καὶ

59 767 109 793 ϋτοὶ
127 766 309 802 εὐλογηθᾶωιν
327 767 382 793 ἀπὸ
398 766 512 802 Κυρίου.

67 813 144 846 Πρὸς
171 813 282 846 Κύριον
311 813 346 839 ὲν
366 812 406 845 τῷ
433 813 588 839 θλίϐεσθαι
610 821 649 847 με
664 811 822 847 ἐκέκραξα,

58 859 81 885 12
95 857 257 891 εἰσήκουσέ
271 867 331 892 μου
343 877 350 890 ,
368 866 395 884 κ.
413 867 438 884 τ.
458 858 481 885 ἐ.
505 857 565 884 Τῶν
589 857 623 884 δι’
644 858 745 894 ἀρετὴν
767 858 822 894 (45)

58 904 79 930 ti.
91 903 190 937 γνῶσιν
206 902 375 938 θλιὸομένων
398 903 529 930 ἐπακούει
545 903 611 934 Θεὸς
628 905 656 930 ἐν
680 905 713 939 τῇ
736 903 824 939 θλίψει

58 952 80 985 ᾖς
109 949 297 985 αἰχμαλωσίας
331 949 379 976 καὶ
408 949 458 985 τῆς
492 949 600 977 ἐκεῖθεν
628 949 822 982 κακοπαθείας.

59 997 162 1033 ραυγὴν
176 996 204 1023 δὲ
217 997 291 1031 λέγει
305 996 353 1033 τὴν
364 997 493 1024 ἐπάνοδον
503 997 591 1033 ψυχῆς
602 998 649 1024 καὶ
660 1006 823 1033 συντετριμ-

57 1043 116 1078 ἐνης
137 1043 184 1069 καὶ
201 1042 441 1078 τιταπεινωμένης
458 1043 525 1078 πρὸς
549 1043 596 1070 τὸν
608 1042 756 1078 δυνάμενον
773 1043 823 1078 pti-

57 1088 145 1125 t58a_t,
159 1085 193 1123 ἦς
211 1087 312 1120 εὐθέως
330 1089 464 1116 ὑπακούει
480 1088 557 1120 Θεός.

67 1135 154 1168 Κύριε
165 1154 172 1167 ,
185 1133 279 1168 ῥῦσαι
292 1134 350 1168 τὴν
363 1134 470 1169 ψυχήν
478 1143 538 1169 μου
548 1134 606 1161 ἀπὸ
622 1133 747 1168 χειλέων
760 1134 823 1162 ἁδί-

56 1190 90 1208 υν
101 1181 149 1208 καὶ
159 1180 218 1207 ἀπὸ
229 1179 373 1215 γλώσσης
383 1180 489 1214 δολίας
499 1200 506 1212 ,
518 1189 544 1206 κ.
557 1189 583 1207 τ.
596 1181 618 1207 έ.
632 1180 756 1215 Συνεχῶς
766 1180 822 1208 ἄνω

60 1227 86 1260 ί)
100 1228 146 1254 καὶ
162 1227 238 1254 κάτω
253 1226 331 1254 τοῦτο
346 1225 501 1262 παρακαλεῖ
514 1225 559 1252 τὸν
572 1226 639 1252 Θεὸν
649 1246 656 1259 ,
670 1226 725 1253 τῶν
738 1227 823 1253 τοιού-

56 1282 83 1299 υν
95 1272 244 1299 ἐπιϐουλῶν
262 1271 491 1299 ἀπαλλάττεσθαι.
514 1271 544 1297 Εἰ
564 1271 592 1297 δὲ
609 1272 672 1303 τοὺς
696 1272 822 1308 δολεροὺς

57 1319 68 1344 ἰ
82 1318 192 1352 φεύγειν
211 1318 258 1344 καὶ
272 1317 405 1348 ὑπούλους
415 1336 423 1349 ,
440 1316 530 1352 πολλῴ
551 1316 650 1352 μᾶλλον
666 1318 728 1350 τοὺς
750 1318 822 1344 άπα-

59 1363 131 1395 ὧνας
143 1383 151 1395 ,
164 1364 211 1390 καὶ
229 1363 335 1399 πονηρὰ
350 1362 474 1398 δόγματα
491 1363 622 1395 ἐνιέντας.
643 1363 770 1390 Μάλιστα
791 1364 820 1391 δὲ

55 1410 109 1435 Fixa.
123 1409 195 1436 εἴποι
210 1417 252 1439 τις
266 1409 298 1435 ἂν
311 1408 388 1444 χείλη
410 1409 502 1435 ἐκεῖνα
517 1407 551 1434 τὰ
573 1408 640 1444 περὶ
651 1408 699 1444 τὴν
720 1409 821 1445 ἀρετὴν

55 1455 193 1487 λάπτοντα,
205 1454 241 1481 τὰ
255 1454 323 1490 πρὸς
343 1454 443 1481 κακίαν
463 1454 609 1489 ἐπάγοντα.
632 1454 681 1481 Διὰ
695 1454 727 1490 δὴ
741 1455 821 1482 τοῦτο

881 213 935 239 alta
954 219 1019 247 pace
1038 211 1219 245 fruebantur;
1236 212 1345 246 quando
1359 213 1453 240 dicunt
1473 220 1502 240 se
1524 221 1594 248 saepe
1608 215 1670 249 qui-

880 258 941 284 dem
965 257 1049 285 fuisse
1073 258 1254 291 impnguatos,
1280 261 1308 282 at
1331 265 1468 292 nunquam
1490 259 1524 286 ab
1548 258 1669 288 inimicis

879 308 1055 338 prostratos;
1075 302 1160 337 819
1181 302 1365 336 undecimum,
1390 303 1498 337 quando
1516 304 1571 338 jam
1588 305 1668 332 rebus

878 350 979 378 divinis
1007 354 1138 377 vacantes
1161 357 1254 376 earunt
1279 350 1414 383 profunda
1449 351 1636 384 intelligebant
1657 360 1667 385 ς

878 399 1070 426 duodecimum
1092 399 1237 430 canebant,
1266 403 1296 425 ut
1320 397 1434 425 minime
1459 397 1523 424 elati
1553 398 1587 424 iis
1608 405 1669 428 ulla:

878 449 1064 480 cognoverant
1079 454 1086 477 ;
1106 445 1242 472 decimum
1261 443 1370 471 tertium
1386 443 1418 470 de
1432 443 1535 470 Christi
1558 443 1668 470 restitu-

881 491 955 518 tione
969 498 976 523 ;
995 491 1129 518 decimum
1145 496 1271 525 quartum
1287 490 1320 516 de
1337 489 1508 516 restitutione
1521 488 1666 518 Ecclesiae;

877 537 995 572 denique
1010 537 1144 564 decimum
1156 537 1283 571 quintum
1299 535 1380 563 docet
1394 535 1530 570 quomodo
1543 539 1667 570 oporteat

877 582 960 617 ipsos,
982 588 1126 618 postquam
1149 583 1183 609 ad
1213 583 1323 609 domum
1349 582 1395 609 Dei
1426 581 1615 616 pervenerint,
1639 581 1666 608 in

875 629 971 656 eadem
998 634 1091 661 stare.
1125 632 1153 656 et
1180 628 1268 663 ipsum
1297 627 1459 655 benedicere
1475 647 1482 660 ,
1509 627 1666 654 attollentes

876 682 972 702 manus
985 673 1011 701 in
1027 678 1133 706 saneta,
1148 679 1177 701 ut
1192 678 1218 702 et
1233 674 1285 710 ipsi
1299 682 1312 701 a
1327 673 1440 701 Dotnino
1455 673 1664 701 benedicuntur.

911 812 992 839 Vens.
1008 812 1034 839 ί.
1055 813 1096 839 Ad
1111 811 1254 839 Dominum
1271 821 1330 839 cum
1344 812 1488 839 tribularer
1500 812 1625 844 clamaui,
1640 817 1664 838 et

875 858 1009 885 exaudivit
1033 867 1085 886 me.
1105 864 1159 886 etc.
1180 857 1230 890 Qui
1249 863 1358 893 propter
1381 858 1508 885 virtutem
1532 862 1559 884 et
1576 858 1666 885 scien-

876 904 941 931 tiam
960 905 1136 939 tribulantur,
1154 914 1202 934 eos
1216 905 1327 934 exaudit
1349 904 1420 932 Deus
1437 905 1462 932 in
1487 904 1665 932 tribulatione

873 951 1040 986 captivitatis
1059 956 1088 979 et
1101 959 1194 979 earum
1216 960 1277 987 qua:
1301 951 1364 979 inde
1388 952 1527 984 oriuntur,
1551 950 1664 978 calami-

874 1001 972 1024 tatum.
988 997 1142 1025 Clamorem
1159 1003 1250 1026 autent
1275 1003 1355 1026 vocat
1383 999 1483 1025 anima:
1497 997 1623 1025 contritae
1638 1002 1666 1024 et

873 1043 1023 1071 humiliataa
1047 1044 1164 1071 reditum
1189 1045 1222 1071 ad
1243 1051 1304 1071 cutn
1327 1044 1372 1079 qui
1391 1044 1465 1071 solus
1487 1044 1592 1071 salvare
1617 1051 1666 1078 po-

874 1091 935 1116 test.
956 1088 1035 1116 Hunc
1049 1088 1199 1116 clamorem
1215 1087 1359 1115 confestim
1375 1087 1486 1115 exaudit
1502 1086 1583 1114 Deus.

908 1134 992 1162 Vsus.
1012 1135 1041 1163 2.
1063 1133 1186 1167 Domine,
1210 1134 1292 1161 libera
1307 1134 1425 1160 animum
1446 1141 1530 1160 meam
1549 1142 1565 1160 α
1583 1132 1664 1160 labiis

871 1182 970 1216 iniquis
985 1186 1010 1208 et
1023 1189 1039 1207 α
1054 1180 1145 1215 lingua
1158 1179 1262 1213 ilo/out,
1282 1185 1337 1207 etc.
1355 1179 1473 1206 Assidue
1487 1187 1567 1213 supra
1582 1183 1609 1206 et
1622 1179 1665 1205 in-

872 1228 912 1254 tra
927 1227 1012 1254 Deum
1029 1226 1168 1257 obsecrat,
1186 1229 1215 1252 nt
1238 1225 1271 1252 ab
1294 1225 1446 1252 istiusmodi
1470 1224 1576 1251 insidiis
1598 1224 1665 1250 tilic-

872 1276 959 1299 retur.
980 1270 1010 1298 Si
1028 1275 1120 1298 autem
1145 1269 1231 1298 dolosi
1256 1274 1284 1296 et
1309 1269 1415 1297 subdoli
1442 1269 1558 1304 fugiendi
1588 1273 1662 1302 sunt,

871 1317 957 1344 multo
975 1315 1064 1352 magis
1083 1316 1247 1350 impostores
1264 1319 1292 1343 et
1315 1315 1360 1350 qui
1385 1322 1516 1350 perversa
1537 1315 1660 1350 dogmata

871 1361 1060 1388 disseminant.
1081 1359 1200 1387 Maxime
1218 1367 1284 1387 vero
1303 1359 1395 1394 iniqua
1413 1359 1511 1387 dixerit
1526 1359 1587 1394 quis
1601 1366 1663 1386 esse

871 1407 940 1435 labia
960 1407 1008 1434 illa
1026 1415 1086 1442 qute
1109 1407 1204 1434 virtuti
1228 1405 1362 1440 ofﬁciunt,
1390 1413 1504 1441 qumque
1525 1405 1558 1432 ad
1585 1406 1664 1435 mali-

871 1454 935 1480 tiam
954 1453 1094 1482 inducunt.
1117 1452 1223 1481 Idcirco
1247 1453 1341 1487 utique
1363 1452 1409 1480 hic
1432 1451 1564 1487 propheta
1579 1456 1662 1479 etiam

54 1501 74 1527 ιὶ
84 1501 98 1526 ό
110 1501 253 1537 προφήτης
268 1498 345 1532 οὗτος
362 1500 409 1527 καὶ
426 1500 476 1536 τὴν
490 1500 580 1537 ψυχὴν
593 1500 675 1528 αὑτοῦ
689 1500 760 1535 ἀξιοῖ
771 1502 819 1537 ρυ-

895 1502 990 1530 astulat
1002 1503 1122 1530 animam
1140 1510 1217 1531 suam
1231 1502 1266 1529 ab
1280 1501 1334 1529 illis
1348 1501 1471 1530 liberari.

54 1547 134 1573 li’wat.

79 1556 134 1573 ναι.

60 1556 103 1621 τίῆ
116 1592 198 1626 βέλη
214 1593 268 1620 τοῦ
279 1593 411 1620 δυνατοῦ
428 1592 601 1627 ἠκονημένα
616 1593 678 1620 σὺν
691 1593 753 1626 τοῖς
768 1594 821 1621 ἆν-

906 1594 991 1623 νιξιιε.
1012 1595 1038 1622 ι.
1060 1594 1172 1630 Sagitta!
1184 1595 1296 1629 potentis
1315 1599 1401 1621 aeuus
1422 1602 1482 1621 cum
1503 1593 1660 1620 carbonibus

54 1637 112 1670 ναξι
133 1638 196 1672 τοῖς
215 1639 384 1673 ἐρημικοῖς,
407 1647 434 1665 κ.
453 1647 478 1665 τ.
495 1639 519 1665 ἐ.
544 1639 626 1665 Οὐδὲν
651 1639 737 1670 οὓτως
763 1639 819 1674 (45)

895 1640 1049 1673 eaolaloriis,
1071 1645 1126 1668 etc.
1153 1640 1225 1667 Nihil
1243 1644 1336 1669 contra
1354 1639 1526 1667 adversari-as
1546 1639 1663 1666 virtutes

54 1683 140 1718 ιμόζει
151 1684 220 1720 πρὸς
232 1684 282 1716 τὰς
294 1684 483 1720 ἀντικειμένας
493 1685 622 1721 δυνάμεις
632 1705 639 1717 ,
653 1685 691 1717 ὡς
706 1685 740 1712 τὰ
755 1685 819 1722 βέλη

895 1686 983 1714 ιτὶηόε
998 1687 1135 1718 convenit,
1150 1693 1181 1713 ac
1198 1685 1296 1713 Christi
1312 1686 1419 1722 sagittae
1440 1685 1533 1721 ignitis
1550 1685 1661 1719 maligni

55 1730 70 1757 ῦ
92 1730 211 1766 Χριστοῦ
227 1731 260 1757 τὰ
276 1731 452 1766 ἀντικείμενα
473 1733 530 1763 τοῖς
552 1732 760 1767 πεπυρωμένοις
777 1732 820 1768 βέ-

899 1732 969 1759 culis
981 1731 1170 1763 adversantes.
1191 1736 1218 1759 et
1241 1731 1373 1758 carbones
1388 1731 1472 1766 ligna,
1493 1730 1598 1763 fenum,
1613 1731 1663 1757 sti—

55 1786 81 1804 σι
97 1776 144 1803 τοῦ
159 1776 279 1813 πονηροῦ
292 1798 299 1810 ,
317 1778 364 1804 καὶ
376 1778 400 1804 οἱ
412 1777 547 1812 ἄνθρακες
562 1778 586 1804 οἱ
609 1778 819 1806 καταναλίσκον-

54 1831 68 1854 ς
87 1821 171 1854 ξύλα,
189 1822 302 1858 χόρτον,
325 1822 461 1858 καλάμην.
484 1823 515 1849 Ei
531 1822 560 1849 δέ
573 1823 631 1849 ἐστι
654 1823 731 1858 βέλος
751 1824 820 1858 ἀγά-

54 1877 77 1902 };
95 1867 164 1894 κατὰ
178 1868 227 1903 τὴν
237 1868 266 1894 ὲν
282 1869 341 1900 τοῖς
352 1868 474 1903 ’ᾼσμασι
483 1867 592 1904 νύμςςην
601 1876 608 1883 ·
630 1879 639 1894 ι
653 1869 817 1906 Τετρωμένη

54 1921 95 1948 ιρ,
116 1913 215 1948 φησὶν,
237 1913 332 1949 ἀγάπῃ
354 1913 424 1947 ὲγιῖγ
439 1923 448 1938 ι
475 1913 532 1940 ἔστι
549 1913 627 1948 βέλος
645 1914 819 1951 δικαιοσύνης

54 1958 70 1984 :‘t
84 1958 196 1994 ἀνδρίας
210 1958 256 1985 καὶ
268 1958 446 1994 σωφροσύνης
459 1958 506 1985 καὶ
517 1959 571 1985 τῶν
587 1959 688 1986 λοιπῶν
701 1961 816 1995 άρετῶν,

54 2014 61 2036 ;
79 2005 170 2039 βέλεσι
180 2005 393 2040 τιτρωσκόμενοι
411 2004 539 2032 ὑποκάτω
553 2005 600 2032 τοῦ
616 2006 684 2034 Θεοῦ
700 2007 817 2034 πίπτου-

54 2060 64 2077 ν
77 2051 103 2077 οἱ
115 2050 186 2077 λαοί.

58 2096 116 2124 Τοῦ
127 2096 232 2123 αὑτοῦ.
252 2096 281 2123 '0
299 2096 398 2131 λέγων·
412 2106 422 2122 ι
441 2098 563 2133 Ἐοηκάς
583 2107 616 2134 με
638 2099 716 2134 βέλος
739 2100 816 2126 ἐκλε-

54 2141 95 2173 ὺν,
114 2151 124 2167 ι
141 2139 219 2173 οὗτός
232 2143 306 2169 ἐστιν
319 2142 347 2168 ὲν
362 2142 468 2175 πολλοῖς
481 2142 570 2178 βέλεσι
588 2143 663 2178 βέλος
675 2144 813 2178 ἐκλεκτὸν,

870 1778 960 1813 pulatn
982 1782 1184 1806 consumentes.
1210 1776 1239 1804 Si
1263 1784 1328 1804 vero
1347 1776 1470 1811 jaculum
1497 1781 1539 1804 est
1561 1777 1662 1803 amoris

866 1822 943 1857 juxta
952 1822 1055 1850 Cantici
1066 1822 1238 1850 canticorum
1253 1829 1379 1857 sponsam
1392 1829 1453 1856 qum
1463 1821 1503 1849 ait
1516 1830 1523 1849 :
1538 1830 1548 1847 ι
1560 1822 1661 1849 Amore

870 1869 1010 1896 vulnerata
1024 1875 1074 1904 ego
1090 1877 1150 1896 sutn
1165 1877 1172 1901 ;
1190 1878 1198 1894 ι
1224 1869 1317 1903 utique
1331 1868 1455 1903 jaculum
1479 1872 1520 1896 est
1535 1867 1660 1902 iustitiae,

869 1915 1050 1948 fortitudinis,
1071 1916 1225 1950 prndenlizc
1255 1923 1287 1944 ac
1314 1915 1480 1950 reliquarum
1503 1916 1657 1943 virtutum:

868 1963 967 1996 quibus
979 1962 1078 1998 jacutis
1095 1962 1226 1990 vulnerati
1244 1961 1334 1997 populi
1351 1962 1402 1990 sub
1422 1961 1479 1990 Deo
1494 1962 1605 1990 cadunt.

903 2097 1042 2132 Ejusdem.
1072 2097 1123 2130 Qui
1143 2097 1182 2125 ait
1200 2097 1222 2113 ⁸⁸
1245 2105 1253 2124 :
1279 2106 1288 2123 ι
1315 2096 1433 2124 Posuisti
1462 2104 1504 2123 tne
1528 2096 1658 2131 sagittam

866 2143 993 2176 electam,
1009 2152 1018 2169 ι
1043 2143 1087 2170 hic
1108 2147 1150 2170 est
1165 2143 1191 2170 in
1206 2141 1301 2170 multis
1317 2142 1426 2177 sagittis
1439 2143 1537 2178 sagitta
1559 2142 1659 2174 electaL

54 2198 57 2217 τ
75 2189 106 2215 ἐν
124 2188 233 2220 πολλοῖς
255 2189 323 2221 υἱοῖς
344 2189 391 2215 καὶ
413 2189 469 2220 υίὸς
488 2189 692 2225 ἐκλελεγμένος.
707 2191 764 2218 Οὐκ
781 2191 814 2218 ἂν

895 2194 939 2218 cut
953 2190 979 2216 in
998 2190 1092 2218 multis
1108 2189 1172 2217 ﬁliis
1188 2190 1270 2217 etiam
1284 2194 1327 2216 est
1339 2189 1410 2216 [ilius
1421 2190 1534 2218 electus.
1551 2189 1658 2224 Nequa-

61 2235 189 2270 φαρέτρα
202 2232 236 2270 ἦν
254 2234 291 2270 τῷ
306 2235 366 2270 Θεῷ
379 2235 414 2261 δι’
432 2235 461 2263 ἓν
484 2236 577 2271 βέλος,
593 2237 658 2273 περὶ
681 2235 714 2273 ἧς
728 2246 811 2273 φησι·

54 2281 107 2306 Καὶ
133 2282 166 2316 τῇ
193 2281 316 2316 φαρέτρα
337 2281 420 2308 αὑτοῦ
439 2282 542 2318 ἔκρυψέ
560 2292 604 2318 με.
622 2294 631 2309 ι
652 2284 744 2311 Πάντα
767 2284 814 2312 οὖν

71 2325 138 2361 βέλη
159 2327 205 2354 τοῦ
219 2326 331 2354 δυνατοῦ
347 2327 413 2355 Θεοῦ
429 2328 601 2364 ἠκονημένα,
619 2330 729 2357 ἐναντία
749 2330 814 2358 ὄντα

54 2374 73 2404 ἴς
91 2372 181 2407 βέλεσι
197 2372 246 2399 τοῦ
259 2373 390 2410 πονηροῦ.

54 2431 136 2464 ΟΖμοι
149 2437 156 2444 ·
178 2429 224 2457 ὅτι
248 2430 266 2464 ἡ
287 2431 427 2465 παροικία
451 2440 511 2466 μου
531 2431 700 2467 ὲμακρύνθη
713 2452 721 2465 ,
742 2441 813 2460 κατ-

54 2474 182 2507 κήνωσα
192 2475 269 2510 μετὰ
282 2475 341 2502 τῶν
355 2475 560 2510 σκηνωμάτων
578 2476 690 2510 Κηδὰρ,
706 2485 733 2504 κ.
748 2485 774 2504 τ.
785 2478 810 2504 ὲ.

60 2529 78 2547 κ
90 2520 150 2547 ἐστι
164 2521 220 2556 (ιϐ)
233 2521 280 2548 τοῦ
297 2521 379 2548 αὐτοῦ
399 2521 487 2556 λέγειν
497 2530 504 2537 ·
523 2530 532 2547 t
546 2522 592 2558 Μὴ
614 2522 757 2559 ἀναγάγῃς
779 2531 813 2558 με

75 2565 175 2600 ἡμίσει
195 2566 308 2602 ἡμερῶν
324 2574 394 2602 μου·
415 2576 424 2593 ι
448 2567 496 2593 καὶ
515 2566 560 2594 τόο
589 2577 597 2592 ι
620 2567 719 2603 Οἴμοι,
740 2569 782 2595 ὅτι
797 2568 814 2603 ἡ

56 2611 149 2647 ροικία
165 2621 216 2648 μου
232 2612 402 2649 ὲμακρύνθη.
422 2622 432 2639 ›
452 2614 488 2641 Ἦ
500 2613 570 2649 τάχα
579 2613 687 2649 ἡμέρας
699 2615 757 2642 ἐκεῖ
767 2614 813 2641 λέ-

54 2677 57 2684 ν
81 2657 117 2690 ἃς
139 2659 154 2685 ὁ
175 2659 257 2693 φόδος
289 2658 336 2686 τοῦ
363 2659 466 2695 Κυρίου
489 2659 559 2687 κατὰ
587 2660 631 2686 τὸν
653 2660 814 2697 Σολομῶντα

54 2727 70 2742 ¹¹
86 2726 148 2754 lsai.
171 2734 244 2759 xm.
260 2726 287 2756 2.
324 2727 347 2743 ⁸¹
362 2727 426 2755 ibid.
465 2727 488 2743 "
501 2727 572 2756 Psal.
585 2735 622 2760 CI,
635 2727 684 2757 ‘25.

129 2793 195 2838 Ζῶν
210 2795 248 2835 ὃς
262 2795 383 2838 ἀρετήν,
400 2801 454 2838 etc“.
467 2797 580 2838 Schedie
595 2798 699 2838 G_rabii.

54 2830 106 2864 fit)
125 2830 266 2866 Συνεκῶς
278 2831 349 2866 ἄνω,
365 2838 420 2861 etc.
434 2834 535 2862 Catena
550 2834 686 2863 Curdcrii.

868 2243 949 2270 quam
966 2241 1058 2263 autem
1074 2235 1128 2262 Deo
1143 2240 1255 2271 propter
1266 2235 1374 2263 ttnicutn
1392 2236 1514 2270 jaculum
1529 2236 1657 2271 pharetra

867 2287 938 2315 erat,
957 2282 991 2309 de
1006 2290 1057 2316 qua
1069 2282 1107 2308 ait
1127 2281 1169 2308 3':
1194 2290 1203 2307 ι
1221 2281 1254 2308 Ει
1269 2281 1294 2308 in
1312 2282 1439 2316 pharetra
1454 2289 1501 2309 sua
1515 2282 1657 2310 abscondit

868 2336 920 2355 me.
940 2337 949 2354 ι
970 2328 1071 2356 Omnes
1095 2328 1177 2363 igitur
1205 2328 1312 2362 sagittte
1338 2329 1458 2362 potentis
1482 2328 1528 2355 Dei
1557 2333 1656 2357 acutae.

866 2373 967 2409 quippe
981 2381 1042 2408 qua:
1056 2378 1120 2400 sunt
1133 2373 1232 2408 jaculis
1248 2373 1359 2408 maligni
1377 2373 1533 2400 contrariae.

856 2424 862 2429 ’
901 2431 983 2459 Vens.
1003 2431 1030 2458 5.
1054 2430 1112 2457 lleu
1125 2430 1209 2457 mihi!
1224 2431 1286 2466 quia
1308 2429 1440 2457 incolatu:
1456 2437 1527 2457 meus
1547 2430 1656 2462 prolem

862 2482 939 2513 gaius
963 2482 1012 2510 est,
1036 2477 1153 2504 habitan
1178 2485 1238 2504 cum
1264 2477 1444 2503 habitantiqu
1475 2476 1575 2508 Ccdar,
1600 2480 1655 2507 etc,

862 2523 920 2551 Non
939 2524 1058 2559 ejusdem
1079 2528 1121 2550 est
1139 2524 1244 2551 dicere:
1261 2533 1270 2549 ι
1288 2522 1326 2550 Ne
1342 2530 1453 2550 revoces
1470 2530 1512 2549 tne
1526 2522 1553 2549 in
1573 2522 1655 2549 dimi-

862 2569 907 2598 dio
917 2570 1023 2597 dierum
1036 2577 1159 2597 meorum
1168 2569 1203 2602 ",
1221 2579 1230 2595 ι
1247 2574 1274 2596 et
1289 2569 1355 2596 illud
1372 2578 1379 2596 :
1397 2578 1406 2594 ί
1422 2568 1479 2595 Heu
1492 2568 1558 2595 mihi
1571 2568 1578 2594 !
1590 2567 1653 2601 quia

862 2616 998 2644 iucolatus
1011 2624 1088 2644 nteus
1105 2616 1282 2652 prolongatus
1302 2621 1354 2645 est.
1375 2626 1384 2642 ι
1407 2615 1453 2642 Vel
1477 2614 1548 2641 forte
1570 2614 1654 2649 820

861 2662 920 2691 dies
936 2663 992 2691 illic.
1002 2663 1078 2697 dicit,
1092 2671 1161 2698 quas
1172 2663 1253 2692 titnor
1266 2662 1374 2691 Domini
1387 2662 1464 2697 juxta
1477 2661 1651 2689 Salonini-ent

897 2801 953 2833 (45)
966 2799 1062 2828 οὐδὲν
1075 2800 1180 2833 οὕτως,
1195 2805 1247 2827 etc.
1266 2799 1378 2828 Schedo:
1392 2800 1498 2830 Grabii.

897 2835 954 2869 (vili)
966 2836 1027 2863 Οὐκ
1046 2835 1186 2868 ἕστι,οιε.
1205 2834 1323 2863 Εεειίοιη.
