  <div class='ocr_page' id='page_1' title='image "/cluster/home/n/w/nwhite01/storage/ocr_20150623/12/njp.32101077772422/890.png"; bbox 0 0 1889 3052; ppageno 0'>
   <div class='ocr_carea' id='block_1_1' title="bbox 62 116 88 134">
    <p class='ocr_par' dir='ltr' id='par_1_1' title="bbox 62 116 88 134">
     <span class='ocr_line' id='line_1_1' title="bbox 62 116 88 134; baseline -0.038 0"><span class='ocrx_word' id='word_1_1' title='bbox 62 116 88 134; x_wconf 84' lang='grc' dir='ltr'>)Ι</span> 
     </span>
    </p>
   </div>
   <div class='ocr_carea' id='block_1_2' title="bbox 62 165 862 203">
    <p class='ocr_par' dir='ltr' id='par_1_2' title="bbox 62 165 862 203">
     <span class='ocr_line' id='line_1_2' title="bbox 62 165 862 203; baseline -0.001 -10"><span class='ocrx_word' id='word_1_2' title='bbox 62 168 158 203; x_wconf 65' lang='grc' dir='ltr'>ιίησεν</span> <span class='ocrx_word' id='word_1_3' title='bbox 187 166 279 194; x_wconf 80' lang='grc' dir='ltr'>Ἥλιοὺ</span> <span class='ocrx_word' id='word_1_4' title='bbox 298 165 368 193; x_wconf 79' lang='grc' dir='ltr'>κατὰ</span> <span class='ocrx_word' id='word_1_5' title='bbox 381 166 411 192; x_wconf 82' lang='grc' dir='ltr'>τὸ</span> <span class='ocrx_word' id='word_1_6' title='bbox 425 165 501 201; x_wconf 77' lang='grc' dir='ltr'>ῥῆμα</span> <span class='ocrx_word' id='word_1_7' title='bbox 512 165 626 200; x_wconf 79' lang='grc' dir='ltr'>Κυρίου,</span> <span class='ocrx_word' id='word_1_8' title='bbox 638 165 685 192; x_wconf 69' lang='grc' dir='ltr'>καὶ</span> <span class='ocrx_word' id='word_1_9' title='bbox 699 165 825 196; x_wconf 71' lang='grc' dir='ltr'>ἐκάθισεν</span> <span class='ocrx_word' id='word_1_10' title='bbox 841 169 862 196; x_wconf 79' lang='grc' dir='ltr'><strong>Α</strong></span> 
     </span>
    </p>
   </div>
   <div class='ocr_carea' id='block_1_3' title="bbox 62 210 823 248">
    <p class='ocr_par' dir='ltr' id='par_1_3' title="bbox 62 210 823 248">
     <span class='ocr_line' id='line_1_3' title="bbox 62 210 823 248; baseline 0 -9"><span class='ocrx_word' id='word_1_11' title='bbox 62 213 100 248; x_wconf 75' lang='grc' dir='ltr'><strong>τῷ</strong></span> <span class='ocrx_word' id='word_1_12' title='bbox 116 212 271 248; x_wconf 74' lang='grc' dir='ltr'>χειμάρρῳ</span> <span class='ocrx_word' id='word_1_13' title='bbox 278 211 387 247; x_wconf 75' lang='grc' dir='ltr'>Χορῤὰθ</span> <span class='ocrx_word' id='word_1_14' title='bbox 397 211 444 237; x_wconf 74' lang='grc' dir='ltr'><strong>ἐπὶ</strong></span> <span class='ocrx_word' id='word_1_15' title='bbox 455 210 601 246; x_wconf 81' lang='grc' dir='ltr'><strong>προσώπου</strong></span> <span class='ocrx_word' id='word_1_16' title='bbox 616 211 663 238; x_wconf 82' lang='grc' dir='ltr'>τοῦ</span> <span class='ocrx_word' id='word_1_17' title='bbox 683 211 823 247; x_wconf 81' lang='grc' dir='ltr'><strong>Ἰορδάνου.</strong></span> 
     </span>
    </p>
   </div>
   <div class='ocr_carea' id='block_1_4' title="bbox 62 257 827 294">
    <p class='ocr_par' dir='ltr' id='par_1_4' title="bbox 62 257 827 294">
     <span class='ocr_line' id='line_1_4' title="bbox 62 257 827 294; baseline 0 -9"><span class='ocrx_word' id='word_1_18' title='bbox 62 259 75 285; x_wconf 72' lang='grc' dir='ltr'>ἱ</span> <span class='ocrx_word' id='word_1_19' title='bbox 97 260 126 285; x_wconf 83' lang='grc' dir='ltr'><strong>οἰ</strong></span> <span class='ocrx_word' id='word_1_20' title='bbox 156 258 281 294; x_wconf 79' lang='grc' dir='ltr'>κόρακες</span> <span class='ocrx_word' id='word_1_21' title='bbox 301 258 399 293; x_wconf 71' lang='grc' dir='ltr'>ἔφερον</span> <span class='ocrx_word' id='word_1_22' title='bbox 410 257 484 292; x_wconf 82' lang='grc' dir='ltr'><strong>αὐτῷ</strong></span> <span class='ocrx_word' id='word_1_23' title='bbox 503 258 602 293; x_wconf 83' lang='grc' dir='ltr'>ἄρτους</span> <span class='ocrx_word' id='word_1_24' title='bbox 627 257 658 284; x_wconf 78' lang='grc' dir='ltr'>τὸ</span> <span class='ocrx_word' id='word_1_25' title='bbox 687 257 758 293; x_wconf 76' lang='grc' dir='ltr'><strong>τιρωί</strong></span> <span class='ocrx_word' id='word_1_26' title='bbox 779 258 827 287; x_wconf 69' lang='grc' dir='ltr'><strong>κα)</strong></span> 
     </span>
    </p>
   </div>
   <div class='ocr_carea' id='block_1_5' title="bbox 62 303 826 340">
    <p class='ocr_par' dir='ltr' id='par_1_5' title="bbox 62 303 826 340">
     <span class='ocr_line' id='line_1_5' title="bbox 62 303 826 340; baseline 0 -9"><span class='ocrx_word' id='word_1_27' title='bbox 62 305 92 331; x_wconf 69' lang='lat' dir='ltr'><strong>ia</strong></span> <span class='ocrx_word' id='word_1_28' title='bbox 108 304 143 331; x_wconf 77' lang='grc' dir='ltr'>τὸ</span> <span class='ocrx_word' id='word_1_29' title='bbox 167 303 270 338; x_wconf 84' lang='grc' dir='ltr'>δείλης,</span> <span class='ocrx_word' id='word_1_30' title='bbox 289 304 335 330; x_wconf 81' lang='grc' dir='ltr'>καὶ</span> <span class='ocrx_word' id='word_1_31' title='bbox 349 305 381 330; x_wconf 79' lang='grc' dir='ltr'>ἐκ</span> <span class='ocrx_word' id='word_1_32' title='bbox 395 303 442 329; x_wconf 83' lang='grc' dir='ltr'>τοῦ</span> <span class='ocrx_word' id='word_1_33' title='bbox 466 303 617 340; x_wconf 73' lang='grc' dir='ltr'>χειμάρρου</span> <span class='ocrx_word' id='word_1_34' title='bbox 633 303 723 330; x_wconf 79' lang='grc' dir='ltr'>ἔπινεν</span> <span class='ocrx_word' id='word_1_35' title='bbox 743 304 826 340; x_wconf 68' lang='grc' dir='ltr'>ὕδωρ,</span> 
     </span>
    </p>
   </div>
   <div class='ocr_carea' id='block_1_6' title="bbox 63 347 824 385">
    <p class='ocr_par' dir='ltr' id='par_1_6' title="bbox 63 347 824 385">
     <span class='ocr_line' id='line_1_6' title="bbox 63 347 824 385; baseline 0 -10"><span class='ocrx_word' id='word_1_36' title='bbox 63 351 76 375; x_wconf 74' lang='grc' dir='ltr'><strong>ἰ</strong></span> <span class='ocrx_word' id='word_1_37' title='bbox 88 349 210 383; x_wconf 77' lang='grc' dir='ltr'>ἐγένετο</span> <span class='ocrx_word' id='word_1_38' title='bbox 225 348 283 384; x_wconf 76' lang='grc' dir='ltr'>μεθ’</span> <span class='ocrx_word' id='word_1_39' title='bbox 296 348 411 384; x_wconf 76' lang='grc' dir='ltr'>ἡμέρας,</span> <span class='ocrx_word' id='word_1_40' title='bbox 426 348 472 374; x_wconf 73' lang='grc' dir='ltr'>καὶ</span> <span class='ocrx_word' id='word_1_41' title='bbox 484 347 620 383; x_wconf 77' lang='grc' dir='ltr'><strong>ἐξηράνθη</strong></span> <span class='ocrx_word' id='word_1_42' title='bbox 636 349 649 374; x_wconf 84' lang='grc' dir='ltr'><strong>ὸ</strong></span> <span class='ocrx_word' id='word_1_43' title='bbox 664 348 824 385; x_wconf 73' lang='grc' dir='ltr'>χείμαρρος,</span> 
     </span>
    </p>
   </div>
   <div class='ocr_carea' id='block_1_7' title="bbox 74 393 572 428">
    <p class='ocr_par' dir='ltr' id='par_1_7' title="bbox 74 393 572 428">
     <span class='ocr_line' id='line_1_7' title="bbox 74 393 572 428; baseline -0.006 -7"><span class='ocrx_word' id='word_1_44' title='bbox 74 395 131 421; x_wconf 84' lang='grc' dir='ltr'>οὐκ</span> <span class='ocrx_word' id='word_1_45' title='bbox 149 394 262 428; x_wconf 78' lang='grc' dir='ltr'>ἐγένετο</span> <span class='ocrx_word' id='word_1_46' title='bbox 277 393 353 425; x_wconf 80' lang='grc' dir='ltr'>ὑετὸς</span> <span class='ocrx_word' id='word_1_47' title='bbox 364 393 410 419; x_wconf 77' lang='grc' dir='ltr'><strong>ἐπὶ</strong></span> <span class='ocrx_word' id='word_1_48' title='bbox 420 393 471 428; x_wconf 82' lang='grc' dir='ltr'>τῆς</span> <span class='ocrx_word' id='word_1_49' title='bbox 481 393 542 428; x_wconf 81' lang='grc' dir='ltr'>γῆς.</span> <span class='ocrx_word' id='word_1_50' title='bbox 563 402 572 418; x_wconf 74' lang='grc' dir='ltr'><strong>ι</strong></span> 
     </span>
    </p>
   </div>
   <div class='ocr_carea' id='block_1_8' title="bbox 62 439 826 475">
    <p class='ocr_par' dir='ltr' id='par_1_8' title="bbox 62 439 826 475">
     <span class='ocr_line' id='line_1_8' title="bbox 62 439 826 475; baseline 0.003 -10"><span class='ocrx_word' id='word_1_51' title='bbox 62 441 95 468; x_wconf 83' lang='grc' dir='ltr'><em>Ἠ</em></span> <span class='ocrx_word' id='word_1_52' title='bbox 117 440 212 475; x_wconf 70' lang='grc' dir='ltr'><strong>ψυχὴ</strong></span> <span class='ocrx_word' id='word_1_53' title='bbox 235 439 319 474; x_wconf 75' lang='grc' dir='ltr'><strong>ἡμῶν</strong></span> <span class='ocrx_word' id='word_1_54' title='bbox 334 440 374 472; x_wconf 82' lang='grc' dir='ltr'><strong>ὡς</strong></span> <span class='ocrx_word' id='word_1_55' title='bbox 397 440 556 473; x_wconf 77' lang='grc' dir='ltr'>στρουθίον</span> <span class='ocrx_word' id='word_1_56' title='bbox 569 439 698 474; x_wconf 76' lang='grc' dir='ltr'>ἐρρὐθη</span> <span class='ocrx_word' id='word_1_57' title='bbox 717 439 751 467; x_wconf 76' lang='grc' dir='ltr'>ἐκ</span> <span class='ocrx_word' id='word_1_58' title='bbox 771 440 826 474; x_wconf 80' lang='grc' dir='ltr'>τῆς</span> 
     </span>
    </p>
   </div>
   <div class='ocr_carea' id='block_1_9' title="bbox 65 484 825 520">
    <p class='ocr_par' dir='ltr' id='par_1_9' title="bbox 65 484 825 520">
     <span class='ocr_line' id='line_1_9' title="bbox 65 484 825 520; baseline 0 -8"><span class='ocrx_word' id='word_1_59' title='bbox 65 486 157 520; x_wconf 71' lang='grc' dir='ltr'>γίδος</span> <span class='ocrx_word' id='word_1_60' title='bbox 167 485 230 511; x_wconf 74' lang='grc' dir='ltr'><strong>τῶν</strong></span> <span class='ocrx_word' id='word_1_61' title='bbox 239 485 425 518; x_wconf 75' lang='grc' dir='ltr'>θηρευόντων</span> <span class='ocrx_word' id='word_1_62' title='bbox 437 505 443 516; x_wconf 86' lang='grc'><strong>,</strong></span> <span class='ocrx_word' id='word_1_63' title='bbox 457 493 482 510; x_wconf 87' lang='grc' dir='ltr'>κ.</span> <span class='ocrx_word' id='word_1_64' title='bbox 494 494 517 511; x_wconf 84' lang='grc' dir='ltr'>τ.</span> <span class='ocrx_word' id='word_1_65' title='bbox 530 485 552 510; x_wconf 76' lang='grc' dir='ltr'><strong>ἑ.</strong></span> <span class='ocrx_word' id='word_1_66' title='bbox 570 484 755 520; x_wconf 77' lang='grc' dir='ltr'>Ἐρρύσθημεν</span> <span class='ocrx_word' id='word_1_67' title='bbox 769 485 825 520; x_wconf 79' lang='grc'>(68)</span> 
     </span>
    </p>
   </div>
   <div class='ocr_carea' id='block_1_10' title="bbox 62 530 826 566">
    <p class='ocr_par' dir='ltr' id='par_1_10' title="bbox 62 530 826 566">
     <span class='ocr_line' id='line_1_10' title="bbox 62 530 826 566; baseline -0.001 -8"><span class='ocrx_word' id='word_1_68' title='bbox 62 541 76 558; x_wconf 87' lang='grc' dir='ltr'>ν</span> <span class='ocrx_word' id='word_1_69' title='bbox 101 531 138 566; x_wconf 77' lang='grc' dir='ltr'><strong>οη</strong></span> <span class='ocrx_word' id='word_1_70' title='bbox 145 530 251 566; x_wconf 86' lang='grc' dir='ltr'>ρευτῶν</span> <span class='ocrx_word' id='word_1_71' title='bbox 267 530 402 565; x_wconf 79' lang='grc' dir='ltr'>δαιμόνων</span> <span class='ocrx_word' id='word_1_72' title='bbox 415 530 463 565; x_wconf 78' lang='grc' dir='ltr'>τῆς</span> <span class='ocrx_word' id='word_1_73' title='bbox 478 530 591 564; x_wconf 78' lang='grc' dir='ltr'><strong>παγίδος</strong></span> <span class='ocrx_word' id='word_1_74' title='bbox 603 550 610 561; x_wconf 86' lang='grc'><strong>,</strong></span> <span class='ocrx_word' id='word_1_75' title='bbox 631 530 826 566; x_wconf 65' lang='grc' dir='ltr'>συντρίψαντος</span> 
     </span>
    </p>
   </div>
   <div class='ocr_carea' id='block_1_11' title="bbox 66 575 825 611">
    <p class='ocr_par' dir='ltr' id='par_1_11' title="bbox 66 575 825 611">
     <span class='ocr_line' id='line_1_11' title="bbox 66 575 825 611; baseline 0.001 -9"><span class='ocrx_word' id='word_1_76' title='bbox 66 577 150 603; x_wconf 75' lang='grc' dir='ltr'>ιστοῡ</span> <span class='ocrx_word' id='word_1_77' title='bbox 168 576 216 602; x_wconf 79' lang='grc' dir='ltr'>τὸν</span> <span class='ocrx_word' id='word_1_78' title='bbox 230 576 361 606; x_wconf 68' lang='grc' dir='ltr'>διάϐολον,</span> <span class='ocrx_word' id='word_1_79' title='bbox 375 575 464 608; x_wconf 81' lang='grc' dir='ltr'>δόντος</span> <span class='ocrx_word' id='word_1_80' title='bbox 477 584 507 602; x_wconf 80' lang='grc' dir='ltr'><strong>τε</strong></span> <span class='ocrx_word' id='word_1_81' title='bbox 524 577 618 603; x_wconf 83' lang='grc' dir='ltr'>πατεῖν</span> <span class='ocrx_word' id='word_1_82' title='bbox 631 576 723 603; x_wconf 79' lang='grc' dir='ltr'>ἐπάνω</span> <span class='ocrx_word' id='word_1_83' title='bbox 738 577 825 611; x_wconf 67' lang='grc' dir='ltr'>ὄφεων</span> 
     </span>
    </p>
   </div>
   <div class='ocr_carea' id='block_1_12' title="bbox 62 621 824 658">
    <p class='ocr_par' dir='ltr' id='par_1_12' title="bbox 62 621 824 658">
     <span class='ocr_line' id='line_1_12' title="bbox 62 621 824 658; baseline 0.001 -10"><span class='ocrx_word' id='word_1_84' title='bbox 62 625 70 648; x_wconf 78' lang='grc' dir='ltr'><strong>ἰ</strong></span> <span class='ocrx_word' id='word_1_85' title='bbox 89 622 248 657; x_wconf 82' lang='grc' dir='ltr'>σκορπίων,</span> <span class='ocrx_word' id='word_1_86' title='bbox 263 621 310 648; x_wconf 72' lang='grc' dir='ltr'><strong>καὶ</strong></span> <span class='ocrx_word' id='word_1_87' title='bbox 321 622 367 647; x_wconf 83' lang='grc' dir='ltr'>ὲπί</span> <span class='ocrx_word' id='word_1_88' title='bbox 375 622 465 648; x_wconf 79' lang='grc' dir='ltr'>πᾶσαν</span> <span class='ocrx_word' id='word_1_89' title='bbox 475 622 523 657; x_wconf 80' lang='grc' dir='ltr'>τὴν</span> <span class='ocrx_word' id='word_1_90' title='bbox 539 621 652 657; x_wconf 82' lang='grc' dir='ltr'>δύναμιν</span> <span class='ocrx_word' id='word_1_91' title='bbox 668 622 714 648; x_wconf 78' lang='grc' dir='ltr'>τοῦ</span> <span class='ocrx_word' id='word_1_92' title='bbox 727 622 824 658; x_wconf 73' lang='grc' dir='ltr'>ἐχθροῦ</span> 
     </span>
    </p>
   </div>
   <div class='ocr_carea' id='block_1_13' title="bbox 78 667 823 704">
    <p class='ocr_par' dir='ltr' id='par_1_13' title="bbox 78 667 823 704">
     <span class='ocr_line' id='line_1_13' title="bbox 78 667 823 704; baseline 0 -10"><span class='ocrx_word' id='word_1_93' title='bbox 78 668 154 704; x_wconf 83' lang='grc' dir='ltr'>πρὸς</span> <span class='ocrx_word' id='word_1_94' title='bbox 173 668 272 703; x_wconf 85' lang='grc' dir='ltr'>μόνους</span> <span class='ocrx_word' id='word_1_95' title='bbox 286 667 371 702; x_wconf 76' lang='grc' dir='ltr'>αὐτὴν</span> <span class='ocrx_word' id='word_1_96' title='bbox 388 667 531 702; x_wconf 73' lang='grc' dir='ltr'><strong>ἰσχύουσαν</strong></span> <span class='ocrx_word' id='word_1_97' title='bbox 543 668 605 700; x_wconf 74' lang='grc' dir='ltr'>τοὺς</span> <span class='ocrx_word' id='word_1_98' title='bbox 619 668 807 704; x_wconf 80' lang='grc' dir='ltr'>ρᾳθυμοῦντας</span> <span class='ocrx_word' id='word_1_99' title='bbox 817 677 823 684; x_wconf 75' lang='grc'><strong><em>⁸</em></strong></span> 
     </span>
    </p>
   </div>
   <div class='ocr_carea' id='block_1_14' title="bbox 64 713 826 750">
    <p class='ocr_par' dir='ltr' id='par_1_14' title="bbox 64 713 826 750">
     <span class='ocr_line' id='line_1_14' title="bbox 64 713 826 750; baseline 0.001 -10"><span class='ocrx_word' id='word_1_100' title='bbox 64 713 193 748; x_wconf 81' lang='grc' dir='ltr'>εύματος</span> <span class='ocrx_word' id='word_1_101' title='bbox 206 713 260 748; x_wconf 87' lang='grc' dir='ltr'>γάρ</span> <span class='ocrx_word' id='word_1_102' title='bbox 272 722 301 740; x_wconf 82' lang='grc' dir='ltr'><strong>τε</strong></span> <span class='ocrx_word' id='word_1_103' title='bbox 315 713 448 748; x_wconf 76' lang='grc' dir='ltr'>ἐλάϐομεν</span> <span class='ocrx_word' id='word_1_104' title='bbox 461 713 550 748; x_wconf 80' lang='grc' dir='ltr'>χάριν,</span> <span class='ocrx_word' id='word_1_105' title='bbox 562 714 608 740; x_wconf 76' lang='grc' dir='ltr'>καὶ</span> <span class='ocrx_word' id='word_1_106' title='bbox 620 714 774 750; x_wconf 81' lang='grc' dir='ltr'><strong>τρεφόμεθα</strong></span> <span class='ocrx_word' id='word_1_107' title='bbox 787 714 826 750; x_wconf 84' lang='grc' dir='ltr'>τῷ</span> 
     </span>
    </p>
   </div>
   <div class='ocr_carea' id='block_1_15' title="bbox 62 757 553 794">
    <p class='ocr_par' dir='ltr' id='par_1_15' title="bbox 62 757 553 794">
     <span class='ocr_line' id='line_1_15' title="bbox 62 757 553 794; baseline -0.002 -10"><span class='ocrx_word' id='word_1_108' title='bbox 62 757 70 785; x_wconf 74' lang='lat'><strong>3</strong></span> <span class='ocrx_word' id='word_1_109' title='bbox 85 757 215 794; x_wconf 80' lang='grc' dir='ltr'><strong>Χριστοῦ</strong></span> <span class='ocrx_word' id='word_1_110' title='bbox 227 757 322 793; x_wconf 82' lang='grc' dir='ltr'>αἵματί</span> <span class='ocrx_word' id='word_1_111' title='bbox 333 766 362 783; x_wconf 82' lang='grc' dir='ltr'><strong>τε</strong></span> <span class='ocrx_word' id='word_1_112' title='bbox 376 757 422 783; x_wconf 76' lang='grc' dir='ltr'>καὶ</span> <span class='ocrx_word' id='word_1_113' title='bbox 438 757 553 792; x_wconf 81' lang='grc' dir='ltr'>σώματι.</span> 
     </span>
    </p>
   </div>
   <div class='ocr_carea' id='block_1_16' title="bbox 62 802 824 842">
    <p class='ocr_par' dir='ltr' id='par_1_16' title="bbox 62 802 824 842">
     <span class='ocr_line' id='line_1_16' title="bbox 62 802 824 842; baseline 0 -12"><span class='ocrx_word' id='word_1_114' title='bbox 62 804 122 830; x_wconf 85' lang='grc' dir='ltr'><strong>Τοῦ</strong></span> <span class='ocrx_word' id='word_1_115' title='bbox 134 803 244 830; x_wconf 83' lang='grc' dir='ltr'>αὑτοῦ.</span> <span class='ocrx_word' id='word_1_116' title='bbox 261 803 427 838; x_wconf 78' lang='grc' dir='ltr'>Θηρεύουσιν</span> <span class='ocrx_word' id='word_1_117' title='bbox 441 803 486 829; x_wconf 74' lang='grc' dir='ltr'><strong>ἐπὶ</strong></span> <span class='ocrx_word' id='word_1_118' title='bbox 498 802 552 838; x_wconf 82' lang='lat'><strong>(69)</strong></span> <span class='ocrx_word' id='word_1_119' title='bbox 567 802 657 838; x_wconf 67' lang='grc' dir='ltr'>ψυχὴν</span> <span class='ocrx_word' id='word_1_120' title='bbox 677 803 780 842; x_wconf 72' lang='grc' dir='ltr'>δικαίου</span> <span class='ocrx_word' id='word_1_121' title='bbox 796 803 824 830; x_wconf 88' lang='grc' dir='ltr'><strong>αἰ</strong></span> 
     </span>
    </p>
   </div>
   <div class='ocr_carea' id='block_1_17' title="bbox 62 847 825 885">
    <p class='ocr_par' dir='ltr' id='par_1_17' title="bbox 62 847 825 885">
     <span class='ocr_line' id='line_1_17' title="bbox 62 847 825 885; baseline 0.001 -10"><span class='ocrx_word' id='word_1_122' title='bbox 62 849 223 885; x_wconf 76' lang='grc' dir='ltr'>εικείμεναι</span> <span class='ocrx_word' id='word_1_123' title='bbox 249 849 376 884; x_wconf 78' lang='grc' dir='ltr'>δυνάμεις</span> <span class='ocrx_word' id='word_1_124' title='bbox 390 870 397 880; x_wconf 81' lang='grc'><strong>,</strong></span> <span class='ocrx_word' id='word_1_125' title='bbox 421 847 460 875; x_wconf 83' lang='grc' dir='ltr'>ὧν</span> <span class='ocrx_word' id='word_1_126' title='bbox 489 849 602 883; x_wconf 83' lang='grc' dir='ltr'>παγίδες</span> <span class='ocrx_word' id='word_1_127' title='bbox 625 849 650 876; x_wconf 90' lang='grc' dir='ltr'>οἱ</span> <span class='ocrx_word' id='word_1_128' title='bbox 673 849 718 875; x_wconf 78' lang='grc' dir='ltr'><strong>ὑπ’</strong></span> <span class='ocrx_word' id='word_1_129' title='bbox 736 849 825 876; x_wconf 73' lang='grc' dir='ltr'>αὐτῶν</span> 
     </span>
    </p>
   </div>
   <div class='ocr_carea' id='block_1_18' title="bbox 62 894 826 931">
    <p class='ocr_par' dir='ltr' id='par_1_18' title="bbox 62 894 826 931">
     <span class='ocr_line' id='line_1_18' title="bbox 62 894 826 931; baseline 0.001 -10"><span class='ocrx_word' id='word_1_130' title='bbox 62 894 237 930; x_wconf 77' lang='grc' dir='ltr'>εργούμενοι,</span> <span class='ocrx_word' id='word_1_131' title='bbox 250 896 296 921; x_wconf 70' lang='grc' dir='ltr'><strong>και)¹</strong></span> <span class='ocrx_word' id='word_1_132' title='bbox 314 894 483 930; x_wconf 80' lang='grc' dir='ltr'><strong>ἐρεθίζοντες</strong></span> <span class='ocrx_word' id='word_1_133' title='bbox 503 895 735 930; x_wconf 79' lang='grc' dir='ltr'>προσκαλούμενοι</span> <span class='ocrx_word' id='word_1_134' title='bbox 753 896 826 931; x_wconf 82' lang='grc' dir='ltr'>ἡμᾶς</span> 
     </span>
    </p>
   </div>
   <div class='ocr_carea' id='block_1_19' title="bbox 62 939 826 977">
    <p class='ocr_par' dir='ltr' id='par_1_19' title="bbox 62 939 826 977">
     <span class='ocr_line' id='line_1_19' title="bbox 62 939 826 977; baseline -0.001 -9"><span class='ocrx_word' id='word_1_135' title='bbox 62 939 112 968; x_wconf 75' lang='grc' dir='ltr'><strong>ῖτδ</strong></span> <span class='ocrx_word' id='word_1_136' title='bbox 135 941 284 976; x_wconf 81' lang='grc' dir='ltr'>ἁμαρτεῖν,</span> <span class='ocrx_word' id='word_1_137' title='bbox 308 942 355 968; x_wconf 79' lang='grc' dir='ltr'>καὶ</span> <span class='ocrx_word' id='word_1_138' title='bbox 371 942 445 967; x_wconf 78' lang='grc' dir='ltr'>πᾶσα</span> <span class='ocrx_word' id='word_1_139' title='bbox 461 941 510 977; x_wconf 73' lang='grc' dir='ltr'><strong>ὕλη</strong></span> <span class='ocrx_word' id='word_1_140' title='bbox 533 940 580 968; x_wconf 75' lang='grc' dir='ltr'><strong>ἐπὶ</strong></span> <span class='ocrx_word' id='word_1_141' title='bbox 604 941 635 967; x_wconf 82' lang='grc' dir='ltr'>τὸ</span> <span class='ocrx_word' id='word_1_142' title='bbox 659 941 826 976; x_wconf 81' lang='grc' dir='ltr'>ἁμαρτάνειν</span> 
     </span>
    </p>
   </div>
   <div class='ocr_carea' id='block_1_20' title="bbox 62 987 826 1023">
    <p class='ocr_par' dir='ltr' id='par_1_20' title="bbox 62 987 826 1023">
     <span class='ocr_line' id='line_1_20' title="bbox 62 987 826 1023; baseline 0.001 -10"><span class='ocrx_word' id='word_1_143' title='bbox 62 987 257 1022; x_wconf 74' lang='grc' dir='ltr'>οκαλουμένη.</span> <span class='ocrx_word' id='word_1_144' title='bbox 280 988 318 1014; x_wconf 75' lang='grc' dir='ltr'><strong>Οὐ</strong></span> <span class='ocrx_word' id='word_1_145' title='bbox 339 987 432 1014; x_wconf 82' lang='grc' dir='ltr'>πίπτει</span> <span class='ocrx_word' id='word_1_146' title='bbox 457 988 486 1014; x_wconf 87' lang='grc' dir='ltr'><strong>δὲ</strong></span> <span class='ocrx_word' id='word_1_147' title='bbox 509 987 648 1023; x_wconf 81' lang='grc' dir='ltr'>στρουθίον</span> <span class='ocrx_word' id='word_1_148' title='bbox 668 988 707 1019; x_wconf 85' lang='grc' dir='ltr'><strong>εἰς</strong></span> <span class='ocrx_word' id='word_1_149' title='bbox 725 987 826 1022; x_wconf 76' lang='grc' dir='ltr'>παγίδα</span> 
     </span>
    </p>
   </div>
   <div class='ocr_carea' id='block_1_21' title="bbox 62 1031 609 1069">
    <p class='ocr_par' dir='ltr' id='par_1_21' title="bbox 62 1031 609 1069">
     <span class='ocr_line' id='line_1_21' title="bbox 62 1031 609 1069; baseline 0.005 -12"><span class='ocrx_word' id='word_1_150' title='bbox 62 1040 92 1057; x_wconf 83' lang='grc' dir='ltr'><strong>ευ</strong></span> <span class='ocrx_word' id='word_1_151' title='bbox 110 1031 161 1058; x_wconf 84' lang='grc' dir='ltr'>τοῦ</span> <span class='ocrx_word' id='word_1_152' title='bbox 176 1032 284 1067; x_wconf 81' lang='grc' dir='ltr'>Πατρὸς</span> <span class='ocrx_word' id='word_1_153' title='bbox 297 1032 344 1058; x_wconf 84' lang='grc' dir='ltr'>τοῦ</span> <span class='ocrx_word' id='word_1_154' title='bbox 363 1033 392 1059; x_wconf 83' lang='grc' dir='ltr'>ὲν</span> <span class='ocrx_word' id='word_1_155' title='bbox 408 1034 463 1064; x_wconf 84' lang='grc' dir='ltr'>τοῖς</span> <span class='ocrx_word' id='word_1_156' title='bbox 474 1033 609 1069; x_wconf 84' lang='grc' dir='ltr'>οὐρανοῖς.</span> 
     </span>
    </p>
   </div>
   <div class='ocr_carea' id='block_1_22' title="bbox 68 1077 824 1114">
    <p class='ocr_par' dir='ltr' id='par_1_22' title="bbox 68 1077 824 1114">
     <span class='ocr_line' id='line_1_22' title="bbox 68 1077 824 1114; baseline 0.003 -11"><span class='ocrx_word' id='word_1_157' title='bbox 68 1077 101 1103; x_wconf 85' lang='grc' dir='ltr'>Ἠ</span> <span class='ocrx_word' id='word_1_158' title='bbox 112 1077 207 1112; x_wconf 66' lang='grc' dir='ltr'>παγίς</span> <span class='ocrx_word' id='word_1_159' title='bbox 225 1078 395 1112; x_wconf 74' lang='grc' dir='ltr'>συνετρίϐη,</span> <span class='ocrx_word' id='word_1_160' title='bbox 409 1079 458 1105; x_wconf 81' lang='grc' dir='ltr'><strong>καὶ</strong></span> <span class='ocrx_word' id='word_1_161' title='bbox 476 1079 561 1114; x_wconf 75' lang='grc' dir='ltr'>ἡμεῖς</span> <span class='ocrx_word' id='word_1_162' title='bbox 572 1079 771 1114; x_wconf 80' lang='grc' dir='ltr'>ἐρῤύσθημεν,</span> <span class='ocrx_word' id='word_1_163' title='bbox 796 1087 824 1105; x_wconf 91' lang='grc' dir='ltr'>κ.</span> 
     </span>
    </p>
   </div>
   <div class='ocr_carea' id='block_1_23' title="bbox 66 1122 826 1160">
    <p class='ocr_par' dir='ltr' id='par_1_23' title="bbox 66 1122 826 1160">
     <span class='ocr_line' id='line_1_23' title="bbox 66 1122 826 1160; baseline 0.003 -12"><span class='ocrx_word' id='word_1_164' title='bbox 66 1123 90 1148; x_wconf 77' lang='grc' dir='ltr'>ὲ.</span> <span class='ocrx_word' id='word_1_165' title='bbox 118 1122 151 1148; x_wconf 88' lang='lat' dir='ltr'><strong>&#39;H</strong></span> <span class='ocrx_word' id='word_1_166' title='bbox 170 1123 221 1158; x_wconf 82' lang='grc' dir='ltr'>μὲν</span> <span class='ocrx_word' id='word_1_167' title='bbox 230 1123 335 1150; x_wconf 77' lang='grc' dir='ltr'>Παλαιὰ</span> <span class='ocrx_word' id='word_1_168' title='bbox 348 1124 404 1159; x_wconf 90' lang='grc'>(70)</span> <span class='ocrx_word' id='word_1_169' title='bbox 417 1124 537 1159; x_wconf 84' lang='grc' dir='ltr'>Διαθήκη</span> <span class='ocrx_word' id='word_1_170' title='bbox 551 1125 600 1156; x_wconf 85' lang='grc' dir='ltr'><strong>τὰς</strong></span> <span class='ocrx_word' id='word_1_171' title='bbox 613 1126 672 1151; x_wconf 82' lang='grc' dir='ltr'>κατ’</span> <span class='ocrx_word' id='word_1_172' title='bbox 685 1124 826 1160; x_wconf 75' lang='grc' dir='ltr'>ἐνέργειαν</span> 
     </span>
    </p>
   </div>
   <div class='ocr_carea' id='block_1_24' title="bbox 63 1168 826 1205">
    <p class='ocr_par' dir='ltr' id='par_1_24' title="bbox 63 1168 826 1205">
     <span class='ocr_line' id='line_1_24' title="bbox 63 1168 826 1205; baseline 0.003 -11"><span class='ocrx_word' id='word_1_173' title='bbox 63 1168 172 1204; x_wconf 80' lang='grc' dir='ltr'>ντρίὸει</span> <span class='ocrx_word' id='word_1_174' title='bbox 203 1168 334 1202; x_wconf 85' lang='grc' dir='ltr'>παγίδας,</span> <span class='ocrx_word' id='word_1_175' title='bbox 353 1169 535 1204; x_wconf 74' lang='grc' dir='ltr'>νομοθετοῦσα</span> <span class='ocrx_word' id='word_1_176' title='bbox 558 1170 605 1196; x_wconf 82' lang='grc' dir='ltr'>τό·</span> <span class='ocrx_word' id='word_1_177' title='bbox 630 1179 639 1195; x_wconf 88' lang='grc'><em>‹</em></span> <span class='ocrx_word' id='word_1_178' title='bbox 662 1170 698 1196; x_wconf 83' lang='grc' dir='ltr'><strong>Οὐ</strong></span> <span class='ocrx_word' id='word_1_179' title='bbox 719 1169 826 1205; x_wconf 84' lang='grc' dir='ltr'>μοιχεύ-</span> 
     </span>
    </p>
   </div>
   <div class='ocr_carea' id='block_1_25' title="bbox 63 1213 824 1250">
    <p class='ocr_par' dir='ltr' id='par_1_25' title="bbox 63 1213 824 1250">
     <span class='ocr_line' id='line_1_25' title="bbox 63 1213 824 1250; baseline 0.001 -10"><span class='ocrx_word' id='word_1_180' title='bbox 63 1222 87 1245; x_wconf 88' lang='grc' dir='ltr'><strong>ις</strong></span> <span class='ocrx_word' id='word_1_181' title='bbox 98 1221 106 1228; x_wconf 91' lang='grc'><strong>·</strong></span> <span class='ocrx_word' id='word_1_182' title='bbox 119 1223 128 1240; x_wconf 84' lang='grc'><strong>›</strong></span> <span class='ocrx_word' id='word_1_183' title='bbox 139 1214 156 1249; x_wconf 78' lang='grc' dir='ltr'>ἡ</span> <span class='ocrx_word' id='word_1_184' title='bbox 170 1213 200 1240; x_wconf 79' lang='grc' dir='ltr'><strong>δὲ</strong></span> <span class='ocrx_word' id='word_1_185' title='bbox 207 1214 294 1250; x_wconf 83' lang='grc' dir='ltr'>Καινὴ</span> <span class='ocrx_word' id='word_1_186' title='bbox 307 1215 357 1247; x_wconf 83' lang='grc' dir='ltr'><strong>τὰς</strong></span> <span class='ocrx_word' id='word_1_187' title='bbox 373 1215 444 1242; x_wconf 80' lang='grc' dir='ltr'>κατὰ</span> <span class='ocrx_word' id='word_1_188' title='bbox 451 1214 570 1242; x_wconf 85' lang='grc' dir='ltr'>διάνοιαν</span> <span class='ocrx_word' id='word_1_189' title='bbox 581 1215 686 1250; x_wconf 78' lang='grc' dir='ltr'>φθείρει</span> <span class='ocrx_word' id='word_1_190' title='bbox 697 1215 824 1248; x_wconf 83' lang='grc' dir='ltr'>παγίδας,</span> 
     </span>
    </p>
   </div>
   <div class='ocr_carea' id='block_1_26' title="bbox 62 1259 825 1296">
    <p class='ocr_par' dir='ltr' id='par_1_26' title="bbox 62 1259 825 1296">
     <span class='ocr_line' id='line_1_26' title="bbox 62 1259 825 1296; baseline 0.003 -11"><span class='ocrx_word' id='word_1_191' title='bbox 62 1259 261 1294; x_wconf 78' lang='grc' dir='ltr'>ιραγγέλλουσα</span> <span class='ocrx_word' id='word_1_192' title='bbox 275 1260 320 1286; x_wconf 86' lang='grc' dir='ltr'>τό·</span> <span class='ocrx_word' id='word_1_193' title='bbox 340 1269 350 1286; x_wconf 88' lang='grc'><strong><em>‹</em></strong></span> <span class='ocrx_word' id='word_1_194' title='bbox 365 1260 423 1287; x_wconf 81' lang='grc' dir='ltr'>Οὐκ</span> <span class='ocrx_word' id='word_1_195' title='bbox 442 1260 632 1296; x_wconf 75' lang='grc' dir='ltr'>ἐπιθυμήσεις.</span> <span class='ocrx_word' id='word_1_196' title='bbox 651 1270 660 1286; x_wconf 80' lang='grc' dir='ltr'><strong>ι</strong></span> <span class='ocrx_word' id='word_1_197' title='bbox 682 1260 755 1296; x_wconf 85' lang='grc' dir='ltr'>Πλὴν</span> <span class='ocrx_word' id='word_1_198' title='bbox 778 1261 825 1287; x_wconf 76' lang='grc' dir='ltr'><strong>ἐπὶ</strong></span> 
     </span>
    </p>
   </div>
   <div class='ocr_carea' id='block_1_27' title="bbox 62 1305 825 1342">
    <p class='ocr_par' dir='ltr' id='par_1_27' title="bbox 62 1305 825 1342">
     <span class='ocr_line' id='line_1_27' title="bbox 62 1305 825 1342; baseline 0.004 -12"><span class='ocrx_word' id='word_1_199' title='bbox 62 1314 80 1331; x_wconf 72' lang='grc' dir='ltr'><strong>,ν</strong></span> <span class='ocrx_word' id='word_1_200' title='bbox 93 1305 142 1331; x_wconf 79' lang='grc' dir='ltr'>τοῦ</span> <span class='ocrx_word' id='word_1_201' title='bbox 162 1305 309 1342; x_wconf 79' lang='grc' dir='ltr'>Ἀϐιμέλεχ</span> <span class='ocrx_word' id='word_1_202' title='bbox 330 1306 384 1333; x_wconf 87' lang='grc' dir='ltr'><strong>τῶν</strong></span> <span class='ocrx_word' id='word_1_203' title='bbox 399 1306 527 1342; x_wconf 87' lang='grc' dir='ltr'>Γεραρῶν</span> <span class='ocrx_word' id='word_1_204' title='bbox 538 1307 588 1342; x_wconf 83' lang='grc' dir='ltr'>τὴν</span> <span class='ocrx_word' id='word_1_205' title='bbox 606 1307 665 1334; x_wconf 71' lang='grc' dir='ltr'>κατ’</span> <span class='ocrx_word' id='word_1_206' title='bbox 686 1306 825 1342; x_wconf 77' lang='grc' dir='ltr'>ἐνέργειαν</span> 
     </span>
    </p>
   </div>
   <div class='ocr_carea' id='block_1_28' title="bbox 62 1350 825 1388">
    <p class='ocr_par' dir='ltr' id='par_1_28' title="bbox 62 1350 825 1388">
     <span class='ocr_line' id='line_1_28' title="bbox 62 1350 825 1388; baseline 0.004 -12"><span class='ocrx_word' id='word_1_207' title='bbox 62 1350 134 1383; x_wconf 87' lang='grc' dir='ltr'>ιγίδα</span> <span class='ocrx_word' id='word_1_208' title='bbox 156 1350 309 1387; x_wconf 72' lang='grc' dir='ltr'>διέφθειρε,</span> <span class='ocrx_word' id='word_1_209' title='bbox 338 1352 376 1387; x_wconf 85' lang='grc' dir='ltr'>μὴ</span> <span class='ocrx_word' id='word_1_210' title='bbox 400 1353 580 1388; x_wconf 84' lang='grc' dir='ltr'>συγχωρήσας</span> <span class='ocrx_word' id='word_1_211' title='bbox 607 1352 656 1388; x_wconf 84' lang='grc' dir='ltr'>τῆς</span> <span class='ocrx_word' id='word_1_212' title='bbox 683 1352 825 1388; x_wconf 80' lang='grc' dir='ltr'>ἀλλοτρίας</span> 
     </span>
    </p>
   </div>
   <div class='ocr_carea' id='block_1_29' title="bbox 66 1394 825 1433">
    <p class='ocr_par' dir='ltr' id='par_1_29' title="bbox 66 1394 825 1433">
     <span class='ocr_line' id='line_1_29' title="bbox 66 1394 825 1433; baseline 0.005 -13"><span class='ocrx_word' id='word_1_213' title='bbox 66 1395 112 1421; x_wconf 79' lang='grc' dir='ltr'><strong>τὸν</strong></span> <span class='ocrx_word' id='word_1_214' title='bbox 135 1394 257 1429; x_wconf 77' lang='grc' dir='ltr'>ἅψασθαι</span> <span class='ocrx_word' id='word_1_215' title='bbox 281 1396 425 1430; x_wconf 83' lang='grc' dir='ltr'>γυναικός·</span> <span class='ocrx_word' id='word_1_216' title='bbox 447 1397 494 1422; x_wconf 77' lang='grc' dir='ltr'><strong>ἐπὶ</strong></span> <span class='ocrx_word' id='word_1_217' title='bbox 517 1397 545 1424; x_wconf 82' lang='grc' dir='ltr'><strong>δὲ</strong></span> <span class='ocrx_word' id='word_1_218' title='bbox 574 1396 672 1432; x_wconf 73' lang='grc' dir='ltr'>Ἰωσὴφ</span> <span class='ocrx_word' id='word_1_219' title='bbox 688 1396 737 1433; x_wconf 73' lang='grc' dir='ltr'>τὴν</span> <span class='ocrx_word' id='word_1_220' title='bbox 753 1396 825 1424; x_wconf 74' lang='grc' dir='ltr'>κατὰ</span> 
     </span>
    </p>
   </div>
   <div class='ocr_carea' id='block_1_30' title="bbox 62 1441 824 1478">
    <p class='ocr_par' dir='ltr' id='par_1_30' title="bbox 62 1441 824 1478">
     <span class='ocr_line' id='line_1_30' title="bbox 62 1441 824 1478; baseline 0.004 -11"><span class='ocrx_word' id='word_1_221' title='bbox 62 1441 161 1468; x_wconf 75' lang='grc' dir='ltr'>ἱνοιαν.</span> <span class='ocrx_word' id='word_1_222' title='bbox 179 1441 217 1468; x_wconf 77' lang='grc' dir='ltr'><strong>υὺ</strong></span> <span class='ocrx_word' id='word_1_223' title='bbox 228 1441 282 1477; x_wconf 80' lang='grc' dir='ltr'><strong>γὰρ</strong></span> <span class='ocrx_word' id='word_1_224' title='bbox 296 1441 401 1476; x_wconf 81' lang='grc' dir='ltr'>εἰσάγει</span> <span class='ocrx_word' id='word_1_225' title='bbox 413 1442 429 1477; x_wconf 87' lang='grc' dir='ltr'>ἡ</span> <span class='ocrx_word' id='word_1_226' title='bbox 443 1442 538 1478; x_wconf 86' lang='grc' dir='ltr'>Γραφὴ</span> <span class='ocrx_word' id='word_1_227' title='bbox 554 1442 762 1478; x_wconf 76' lang='grc' dir='ltr'>ἐπιθυμήσαντα</span> <span class='ocrx_word' id='word_1_228' title='bbox 773 1443 824 1478; x_wconf 76' lang='grc' dir='ltr'>τῆς</span> 
     </span>
    </p>
   </div>
   <div class='ocr_carea' id='block_1_31' title="bbox 64 1484 857 1534">
    <p class='ocr_par' dir='ltr' id='par_1_31' title="bbox 64 1484 857 1534">
     <span class='ocr_line' id='line_1_31' title="bbox 64 1484 857 1534; baseline 0.004 -22"><span class='ocrx_word' id='word_1_229' title='bbox 64 1487 176 1522; x_wconf 79' lang='grc' dir='ltr'>λοτρίας</span> <span class='ocrx_word' id='word_1_230' title='bbox 191 1487 272 1514; x_wconf 84' lang='grc' dir='ltr'>αὑτὸν</span> <span class='ocrx_word' id='word_1_231' title='bbox 282 1488 421 1521; x_wconf 75' lang='grc' dir='ltr'>γυναικός.</span> <span class='ocrx_word' id='word_1_232' title='bbox 434 1488 489 1514; x_wconf 80' lang='grc' dir='ltr'>Καὶ</span> <span class='ocrx_word' id='word_1_233' title='bbox 505 1487 639 1524; x_wconf 84' lang='grc' dir='ltr'>μακάριος</span> <span class='ocrx_word' id='word_1_234' title='bbox 655 1489 703 1523; x_wconf 76' lang='grc' dir='ltr'>μὲν</span> <span class='ocrx_word' id='word_1_235' title='bbox 720 1484 750 1514; x_wconf 72' lang='grc' dir='ltr'><strong>οὗ</strong></span> <span class='ocrx_word' id='word_1_236' title='bbox 763 1497 824 1515; x_wconf 92' lang='grc' dir='ltr'>συν-</span> <span class='ocrx_word' id='word_1_237' title='bbox 836 1505 857 1534; x_wconf 76' lang='lat' dir='ltr'><strong><em>C</em></strong></span> 
     </span>
    </p>
   </div>
   <div class='ocr_carea' id='block_1_32' title="bbox 62 1532 823 1570">
    <p class='ocr_par' dir='ltr' id='par_1_32' title="bbox 62 1532 823 1570">
     <span class='ocr_line' id='line_1_32' title="bbox 62 1532 823 1570; baseline 0.004 -12"><span class='ocrx_word' id='word_1_238' title='bbox 62 1532 126 1568; x_wconf 83' lang='grc' dir='ltr'>ριψε</span> <span class='ocrx_word' id='word_1_239' title='bbox 136 1534 240 1569; x_wconf 85' lang='grc' dir='ltr'>Κύριος</span> <span class='ocrx_word' id='word_1_240' title='bbox 253 1533 302 1569; x_wconf 82' lang='grc' dir='ltr'>τὴν</span> <span class='ocrx_word' id='word_1_241' title='bbox 316 1534 376 1560; x_wconf 86' lang='grc' dir='ltr'>κατ’</span> <span class='ocrx_word' id='word_1_242' title='bbox 389 1534 528 1570; x_wconf 74' lang='grc' dir='ltr'>ἐνέργειαν</span> <span class='ocrx_word' id='word_1_243' title='bbox 550 1534 661 1568; x_wconf 86' lang='grc' dir='ltr'>παγίδα,</span> <span class='ocrx_word' id='word_1_244' title='bbox 681 1541 823 1570; x_wconf 85' lang='grc' dir='ltr'>μακαριω-</span> 
     </span>
    </p>
   </div>
   <div class='ocr_carea' id='block_1_33' title="bbox 63 1576 822 1616">
    <p class='ocr_par' dir='ltr' id='par_1_33' title="bbox 63 1576 822 1616">
     <span class='ocr_line' id='line_1_33' title="bbox 63 1576 822 1616; baseline 0.003 -11"><span class='ocrx_word' id='word_1_245' title='bbox 63 1587 110 1614; x_wconf 84' lang='grc' dir='ltr'><strong>ρος</strong></span> <span class='ocrx_word' id='word_1_246' title='bbox 125 1579 154 1605; x_wconf 80' lang='grc' dir='ltr'>δὲ</span> <span class='ocrx_word' id='word_1_247' title='bbox 168 1576 198 1606; x_wconf 76' lang='grc' dir='ltr'>οὗ</span> <span class='ocrx_word' id='word_1_248' title='bbox 205 1580 255 1615; x_wconf 79' lang='grc' dir='ltr'>τὴν</span> <span class='ocrx_word' id='word_1_249' title='bbox 266 1580 336 1606; x_wconf 82' lang='grc' dir='ltr'>κατὰ</span> <span class='ocrx_word' id='word_1_250' title='bbox 353 1579 471 1607; x_wconf 80' lang='grc' dir='ltr'>διάνοιαν</span> <span class='ocrx_word' id='word_1_251' title='bbox 479 1579 581 1614; x_wconf 77' lang='grc' dir='ltr'>παγίδα</span> <span class='ocrx_word' id='word_1_252' title='bbox 590 1579 753 1616; x_wconf 76' lang='grc' dir='ltr'>διέφθειρεν,</span> <span class='ocrx_word' id='word_1_253' title='bbox 761 1580 822 1608; x_wconf 75' lang='grc' dir='ltr'><strong>οὐδὲ</strong></span> 
     </span>
    </p>
   </div>
   <div class='ocr_carea' id='block_1_34' title="bbox 64 1625 548 1661">
    <p class='ocr_par' dir='ltr' id='par_1_34' title="bbox 64 1625 548 1661">
     <span class='ocr_line' id='line_1_34' title="bbox 64 1625 548 1661; baseline 0.006 -11"><span class='ocrx_word' id='word_1_254' title='bbox 64 1625 131 1660; x_wconf 79' lang='grc' dir='ltr'>ρέθη</span> <span class='ocrx_word' id='word_1_255' title='bbox 145 1625 220 1657; x_wconf 85' lang='grc' dir='ltr'>δόλος</span> <span class='ocrx_word' id='word_1_256' title='bbox 233 1627 261 1652; x_wconf 78' lang='grc' dir='ltr'>ὲν</span> <span class='ocrx_word' id='word_1_257' title='bbox 276 1625 315 1661; x_wconf 80' lang='grc' dir='ltr'>τῷ</span> <span class='ocrx_word' id='word_1_258' title='bbox 330 1626 444 1661; x_wconf 86' lang='grc' dir='ltr'>στόματι</span> <span class='ocrx_word' id='word_1_259' title='bbox 456 1625 548 1653; x_wconf 84' lang='grc' dir='ltr'>αὑτοῦ.</span> 
     </span>
    </p>
   </div>
   <div class='ocr_carea' id='block_1_35' title="bbox 841 835 862 863">
    <p class='ocr_par' dir='ltr' id='par_1_35' title="bbox 841 835 862 863">
     <span class='ocr_line' id='line_1_35' title="bbox 841 835 862 863; baseline 0 0"><span class='ocrx_word' id='word_1_260' title='bbox 841 835 862 863; x_wconf 89' lang='grc' dir='ltr'>Β</span> 
     </span>
    </p>
   </div>
   <div class='ocr_carea' id='block_1_36' title="bbox 297 1756 555 1783">
    <p class='ocr_par' dir='ltr' id='par_1_36' title="bbox 297 1756 555 1783">
     <span class='ocr_line' id='line_1_36' title="bbox 297 1756 555 1783; baseline 0 -1"><span class='ocrx_word' id='word_1_261' title='bbox 297 1756 444 1783; x_wconf 78' lang='grc' dir='ltr'><strong>ΨΔΛΜΟΣ</strong></span> <span class='ocrx_word' id='word_1_262' title='bbox 470 1756 555 1782; x_wconf 81' lang='grc' dir='ltr'><strong>ΡΚΔ’.</strong></span> 
     </span>
    </p>
   </div>
   <div class='ocr_carea' id='block_1_37' title="bbox 70 1801 822 1836">
    <p class='ocr_par' dir='ltr' id='par_1_37' title="bbox 70 1801 822 1836">
     <span class='ocr_line' id='line_1_37' title="bbox 70 1801 822 1836; baseline 0.001 -7"><span class='ocrx_word' id='word_1_263' title='bbox 70 1803 104 1829; x_wconf 87' lang='grc' dir='ltr'><strong>οι</strong></span> <span class='ocrx_word' id='word_1_264' title='bbox 117 1802 291 1834; x_wconf 77' lang='grc' dir='ltr'>πεποιθότες</span> <span class='ocrx_word' id='word_1_265' title='bbox 305 1801 353 1828; x_wconf 77' lang='grc' dir='ltr'><strong>ἐπὶ</strong></span> <span class='ocrx_word' id='word_1_266' title='bbox 372 1802 481 1835; x_wconf 76' lang='grc' dir='ltr'>Κύριον</span> <span class='ocrx_word' id='word_1_267' title='bbox 491 1802 531 1834; x_wconf 86' lang='grc' dir='ltr'>ὡς</span> <span class='ocrx_word' id='word_1_268' title='bbox 546 1802 615 1836; x_wconf 77' lang='grc' dir='ltr'>ὅρος</span> <span class='ocrx_word' id='word_1_269' title='bbox 639 1801 724 1834; x_wconf 71' lang='grc' dir='ltr'>Σιὼν,</span> <span class='ocrx_word' id='word_1_270' title='bbox 750 1811 778 1829; x_wconf 90' lang='grc' dir='ltr'>κ.</span> <span class='ocrx_word' id='word_1_271' title='bbox 796 1811 822 1830; x_wconf 90' lang='grc' dir='ltr'>τ.</span> 
     </span>
    </p>
   </div>
   <div class='ocr_carea' id='block_1_38' title="bbox 75 1847 823 1884">
    <p class='ocr_par' dir='ltr' id='par_1_38' title="bbox 75 1847 823 1884">
     <span class='ocr_line' id='line_1_38' title="bbox 75 1847 823 1884; baseline -0.001 -9"><span class='ocrx_word' id='word_1_272' title='bbox 75 1849 107 1875; x_wconf 79' lang='lat' dir='ltr'><strong>Ui</strong></span> <span class='ocrx_word' id='word_1_273' title='bbox 128 1847 338 1884; x_wconf 83' lang='grc' dir='ltr'>προσερχόμενοι</span> <span class='ocrx_word' id='word_1_274' title='bbox 362 1847 418 1884; x_wconf 82' lang='grc'>(71)</span> <span class='ocrx_word' id='word_1_275' title='bbox 432 1847 500 1874; x_wconf 90' lang='grc' dir='ltr'>Σιὼν</span> <span class='ocrx_word' id='word_1_276' title='bbox 511 1847 568 1883; x_wconf 75' lang='grc' dir='ltr'>ὄρει</span> <span class='ocrx_word' id='word_1_277' title='bbox 591 1848 638 1874; x_wconf 76' lang='grc' dir='ltr'>καὶ</span> <span class='ocrx_word' id='word_1_278' title='bbox 664 1848 739 1874; x_wconf 86' lang='grc' dir='ltr'>πόλει</span> <span class='ocrx_word' id='word_1_279' title='bbox 755 1848 823 1875; x_wconf 76' lang='grc' dir='ltr'>Θεοῦ</span> 
     </span>
    </p>
   </div>
   <div class='ocr_carea' id='block_1_39' title="bbox 63 1893 823 1930">
    <p class='ocr_par' dir='ltr' id='par_1_39' title="bbox 63 1893 823 1930">
     <span class='ocr_line' id='line_1_39' title="bbox 63 1893 823 1930; baseline 0 -10"><span class='ocrx_word' id='word_1_280' title='bbox 63 1895 145 1927; x_wconf 60' lang='grc' dir='ltr'>ὄντος,</span> <span class='ocrx_word' id='word_1_281' title='bbox 163 1893 338 1930; x_wconf 83' lang='grc' dir='ltr'>Ἰερουσαλὴμ</span> <span class='ocrx_word' id='word_1_282' title='bbox 354 1894 518 1928; x_wconf 76' lang='grc' dir='ltr'>ἐπουρανίῳ,</span> <span class='ocrx_word' id='word_1_283' title='bbox 534 1893 646 1928; x_wconf 79' lang='grc' dir='ltr'>φοροῦσι</span> <span class='ocrx_word' id='word_1_284' title='bbox 662 1894 712 1929; x_wconf 84' lang='grc' dir='ltr'>τὴν</span> <span class='ocrx_word' id='word_1_285' title='bbox 732 1894 823 1920; x_wconf 84' lang='grc' dir='ltr'>εἰκόνα</span> 
     </span>
    </p>
   </div>
   <div class='ocr_carea' id='block_1_40' title="bbox 65 1938 821 1975">
    <p class='ocr_par' dir='ltr' id='par_1_40' title="bbox 65 1938 821 1975">
     <span class='ocr_line' id='line_1_40' title="bbox 65 1938 821 1975; baseline 0 -9"><span class='ocrx_word' id='word_1_286' title='bbox 65 1941 80 1966; x_wconf 78' lang='grc' dir='ltr'>ὗ</span> <span class='ocrx_word' id='word_1_287' title='bbox 95 1939 265 1975; x_wconf 76' lang='grc' dir='ltr'>ἐπουρανίου.</span> <span class='ocrx_word' id='word_1_288' title='bbox 277 1939 324 1966; x_wconf 77' lang='grc' dir='ltr'>καὶ</span> <span class='ocrx_word' id='word_1_289' title='bbox 337 1938 497 1971; x_wconf 83' lang='grc' dir='ltr'>πεποιθότες</span> <span class='ocrx_word' id='word_1_290' title='bbox 513 1939 560 1965; x_wconf 74' lang='grc' dir='ltr'><strong>ἐπὶ</strong></span> <span class='ocrx_word' id='word_1_291' title='bbox 581 1939 682 1974; x_wconf 84' lang='grc' dir='ltr'>Κύριον</span> <span class='ocrx_word' id='word_1_292' title='bbox 702 1940 821 1973; x_wconf 82' lang='grc' dir='ltr'>γίνονται</span> 
     </span>
    </p>
   </div>
   <div class='ocr_carea' id='block_1_41' title="bbox 63 1983 380 2018">
    <p class='ocr_par' dir='ltr' id='par_1_41' title="bbox 63 1983 380 2018">
     <span class='ocr_line' id='line_1_41' title="bbox 63 1983 380 2018; baseline 0 -8"><span class='ocrx_word' id='word_1_293' title='bbox 63 1993 71 2016; x_wconf 81' lang='grc' dir='ltr'><strong>ς</strong></span> <span class='ocrx_word' id='word_1_294' title='bbox 85 1985 171 2010; x_wconf 77' lang='grc' dir='ltr'>ἐκεῖνο</span> <span class='ocrx_word' id='word_1_295' title='bbox 181 1984 210 2010; x_wconf 86' lang='grc' dir='ltr'>τὸ</span> <span class='ocrx_word' id='word_1_296' title='bbox 224 1983 293 2010; x_wconf 85' lang='grc' dir='ltr'>Σιὼν</span> <span class='ocrx_word' id='word_1_297' title='bbox 309 1984 380 2018; x_wconf 77' lang='grc' dir='ltr'>ὅρος.</span> 
     </span>
    </p>
   </div>
   <div class='ocr_carea' id='block_1_42' title="bbox 74 2028 820 2066">
    <p class='ocr_par' dir='ltr' id='par_1_42' title="bbox 74 2028 820 2066">
     <span class='ocr_line' id='line_1_42' title="bbox 74 2028 820 2066; baseline 0 -9"><span class='ocrx_word' id='word_1_298' title='bbox 74 2030 128 2057; x_wconf 81' lang='grc' dir='ltr'><strong>Τοῦ</strong></span> <span class='ocrx_word' id='word_1_299' title='bbox 143 2029 244 2057; x_wconf 82' lang='grc' dir='ltr'>αὑτοῦ.</span> <span class='ocrx_word' id='word_1_300' title='bbox 259 2030 290 2056; x_wconf 85' lang='grc' dir='ltr'><strong>Εἰ</strong></span> <span class='ocrx_word' id='word_1_301' title='bbox 304 2030 337 2055; x_wconf 84' lang='grc' dir='ltr'>ὲκ</span> <span class='ocrx_word' id='word_1_302' title='bbox 346 2029 392 2055; x_wconf 83' lang='grc' dir='ltr'>τοῦ</span> <span class='ocrx_word' id='word_1_303' title='bbox 409 2028 464 2064; x_wconf 73' lang='grc'>(72)</span> <span class='ocrx_word' id='word_1_304' title='bbox 480 2029 637 2056; x_wconf 83' lang='grc' dir='ltr'>πεποιθέναι</span> <span class='ocrx_word' id='word_1_305' title='bbox 655 2029 701 2056; x_wconf 72' lang='grc' dir='ltr'>ἐπὶ</span> <span class='ocrx_word' id='word_1_306' title='bbox 718 2029 820 2066; x_wconf 82' lang='grc' dir='ltr'>Κύριον</span> 
     </span>
    </p>
   </div>
   <div class='ocr_carea' id='block_1_43' title="bbox 65 2074 817 2111">
    <p class='ocr_par' dir='ltr' id='par_1_43' title="bbox 65 2074 817 2111">
     <span class='ocr_line' id='line_1_43' title="bbox 65 2074 817 2111; baseline 0.001 -9"><span class='ocrx_word' id='word_1_307' title='bbox 65 2077 138 2102; x_wconf 81' lang='grc' dir='ltr'>νεταί</span> <span class='ocrx_word' id='word_1_308' title='bbox 152 2085 192 2107; x_wconf 83' lang='grc' dir='ltr'><strong>τις</strong></span> <span class='ocrx_word' id='word_1_309' title='bbox 215 2075 252 2108; x_wconf 84' lang='grc' dir='ltr'>ὡς</span> <span class='ocrx_word' id='word_1_310' title='bbox 269 2075 331 2111; x_wconf 80' lang='grc' dir='ltr'>ὅρος</span> <span class='ocrx_word' id='word_1_311' title='bbox 354 2074 433 2108; x_wconf 87' lang='grc' dir='ltr'>Σιὼν,</span> <span class='ocrx_word' id='word_1_312' title='bbox 449 2075 528 2107; x_wconf 81' lang='grc' dir='ltr'>ἄλλος</span> <span class='ocrx_word' id='word_1_313' title='bbox 548 2075 581 2102; x_wconf 87' lang='grc' dir='ltr'>ἂν</span> <span class='ocrx_word' id='word_1_314' title='bbox 601 2075 630 2108; x_wconf 84' lang='grc' dir='ltr'><strong>ὲξ</strong></span> <span class='ocrx_word' id='word_1_315' title='bbox 652 2075 730 2103; x_wconf 80' lang='grc' dir='ltr'>ἄλλου</span> <span class='ocrx_word' id='word_1_316' title='bbox 748 2077 817 2108; x_wconf 82' lang='grc' dir='ltr'>τινὸς</span> 
     </span>
    </p>
   </div>
   <div class='ocr_carea' id='block_1_44' title="bbox 64 2121 815 2158">
    <p class='ocr_par' dir='ltr' id='par_1_44' title="bbox 64 2121 815 2158">
     <span class='ocr_line' id='line_1_44' title="bbox 64 2121 815 2158; baseline 0.001 -10"><span class='ocrx_word' id='word_1_317' title='bbox 64 2122 132 2148; x_wconf 67' lang='grc' dir='ltr'>ἰνοιτ’</span> <span class='ocrx_word' id='word_1_318' title='bbox 145 2121 176 2148; x_wconf 79' lang='grc' dir='ltr'>ἂν</span> <span class='ocrx_word' id='word_1_319' title='bbox 189 2121 225 2153; x_wconf 83' lang='grc' dir='ltr'>ὡς</span> <span class='ocrx_word' id='word_1_320' title='bbox 241 2121 304 2157; x_wconf 74' lang='grc' dir='ltr'>ὅρος</span> <span class='ocrx_word' id='word_1_321' title='bbox 317 2121 429 2156; x_wconf 80' lang='grc' dir='ltr'>Χωρὴσ,</span> <span class='ocrx_word' id='word_1_322' title='bbox 444 2121 491 2147; x_wconf 74' lang='grc' dir='ltr'>καὶ</span> <span class='ocrx_word' id='word_1_323' title='bbox 504 2121 581 2152; x_wconf 78' lang='grc' dir='ltr'>ἄλλος</span> <span class='ocrx_word' id='word_1_324' title='bbox 600 2121 638 2153; x_wconf 81' lang='grc' dir='ltr'>ὡς</span> <span class='ocrx_word' id='word_1_325' title='bbox 658 2122 720 2158; x_wconf 78' lang='grc' dir='ltr'>δρος</span> <span class='ocrx_word' id='word_1_326' title='bbox 735 2122 815 2149; x_wconf 79' lang='grc' dir='ltr'>Σινά·</span> 
     </span>
    </p>
   </div>
   <div class='ocr_carea' id='block_1_45' title="bbox 64 2165 817 2202">
    <p class='ocr_par' dir='ltr' id='par_1_45' title="bbox 64 2165 817 2202">
     <span class='ocr_line' id='line_1_45' title="bbox 64 2165 817 2202; baseline 0.003 -10"><span class='ocrx_word' id='word_1_327' title='bbox 64 2168 82 2194; x_wconf 63' lang='lat' dir='ltr'><strong>ti</strong></span> <span class='ocrx_word' id='word_1_328' title='bbox 98 2168 129 2193; x_wconf 79' lang='grc' dir='ltr'>ὲκ</span> <span class='ocrx_word' id='word_1_329' title='bbox 152 2166 203 2193; x_wconf 84' lang='grc' dir='ltr'><strong>τῶν</strong></span> <span class='ocrx_word' id='word_1_330' title='bbox 221 2166 350 2193; x_wconf 79' lang='grc' dir='ltr'>ἐναντίων</span> <span class='ocrx_word' id='word_1_331' title='bbox 374 2167 416 2201; x_wconf 77' lang='grc' dir='ltr'><strong>εἰη</strong></span> <span class='ocrx_word' id='word_1_332' title='bbox 434 2165 466 2192; x_wconf 81' lang='grc' dir='ltr'>ἄν</span> <span class='ocrx_word' id='word_1_333' title='bbox 481 2175 522 2198; x_wconf 89' lang='grc' dir='ltr'><strong>τις</strong></span> <span class='ocrx_word' id='word_1_334' title='bbox 536 2166 574 2198; x_wconf 84' lang='grc' dir='ltr'><strong>ὡς</strong></span> <span class='ocrx_word' id='word_1_335' title='bbox 592 2166 654 2202; x_wconf 75' lang='grc' dir='ltr'>ὅρος</span> <span class='ocrx_word' id='word_1_336' title='bbox 668 2167 817 2201; x_wconf 78' lang='grc' dir='ltr'>Αἰγύπτου,</span> 
     </span>
    </p>
   </div>
   <div class='ocr_carea' id='block_1_46' title="bbox 64 2212 818 2250">
    <p class='ocr_par' dir='ltr' id='par_1_46' title="bbox 64 2212 818 2250">
     <span class='ocr_line' id='line_1_46' title="bbox 64 2212 818 2250; baseline 0.003 -12"><span class='ocrx_word' id='word_1_337' title='bbox 64 2214 83 2239; x_wconf 60' lang='lat' dir='ltr'><strong>Li.</strong></span> <span class='ocrx_word' id='word_1_338' title='bbox 99 2213 157 2248; x_wconf 74' lang='grc' dir='ltr'>ὅρος</span> <span class='ocrx_word' id='word_1_339' title='bbox 169 2212 335 2244; x_wconf 78' lang='grc' dir='ltr'>Βαϐυλῶνος,</span> <span class='ocrx_word' id='word_1_340' title='bbox 347 2212 394 2239; x_wconf 77' lang='grc' dir='ltr'>καὶ</span> <span class='ocrx_word' id='word_1_341' title='bbox 405 2212 533 2239; x_wconf 84' lang='grc' dir='ltr'>τοιούτων</span> <span class='ocrx_word' id='word_1_342' title='bbox 550 2212 602 2240; x_wconf 84' lang='grc' dir='ltr'><strong>τῶν</strong></span> <span class='ocrx_word' id='word_1_343' title='bbox 619 2213 694 2249; x_wconf 76' lang='grc' dir='ltr'>παρὰ</span> <span class='ocrx_word' id='word_1_344' title='bbox 705 2215 760 2245; x_wconf 77' lang='grc' dir='ltr'>τοῖς</span> <span class='ocrx_word' id='word_1_345' title='bbox 774 2215 818 2250; x_wconf 74' lang='grc' dir='ltr'><strong>ἐχ-</strong></span> 
     </span>
    </p>
   </div>
   <div class='ocr_carea' id='block_1_47' title="bbox 64 2256 818 2294">
    <p class='ocr_par' dir='ltr' id='par_1_47' title="bbox 64 2256 818 2294">
     <span class='ocr_line' id='line_1_47' title="bbox 64 2256 818 2294; baseline 0.004 -11"><span class='ocrx_word' id='word_1_346' title='bbox 64 2259 110 2289; x_wconf 79' lang='grc' dir='ltr'>›οἰς</span> <span class='ocrx_word' id='word_1_347' title='bbox 122 2257 199 2292; x_wconf 85' lang='grc' dir='ltr'>ὀρῶν.</span> <span class='ocrx_word' id='word_1_348' title='bbox 217 2258 252 2283; x_wconf 85' lang='grc' dir='ltr'><strong><em>Ἦ</em></strong></span> <span class='ocrx_word' id='word_1_349' title='bbox 269 2256 365 2292; x_wconf 84' lang='grc' dir='ltr'>ὥσπερ</span> <span class='ocrx_word' id='word_1_350' title='bbox 385 2258 409 2283; x_wconf 80' lang='grc' dir='ltr'>οἱ</span> <span class='ocrx_word' id='word_1_351' title='bbox 424 2257 584 2289; x_wconf 80' lang='grc' dir='ltr'>πεποιθότες</span> <span class='ocrx_word' id='word_1_352' title='bbox 596 2258 642 2285; x_wconf 72' lang='grc' dir='ltr'><strong>ἐπὶ</strong></span> <span class='ocrx_word' id='word_1_353' title='bbox 660 2259 761 2294; x_wconf 86' lang='grc' dir='ltr'>Κύριον</span> <span class='ocrx_word' id='word_1_354' title='bbox 780 2260 818 2291; x_wconf 84' lang='grc' dir='ltr'><strong>ὡς</strong></span> 
     </span>
    </p>
   </div>
   <div class='ocr_carea' id='block_1_48' title="bbox 64 2302 818 2340">
    <p class='ocr_par' dir='ltr' id='par_1_48' title="bbox 64 2302 818 2340">
     <span class='ocr_line' id='line_1_48' title="bbox 64 2302 818 2340; baseline 0.003 -11"><span class='ocrx_word' id='word_1_355' title='bbox 64 2312 99 2333; x_wconf 56' lang='grc' dir='ltr'>,ος</span> <span class='ocrx_word' id='word_1_356' title='bbox 110 2304 160 2329; x_wconf 81' lang='grc' dir='ltr'><strong>εἰσί</strong></span> <span class='ocrx_word' id='word_1_357' title='bbox 173 2302 252 2336; x_wconf 85' lang='grc' dir='ltr'>Σιὼν,</span> <span class='ocrx_word' id='word_1_358' title='bbox 262 2302 348 2334; x_wconf 81' lang='grc' dir='ltr'>οὓτως</span> <span class='ocrx_word' id='word_1_359' title='bbox 365 2303 390 2329; x_wconf 83' lang='grc' dir='ltr'><strong>οἰ</strong></span> <span class='ocrx_word' id='word_1_360' title='bbox 410 2302 597 2338; x_wconf 81' lang='grc' dir='ltr'>ὑποδεέστεροι</span> <span class='ocrx_word' id='word_1_361' title='bbox 616 2303 654 2336; x_wconf 84' lang='grc' dir='ltr'>ὡς</span> <span class='ocrx_word' id='word_1_362' title='bbox 670 2304 703 2331; x_wconf 82' lang='grc' dir='ltr'>τὰ</span> <span class='ocrx_word' id='word_1_363' title='bbox 726 2304 818 2340; x_wconf 79' lang='grc' dir='ltr'>κύκλῳ</span> 
     </span>
    </p>
   </div>
   <div class='ocr_carea' id='block_1_49' title="bbox 64 2349 192 2384">
    <p class='ocr_par' dir='ltr' id='par_1_49' title="bbox 64 2349 192 2384">
     <span class='ocr_line' id='line_1_49' title="bbox 64 2349 192 2384; baseline 0.008 -9"><span class='ocrx_word' id='word_1_364' title='bbox 64 2349 120 2384; x_wconf 66' lang='grc' dir='ltr'><strong>ρτῆς</strong></span> <span class='ocrx_word' id='word_1_365' title='bbox 135 2349 192 2384; x_wconf 76' lang='grc' dir='ltr'><strong>ὅρη.</strong></span> 
     </span>
    </p>
   </div>
   <div class='ocr_carea' id='block_1_50' title="bbox 836 2063 857 2089">
    <p class='ocr_par' dir='ltr' id='par_1_50' title="bbox 836 2063 857 2089">
     <span class='ocr_line' id='line_1_50' title="bbox 836 2063 857 2089; baseline 0 0"><span class='ocrx_word' id='word_1_366' title='bbox 836 2063 857 2089; x_wconf 90' lang='lat' dir='ltr'><strong>D</strong></span> 
     </span>
    </p>
   </div>
   <div class='ocr_carea' id='block_1_51' title="bbox 77 2434 817 2470">
    <p class='ocr_par' dir='ltr' id='par_1_51' title="bbox 77 2434 817 2470">
     <span class='ocr_line' id='line_1_51' title="bbox 77 2434 817 2470; baseline 0.004 -9"><span class='ocrx_word' id='word_1_367' title='bbox 77 2436 141 2469; x_wconf 86' lang='grc' dir='ltr'><strong>Ὀρη</strong></span> <span class='ocrx_word' id='word_1_368' title='bbox 160 2435 258 2468; x_wconf 76' lang='grc' dir='ltr'>κύκλῳ</span> <span class='ocrx_word' id='word_1_369' title='bbox 277 2434 387 2470; x_wconf 81' lang='grc' dir='ltr'>αὐτῆς,</span> <span class='ocrx_word' id='word_1_370' title='bbox 409 2435 458 2463; x_wconf 80' lang='grc' dir='ltr'>καὶ</span> <span class='ocrx_word' id='word_1_371' title='bbox 474 2437 490 2463; x_wconf 87' lang='grc' dir='ltr'><em>ὁ</em></span> <span class='ocrx_word' id='word_1_372' title='bbox 510 2436 618 2470; x_wconf 81' lang='grc' dir='ltr'>Κύριος</span> <span class='ocrx_word' id='word_1_373' title='bbox 646 2437 748 2470; x_wconf 77' lang='grc' dir='ltr'>κύκλῳ</span> <span class='ocrx_word' id='word_1_374' title='bbox 766 2437 817 2464; x_wconf 81' lang='grc' dir='ltr'>τοῦ</span> 
     </span>
    </p>
   </div>
   <div class='ocr_carea' id='block_1_52' title="bbox 65 2481 817 2519">
    <p class='ocr_par' dir='ltr' id='par_1_52' title="bbox 65 2481 817 2519">
     <span class='ocr_line' id='line_1_52' title="bbox 65 2481 817 2519; baseline 0.003 -11"><span class='ocrx_word' id='word_1_375' title='bbox 65 2481 112 2508; x_wconf 65' lang='grc' dir='ltr'><strong>ποῦ</strong></span> <span class='ocrx_word' id='word_1_376' title='bbox 125 2481 212 2508; x_wconf 81' lang='grc' dir='ltr'>αὑτοῦ</span> <span class='ocrx_word' id='word_1_377' title='bbox 223 2501 230 2513; x_wconf 93' lang='grc'><strong>,</strong></span> <span class='ocrx_word' id='word_1_378' title='bbox 245 2489 271 2508; x_wconf 86' lang='grc' dir='ltr'>κ.</span> <span class='ocrx_word' id='word_1_379' title='bbox 290 2490 316 2508; x_wconf 88' lang='grc' dir='ltr'>τ.</span> <span class='ocrx_word' id='word_1_380' title='bbox 332 2482 356 2508; x_wconf 77' lang='grc' dir='ltr'>ὲ.</span> <span class='ocrx_word' id='word_1_381' title='bbox 376 2483 444 2517; x_wconf 88' lang='grc' dir='ltr'>Ὄρη</span> <span class='ocrx_word' id='word_1_382' title='bbox 460 2481 551 2518; x_wconf 85' lang='grc' dir='ltr'>κύκλῳ</span> <span class='ocrx_word' id='word_1_383' title='bbox 564 2483 617 2518; x_wconf 81' lang='grc'>(75)</span> <span class='ocrx_word' id='word_1_384' title='bbox 641 2483 817 2519; x_wconf 83' lang='grc' dir='ltr'>Ἰερουσαλὴμ</span> 
     </span>
    </p>
   </div>
   <div class='ocr_carea' id='block_1_53' title="bbox 65 2526 817 2566">
    <p class='ocr_par' dir='ltr' id='par_1_53' title="bbox 65 2526 817 2566">
     <span class='ocr_line' id='line_1_53' title="bbox 65 2526 817 2566; baseline 0.003 -12"><span class='ocrx_word' id='word_1_385' title='bbox 65 2529 181 2563; x_wconf 82' lang='grc' dir='ltr'>ινάμεις,</span> <span class='ocrx_word' id='word_1_386' title='bbox 196 2526 288 2563; x_wconf 84' lang='grc' dir='ltr'>οἶμαι,</span> <span class='ocrx_word' id='word_1_387' title='bbox 313 2527 383 2555; x_wconf 81' lang='grc' dir='ltr'>θεῖαί</span> <span class='ocrx_word' id='word_1_388' title='bbox 410 2529 473 2555; x_wconf 82' lang='grc' dir='ltr'>εἰσι.</span> <span class='ocrx_word' id='word_1_389' title='bbox 495 2538 504 2555; x_wconf 81' lang='grc' dir='ltr'><strong>ι</strong></span> <span class='ocrx_word' id='word_1_390' title='bbox 526 2529 736 2564; x_wconf 73' lang='grc' dir='ltr'>Παρεμὸάλλειι</span> <span class='ocrx_word' id='word_1_391' title='bbox 763 2529 817 2566; x_wconf 84' lang='grc' dir='ltr'>γὰρ</span> 
     </span>
    </p>
   </div>
   <div class='ocr_carea' id='block_1_54' title="bbox 69 2573 815 2610">
    <p class='ocr_par' dir='ltr' id='par_1_54' title="bbox 69 2573 815 2610">
     <span class='ocr_line' id='line_1_54' title="bbox 69 2573 815 2610; baseline 0 -8"><span class='ocrx_word' id='word_1_392' title='bbox 69 2574 178 2608; x_wconf 79' lang='grc' dir='ltr'>ἄγγελος</span> <span class='ocrx_word' id='word_1_393' title='bbox 201 2573 303 2609; x_wconf 82' lang='grc' dir='ltr'>Κυρίου</span> <span class='ocrx_word' id='word_1_394' title='bbox 320 2573 412 2610; x_wconf 84' lang='grc' dir='ltr'>κύκλῳ</span> <span class='ocrx_word' id='word_1_395' title='bbox 435 2573 491 2601; x_wconf 87' lang='grc' dir='ltr'><strong>τῶν</strong></span> <span class='ocrx_word' id='word_1_396' title='bbox 518 2575 694 2610; x_wconf 75' lang='grc' dir='ltr'>φοϐουμένων</span> <span class='ocrx_word' id='word_1_397' title='bbox 718 2575 815 2602; x_wconf 79' lang='grc' dir='ltr'>αὐτόν·</span> 
     </span>
    </p>
   </div>
   <div class='ocr_carea' id='block_1_55' title="bbox 488 103 1186 133">
    <p class='ocr_par' dir='ltr' id='par_1_55' title="bbox 488 103 1186 133">
     <span class='ocr_line' id='line_1_55' title="bbox 488 103 1186 133; baseline -0.003 -1"><span class='ocrx_word' id='word_1_398' title='bbox 488 105 642 133; x_wconf 74' lang='lat' dir='ltr'><strong>SELECTA</strong></span> <span class='ocrx_word' id='word_1_399' title='bbox 660 104 692 133; x_wconf 84' lang='lat' dir='ltr'><strong>IN</strong></span> <span class='ocrx_word' id='word_1_400' title='bbox 712 104 879 132; x_wconf 80' lang='lat' dir='ltr'><strong>PSALMOS.</strong></span> <span class='ocrx_word' id='word_1_401' title='bbox 900 122 934 125; x_wconf 98' lang='lat'>—</span> <span class='ocrx_word' id='word_1_402' title='bbox 954 103 1050 132; x_wconf 76' lang='lat' dir='ltr'><strong>PSAL.</strong></span> <span class='ocrx_word' id='word_1_403' title='bbox 1071 103 1186 132; x_wconf 68' lang='lat' dir='ltr'><strong>CXXIV.</strong></span> 
     </span>
    </p>
   </div>
   <div class='ocr_carea' id='block_1_56' title="bbox 1600 107 1667 136">
    <p class='ocr_par' dir='ltr' id='par_1_56' title="bbox 1600 107 1667 136">
     <span class='ocr_line' id='line_1_56' title="bbox 1600 107 1667 136; baseline 0.045 -3"><span class='ocrx_word' id='word_1_404' title='bbox 1600 107 1667 136; x_wconf 71' lang='lat'><strong>1633</strong></span> 
     </span>
    </p>
   </div>
   <div class='ocr_carea' id='block_1_57' title="bbox 879 163 1666 200">
    <p class='ocr_par' dir='ltr' id='par_1_57' title="bbox 879 163 1666 200">
     <span class='ocr_line' id='line_1_57' title="bbox 879 163 1666 200; baseline 0.005 -9"><span class='ocrx_word' id='word_1_405' title='bbox 879 164 997 196; x_wconf 83' lang='lat' dir='ltr'><strong>Domini,</strong></span> <span class='ocrx_word' id='word_1_406' title='bbox 1013 170 1039 192; x_wconf 90' lang='lat' dir='ltr'><strong>et</strong></span> <span class='ocrx_word' id='word_1_407' title='bbox 1053 165 1122 192; x_wconf 89' lang='lat' dir='ltr'><strong>sedit</strong></span> <span class='ocrx_word' id='word_1_408' title='bbox 1138 164 1163 190; x_wconf 89' lang='lat' dir='ltr'><strong>in</strong></span> <span class='ocrx_word' id='word_1_409' title='bbox 1182 168 1301 190; x_wconf 87' lang='lat' dir='ltr'><strong>torrente</strong></span> <span class='ocrx_word' id='word_1_410' title='bbox 1312 163 1447 192; x_wconf 81' lang='lat' dir='ltr'><strong>Cltorratlt</strong></span> <span class='ocrx_word' id='word_1_411' title='bbox 1463 173 1544 200; x_wconf 83' lang='lat' dir='ltr'><strong>super</strong></span> <span class='ocrx_word' id='word_1_412' title='bbox 1568 166 1666 195; x_wconf 78' lang='lat' dir='ltr'><strong>faciem</strong></span> 
     </span>
    </p>
   </div>
   <div class='ocr_carea' id='block_1_58' title="bbox 877 210 1666 246">
    <p class='ocr_par' dir='ltr' id='par_1_58' title="bbox 877 210 1666 246">
     <span class='ocr_line' id='line_1_58' title="bbox 877 210 1666 246; baseline 0.001 -8"><span class='ocrx_word' id='word_1_413' title='bbox 877 210 1014 238; x_wconf 70' lang='lat' dir='ltr'><strong>Iordanis.</strong></span> <span class='ocrx_word' id='word_1_414' title='bbox 1030 211 1063 237; x_wconf 85' lang='lat' dir='ltr'><strong>Et</strong></span> <span class='ocrx_word' id='word_1_415' title='bbox 1080 211 1153 237; x_wconf 77' lang='lat' dir='ltr'><strong>corvi</strong></span> <span class='ocrx_word' id='word_1_416' title='bbox 1169 210 1291 238; x_wconf 83' lang='lat' dir='ltr'><strong>ferebant</strong></span> <span class='ocrx_word' id='word_1_417' title='bbox 1307 212 1331 238; x_wconf 84' lang='lat' dir='ltr'><strong>ci</strong></span> <span class='ocrx_word' id='word_1_418' title='bbox 1351 219 1434 246; x_wconf 84' lang='lat' dir='ltr'><strong>panes</strong></span> <span class='ocrx_word' id='word_1_419' title='bbox 1457 219 1536 240; x_wconf 84' lang='lat' dir='ltr'><strong>tuane</strong></span> <span class='ocrx_word' id='word_1_420' title='bbox 1564 218 1591 239; x_wconf 87' lang='lat' dir='ltr'><strong>et</strong></span> <span class='ocrx_word' id='word_1_421' title='bbox 1605 221 1666 240; x_wconf 70' lang='lat' dir='ltr'><strong>ea:-</strong></span> 
     </span>
    </p>
   </div>
   <div class='ocr_carea' id='block_1_59' title="bbox 878 257 1663 292">
    <p class='ocr_par' dir='ltr' id='par_1_59' title="bbox 878 257 1663 292">
     <span class='ocr_line' id='line_1_59' title="bbox 878 257 1663 292; baseline 0.001 -8"><span class='ocrx_word' id='word_1_422' title='bbox 878 265 926 285; x_wconf 88' lang='lat' dir='ltr'><strong>ncs</strong></span> <span class='ocrx_word' id='word_1_423' title='bbox 940 257 1054 292; x_wconf 83' lang='lat' dir='ltr'><strong>vesperi,</strong></span> <span class='ocrx_word' id='word_1_424' title='bbox 1069 263 1096 284; x_wconf 93' lang='lat' dir='ltr'><strong>et</strong></span> <span class='ocrx_word' id='word_1_425' title='bbox 1110 258 1143 284; x_wconf 91' lang='lat' dir='ltr'><strong>dc</strong></span> <span class='ocrx_word' id='word_1_426' title='bbox 1161 261 1283 284; x_wconf 81' lang='lat' dir='ltr'><strong>torrente</strong></span> <span class='ocrx_word' id='word_1_427' title='bbox 1297 258 1406 285; x_wconf 88' lang='lat' dir='ltr'><strong>bibebat</strong></span> <span class='ocrx_word' id='word_1_428' title='bbox 1426 266 1534 292; x_wconf 88' lang='lat' dir='ltr'><strong>aquam.</strong></span> <span class='ocrx_word' id='word_1_429' title='bbox 1566 259 1600 286; x_wconf 83' lang='lat' dir='ltr'><strong>Et</strong></span> <span class='ocrx_word' id='word_1_430' title='bbox 1624 261 1663 286; x_wconf 83' lang='lat' dir='ltr'><strong>t&#39;n-</strong></span> 
     </span>
    </p>
   </div>
   <div class='ocr_carea' id='block_1_60' title="bbox 877 303 1664 340">
    <p class='ocr_par' dir='ltr' id='par_1_60' title="bbox 877 303 1664 340">
     <span class='ocr_line' id='line_1_60' title="bbox 877 303 1664 340; baseline 0.003 -11"><span class='ocrx_word' id='word_1_431' title='bbox 877 306 949 329; x_wconf 86' lang='lat' dir='ltr'><strong>ctum</strong></span> <span class='ocrx_word' id='word_1_432' title='bbox 977 307 1020 329; x_wconf 85' lang='lat' dir='ltr'><strong>est</strong></span> <span class='ocrx_word' id='word_1_433' title='bbox 1040 307 1101 337; x_wconf 90' lang='lat' dir='ltr'><strong>post</strong></span> <span class='ocrx_word' id='word_1_434' title='bbox 1124 303 1193 335; x_wconf 86' lang='lat' dir='ltr'><strong>dies,</strong></span> <span class='ocrx_word' id='word_1_435' title='bbox 1216 307 1242 330; x_wconf 86' lang='lat' dir='ltr'><strong>et</strong></span> <span class='ocrx_word' id='word_1_436' title='bbox 1262 303 1369 330; x_wconf 82' lang='lat' dir='ltr'><strong>exaruit</strong></span> <span class='ocrx_word' id='word_1_437' title='bbox 1391 307 1509 337; x_wconf 84' lang='lat' dir='ltr'><strong>torrens,</strong></span> <span class='ocrx_word' id='word_1_438' title='bbox 1531 304 1594 340; x_wconf 86' lang='lat' dir='ltr'><strong>quia</strong></span> <span class='ocrx_word' id='word_1_439' title='bbox 1612 313 1664 332; x_wconf 85' lang='lat' dir='ltr'><strong>lttm</strong></span> 
     </span>
    </p>
   </div>
   <div class='ocr_carea' id='block_1_61' title="bbox 877 348 1368 383">
    <p class='ocr_par' dir='ltr' id='par_1_61' title="bbox 877 348 1368 383">
     <span class='ocr_line' id='line_1_61' title="bbox 877 348 1368 383; baseline -0.002 -7"><span class='ocrx_word' id='word_1_440' title='bbox 877 348 966 376; x_wconf 78' lang='lat' dir='ltr'><strong>fuerat</strong></span> <span class='ocrx_word' id='word_1_441' title='bbox 981 348 1073 383; x_wconf 84' lang='lat' dir='ltr'><strong>pluvia</strong></span> <span class='ocrx_word' id='word_1_442' title='bbox 1086 355 1167 383; x_wconf 85' lang='lat' dir='ltr'><strong>super</strong></span> <span class='ocrx_word' id='word_1_443' title='bbox 1185 353 1285 376; x_wconf 87' lang='lat' dir='ltr'><strong>terram</strong></span> <span class='ocrx_word' id='word_1_444' title='bbox 1304 348 1338 376; x_wconf 79' lang='lat'><strong>&quot;.</strong></span> <span class='ocrx_word' id='word_1_445' title='bbox 1358 357 1368 375; x_wconf 79' lang='grc'><strong>›</strong></span> 
     </span>
    </p>
   </div>
   <div class='ocr_carea' id='block_1_62' title="bbox 911 436 1665 474">
    <p class='ocr_par' dir='ltr' id='par_1_62' title="bbox 911 436 1665 474">
     <span class='ocr_line' id='line_1_62' title="bbox 911 436 1665 474; baseline 0.003 -10"><span class='ocrx_word' id='word_1_446' title='bbox 911 436 994 464; x_wconf 71' lang='lat' dir='ltr'><strong>Vens.</strong></span> <span class='ocrx_word' id='word_1_447' title='bbox 1015 436 1044 464; x_wconf 87' lang='grc'>7.</span> <span class='ocrx_word' id='word_1_448' title='bbox 1065 436 1159 463; x_wconf 79' lang='lat' dir='ltr'><strong>Anima</strong></span> <span class='ocrx_word' id='word_1_449' title='bbox 1176 440 1266 463; x_wconf 74' lang='lat' dir='ltr'><strong>nostra</strong></span> <span class='ocrx_word' id='word_1_450' title='bbox 1278 437 1344 464; x_wconf 68' lang='lat' dir='ltr'><strong>sicut</strong></span> <span class='ocrx_word' id='word_1_451' title='bbox 1363 446 1454 471; x_wconf 76' lang='lat' dir='ltr'><strong>passer</strong></span> <span class='ocrx_word' id='word_1_452' title='bbox 1467 444 1556 474; x_wconf 75' lang='lat' dir='ltr'><strong>erepta</strong></span> <span class='ocrx_word' id='word_1_453' title='bbox 1578 446 1616 468; x_wconf 71' lang='lat' dir='ltr'><strong>est</strong></span> <span class='ocrx_word' id='word_1_454' title='bbox 1635 441 1665 466; x_wconf 76' lang='lat' dir='ltr'><strong>de</strong></span> 
     </span>
    </p>
   </div>
   <div class='ocr_carea' id='block_1_63' title="bbox 876 483 1662 518">
    <p class='ocr_par' dir='ltr' id='par_1_63' title="bbox 876 483 1662 518">
     <span class='ocr_line' id='line_1_63' title="bbox 876 483 1662 518; baseline 0.008 -10"><span class='ocrx_word' id='word_1_455' title='bbox 876 483 969 518; x_wconf 78' lang='lat' dir='ltr'><strong>laqueo</strong></span> <span class='ocrx_word' id='word_1_456' title='bbox 988 483 1147 514; x_wconf 77' lang='lat' dir='ltr'><strong>venantium,</strong></span> <span class='ocrx_word' id='word_1_457' title='bbox 1172 487 1225 510; x_wconf 90' lang='lat' dir='ltr'><strong>etc.</strong></span> <span class='ocrx_word' id='word_1_458' title='bbox 1253 483 1289 510; x_wconf 90' lang='lat' dir='ltr'><strong>De</strong></span> <span class='ocrx_word' id='word_1_459' title='bbox 1311 483 1405 518; x_wconf 81' lang='lat' dir='ltr'><strong>laqueo</strong></span> <span class='ocrx_word' id='word_1_460' title='bbox 1426 491 1584 513; x_wconf 88' lang='lat' dir='ltr'><strong>venatorum</strong></span> <span class='ocrx_word' id='word_1_461' title='bbox 1609 488 1662 514; x_wconf 71' lang='lat' dir='ltr'><strong>da:-</strong></span> 
     </span>
    </p>
   </div>
   <div class='ocr_carea' id='block_1_64' title="bbox 877 528 1662 563">
    <p class='ocr_par' dir='ltr' id='par_1_64' title="bbox 877 528 1662 563">
     <span class='ocr_line' id='line_1_64' title="bbox 877 528 1662 563; baseline 0.008 -9"><span class='ocrx_word' id='word_1_462' title='bbox 877 535 985 554; x_wconf 87' lang='lat' dir='ltr'><strong>momnn</strong></span> <span class='ocrx_word' id='word_1_463' title='bbox 1002 528 1090 563; x_wconf 80' lang='lat' dir='ltr'><strong>erepti</strong></span> <span class='ocrx_word' id='word_1_464' title='bbox 1105 535 1208 560; x_wconf 88' lang='lat' dir='ltr'><strong>sunms,</strong></span> <span class='ocrx_word' id='word_1_465' title='bbox 1222 536 1282 555; x_wconf 89' lang='lat' dir='ltr'><strong>cum</strong></span> <span class='ocrx_word' id='word_1_466' title='bbox 1299 528 1423 557; x_wconf 79' lang='lat' dir='ltr'><strong>Christus</strong></span> <span class='ocrx_word' id='word_1_467' title='bbox 1436 531 1574 559; x_wconf 90' lang='lat' dir='ltr'><strong>diabolum</strong></span> <span class='ocrx_word' id='word_1_468' title='bbox 1592 540 1662 560; x_wconf 83' lang='lat' dir='ltr'><strong>con-</strong></span> 
     </span>
    </p>
   </div>
   <div class='ocr_carea' id='block_1_65' title="bbox 878 573 1661 611">
    <p class='ocr_par' dir='ltr' id='par_1_65' title="bbox 878 573 1661 611">
     <span class='ocr_line' id='line_1_65' title="bbox 878 573 1661 611; baseline 0.006 -11"><span class='ocrx_word' id='word_1_469' title='bbox 878 573 995 605; x_wconf 88' lang='lat' dir='ltr'><strong>triverit,</strong></span> <span class='ocrx_word' id='word_1_470' title='bbox 1011 578 1041 600; x_wconf 87' lang='lat' dir='ltr'><strong>et</strong></span> <span class='ocrx_word' id='word_1_471' title='bbox 1056 573 1159 600; x_wconf 83' lang='lat' dir='ltr'><strong>dederit</strong></span> <span class='ocrx_word' id='word_1_472' title='bbox 1175 573 1305 601; x_wconf 82' lang='lat' dir='ltr'><strong>virtutem</strong></span> <span class='ocrx_word' id='word_1_473' title='bbox 1327 574 1483 603; x_wconf 77' lang='lat' dir='ltr'><strong>ambulandi</strong></span> <span class='ocrx_word' id='word_1_474' title='bbox 1501 584 1582 611; x_wconf 85' lang='lat' dir='ltr'><strong>super</strong></span> <span class='ocrx_word' id='word_1_475' title='bbox 1604 585 1661 605; x_wconf 90' lang='lat' dir='ltr'><strong>ser-</strong></span> 
     </span>
    </p>
   </div>
   <div class='ocr_carea' id='block_1_66' title="bbox 877 618 1663 652">
    <p class='ocr_par' dir='ltr' id='par_1_66' title="bbox 877 618 1663 652">
     <span class='ocr_line' id='line_1_66' title="bbox 877 618 1663 652; baseline 0.008 -9"><span class='ocrx_word' id='word_1_476' title='bbox 877 621 973 652; x_wconf 82' lang='lat' dir='ltr'><strong>pentes</strong></span> <span class='ocrx_word' id='word_1_477' title='bbox 988 621 1015 644; x_wconf 88' lang='lat' dir='ltr'><strong>et</strong></span> <span class='ocrx_word' id='word_1_478' title='bbox 1034 618 1193 652; x_wconf 86' lang='lat' dir='ltr'><strong>scorpiones</strong></span> <span class='ocrx_word' id='word_1_479' title='bbox 1208 621 1235 645; x_wconf 89' lang='lat' dir='ltr'><strong>et</strong></span> <span class='ocrx_word' id='word_1_480' title='bbox 1250 625 1333 652; x_wconf 86' lang='lat' dir='ltr'><strong>super</strong></span> <span class='ocrx_word' id='word_1_481' title='bbox 1347 625 1455 646; x_wconf 88' lang='lat' dir='ltr'><strong>omnem</strong></span> <span class='ocrx_word' id='word_1_482' title='bbox 1471 620 1596 648; x_wconf 84' lang='lat' dir='ltr'><strong>virtutem</strong></span> <span class='ocrx_word' id='word_1_483' title='bbox 1612 622 1663 649; x_wconf 88' lang='lat' dir='ltr'><strong>ini-</strong></span> 
     </span>
    </p>
   </div>
   <div class='ocr_carea' id='block_1_67' title="bbox 877 662 1660 700">
    <p class='ocr_par' dir='ltr' id='par_1_67' title="bbox 877 662 1660 700">
     <span class='ocr_line' id='line_1_67' title="bbox 877 662 1660 700; baseline 0.008 -12"><span class='ocrx_word' id='word_1_484' title='bbox 877 662 950 695; x_wconf 83' lang='lat' dir='ltr'><strong>mici,</strong></span> <span class='ocrx_word' id='word_1_485' title='bbox 964 669 1024 697; x_wconf 60' lang='lat' dir='ltr'><strong>quae</strong></span> <span class='ocrx_word' id='word_1_486' title='bbox 1034 667 1131 690; x_wconf 90' lang='lat' dir='ltr'><strong>contra</strong></span> <span class='ocrx_word' id='word_1_487' title='bbox 1146 664 1218 690; x_wconf 87' lang='lat' dir='ltr'><strong>solos</strong></span> <span class='ocrx_word' id='word_1_488' title='bbox 1233 663 1361 690; x_wconf 87' lang='lat' dir='ltr'><strong>socordes</strong></span> <span class='ocrx_word' id='word_1_489' title='bbox 1372 664 1500 698; x_wconf 72' lang='lat' dir='ltr'><strong>praevalet</strong></span> <span class='ocrx_word' id='word_1_490' title='bbox 1514 672 1522 692; x_wconf 86' lang='lat'><strong>:</strong></span> <span class='ocrx_word' id='word_1_491' title='bbox 1537 666 1660 700; x_wconf 85' lang='lat' dir='ltr'><strong>Spiritus</strong></span> 
     </span>
    </p>
   </div>
   <div class='ocr_carea' id='block_1_68' title="bbox 876 708 1661 746">
    <p class='ocr_par' dir='ltr' id='par_1_68' title="bbox 876 708 1661 746">
     <span class='ocr_line' id='line_1_68' title="bbox 876 708 1661 746; baseline 0.009 -12"><span class='ocrx_word' id='word_1_492' title='bbox 876 708 946 734; x_wconf 86' lang='lat' dir='ltr'><strong>enim</strong></span> <span class='ocrx_word' id='word_1_493' title='bbox 969 709 1083 742; x_wconf 79' lang='lat' dir='ltr'><strong>gratiam</strong></span> <span class='ocrx_word' id='word_1_494' title='bbox 1108 708 1275 743; x_wconf 85' lang='lat' dir='ltr'><strong>accepimus,</strong></span> <span class='ocrx_word' id='word_1_495' title='bbox 1296 708 1455 744; x_wconf 86' lang='lat' dir='ltr'><strong>Christique</strong></span> <span class='ocrx_word' id='word_1_496' title='bbox 1473 712 1606 746; x_wconf 79' lang='lat' dir='ltr'><strong>sanguine</strong></span> <span class='ocrx_word' id='word_1_497' title='bbox 1629 721 1661 741; x_wconf 87' lang='lat' dir='ltr'><strong>ac</strong></span> 
     </span>
    </p>
   </div>
   <div class='ocr_carea' id='block_1_69' title="bbox 876 753 1145 787">
    <p class='ocr_par' dir='ltr' id='par_1_69' title="bbox 876 753 1145 787">
     <span class='ocr_line' id='line_1_69' title="bbox 876 753 1145 787; baseline -0.004 -6"><span class='ocrx_word' id='word_1_498' title='bbox 876 761 988 787; x_wconf 88' lang='lat' dir='ltr'><strong>corpore</strong></span> <span class='ocrx_word' id='word_1_499' title='bbox 1002 753 1145 780; x_wconf 89' lang='lat' dir='ltr'><strong>nntrimur.</strong></span> 
     </span>
    </p>
   </div>
   <div class='ocr_carea' id='block_1_70' title="bbox 912 800 1660 835">
    <p class='ocr_par' dir='ltr' id='par_1_70' title="bbox 912 800 1660 835">
     <span class='ocr_line' id='line_1_70' title="bbox 912 800 1660 835; baseline 0.008 -9"><span class='ocrx_word' id='word_1_500' title='bbox 912 800 1053 835; x_wconf 77' lang='lat' dir='ltr'><strong>Ejusdem.</strong></span> <span class='ocrx_word' id='word_1_501' title='bbox 1073 800 1195 827; x_wconf 84' lang='lat' dir='ltr'><strong>Virtutes</strong></span> <span class='ocrx_word' id='word_1_502' title='bbox 1209 800 1373 829; x_wconf 63' lang='lat' dir='ltr'><strong>adversaria:</strong></span> <span class='ocrx_word' id='word_1_503' title='bbox 1390 808 1524 830; x_wconf 76' lang='lat' dir='ltr'><strong>venantur</strong></span> <span class='ocrx_word' id='word_1_504' title='bbox 1541 805 1660 833; x_wconf 89' lang='lat' dir='ltr'><strong>animam</strong></span> 
     </span>
    </p>
   </div>
   <div class='ocr_carea' id='block_1_71' title="bbox 875 845 1661 885">
    <p class='ocr_par' dir='ltr' id='par_1_71' title="bbox 875 845 1661 885">
     <span class='ocr_line' id='line_1_71' title="bbox 875 845 1661 885; baseline 0.009 -14"><span class='ocrx_word' id='word_1_505' title='bbox 875 845 951 879; x_wconf 82' lang='lat' dir='ltr'><strong>justi,</strong></span> <span class='ocrx_word' id='word_1_506' title='bbox 969 853 1086 880; x_wconf 88' lang='lat' dir='ltr'><strong>quarutn</strong></span> <span class='ocrx_word' id='word_1_507' title='bbox 1099 846 1188 880; x_wconf 77' lang='lat' dir='ltr'><strong>laquei</strong></span> <span class='ocrx_word' id='word_1_508' title='bbox 1201 850 1265 873; x_wconf 90' lang='lat' dir='ltr'><strong>sunt</strong></span> <span class='ocrx_word' id='word_1_509' title='bbox 1281 847 1306 875; x_wconf 91' lang='lat' dir='ltr'><strong>bi</strong></span> <span class='ocrx_word' id='word_1_510' title='bbox 1319 855 1386 882; x_wconf 91' lang='lat' dir='ltr'><strong>quos</strong></span> <span class='ocrx_word' id='word_1_511' title='bbox 1404 850 1540 883; x_wconf 84' lang='lat' dir='ltr'><strong>obsident,</strong></span> <span class='ocrx_word' id='word_1_512' title='bbox 1561 852 1661 885; x_wconf 87' lang='lat' dir='ltr'><strong>quique</strong></span> 
     </span>
    </p>
   </div>
   <div class='ocr_carea' id='block_1_72' title="bbox 877 891 1660 928">
    <p class='ocr_par' dir='ltr' id='par_1_72' title="bbox 877 891 1660 928">
     <span class='ocr_line' id='line_1_72' title="bbox 877 891 1660 928; baseline 0.006 -11"><span class='ocrx_word' id='word_1_513' title='bbox 877 891 1005 924; x_wconf 72' lang='lat' dir='ltr'><strong>instigant</strong></span> <span class='ocrx_word' id='word_1_514' title='bbox 1031 896 1058 918; x_wconf 90' lang='lat' dir='ltr'><strong>et</strong></span> <span class='ocrx_word' id='word_1_515' title='bbox 1085 896 1234 925; x_wconf 87' lang='lat' dir='ltr'><strong>provocant</strong></span> <span class='ocrx_word' id='word_1_516' title='bbox 1259 900 1308 920; x_wconf 88' lang='lat' dir='ltr'><strong>nos</strong></span> <span class='ocrx_word' id='word_1_517' title='bbox 1333 893 1364 920; x_wconf 89' lang='lat' dir='ltr'><strong>ad</strong></span> <span class='ocrx_word' id='word_1_518' title='bbox 1392 895 1558 928; x_wconf 87' lang='lat' dir='ltr'><strong>peccandum</strong></span> <span class='ocrx_word' id='word_1_519' title='bbox 1573 903 1580 927; x_wconf 90' lang='lat'><strong>;</strong></span> <span class='ocrx_word' id='word_1_520' title='bbox 1595 896 1660 923; x_wconf 88' lang='lat' dir='ltr'><strong>item</strong></span> 
     </span>
    </p>
   </div>
   <div class='ocr_carea' id='block_1_73' title="bbox 876 936 1661 972">
    <p class='ocr_par' dir='ltr' id='par_1_73' title="bbox 876 936 1661 972">
     <span class='ocr_line' id='line_1_73' title="bbox 876 936 1661 972; baseline 0.006 -9"><span class='ocrx_word' id='word_1_521' title='bbox 876 937 965 963; x_wconf 84' lang='lat' dir='ltr'><strong>amnis</strong></span> <span class='ocrx_word' id='word_1_522' title='bbox 982 936 1096 963; x_wconf 87' lang='lat' dir='ltr'><strong>tnateria</strong></span> <span class='ocrx_word' id='word_1_523' title='bbox 1111 944 1172 971; x_wconf 76' lang='lat' dir='ltr'><strong>qua:</strong></span> <span class='ocrx_word' id='word_1_524' title='bbox 1185 937 1218 964; x_wconf 86' lang='lat' dir='ltr'><strong>ad</strong></span> <span class='ocrx_word' id='word_1_525' title='bbox 1231 939 1396 972; x_wconf 81' lang='lat' dir='ltr'><strong>peccandum</strong></span> <span class='ocrx_word' id='word_1_526' title='bbox 1411 938 1503 966; x_wconf 82' lang='lat' dir='ltr'><strong>allicit.</strong></span> <span class='ocrx_word' id='word_1_527' title='bbox 1516 939 1574 967; x_wconf 85' lang='lat' dir='ltr'><strong>Non</strong></span> <span class='ocrx_word' id='word_1_528' title='bbox 1588 941 1661 968; x_wconf 86' lang='lat' dir='ltr'><strong>cadit</strong></span> 
     </span>
    </p>
   </div>
   <div class='ocr_carea' id='block_1_74' title="bbox 875 981 1659 1022">
    <p class='ocr_par' dir='ltr' id='par_1_74' title="bbox 875 981 1659 1022">
     <span class='ocr_line' id='line_1_74' title="bbox 875 981 1659 1022; baseline 0.008 -14"><span class='ocrx_word' id='word_1_529' title='bbox 875 987 964 1008; x_wconf 79' lang='lat' dir='ltr'><strong>autent</strong></span> <span class='ocrx_word' id='word_1_530' title='bbox 981 981 1153 1017; x_wconf 87' lang='lat' dir='ltr'><strong>passerculus</strong></span> <span class='ocrx_word' id='word_1_531' title='bbox 1181 982 1208 1009; x_wconf 92' lang='lat' dir='ltr'><strong>in</strong></span> <span class='ocrx_word' id='word_1_532' title='bbox 1234 982 1362 1018; x_wconf 87' lang='lat' dir='ltr'><strong>laqueum</strong></span> <span class='ocrx_word' id='word_1_533' title='bbox 1384 984 1444 1012; x_wconf 91' lang='lat' dir='ltr'><strong>sine</strong></span> <span class='ocrx_word' id='word_1_534' title='bbox 1459 984 1540 1013; x_wconf 83' lang='lat' dir='ltr'><strong>Patre</strong></span> <span class='ocrx_word' id='word_1_535' title='bbox 1563 987 1610 1022; x_wconf 89' lang='lat' dir='ltr'><strong>qui</strong></span> <span class='ocrx_word' id='word_1_536' title='bbox 1633 987 1659 1015; x_wconf 91' lang='lat' dir='ltr'><strong>in</strong></span> 
     </span>
    </p>
   </div>
   <div class='ocr_carea' id='block_1_75' title="bbox 875 1027 1018 1054">
    <p class='ocr_par' dir='ltr' id='par_1_75' title="bbox 875 1027 1018 1054">
     <span class='ocr_line' id='line_1_75' title="bbox 875 1027 1018 1054; baseline 0 0"><span class='ocrx_word' id='word_1_537' title='bbox 875 1027 952 1054; x_wconf 68' lang='lat' dir='ltr'><strong>caelis</strong></span> <span class='ocrx_word' id='word_1_538' title='bbox 966 1032 1018 1054; x_wconf 84' lang='lat' dir='ltr'><strong>est.</strong></span> 
     </span>
    </p>
   </div>
   <div class='ocr_carea' id='block_1_76' title="bbox 910 1072 1661 1108">
    <p class='ocr_par' dir='ltr' id='par_1_76' title="bbox 910 1072 1661 1108">
     <span class='ocr_line' id='line_1_76' title="bbox 910 1072 1661 1108; baseline 0.009 -9"><span class='ocrx_word' id='word_1_539' title='bbox 910 1072 974 1100; x_wconf 75' lang='lat' dir='ltr'><strong>lum.</strong></span> <span class='ocrx_word' id='word_1_540' title='bbox 997 1072 1116 1108; x_wconf 78' lang='lat' dir='ltr'><strong>Laqueus</strong></span> <span class='ocrx_word' id='word_1_541' title='bbox 1140 1073 1268 1101; x_wconf 81' lang='lat' dir='ltr'><strong>contritus</strong></span> <span class='ocrx_word' id='word_1_542' title='bbox 1292 1080 1349 1108; x_wconf 80' lang='lat' dir='ltr'><strong>est,</strong></span> <span class='ocrx_word' id='word_1_543' title='bbox 1373 1080 1398 1103; x_wconf 78' lang='lat' dir='ltr'><strong>et</strong></span> <span class='ocrx_word' id='word_1_544' title='bbox 1421 1084 1468 1104; x_wconf 76' lang='lat' dir='ltr'><strong>nos</strong></span> <span class='ocrx_word' id='word_1_545' title='bbox 1491 1077 1596 1105; x_wconf 80' lang='lat' dir='ltr'><strong>liberali</strong></span> <span class='ocrx_word' id='word_1_546' title='bbox 1615 1086 1661 1105; x_wconf 83' lang='lat' dir='ltr'><strong>su-</strong></span> 
     </span>
    </p>
   </div>
   <div class='ocr_carea' id='block_1_77' title="bbox 874 1119 1661 1160">
    <p class='ocr_par' dir='ltr' id='par_1_77' title="bbox 874 1119 1661 1160">
     <span class='ocr_line' id='line_1_77' title="bbox 874 1119 1661 1160; baseline 0.009 -15"><span class='ocrx_word' id='word_1_547' title='bbox 874 1127 943 1152; x_wconf 73' lang='lat' dir='ltr'><strong>mus,</strong></span> <span class='ocrx_word' id='word_1_548' title='bbox 960 1124 1010 1146; x_wconf 90' lang='lat' dir='ltr'><strong>etc.</strong></span> <span class='ocrx_word' id='word_1_549' title='bbox 1029 1120 1110 1146; x_wconf 91' lang='lat' dir='ltr'><strong>Vetus</strong></span> <span class='ocrx_word' id='word_1_550' title='bbox 1130 1119 1333 1148; x_wconf 64' lang='lat' dir='ltr'><strong>Testamentum</strong></span> <span class='ocrx_word' id='word_1_551' title='bbox 1351 1121 1461 1156; x_wconf 83' lang='lat' dir='ltr'><strong>laqueos</strong></span> <span class='ocrx_word' id='word_1_552' title='bbox 1482 1124 1526 1158; x_wconf 86' lang='lat' dir='ltr'><strong>qui</strong></span> <span class='ocrx_word' id='word_1_553' title='bbox 1545 1125 1578 1152; x_wconf 91' lang='lat' dir='ltr'><strong>ad</strong></span> <span class='ocrx_word' id='word_1_554' title='bbox 1592 1132 1661 1160; x_wconf 85' lang='lat' dir='ltr'><strong>opus</strong></span> 
     </span>
    </p>
   </div>
   <div class='ocr_carea' id='block_1_78' title="bbox 874 1165 1657 1203">
    <p class='ocr_par' dir='ltr' id='par_1_78' title="bbox 874 1165 1657 1203">
     <span class='ocr_line' id='line_1_78' title="bbox 874 1165 1657 1203; baseline 0.009 -13"><span class='ocrx_word' id='word_1_555' title='bbox 874 1170 1009 1199; x_wconf 74' lang='lat' dir='ltr'><strong>spectant,</strong></span> <span class='ocrx_word' id='word_1_556' title='bbox 1022 1165 1138 1193; x_wconf 88' lang='lat' dir='ltr'><strong>conterit</strong></span> <span class='ocrx_word' id='word_1_557' title='bbox 1149 1166 1199 1193; x_wconf 87' lang='lat' dir='ltr'><strong>bac</strong></span> <span class='ocrx_word' id='word_1_558' title='bbox 1210 1167 1269 1202; x_wconf 79' lang='lat' dir='ltr'><strong>lege</strong></span> <span class='ocrx_word' id='word_1_559' title='bbox 1285 1178 1290 1195; x_wconf 88' lang='lat'>:</span> <span class='ocrx_word' id='word_1_560' title='bbox 1306 1176 1315 1193; x_wconf 78' lang='grc' dir='ltr'><strong>ε</strong></span> <span class='ocrx_word' id='word_1_561' title='bbox 1329 1167 1389 1195; x_wconf 84' lang='lat' dir='ltr'><strong>Non</strong></span> <span class='ocrx_word' id='word_1_562' title='bbox 1404 1169 1585 1197; x_wconf 70' lang='lat' dir='ltr'><strong>nitncbaberis</strong></span> <span class='ocrx_word' id='word_1_563' title='bbox 1597 1170 1635 1203; x_wconf 74' lang='grc' dir='ltr'>κς</span> <span class='ocrx_word' id='word_1_564' title='bbox 1647 1179 1657 1197; x_wconf 76' lang='grc' dir='ltr'><strong>ι</strong></span> 
     </span>
    </p>
   </div>
   <div class='ocr_carea' id='block_1_79' title="bbox 874 1208 1660 1248">
    <p class='ocr_par' dir='ltr' id='par_1_79' title="bbox 874 1208 1660 1248">
     <span class='ocr_line' id='line_1_79' title="bbox 874 1208 1660 1248; baseline 0.008 -12"><span class='ocrx_word' id='word_1_565' title='bbox 874 1208 978 1236; x_wconf 83' lang='grc' dir='ltr'>Νονιιιη</span> <span class='ocrx_word' id='word_1_566' title='bbox 991 1218 1054 1238; x_wconf 86' lang='lat' dir='ltr'><strong>vero</strong></span> <span class='ocrx_word' id='word_1_567' title='bbox 1071 1212 1183 1246; x_wconf 82' lang='lat' dir='ltr'><strong>laqueos</strong></span> <span class='ocrx_word' id='word_1_568' title='bbox 1194 1212 1228 1238; x_wconf 87' lang='lat' dir='ltr'><strong>ad</strong></span> <span class='ocrx_word' id='word_1_569' title='bbox 1243 1217 1361 1240; x_wconf 86' lang='lat' dir='ltr'><strong>mentem</strong></span> <span class='ocrx_word' id='word_1_570' title='bbox 1378 1218 1533 1248; x_wconf 83' lang='lat' dir='ltr'><strong>spectantes</strong></span> <span class='ocrx_word' id='word_1_571' title='bbox 1543 1216 1660 1242; x_wconf 85' lang='lat' dir='ltr'><strong>conterit</strong></span> 
     </span>
    </p>
   </div>
   <div class='ocr_carea' id='block_1_80' title="bbox 874 1255 1661 1291">
    <p class='ocr_par' dir='ltr' id='par_1_80' title="bbox 874 1255 1661 1291">
     <span class='ocr_line' id='line_1_80' title="bbox 874 1255 1661 1291; baseline 0.004 -7"><span class='ocrx_word' id='word_1_572' title='bbox 874 1256 926 1284; x_wconf 84' lang='lat' dir='ltr'><strong>ista</strong></span> <span class='ocrx_word' id='word_1_573' title='bbox 940 1265 947 1283; x_wconf 91' lang='lat'>:</span> <span class='ocrx_word' id='word_1_574' title='bbox 964 1265 974 1282; x_wconf 85' lang='grc'><strong><em>‹</em></strong></span> <span class='ocrx_word' id='word_1_575' title='bbox 993 1255 1051 1284; x_wconf 81' lang='lat' dir='ltr'><strong>Non</strong></span> <span class='ocrx_word' id='word_1_576' title='bbox 1069 1257 1247 1291; x_wconf 84' lang='lat' dir='ltr'><strong>concupisces</strong></span> <span class='ocrx_word' id='word_1_577' title='bbox 1263 1257 1297 1285; x_wconf 76' lang='grc'><strong>⁸⁷.</strong></span> <span class='ocrx_word' id='word_1_578' title='bbox 1315 1267 1325 1284; x_wconf 71' lang='grc' dir='ltr'><strong>ι</strong></span> <span class='ocrx_word' id='word_1_579' title='bbox 1347 1258 1541 1286; x_wconf 82' lang='lat' dir='ltr'><strong>Verumtamen</strong></span> <span class='ocrx_word' id='word_1_580' title='bbox 1557 1259 1582 1286; x_wconf 91' lang='lat' dir='ltr'><strong>in</strong></span> <span class='ocrx_word' id='word_1_581' title='bbox 1597 1259 1661 1288; x_wconf 80' lang='lat' dir='ltr'><strong>Abi—</strong></span> 
     </span>
    </p>
   </div>
   <div class='ocr_carea' id='block_1_81' title="bbox 873 1302 1658 1340">
    <p class='ocr_par' dir='ltr' id='par_1_81' title="bbox 873 1302 1658 1340">
     <span class='ocr_line' id='line_1_81' title="bbox 873 1302 1658 1340; baseline 0.005 -11"><span class='ocrx_word' id='word_1_582' title='bbox 873 1302 978 1329; x_wconf 81' lang='lat' dir='ltr'><strong>metecit</strong></span> <span class='ocrx_word' id='word_1_583' title='bbox 1004 1309 1068 1337; x_wconf 70' lang='lat' dir='ltr'><strong>rege</strong></span> <span class='ocrx_word' id='word_1_584' title='bbox 1084 1302 1216 1330; x_wconf 85' lang='lat' dir='ltr'><strong>Gerarum</strong></span> <span class='ocrx_word' id='word_1_585' title='bbox 1243 1303 1367 1338; x_wconf 89' lang='lat' dir='ltr'><strong>laqueum</strong></span> <span class='ocrx_word' id='word_1_586' title='bbox 1389 1305 1422 1331; x_wconf 82' lang='lat' dir='ltr'><strong>ad</strong></span> <span class='ocrx_word' id='word_1_587' title='bbox 1442 1312 1509 1340; x_wconf 86' lang='lat' dir='ltr'><strong>opus</strong></span> <span class='ocrx_word' id='word_1_588' title='bbox 1531 1310 1658 1340; x_wconf 84' lang='lat' dir='ltr'><strong>spectan-</strong></span> 
     </span>
    </p>
   </div>
   <div class='ocr_carea' id='block_1_82' title="bbox 874 1348 1656 1385">
    <p class='ocr_par' dir='ltr' id='par_1_82' title="bbox 874 1348 1656 1385">
     <span class='ocr_line' id='line_1_82' title="bbox 874 1348 1656 1385; baseline 0.005 -11"><span class='ocrx_word' id='word_1_589' title='bbox 874 1351 928 1375; x_wconf 74' lang='lat' dir='ltr'><strong>tem</strong></span> <span class='ocrx_word' id='word_1_590' title='bbox 943 1348 1083 1381; x_wconf 85' lang='lat' dir='ltr'><strong>contrivit,</strong></span> <span class='ocrx_word' id='word_1_591' title='bbox 1097 1349 1207 1383; x_wconf 83' lang='lat' dir='ltr'><strong>quando</strong></span> <span class='ocrx_word' id='word_1_592' title='bbox 1227 1357 1280 1376; x_wconf 91' lang='lat' dir='ltr'><strong>non</strong></span> <span class='ocrx_word' id='word_1_593' title='bbox 1299 1351 1423 1385; x_wconf 85' lang='lat' dir='ltr'><strong>permisit</strong></span> <span class='ocrx_word' id='word_1_594' title='bbox 1438 1351 1525 1385; x_wconf 88' lang='lat' dir='ltr'><strong>ipsutn</strong></span> <span class='ocrx_word' id='word_1_595' title='bbox 1538 1351 1656 1379; x_wconf 86' lang='lat' dir='ltr'><strong>alienant</strong></span> 
     </span>
    </p>
   </div>
   <div class='ocr_carea' id='block_1_83' title="bbox 873 1395 1656 1431">
    <p class='ocr_par' dir='ltr' id='par_1_83' title="bbox 873 1395 1656 1431">
     <span class='ocr_line' id='line_1_83' title="bbox 873 1395 1656 1431; baseline 0.005 -11"><span class='ocrx_word' id='word_1_596' title='bbox 873 1401 985 1421; x_wconf 79' lang='lat' dir='ltr'><strong>uxorem</strong></span> <span class='ocrx_word' id='word_1_597' title='bbox 1005 1399 1139 1430; x_wconf 77' lang='lat' dir='ltr'><strong>tangere;</strong></span> <span class='ocrx_word' id='word_1_598' title='bbox 1157 1395 1182 1422; x_wconf 91' lang='lat' dir='ltr'><strong>in</strong></span> <span class='ocrx_word' id='word_1_599' title='bbox 1202 1395 1302 1430; x_wconf 78' lang='lat' dir='ltr'><strong>Joseph</strong></span> <span class='ocrx_word' id='word_1_600' title='bbox 1318 1403 1386 1423; x_wconf 83' lang='lat' dir='ltr'><strong>vero</strong></span> <span class='ocrx_word' id='word_1_601' title='bbox 1405 1395 1532 1431; x_wconf 88' lang='lat' dir='ltr'><strong>laqueum</strong></span> <span class='ocrx_word' id='word_1_602' title='bbox 1557 1397 1602 1431; x_wconf 89' lang='lat' dir='ltr'><strong>qui</strong></span> <span class='ocrx_word' id='word_1_603' title='bbox 1623 1397 1656 1424; x_wconf 86' lang='lat' dir='ltr'><strong>ad</strong></span> 
     </span>
    </p>
   </div>
   <div class='ocr_carea' id='block_1_84' title="bbox 873 1441 1658 1478">
    <p class='ocr_par' dir='ltr' id='par_1_84' title="bbox 873 1441 1658 1478">
     <span class='ocr_line' id='line_1_84' title="bbox 873 1441 1658 1478; baseline 0.005 -12"><span class='ocrx_word' id='word_1_604' title='bbox 873 1444 992 1467; x_wconf 85' lang='lat' dir='ltr'><strong>mentem</strong></span> <span class='ocrx_word' id='word_1_605' title='bbox 1006 1441 1159 1475; x_wconf 85' lang='lat' dir='ltr'><strong>spectabat,</strong></span> <span class='ocrx_word' id='word_1_606' title='bbox 1176 1441 1302 1476; x_wconf 84' lang='lat' dir='ltr'><strong>disrupit.</strong></span> <span class='ocrx_word' id='word_1_607' title='bbox 1321 1441 1378 1469; x_wconf 85' lang='lat' dir='ltr'><strong>Non</strong></span> <span class='ocrx_word' id='word_1_608' title='bbox 1398 1443 1470 1470; x_wconf 81' lang='lat' dir='ltr'><strong>enim</strong></span> <span class='ocrx_word' id='word_1_609' title='bbox 1487 1450 1501 1469; x_wconf 91' lang='lat' dir='ltr'><strong>a</strong></span> <span class='ocrx_word' id='word_1_610' title='bbox 1516 1442 1658 1478; x_wconf 87' lang='lat' dir='ltr'><strong>Scriptura</strong></span> 
     </span>
    </p>
   </div>
   <div class='ocr_carea' id='block_1_85' title="bbox 874 1484 1658 1521">
    <p class='ocr_par' dir='ltr' id='par_1_85' title="bbox 874 1484 1658 1521">
     <span class='ocr_line' id='line_1_85' title="bbox 874 1484 1658 1521; baseline 0.006 -10"><span class='ocrx_word' id='word_1_611' title='bbox 874 1484 992 1512; x_wconf 83' lang='lat' dir='ltr'><strong>refertur</strong></span> <span class='ocrx_word' id='word_1_612' title='bbox 1008 1486 1124 1513; x_wconf 82' lang='lat' dir='ltr'><strong>alienam</strong></span> <span class='ocrx_word' id='word_1_613' title='bbox 1148 1487 1337 1521; x_wconf 83' lang='lat' dir='ltr'><strong>concupivisse</strong></span> <span class='ocrx_word' id='word_1_614' title='bbox 1352 1494 1476 1515; x_wconf 79' lang='lat' dir='ltr'><strong>uxorem.</strong></span> <span class='ocrx_word' id='word_1_615' title='bbox 1501 1488 1542 1516; x_wconf 81' lang='lat' dir='ltr'><strong>Ac</strong></span> <span class='ocrx_word' id='word_1_616' title='bbox 1562 1489 1658 1516; x_wconf 81' lang='lat' dir='ltr'><strong>beatus</strong></span> 
     </span>
    </p>
   </div>
   <div class='ocr_carea' id='block_1_86' title="bbox 876 1531 1657 1569">
    <p class='ocr_par' dir='ltr' id='par_1_86' title="bbox 876 1531 1657 1569">
     <span class='ocr_line' id='line_1_86' title="bbox 876 1531 1657 1569; baseline 0.004 -12"><span class='ocrx_word' id='word_1_617' title='bbox 876 1531 985 1565; x_wconf 84' lang='lat' dir='ltr'><strong>quidem</strong></span> <span class='ocrx_word' id='word_1_618' title='bbox 1001 1536 1043 1558; x_wconf 88' lang='lat' dir='ltr'><strong>est</strong></span> <span class='ocrx_word' id='word_1_619' title='bbox 1054 1532 1131 1566; x_wconf 88' lang='lat' dir='ltr'><strong>cujus</strong></span> <span class='ocrx_word' id='word_1_620' title='bbox 1148 1538 1316 1566; x_wconf 85' lang='lat' dir='ltr'><strong>spectantem</strong></span> <span class='ocrx_word' id='word_1_621' title='bbox 1331 1534 1365 1559; x_wconf 79' lang='lat' dir='ltr'><strong>nd</strong></span> <span class='ocrx_word' id='word_1_622' title='bbox 1379 1541 1447 1568; x_wconf 88' lang='lat' dir='ltr'><strong>opus</strong></span> <span class='ocrx_word' id='word_1_623' title='bbox 1461 1534 1586 1569; x_wconf 87' lang='lat' dir='ltr'><strong>laqueum</strong></span> <span class='ocrx_word' id='word_1_624' title='bbox 1602 1533 1657 1560; x_wconf 79' lang='lat' dir='ltr'><strong>Do-</strong></span> 
     </span>
    </p>
   </div>
   <div class='ocr_carea' id='block_1_87' title="bbox 877 1576 1658 1612">
    <p class='ocr_par' dir='ltr' id='par_1_87' title="bbox 877 1576 1658 1612">
     <span class='ocr_line' id='line_1_87' title="bbox 877 1576 1658 1612; baseline 0.003 -10"><span class='ocrx_word' id='word_1_625' title='bbox 877 1576 966 1602; x_wconf 85' lang='lat' dir='ltr'><strong>minus</strong></span> <span class='ocrx_word' id='word_1_626' title='bbox 981 1576 1120 1608; x_wconf 87' lang='lat' dir='ltr'><strong>contrivit,</strong></span> <span class='ocrx_word' id='word_1_627' title='bbox 1137 1577 1244 1604; x_wconf 83' lang='lat' dir='ltr'><strong>beatior</strong></span> <span class='ocrx_word' id='word_1_628' title='bbox 1259 1585 1334 1609; x_wconf 88' lang='lat' dir='ltr'><strong>vero,</strong></span> <span class='ocrx_word' id='word_1_629' title='bbox 1347 1577 1424 1612; x_wconf 89' lang='lat' dir='ltr'><strong>cujus</strong></span> <span class='ocrx_word' id='word_1_630' title='bbox 1440 1582 1607 1612; x_wconf 86' lang='lat' dir='ltr'><strong>spectantem</strong></span> <span class='ocrx_word' id='word_1_631' title='bbox 1624 1578 1658 1604; x_wconf 85' lang='lat' dir='ltr'><strong>ad</strong></span> 
     </span>
    </p>
   </div>
   <div class='ocr_carea' id='block_1_88' title="bbox 875 1621 1661 1656">
    <p class='ocr_par' dir='ltr' id='par_1_88' title="bbox 875 1621 1661 1656">
     <span class='ocr_line' id='line_1_88' title="bbox 875 1621 1661 1656; baseline 0.003 -8"><span class='ocrx_word' id='word_1_632' title='bbox 875 1621 1069 1654; x_wconf 79' lang='lat' dir='ltr'><strong>cogitationem</strong></span> <span class='ocrx_word' id='word_1_633' title='bbox 1083 1621 1208 1656; x_wconf 88' lang='lat' dir='ltr'><strong>laquenut</strong></span> <span class='ocrx_word' id='word_1_634' title='bbox 1228 1623 1262 1650; x_wconf 86' lang='lat' dir='ltr'><strong>ita</strong></span> <span class='ocrx_word' id='word_1_635' title='bbox 1277 1623 1404 1656; x_wconf 90' lang='lat' dir='ltr'><strong>disrupit,</strong></span> <span class='ocrx_word' id='word_1_636' title='bbox 1423 1626 1515 1649; x_wconf 88' lang='lat' dir='ltr'><strong>utnon</strong></span> <span class='ocrx_word' id='word_1_637' title='bbox 1533 1622 1661 1650; x_wconf 71' lang='lat' dir='ltr'><strong>inventus</strong></span> 
     </span>
    </p>
   </div>
   <div class='ocr_carea' id='block_1_89' title="bbox 873 1666 1194 1702">
    <p class='ocr_par' dir='ltr' id='par_1_89' title="bbox 873 1666 1194 1702">
     <span class='ocr_line' id='line_1_89' title="bbox 873 1666 1194 1702; baseline 0.003 -9"><span class='ocrx_word' id='word_1_638' title='bbox 873 1666 909 1693; x_wconf 86' lang='lat' dir='ltr'><strong>sit</strong></span> <span class='ocrx_word' id='word_1_639' title='bbox 924 1666 1001 1695; x_wconf 83' lang='lat' dir='ltr'><strong>dolus</strong></span> <span class='ocrx_word' id='word_1_640' title='bbox 1019 1667 1046 1694; x_wconf 93' lang='lat' dir='ltr'><strong>in</strong></span> <span class='ocrx_word' id='word_1_641' title='bbox 1064 1675 1112 1695; x_wconf 88' lang='lat' dir='ltr'><strong>ore</strong></span> <span class='ocrx_word' id='word_1_642' title='bbox 1126 1668 1194 1702; x_wconf 80' lang='lat' dir='ltr'><strong>ejus.</strong></span> 
     </span>
    </p>
   </div>
   <div class='ocr_carea' id='block_1_90' title="bbox 1056 1755 1467 1793">
    <p class='ocr_par' dir='ltr' id='par_1_90' title="bbox 1056 1755 1467 1793">
     <span class='ocr_line' id='line_1_90' title="bbox 1056 1755 1467 1793; baseline -0.005 -7"><span class='ocrx_word' id='word_1_643' title='bbox 1056 1756 1139 1793; x_wconf 65' lang='grc'><strong>824</strong></span> <span class='ocrx_word' id='word_1_644' title='bbox 1162 1755 1321 1784; x_wconf 74' lang='lat' dir='ltr'><strong>PSALMUS</strong></span> <span class='ocrx_word' id='word_1_645' title='bbox 1350 1757 1467 1785; x_wconf 76' lang='lat' dir='ltr'><strong>CXXIV.</strong></span> 
     </span>
    </p>
   </div>
   <div class='ocr_carea' id='block_1_91' title="bbox 910 1802 1659 1836">
    <p class='ocr_par' dir='ltr' id='par_1_91' title="bbox 910 1802 1659 1836">
     <span class='ocr_line' id='line_1_91' title="bbox 910 1802 1659 1836; baseline 0.004 -7"><span class='ocrx_word' id='word_1_646' title='bbox 910 1802 993 1830; x_wconf 73' lang='lat' dir='ltr'><strong>Vens.</strong></span> <span class='ocrx_word' id='word_1_647' title='bbox 1014 1804 1040 1830; x_wconf 76' lang='lat' dir='ltr'><strong>l.</strong></span> <span class='ocrx_word' id='word_1_648' title='bbox 1063 1804 1114 1836; x_wconf 80' lang='lat' dir='ltr'><strong>Qui</strong></span> <span class='ocrx_word' id='word_1_649' title='bbox 1133 1803 1270 1836; x_wconf 75' lang='lat' dir='ltr'><strong>conﬁdunt</strong></span> <span class='ocrx_word' id='word_1_650' title='bbox 1297 1802 1324 1828; x_wconf 86' lang='lat' dir='ltr'><strong>in</strong></span> <span class='ocrx_word' id='word_1_651' title='bbox 1346 1802 1458 1830; x_wconf 81' lang='lat' dir='ltr'><strong>Domino</strong></span> <span class='ocrx_word' id='word_1_652' title='bbox 1486 1804 1553 1830; x_wconf 73' lang='lat' dir='ltr'><strong>sicut</strong></span> <span class='ocrx_word' id='word_1_653' title='bbox 1583 1812 1659 1834; x_wconf 74' lang='lat' dir='ltr'><strong>mons</strong></span> 
     </span>
    </p>
   </div>
   <div class='ocr_carea' id='block_1_92' title="bbox 872 1847 1660 1882">
    <p class='ocr_par' dir='ltr' id='par_1_92' title="bbox 872 1847 1660 1882">
     <span class='ocr_line' id='line_1_92' title="bbox 872 1847 1660 1882; baseline 0.001 -7"><span class='ocrx_word' id='word_1_654' title='bbox 872 1847 950 1880; x_wconf 84' lang='lat' dir='ltr'><strong>Sion,</strong></span> <span class='ocrx_word' id='word_1_655' title='bbox 969 1853 1021 1876; x_wconf 89' lang='lat' dir='ltr'><strong>etc.</strong></span> <span class='ocrx_word' id='word_1_656' title='bbox 1039 1848 1091 1882; x_wconf 88' lang='lat' dir='ltr'><strong>Qui</strong></span> <span class='ocrx_word' id='word_1_657' title='bbox 1107 1849 1240 1876; x_wconf 87' lang='lat' dir='ltr'><strong>accedunt</strong></span> <span class='ocrx_word' id='word_1_658' title='bbox 1254 1848 1287 1876; x_wconf 89' lang='lat' dir='ltr'><strong>ad</strong></span> <span class='ocrx_word' id='word_1_659' title='bbox 1301 1849 1366 1877; x_wconf 83' lang='lat' dir='ltr'><strong>Sion</strong></span> <span class='ocrx_word' id='word_1_660' title='bbox 1383 1853 1501 1876; x_wconf 88' lang='lat' dir='ltr'><strong>montem</strong></span> <span class='ocrx_word' id='word_1_661' title='bbox 1519 1854 1546 1876; x_wconf 85' lang='lat' dir='ltr'><strong>et</strong></span> <span class='ocrx_word' id='word_1_662' title='bbox 1560 1849 1660 1876; x_wconf 63' lang='lat' dir='ltr'><strong>civita-</strong></span> 
     </span>
    </p>
   </div>
   <div class='ocr_carea' id='block_1_93' title="bbox 872 1895 1659 1928">
    <p class='ocr_par' dir='ltr' id='par_1_93' title="bbox 872 1895 1659 1928">
     <span class='ocr_line' id='line_1_93' title="bbox 872 1895 1659 1928; baseline 0.001 -7"><span class='ocrx_word' id='word_1_663' title='bbox 872 1900 925 1922; x_wconf 89' lang='lat' dir='ltr'><strong>tem</strong></span> <span class='ocrx_word' id='word_1_664' title='bbox 950 1895 996 1922; x_wconf 91' lang='lat' dir='ltr'><strong>Dei</strong></span> <span class='ocrx_word' id='word_1_665' title='bbox 1021 1896 1147 1928; x_wconf 80' lang='lat' dir='ltr'><strong>virentis,</strong></span> <span class='ocrx_word' id='word_1_666' title='bbox 1172 1895 1323 1923; x_wconf 79' lang='lat' dir='ltr'><strong>Jerusalem</strong></span> <span class='ocrx_word' id='word_1_667' title='bbox 1351 1895 1502 1927; x_wconf 66' lang='lat' dir='ltr'><strong>caelestem,</strong></span> <span class='ocrx_word' id='word_1_668' title='bbox 1525 1896 1543 1922; x_wconf 93' lang='lat' dir='ltr'><strong>ii</strong></span> <span class='ocrx_word' id='word_1_669' title='bbox 1566 1896 1659 1923; x_wconf 73' lang='lat' dir='ltr'><strong>lerunt</strong></span> 
     </span>
    </p>
   </div>
   <div class='ocr_carea' id='block_1_94' title="bbox 874 1940 1659 1975">
    <p class='ocr_par' dir='ltr' id='par_1_94' title="bbox 874 1940 1659 1975">
     <span class='ocr_line' id='line_1_94' title="bbox 874 1940 1659 1975; baseline 0.003 -9"><span class='ocrx_word' id='word_1_670' title='bbox 874 1940 1017 1975; x_wconf 77' lang='lat' dir='ltr'><strong>imaginem</strong></span> <span class='ocrx_word' id='word_1_671' title='bbox 1032 1941 1162 1974; x_wconf 64' lang='lat' dir='ltr'><strong>caelestis,</strong></span> <span class='ocrx_word' id='word_1_672' title='bbox 1178 1946 1204 1969; x_wconf 89' lang='lat' dir='ltr'><strong>et</strong></span> <span class='ocrx_word' id='word_1_673' title='bbox 1219 1942 1387 1969; x_wconf 87' lang='lat' dir='ltr'><strong>conlidentes</strong></span> <span class='ocrx_word' id='word_1_674' title='bbox 1408 1941 1434 1969; x_wconf 90' lang='lat' dir='ltr'><strong>in</strong></span> <span class='ocrx_word' id='word_1_675' title='bbox 1452 1941 1567 1969; x_wconf 89' lang='lat' dir='ltr'><strong>Domino</strong></span> <span class='ocrx_word' id='word_1_676' title='bbox 1589 1941 1659 1969; x_wconf 79' lang='lat' dir='ltr'><strong>ﬁunt</strong></span> 
     </span>
    </p>
   </div>
   <div class='ocr_carea' id='block_1_95' title="bbox 873 1987 1199 2015">
    <p class='ocr_par' dir='ltr' id='par_1_95' title="bbox 873 1987 1199 2015">
     <span class='ocr_line' id='line_1_95' title="bbox 873 1987 1199 2015; baseline 0.006 -2"><span class='ocrx_word' id='word_1_677' title='bbox 873 1987 943 2014; x_wconf 82' lang='lat' dir='ltr'><strong>sicut</strong></span> <span class='ocrx_word' id='word_1_678' title='bbox 960 1987 1006 2014; x_wconf 91' lang='lat' dir='ltr'><strong>ille</strong></span> <span class='ocrx_word' id='word_1_679' title='bbox 1020 1995 1097 2015; x_wconf 77' lang='lat' dir='ltr'><strong>mons</strong></span> <span class='ocrx_word' id='word_1_680' title='bbox 1121 1987 1199 2015; x_wconf 88' lang='lat' dir='ltr'><strong>Sion.</strong></span> 
     </span>
    </p>
   </div>
   <div class='ocr_carea' id='block_1_96' title="bbox 907 2032 1659 2068">
    <p class='ocr_par' dir='ltr' id='par_1_96' title="bbox 907 2032 1659 2068">
     <span class='ocr_line' id='line_1_96' title="bbox 907 2032 1659 2068; baseline 0.003 -9"><span class='ocrx_word' id='word_1_681' title='bbox 907 2032 1044 2066; x_wconf 75' lang='lat' dir='ltr'><strong>Eiusdem.</strong></span> <span class='ocrx_word' id='word_1_682' title='bbox 1071 2033 1099 2060; x_wconf 88' lang='lat' dir='ltr'><strong>Si</strong></span> <span class='ocrx_word' id='word_1_683' title='bbox 1126 2041 1159 2061; x_wconf 78' lang='lat' dir='ltr'><strong>ex</strong></span> <span class='ocrx_word' id='word_1_684' title='bbox 1188 2033 1284 2061; x_wconf 82' lang='lat' dir='ltr'><strong>ﬁducia</strong></span> <span class='ocrx_word' id='word_1_685' title='bbox 1308 2034 1336 2061; x_wconf 89' lang='lat' dir='ltr'><strong>in</strong></span> <span class='ocrx_word' id='word_1_686' title='bbox 1362 2033 1444 2061; x_wconf 91' lang='lat' dir='ltr'><strong>Deum</strong></span> <span class='ocrx_word' id='word_1_687' title='bbox 1466 2033 1495 2060; x_wconf 82' lang='lat' dir='ltr'><strong>ﬁt</strong></span> <span class='ocrx_word' id='word_1_688' title='bbox 1521 2033 1659 2068; x_wconf 73' lang='lat' dir='ltr'><strong>quispiam</strong></span> 
     </span>
    </p>
   </div>
   <div class='ocr_carea' id='block_1_97' title="bbox 875 2080 1657 2115">
    <p class='ocr_par' dir='ltr' id='par_1_97' title="bbox 875 2080 1657 2115">
     <span class='ocr_line' id='line_1_97' title="bbox 875 2080 1657 2115; baseline 0 -9"><span class='ocrx_word' id='word_1_689' title='bbox 875 2083 1002 2113; x_wconf 85' lang='lat' dir='ltr'><strong>tanquam</strong></span> <span class='ocrx_word' id='word_1_690' title='bbox 1024 2087 1102 2107; x_wconf 88' lang='lat' dir='ltr'><strong>mons</strong></span> <span class='ocrx_word' id='word_1_691' title='bbox 1122 2080 1199 2111; x_wconf 86' lang='lat' dir='ltr'><strong>Sion.</strong></span> <span class='ocrx_word' id='word_1_692' title='bbox 1219 2080 1289 2107; x_wconf 85' lang='lat' dir='ltr'><strong>alius</strong></span> <span class='ocrx_word' id='word_1_693' title='bbox 1313 2081 1405 2115; x_wconf 90' lang='lat' dir='ltr'><strong>utique</strong></span> <span class='ocrx_word' id='word_1_694' title='bbox 1420 2087 1452 2108; x_wconf 82' lang='lat' dir='ltr'><strong>cx</strong></span> <span class='ocrx_word' id='word_1_695' title='bbox 1469 2080 1520 2107; x_wconf 86' lang='lat' dir='ltr'><strong>alia</strong></span> <span class='ocrx_word' id='word_1_696' title='bbox 1537 2088 1564 2107; x_wconf 89' lang='lat' dir='ltr'><strong>re</strong></span> <span class='ocrx_word' id='word_1_697' title='bbox 1588 2087 1657 2114; x_wconf 90' lang='lat' dir='ltr'><strong>qua-</strong></span> 
     </span>
    </p>
   </div>
   <div class='ocr_carea' id='block_1_98' title="bbox 872 2123 1658 2157">
    <p class='ocr_par' dir='ltr' id='par_1_98' title="bbox 872 2123 1658 2157">
     <span class='ocr_line' id='line_1_98' title="bbox 872 2123 1658 2157; baseline 0.003 -7"><span class='ocrx_word' id='word_1_698' title='bbox 872 2124 942 2157; x_wconf 85' lang='lat' dir='ltr'><strong>piam</strong></span> <span class='ocrx_word' id='word_1_699' title='bbox 957 2123 1003 2150; x_wconf 86' lang='lat' dir='ltr'><strong>ﬁet</strong></span> <span class='ocrx_word' id='word_1_700' title='bbox 1017 2124 1088 2151; x_wconf 90' lang='lat' dir='ltr'><strong>sicut</strong></span> <span class='ocrx_word' id='word_1_701' title='bbox 1100 2132 1176 2151; x_wconf 89' lang='lat' dir='ltr'><strong>mons</strong></span> <span class='ocrx_word' id='word_1_702' title='bbox 1186 2124 1305 2157; x_wconf 86' lang='lat' dir='ltr'><strong>Choreb,</strong></span> <span class='ocrx_word' id='word_1_703' title='bbox 1322 2125 1384 2152; x_wconf 86' lang='lat' dir='ltr'><strong>item</strong></span> <span class='ocrx_word' id='word_1_704' title='bbox 1405 2125 1478 2152; x_wconf 81' lang='lat' dir='ltr'><strong>alius</strong></span> <span class='ocrx_word' id='word_1_705' title='bbox 1491 2125 1561 2152; x_wconf 87' lang='lat' dir='ltr'><strong>sicttt</strong></span> <span class='ocrx_word' id='word_1_706' title='bbox 1577 2132 1658 2152; x_wconf 84' lang='lat' dir='ltr'><strong>mons</strong></span> 
     </span>
    </p>
   </div>
   <div class='ocr_carea' id='block_1_99' title="bbox 872 2168 1657 2206">
    <p class='ocr_par' dir='ltr' id='par_1_99' title="bbox 872 2168 1657 2206">
     <span class='ocr_line' id='line_1_99' title="bbox 872 2168 1657 2206; baseline 0.004 -10"><span class='ocrx_word' id='word_1_707' title='bbox 872 2168 935 2196; x_wconf 91' lang='lat' dir='ltr'><strong>Sina</strong></span> <span class='ocrx_word' id='word_1_708' title='bbox 961 2177 968 2202; x_wconf 90' lang='lat'><strong>;</strong></span> <span class='ocrx_word' id='word_1_709' title='bbox 997 2174 1024 2197; x_wconf 91' lang='lat' dir='ltr'><strong>ct</strong></span> <span class='ocrx_word' id='word_1_710' title='bbox 1049 2177 1064 2198; x_wconf 93' lang='lat' dir='ltr'><strong>e</strong></span> <span class='ocrx_word' id='word_1_711' title='bbox 1091 2170 1200 2197; x_wconf 83' lang='lat' dir='ltr'><strong>diverso</strong></span> <span class='ocrx_word' id='word_1_712' title='bbox 1224 2170 1271 2197; x_wconf 82' lang='lat' dir='ltr'><strong>ﬁet</strong></span> <span class='ocrx_word' id='word_1_713' title='bbox 1295 2171 1394 2205; x_wconf 86' lang='lat' dir='ltr'><strong>aliquis</strong></span> <span class='ocrx_word' id='word_1_714' title='bbox 1420 2175 1548 2206; x_wconf 82' lang='lat' dir='ltr'><strong>tanquam</strong></span> <span class='ocrx_word' id='word_1_715' title='bbox 1576 2179 1657 2199; x_wconf 57' lang='lat' dir='ltr'><strong>mors</strong></span> 
     </span>
    </p>
   </div>
   <div class='ocr_carea' id='block_1_100' title="bbox 872 2215 1653 2252">
    <p class='ocr_par' dir='ltr' id='par_1_100' title="bbox 872 2215 1653 2252">
     <span class='ocr_line' id='line_1_100' title="bbox 872 2215 1653 2252; baseline 0.001 -9"><span class='ocrx_word' id='word_1_716' title='bbox 872 2215 992 2251; x_wconf 67' lang='lat' dir='ltr'><strong>Egypti,</strong></span> <span class='ocrx_word' id='word_1_717' title='bbox 1010 2221 1037 2243; x_wconf 88' lang='lat' dir='ltr'><strong>et</strong></span> <span class='ocrx_word' id='word_1_718' title='bbox 1051 2217 1122 2243; x_wconf 89' lang='lat' dir='ltr'><strong>sicut</strong></span> <span class='ocrx_word' id='word_1_719' title='bbox 1137 2224 1215 2244; x_wconf 88' lang='lat' dir='ltr'><strong>mons</strong></span> <span class='ocrx_word' id='word_1_720' title='bbox 1229 2216 1384 2252; x_wconf 80' lang='lat' dir='ltr'><strong>Babylonis,</strong></span> <span class='ocrx_word' id='word_1_721' title='bbox 1399 2221 1427 2244; x_wconf 84' lang='lat' dir='ltr'><strong>et</strong></span> <span class='ocrx_word' id='word_1_722' title='bbox 1443 2217 1527 2244; x_wconf 86' lang='lat' dir='ltr'><strong>instar</strong></span> <span class='ocrx_word' id='word_1_723' title='bbox 1538 2217 1653 2244; x_wconf 84' lang='lat' dir='ltr'><strong>aliorum</strong></span> 
     </span>
    </p>
   </div>
   <div class='ocr_carea' id='block_1_101' title="bbox 871 2261 1654 2296">
    <p class='ocr_par' dir='ltr' id='par_1_101' title="bbox 871 2261 1654 2296">
     <span class='ocr_line' id='line_1_101' title="bbox 871 2261 1654 2296; baseline 0.003 -9"><span class='ocrx_word' id='word_1_724' title='bbox 871 2262 916 2295; x_wconf 91' lang='lat' dir='ltr'><strong>qui</strong></span> <span class='ocrx_word' id='word_1_725' title='bbox 937 2263 1007 2296; x_wconf 90' lang='lat' dir='ltr'><strong>apud</strong></span> <span class='ocrx_word' id='word_1_726' title='bbox 1029 2262 1121 2289; x_wconf 84' lang='lat' dir='ltr'><strong>hostes</strong></span> <span class='ocrx_word' id='word_1_727' title='bbox 1136 2266 1208 2294; x_wconf 76' lang='lat' dir='ltr'><strong>sunt,</strong></span> <span class='ocrx_word' id='word_1_728' title='bbox 1224 2261 1368 2289; x_wconf 88' lang='lat' dir='ltr'><strong>montium.</strong></span> <span class='ocrx_word' id='word_1_729' title='bbox 1384 2262 1432 2289; x_wconf 89' lang='lat' dir='ltr'><strong>Vel</strong></span> <span class='ocrx_word' id='word_1_730' title='bbox 1448 2264 1517 2288; x_wconf 85' lang='lat' dir='ltr'><strong>sicut</strong></span> <span class='ocrx_word' id='word_1_731' title='bbox 1529 2263 1574 2296; x_wconf 91' lang='lat' dir='ltr'><strong>qui</strong></span> <span class='ocrx_word' id='word_1_732' title='bbox 1589 2271 1654 2289; x_wconf 88' lang='lat' dir='ltr'><strong>con-</strong></span> 
     </span>
    </p>
   </div>
   <div class='ocr_carea' id='block_1_102' title="bbox 870 2305 1655 2338">
    <p class='ocr_par' dir='ltr' id='par_1_102' title="bbox 870 2305 1655 2338">
     <span class='ocr_line' id='line_1_102' title="bbox 870 2305 1655 2338; baseline 0.003 -6"><span class='ocrx_word' id='word_1_733' title='bbox 870 2306 956 2333; x_wconf 83' lang='lat' dir='ltr'><strong>ﬁdunt</strong></span> <span class='ocrx_word' id='word_1_734' title='bbox 974 2307 999 2333; x_wconf 90' lang='lat' dir='ltr'><strong>in</strong></span> <span class='ocrx_word' id='word_1_735' title='bbox 1018 2307 1142 2338; x_wconf 85' lang='lat' dir='ltr'><strong>Domino,</strong></span> <span class='ocrx_word' id='word_1_736' title='bbox 1166 2306 1238 2334; x_wconf 87' lang='lat' dir='ltr'><strong>velut</strong></span> <span class='ocrx_word' id='word_1_737' title='bbox 1262 2313 1340 2333; x_wconf 80' lang='lat' dir='ltr'><strong>mons</strong></span> <span class='ocrx_word' id='word_1_738' title='bbox 1365 2305 1431 2333; x_wconf 88' lang='lat' dir='ltr'><strong>Sion</strong></span> <span class='ocrx_word' id='word_1_739' title='bbox 1454 2312 1527 2338; x_wconf 87' lang='lat' dir='ltr'><strong>sunt,</strong></span> <span class='ocrx_word' id='word_1_740' title='bbox 1552 2307 1587 2334; x_wconf 87' lang='lat' dir='ltr'><strong>ita</strong></span> <span class='ocrx_word' id='word_1_741' title='bbox 1613 2307 1655 2334; x_wconf 81' lang='lat' dir='ltr'><strong>bis</strong></span> 
     </span>
    </p>
   </div>
   <div class='ocr_carea' id='block_1_103' title="bbox 869 2351 1654 2388">
    <p class='ocr_par' dir='ltr' id='par_1_103' title="bbox 869 2351 1654 2388">
     <span class='ocr_line' id='line_1_103' title="bbox 869 2351 1654 2388; baseline 0.001 -10"><span class='ocrx_word' id='word_1_742' title='bbox 869 2351 1014 2380; x_wconf 68' lang='lat' dir='ltr'><strong>inferiores</strong></span> <span class='ocrx_word' id='word_1_743' title='bbox 1033 2356 1113 2380; x_wconf 90' lang='lat' dir='ltr'><strong>erunt</strong></span> <span class='ocrx_word' id='word_1_744' title='bbox 1128 2353 1198 2380; x_wconf 89' lang='lat' dir='ltr'><strong>sicut</strong></span> <span class='ocrx_word' id='word_1_745' title='bbox 1214 2359 1322 2381; x_wconf 86' lang='lat' dir='ltr'><strong>montes</strong></span> <span class='ocrx_word' id='word_1_746' title='bbox 1339 2354 1383 2388; x_wconf 90' lang='lat' dir='ltr'><strong>qui</strong></span> <span class='ocrx_word' id='word_1_747' title='bbox 1401 2358 1465 2381; x_wconf 85' lang='lat' dir='ltr'><strong>sunt</strong></span> <span class='ocrx_word' id='word_1_748' title='bbox 1489 2353 1515 2380; x_wconf 93' lang='lat' dir='ltr'><strong>in</strong></span> <span class='ocrx_word' id='word_1_749' title='bbox 1538 2353 1654 2380; x_wconf 85' lang='lat' dir='ltr'><strong>circuitu</strong></span> 
     </span>
    </p>
   </div>
   <div class='ocr_carea' id='block_1_104' title="bbox 868 2397 937 2430">
    <p class='ocr_par' dir='ltr' id='par_1_104' title="bbox 868 2397 937 2430">
     <span class='ocr_line' id='line_1_104' title="bbox 868 2397 937 2430; baseline 0 -7"><span class='ocrx_word' id='word_1_750' title='bbox 868 2397 937 2430; x_wconf 86' lang='lat' dir='ltr'><strong>ejus.</strong></span> 
     </span>
    </p>
   </div>
   <div class='ocr_carea' id='block_1_105' title="bbox 907 2442 1658 2479">
    <p class='ocr_par' dir='ltr' id='par_1_105' title="bbox 907 2442 1658 2479">
     <span class='ocr_line' id='line_1_105' title="bbox 907 2442 1658 2479; baseline 0.001 -10"><span class='ocrx_word' id='word_1_751' title='bbox 907 2442 988 2470; x_wconf 69' lang='lat' dir='ltr'><strong>Vens.</strong></span> <span class='ocrx_word' id='word_1_752' title='bbox 1008 2442 1036 2470; x_wconf 74' lang='lat'><strong>2.</strong></span> <span class='ocrx_word' id='word_1_753' title='bbox 1057 2443 1158 2471; x_wconf 74' lang='lat' dir='ltr'><strong>Montes</strong></span> <span class='ocrx_word' id='word_1_754' title='bbox 1174 2444 1202 2472; x_wconf 80' lang='lat' dir='ltr'><strong>in</strong></span> <span class='ocrx_word' id='word_1_755' title='bbox 1225 2444 1337 2471; x_wconf 76' lang='lat' dir='ltr'><strong>circuitu</strong></span> <span class='ocrx_word' id='word_1_756' title='bbox 1352 2443 1417 2479; x_wconf 72' lang='lat' dir='ltr'><strong>ejus,</strong></span> <span class='ocrx_word' id='word_1_757' title='bbox 1433 2449 1457 2470; x_wconf 77' lang='lat' dir='ltr'><strong>et</strong></span> <span class='ocrx_word' id='word_1_758' title='bbox 1479 2443 1608 2470; x_wconf 73' lang='lat' dir='ltr'><strong>Dominus</strong></span> <span class='ocrx_word' id='word_1_759' title='bbox 1625 2443 1658 2470; x_wconf 70' lang='lat' dir='ltr'><strong>im</strong></span> 
     </span>
    </p>
   </div>
   <div class='ocr_carea' id='block_1_106' title="bbox 869 2489 1651 2523">
    <p class='ocr_par' dir='ltr' id='par_1_106' title="bbox 869 2489 1651 2523">
     <span class='ocr_line' id='line_1_106' title="bbox 869 2489 1651 2523; baseline 0 -8"><span class='ocrx_word' id='word_1_760' title='bbox 869 2489 983 2516; x_wconf 83' lang='lat' dir='ltr'><strong>circuitu</strong></span> <span class='ocrx_word' id='word_1_761' title='bbox 1000 2490 1090 2523; x_wconf 82' lang='lat' dir='ltr'><strong>populi</strong></span> <span class='ocrx_word' id='word_1_762' title='bbox 1110 2490 1163 2523; x_wconf 77' lang='lat' dir='ltr'><strong>sui,</strong></span> <span class='ocrx_word' id='word_1_763' title='bbox 1185 2494 1239 2517; x_wconf 86' lang='lat' dir='ltr'><strong>etc.</strong></span> <span class='ocrx_word' id='word_1_764' title='bbox 1255 2489 1361 2517; x_wconf 81' lang='lat' dir='ltr'><strong>Montes</strong></span> <span class='ocrx_word' id='word_1_765' title='bbox 1386 2490 1412 2516; x_wconf 92' lang='lat' dir='ltr'><strong>in</strong></span> <span class='ocrx_word' id='word_1_766' title='bbox 1432 2490 1548 2516; x_wconf 83' lang='lat' dir='ltr'><strong>circuitu</strong></span> <span class='ocrx_word' id='word_1_767' title='bbox 1572 2489 1651 2516; x_wconf 80' lang='lat' dir='ltr'><strong>Jeru-</strong></span> 
     </span>
    </p>
   </div>
   <div class='ocr_carea' id='block_1_107' title="bbox 869 2532 1652 2562">
    <p class='ocr_par' dir='ltr' id='par_1_107' title="bbox 869 2532 1652 2562">
     <span class='ocr_line' id='line_1_107' title="bbox 869 2532 1652 2562; baseline 0.001 -3"><span class='ocrx_word' id='word_1_768' title='bbox 869 2533 953 2560; x_wconf 85' lang='lat' dir='ltr'><strong>salem</strong></span> <span class='ocrx_word' id='word_1_769' title='bbox 970 2535 1090 2562; x_wconf 82' lang='lat' dir='ltr'><strong>arbitror</strong></span> <span class='ocrx_word' id='word_1_770' title='bbox 1105 2542 1165 2562; x_wconf 84' lang='lat' dir='ltr'><strong>esse</strong></span> <span class='ocrx_word' id='word_1_771' title='bbox 1177 2535 1283 2562; x_wconf 86' lang='lat' dir='ltr'><strong>divinas</strong></span> <span class='ocrx_word' id='word_1_772' title='bbox 1297 2535 1420 2561; x_wconf 87' lang='lat' dir='ltr'><strong>virtutes.</strong></span> <span class='ocrx_word' id='word_1_773' title='bbox 1436 2532 1503 2560; x_wconf 89' lang='lat' dir='ltr'><strong>Nam</strong></span> <span class='ocrx_word' id='word_1_774' title='bbox 1522 2542 1531 2558; x_wconf 77' lang='grc' dir='ltr'><strong>ι</strong></span> <span class='ocrx_word' id='word_1_775' title='bbox 1547 2538 1652 2560; x_wconf 84' lang='lat' dir='ltr'><strong>castra-</strong></span> 
     </span>
    </p>
   </div>
   <div class='ocr_carea' id='block_1_108' title="bbox 871 2579 1657 2614">
    <p class='ocr_par' dir='ltr' id='par_1_108' title="bbox 871 2579 1657 2614">
     <span class='ocr_line' id='line_1_108' title="bbox 871 2579 1657 2614; baseline -0.001 -9"><span class='ocrx_word' id='word_1_776' title='bbox 871 2584 989 2606; x_wconf 88' lang='lat' dir='ltr'><strong>metatnr</strong></span> <span class='ocrx_word' id='word_1_777' title='bbox 1019 2580 1132 2614; x_wconf 74' lang='lat' dir='ltr'><strong>angelus</strong></span> <span class='ocrx_word' id='word_1_778' title='bbox 1162 2580 1268 2608; x_wconf 88' lang='lat' dir='ltr'><strong>Domini</strong></span> <span class='ocrx_word' id='word_1_779' title='bbox 1301 2580 1326 2606; x_wconf 94' lang='lat' dir='ltr'><strong>in</strong></span> <span class='ocrx_word' id='word_1_780' title='bbox 1357 2579 1473 2607; x_wconf 88' lang='lat' dir='ltr'><strong>circuitu</strong></span> <span class='ocrx_word' id='word_1_781' title='bbox 1500 2579 1657 2606; x_wconf 75' lang='lat' dir='ltr'><strong>timentium</strong></span> 
     </span>
    </p>
   </div>
   <div class='ocr_carea' id='block_1_109' title="bbox 69 2642 1007 2678">
    <p class='ocr_par' dir='ltr' id='par_1_109' title="bbox 69 2642 1007 2678">
     <span class='ocr_line' id='line_1_109' title="bbox 69 2642 1007 2678; baseline 0.005 -9"><span class='ocrx_word' id='word_1_782' title='bbox 69 2648 94 2664; x_wconf 73' lang='grc' dir='ltr'><strong><em>η</em></strong></span> <span class='ocrx_word' id='word_1_783' title='bbox 110 2642 141 2670; x_wconf 82' lang='grc' dir='ltr'><strong>ιιι</strong></span> <span class='ocrx_word' id='word_1_784' title='bbox 152 2642 212 2676; x_wconf 73' lang='lat' dir='ltr'><strong>Reg.</strong></span> <span class='ocrx_word' id='word_1_785' title='bbox 224 2650 291 2674; x_wconf 79' lang='lat' dir='ltr'><strong>xvn,</strong></span> <span class='ocrx_word' id='word_1_786' title='bbox 305 2642 323 2669; x_wconf 72' lang='lat'><strong>2</strong></span> <span class='ocrx_word' id='word_1_787' title='bbox 336 2647 363 2670; x_wconf 90' lang='lat' dir='ltr'><strong>et</strong></span> <span class='ocrx_word' id='word_1_788' title='bbox 374 2649 452 2678; x_wconf 84' lang='lat' dir='ltr'><strong>seqq.</strong></span> <span class='ocrx_word' id='word_1_789' title='bbox 489 2643 512 2660; x_wconf 78' lang='lat'>&quot;</span> <span class='ocrx_word' id='word_1_790' title='bbox 528 2643 614 2671; x_wconf 84' lang='lat' dir='ltr'><strong>Exod.</strong></span> <span class='ocrx_word' id='word_1_791' title='bbox 630 2651 676 2677; x_wconf 76' lang='lat' dir='ltr'><strong>xx,</strong></span> <span class='ocrx_word' id='word_1_792' title='bbox 693 2644 734 2671; x_wconf 70' lang='lat' dir='ltr'><strong>ll.</strong></span> <span class='ocrx_word' id='word_1_793' title='bbox 773 2645 794 2661; x_wconf 74' lang='lat'><strong>‘7</strong></span> <span class='ocrx_word' id='word_1_794' title='bbox 808 2645 886 2673; x_wconf 77' lang='lat' dir='ltr'><strong>Rom.</strong></span> <span class='ocrx_word' id='word_1_795' title='bbox 903 2654 966 2678; x_wconf 79' lang='lat' dir='ltr'><strong>xui,</strong></span> <span class='ocrx_word' id='word_1_796' title='bbox 979 2647 1007 2674; x_wconf 86' lang='lat'><strong>9.</strong></span> 
     </span>
    </p>
   </div>
   <div class='ocr_carea' id='block_1_110' title="bbox 77 2702 815 2739">
    <p class='ocr_par' dir='ltr' id='par_1_110' title="bbox 77 2702 815 2739">
     <span class='ocr_line' id='line_1_110' title="bbox 77 2702 815 2739; baseline 0.001 -8"><span class='ocrx_word' id='word_1_797' title='bbox 77 2703 342 2739; x_wconf 78' lang='grc' dir='ltr'>(68)Ἐρῤὐσθημεν,</span> <span class='ocrx_word' id='word_1_798' title='bbox 371 2708 424 2730; x_wconf 90' lang='lat' dir='ltr'><strong>etc.</strong></span> <span class='ocrx_word' id='word_1_799' title='bbox 453 2702 565 2739; x_wconf 62' lang='lat' dir='ltr'><strong>Schedig</strong></span> <span class='ocrx_word' id='word_1_800' title='bbox 591 2703 700 2736; x_wconf 81' lang='lat' dir='ltr'><strong>GraLii;</strong></span> <span class='ocrx_word' id='word_1_801' title='bbox 727 2704 815 2732; x_wconf 90' lang='lat' dir='ltr'><strong>simile</strong></span> 
     </span>
    </p>
   </div>
   <div class='ocr_carea' id='block_1_111' title="bbox 65 2738 797 2772">
    <p class='ocr_par' dir='ltr' id='par_1_111' title="bbox 65 2738 797 2772">
     <span class='ocr_line' id='line_1_111' title="bbox 65 2738 797 2772; baseline -0.001 -6"><span class='ocrx_word' id='word_1_802' title='bbox 65 2746 129 2767; x_wconf 85' lang='lat' dir='ltr'><strong>utem</strong></span> <span class='ocrx_word' id='word_1_803' title='bbox 140 2739 269 2772; x_wconf 86' lang='lat' dir='ltr'><strong>quidpiam</strong></span> <span class='ocrx_word' id='word_1_804' title='bbox 283 2746 416 2772; x_wconf 87' lang='lat' dir='ltr'><strong>anonymo</strong></span> <span class='ocrx_word' id='word_1_805' title='bbox 434 2738 528 2765; x_wconf 88' lang='lat' dir='ltr'><strong>tribuit</strong></span> <span class='ocrx_word' id='word_1_806' title='bbox 545 2738 647 2765; x_wconf 80' lang='lat' dir='ltr'><strong>Catena</strong></span> <span class='ocrx_word' id='word_1_807' title='bbox 663 2739 797 2767; x_wconf 86' lang='lat' dir='ltr'><strong>Corderii.</strong></span> 
     </span>
    </p>
   </div>
   <div class='ocr_carea' id='block_1_112' title="bbox 79 2773 723 2806">
    <p class='ocr_par' dir='ltr' id='par_1_112' title="bbox 79 2773 723 2806">
     <span class='ocr_line' id='line_1_112' title="bbox 79 2773 723 2806; baseline 0.002 -7"><span class='ocrx_word' id='word_1_808' title='bbox 79 2774 130 2805; x_wconf 73' lang='lat'><strong>(69)</strong></span> <span class='ocrx_word' id='word_1_809' title='bbox 145 2773 323 2806; x_wconf 69' lang='grc' dir='ltr'><strong>Θηιιεύοιτσιν</strong></span> <span class='ocrx_word' id='word_1_810' title='bbox 332 2773 392 2803; x_wconf 82' lang='grc' dir='ltr'>ἐπί,</span> <span class='ocrx_word' id='word_1_811' title='bbox 407 2778 461 2800; x_wconf 86' lang='lat' dir='ltr'><strong>etc.</strong></span> <span class='ocrx_word' id='word_1_812' title='bbox 476 2773 577 2799; x_wconf 61' lang='lat' dir='ltr'><strong>Catena</strong></span> <span class='ocrx_word' id='word_1_813' title='bbox 591 2773 723 2801; x_wconf 88' lang='lat' dir='ltr'><strong>Cordcrii.</strong></span> 
     </span>
    </p>
   </div>
   <div class='ocr_carea' id='block_1_113' title="bbox 80 2807 694 2840">
    <p class='ocr_par' dir='ltr' id='par_1_113' title="bbox 80 2807 694 2840">
     <span class='ocr_line' id='line_1_113' title="bbox 80 2807 694 2840; baseline -0.002 -6"><span class='ocrx_word' id='word_1_814' title='bbox 80 2810 130 2839; x_wconf 80' lang='grc'>(70)</span> <span class='ocrx_word' id='word_1_815' title='bbox 152 2807 240 2839; x_wconf 72' lang='grc' dir='ltr'><strong>Ἡμὲν</strong></span> <span class='ocrx_word' id='word_1_816' title='bbox 251 2807 376 2839; x_wconf 68' lang='grc' dir='ltr'>Παλαιὰ,</span> <span class='ocrx_word' id='word_1_817' title='bbox 390 2813 443 2840; x_wconf 77' lang='lat' dir='ltr'><strong>etc.</strong></span> <span class='ocrx_word' id='word_1_818' title='bbox 463 2808 576 2835; x_wconf 66' lang='grc' dir='ltr'>ὃυίιίτάω</span> <span class='ocrx_word' id='word_1_819' title='bbox 591 2809 694 2835; x_wconf 69' lang='lat' dir='ltr'><strong>tirabii.</strong></span> 
     </span>
    </p>
   </div>
   <div class='ocr_carea' id='block_1_114' title="bbox 902 2703 1601 2741">
    <p class='ocr_par' dir='ltr' id='par_1_114' title="bbox 902 2703 1601 2741">
     <span class='ocr_line' id='line_1_114' title="bbox 902 2703 1601 2741; baseline -0.003 -10"><span class='ocrx_word' id='word_1_820' title='bbox 902 2705 959 2741; x_wconf 72' lang='lat' dir='ltr'><strong>(Ti)</strong></span> <span class='ocrx_word' id='word_1_821' title='bbox 977 2707 1008 2732; x_wconf 88' lang='lat' dir='ltr'><strong>Ol</strong></span> <span class='ocrx_word' id='word_1_822' title='bbox 1023 2707 1266 2740; x_wconf 78' lang='grc' dir='ltr'>προσερχόμενοι,</span> <span class='ocrx_word' id='word_1_823' title='bbox 1282 2711 1335 2733; x_wconf 85' lang='lat' dir='ltr'><strong>etc.</strong></span> <span class='ocrx_word' id='word_1_824' title='bbox 1349 2705 1452 2733; x_wconf 81' lang='lat' dir='ltr'><strong>Catena</strong></span> <span class='ocrx_word' id='word_1_825' title='bbox 1465 2703 1601 2733; x_wconf 76' lang='lat' dir='ltr'><strong>Cordcrii.</strong></span> 
     </span>
    </p>
   </div>
   <div class='ocr_carea' id='block_1_115' title="bbox 901 2750 1324 2784">
    <p class='ocr_par' dir='ltr' id='par_1_115' title="bbox 901 2750 1324 2784">
     <span class='ocr_line' id='line_1_115' title="bbox 901 2750 1324 2784; baseline -0.002 -7"><span class='ocrx_word' id='word_1_826' title='bbox 901 2751 958 2784; x_wconf 74' lang='lat'><strong>(7&#39;2)</strong></span> <span class='ocrx_word' id='word_1_827' title='bbox 969 2753 1004 2778; x_wconf 81' lang='lat' dir='ltr'><strong>El</strong></span> <span class='ocrx_word' id='word_1_828' title='bbox 1019 2751 1053 2777; x_wconf 79' lang='grc' dir='ltr'>ἐκ</span> <span class='ocrx_word' id='word_1_829' title='bbox 1067 2750 1128 2782; x_wconf 76' lang='grc' dir='ltr'>τοῦ,</span> <span class='ocrx_word' id='word_1_830' title='bbox 1145 2757 1197 2778; x_wconf 86' lang='lat' dir='ltr'><strong>etc.</strong></span> <span class='ocrx_word' id='word_1_831' title='bbox 1213 2751 1324 2778; x_wconf 81' lang='lat' dir='ltr'><strong>Eadem.</strong></span> 
     </span>
    </p>
   </div>
   <div class='ocr_carea' id='block_1_116' title="bbox 903 2797 1370 2830">
    <p class='ocr_par' dir='ltr' id='par_1_116' title="bbox 903 2797 1370 2830">
     <span class='ocr_line' id='line_1_116' title="bbox 903 2797 1370 2830; baseline 0.006 -8"><span class='ocrx_word' id='word_1_832' title='bbox 903 2797 958 2829; x_wconf 75' lang='lat'><strong>(75}</strong></span> <span class='ocrx_word' id='word_1_833' title='bbox 977 2797 1047 2830; x_wconf 71' lang='grc' dir='ltr'><strong>Ὂμι</strong></span> <span class='ocrx_word' id='word_1_834' title='bbox 1064 2797 1175 2829; x_wconf 72' lang='grc' dir='ltr'>κύκλῳ,</span> <span class='ocrx_word' id='word_1_835' title='bbox 1195 2802 1247 2825; x_wconf 89' lang='lat' dir='ltr'><strong>ctc.</strong></span> <span class='ocrx_word' id='word_1_836' title='bbox 1261 2797 1370 2826; x_wconf 78' lang='lat' dir='ltr'><strong>Eadem.</strong></span> 
     </span>
    </p>
   </div>
  </div>
