1889 3052
201 78 270 105 1639

891 76 936 103 EX
957 75 1109 105 ORIGENE

1741 84 1786 112 iﬁlli

198 145 262 164 cum
283 136 316 168 ’⁸,
338 146 347 163 ι
365 136 480 172 ipsemet
496 143 560 164 vero
577 146 586 162 ι
607 135 739 164 Dominus
762 136 788 162 in
809 136 925 164 circuitu
940 145 966 171 p(

1038 137 1130 174 κύκλῳ
1143 138 1170 165 δὲ
1182 138 1229 166 τοῦ
1241 139 1307 167 λαοῦ
1324 140 1405 167 αὐτοῦ
1420 151 1429 167 ι
1447 141 1529 173 αὐτὸς
1547 151 1557 168 ι
1567 142 1581 168 ὁ
1596 142 1699 179 Κύριος.
1716 155 1724 171 ι
1734 146 1788 173 Ἕτε-

199 184 256 218 puli
270 183 323 210 sui.
339 192 349 208 ι
367 183 495 210 Diversus
511 187 553 209 est
571 182 653 217 igitur
669 181 782 217 populus
798 182 903 209 Domini
920 190 935 209 a
953 183 986 210 ti-

197 229 333 255 mentibus
350 228 503 254 Dominum.
518 226 586 254 Nam
603 227 676 256 aliud
689 231 743 259 est,
758 236 767 252 ι
781 227 881 254 Domus
891 227 983 261 lsrael,

197 276 349 303 benedicite
380 274 493 301 Domino
513 273 548 305 ⁹⁹,
566 283 576 299 ι
600 277 628 301 et
654 273 738 306 aliud,
772 282 782 299 ι
804 273 855 307 Qui
873 273 984 307 timetis

197 321 352 349 Dominum.
367 319 524 346 benedicite
540 318 656 345 Domino
671 319 690 346 ¹.
709 325 719 344 ι

231 367 313 393 Vsus.
334 365 361 391 5.
383 364 453 397 Quia
483 372 535 390 non
561 363 689 398 relinquet
723 363 851 390 Dominus
883 364 983 399 virgam

192 414 360 443 peccatorum
376 416 455 442 super
472 413 569 434 sortem
586 408 734 442 justorum,
753 413 805 435 etc.
827 407 902 443 Opus
927 408 981 436 Do-

192 455 257 481 mini
286 454 312 481 in
337 453 428 488 populi
444 454 486 481 sui
502 453 619 481 circuitu
636 453 796 481 exsistentis
808 459 860 488 est,
878 459 907 480 ut
928 462 980 482 non

190 501 262 528 sinat
280 502 386 535 virgam
411 504 588 536 peccatorum
611 507 694 535 super
717 505 818 528 sortem
844 500 979 534 justorum

189 547 344 581 pervenire.
361 546 456 574 Justus
468 551 559 573 autem
573 551 615 574 est
628 545 744 581 populus
760 545 878 572 Domini.

224 592 365 628 Ejusdem.
387 593 415 620 Si
431 601 492 620 sors
503 593 639 628 juslorum
654 597 696 620 est
712 592 832 627 cognitio
851 591 909 624 Dei,
925 600 977 620 non

188 639 326 674 relinquet
350 639 440 673 iustos
456 639 481 666 in
498 639 663 674 ignorantia,
684 645 718 665 nc
733 637 804 664 illius
821 637 860 665 eis
883 643 978 665 auctor

187 686 232 711 sit.

223 731 289 758 lBlD.
309 730 342 758 Ut
357 739 409 758 non
424 731 566 758 extendant
578 731 645 766 justi
661 730 696 757 ml
711 731 864 766 iniquitates
882 738 976 758 ninnus

185 786 258 809 suas,
277 781 329 804 etc.
354 777 474 804 Observa
505 777 582 810 illud,
610 787 619 803 ι
637 778 797 808 extendant,
813 787 822 803 ι
848 777 921 812 quod
948 777 974 804 in

1041 191 1087 218 ρος
1098 180 1144 210 οὖν
1157 184 1171 210 ὀ
1188 184 1252 216 λαὸς
1269 185 1372 222 Κυρίου
1387 185 1443 212 τῶν
1459 187 1635 222 φοϐουμένων
1653 189 1693 215 τὸν
1703 190 1786 226 Κύρων

1039 229 1103 256 ἄλλο
1121 229 1185 265 γὰρ,
1201 239 1210 256 ι
1225 229 1306 263 Οἶκος
1323 231 1441 267 Ἰσραὴλ,
1454 232 1620 268 εὐλογήσατε
1636 234 1679 261 τὸν
1688 236 1785 272 Κύριον-ι

1038 274 1112 307 ἄλλο,
1133 285 1142 300 ι
1166 276 1197 302 Ol
1221 276 1383 312 φοϐούμενοι
1406 277 1452 304 τὸν
1475 278 1587 314 Κύριον,
1600 279 1743 316 εύλογήσατε
1757 283 1787 309 τὸν

1037 320 1149 356 Κύριον.
1173 331 1182 346 ι

1075 367 1134 394 ’Ότι
1149 369 1205 395 οὐκ
1228 368 1338 404 ἀφήσει
1354 371 1461 405 Κύριος
1475 371 1654 406 τὴνρἀδογ
1667 374 1716 401 τῶν
1723 375 1787 410 ἀμιτρ-

1035 414 1139 441 τωλῶν
1153 415 1202 442 ἐπὶ
1216 415 1269 442 τὸν
1282 416 1397 451 κλῆρον
1419 415 1478 444 τῶν
1488 418 1623 451 δικαίων,
1641 428 1667 446 κ.
1679 429 1700 447 τ.
1713 422 1731 447 ἑ.
1741 422 1786 456 Ἕρ·

1035 469 1082 494 γον
1095 461 1198 497 Κυρίου
1214 462 1272 496 (74)
1292 462 1385 498 κύκλῳ
1403 463 1478 495 ὄντος
1493 464 1540 491 τοῦ
1555 464 1620 492 λαοῦ
1637 466 1710 493 αὑτοῦ
1726 467 1748 493 τὸ
1760 468 1785 502 μὴ

1034 506 1144 540 ἀφιέναι
1160 507 1210 543 τὴν
1229 508 1327 543 ῥάϐδον
1350 509 1404 536 τῶν
1423 510 1594 545 ἁμαρτωλῶν
1603 512 1652 537 ἐπὶ
1668 513 1706 538 τὸν
1715 512 1785 548 ﬂium

1034 551 1134 586 φθάναι
1157 552 1210 580 τῶν
1221 553 1341 580 δικαίων.
1359 555 1467 587 Δίκαιος
1481 556 1509 583 δὲ
1519 557 1533 583 ὁ
1544 557 1609 589 λαὸς
1625 558 1727 593 Κυρίου.

1071 596 1128 624 Τοῦ
1143 598 1247 625 αὺτοῦ.
1269 599 1301 625 Εἰ
1315 598 1418 635 κλῆρος
1431 601 1487 636 (75)
1503 601 1617 628 δικαίων
1634 603 1702 628 ἐστὶν
1713 604 1726 638 ἡ
1739 603 1787 636 γνῶ-

1033 651 1075 674 σις
1091 643 1137 670 τοῦ
1153 644 1232 676 Θεοῦ,
1247 645 1297 672 οὐκ
1315 645 1415 681 ἀφήσει
1428 647 1492 678 τοὺς
1507 647 1631 679 δικαίους
1645 649 1672 674 ὲν
1685 649 1788 684 ἀγνωσία,

1031 687 1074 714 ἵνα
1088 688 1126 723 μὴ
1139 688 1250 724 γένηται
1262 689 1354 722 αὐτοῖς
1367 691 1496 726 πρόξενος
1506 692 1654 725 ἀγνωσίας.

1068 733 1162 767 Ὅπως
1178 734 1217 762 ἂν
1226 735 1269 769 μὴ
1283 735 1457 763 ἐκτείνωσιν
1469 738 1496 764 οἱ
1506 737 1616 765 δίκαιοι
1635 739 1669 765 ἐν
1681 739 1790 774 drop/au;

1029 778 1131 813 χεῖρας
1148 780 1266 812 αὐτῶν,
1281 789 1309 808 κ.
1327 789 1352 808 τ.
1372 781 1395 808 ἐ.
1417 782 1501 818 Τήρει
1515 783 1545 809 τὸ
1567 783 1625 819 (76)
1647 793 1655 809 ι
1674 785 1789 811 Ἐκτείνω-

187 824 330 858 iniquitate
347 824 385 851 lit.
403 823 599 851 Verumtamen
614 825 636 851 si
659 832 692 852 ex
718 824 860 859 liypothcsi
882 823 966 851 relict:

1033 832 1081 856 Iw,
1103 833 1112 849 ι
1129 824 1170 850 ὅτι
1183 825 1212 851 ἐν
1226 825 1326 860 ἀνομίᾳ
1338 825 1452 859 γίνεται.
1473 826 1547 862 Πλὴν
1566 828 1590 853 εί
1614 827 1674 854 καθ’
1689 827 1792 853 ὑπόθεσιν

185 871 267 898 luerit
288 871 365 904 virga
393 874 567 904 peccatorum
594 876 677 904 super
703 874 803 897 sortem
826 868 974 903 justorum,

183 916 330 943 extendent
344 915 411 949 justi
444 915 478 942 ad
505 914 676 949 iniquitatem
697 922 793 941 tnanus
807 921 882 942 suas.
908 913 974 941 Ute-

183 970 245 989 ιιιιιι·
259 966 350 988 autem
373 961 416 988 his
441 960 545 993 verbis,
563 960 586 988 si
601 960 709 995 quando
733 960 759 987 in
785 960 973 994 persecutione

184 1008 260 1035 multi
277 1009 362 1035 Deum
378 1007 548 1042 negaverint,
563 1011 591 1034 et
607 1006 688 1034 idolis
700 1006 926 1039 sacriﬁcaveriut,
940 1013 972 1033 ac

183 1053 328 1080 diccmus‘:
344 1052 572 1088 Quandoquidem
585 1059 638 1079 non
654 1051 811 1086 erautjusti
828 1052 875 1086 qui
888 1051 972 1078 Deum

182 1103 294 1133 negant,
308 1098 412 1125 dimisit
429 1097 559 1125 Dominus
575 1098 680 1134 virgam
696 1102 871 1133 peccatorum
889 1102 972 1130 super

180 1149 281 1170 sortem
301 1143 434 1178 ipsorum,
458 1147 488 1169 ut
510 1143 663 1171 extendant
684 1144 718 1171 ad
739 1141 896 1177 iniquitates
911 1147 972 1166 ma-

180 1197 230 1216 nus
246 1197 319 1216 suas.
348 1198 357 1215 ι
372 1189 414 1216 Ab
427 1196 460 1216 eo
475 1189 547 1216 enim
571 1189 617 1224 qui
644 1196 698 1217 non
727 1187 819 1221 habet,
838 1185 922 1214 etiam
943 1183 970 1211 id

178 1235 249 1269 quod
268 1237 362 1269 habet,
379 1236 520 1264 auferetur
535 1236 556 1264 ’.
577 1245 587 1263 ι

424 1327 587 1356 PSALMUS
610 1326 721 1356 CXXV.

216 1378 294 1407 Vens.
308 1380 332 1407 Ι.
344 1379 376 1407 In
385 1381 555 1408 convertenda
565 1381 694 1408 Dominus
705 1381 885 1416 captivitatem
894 1380 967 1414 Sion,

177 1424 242 1451 ἀειί
257 1433 348 1452 sumus
362 1426 428 1452 sicut
444 1425 581 1459 consolati,
594 1431 648 1454 etc.
662 1426 726 1454 Haec
738 1427 852 1462 apostoli
868 1427 968 1462 praedi-

177 1474 277 1497 cuntur
289 1470 323 1497 de
337 1471 434 1506 seipsis
446 1472 554 1505 dicturi,
567 1472 650 1508 825
663 1478 691 1500 et
703 1473 736 1500 de
748 1473 781 1500 iis
795 1473 841 1508 qui
856 1481 888 1500 es
903 1481 968 1508 gen-

177 1515 250 1542 tibus
267 1521 340 1544 sunt.
357 1517 533 1546 Postmodum
550 1519 632 1547 etiam
645 1519 679 1547 de
695 1524 819 1546 semente
833 1527 865 1546 ac
880 1527 968 1547 messe

176 1562 258 1590 verba
275 1562 352 1590 facit.

209 1602 505 1638 Ejusdem.Captivitas
518 1606 561 1630 est
573 1606 676 1630 naturae
685 1602 856 1630 rationabilis
873 1609 888 1630 a
905 1602 962 1630 vir—

175 1654 232 1676 tute
249 1653 278 1676 et
294 1649 410 1676 scientia
429 1648 463 1676 ad
490 1647 622 1675 malitiam
635 1652 663 1675 et
683 1647 853 1683 impietatem
871 1652 962 1677 trans-

175 1693 240 1720 itus.

208 1739 289 1767 Vens.
306 1739 334 1767 2.
350 1739 423 1766 Tum:
436 1739 572 1774 impletum
593 1743 631 1766 ut
647 1738 745 1774 gaudio
762 1747 790 1767 as
806 1744 924 1767 nostrum
937 1744 962 1767 et

169 1787 262 1822 lingua
279 1791 371 1814 nostra
399 1786 578 1814 exsultatione
589 1805 597 1818 ,
613 1791 668 1814 etc.
685 1785 722 1814 Os
739 1785 848 1820 quidem
871 1786 959 1821 reple-

170 1837 229 1860 tum
255 1837 298 1860 est
322 1832 422 1866 gaudio
435 1852 444 1864 ,
470 1831 561 1867 lingua
581 1835 645 1858 vero
668 1831 851 1860 exsultatione
866 1841 873 1859 :
888 1832 960 1859 unde

168 1877 228 1904 nuit
241 1877 369 1912 gaudium
385 1881 412 1904 et
426 1876 586 1904 exsultatio.
603 1875 651 1904 His
673 1881 765 1904 autem
792 1876 872 1904 lactis
884 1897 892 1909 ,
920 1877 958 1904 illi

168 1925 214 1959 qui
230 1931 263 1951 ex
279 1924 407 1958 gentibus
420 1929 484 1952 sunt
497 1944 505 1956 .
523 1924 612 1952 θύοιειί
636 1924 731 1952 dicunt
745 1933 752 1952 :
771 1934 780 1952 ι
800 1925 958 1960 Magnifica-

167 1970 206 1996 vit
224 1969 355 1997 Dominus
383 1970 475 1997 facere
490 1977 551 1997 cum
569 1969 619 1997 eis.
642 1979 652 1996 ι
680 1970 718 1998 De
744 1970 840 2005 seipsis
864 1976 955 1998 autem

168 2015 272 2048 gratias
290 2020 404 2050 agentes
444 2017 552 2048 dicunt;
586 2025 596 2043 ι
617 2016 800 2052 Maguillcavit
824 2017 955 2046 Dominus

168 2063 259 2089 tacere
277 2062 429 2095 nobiscum,
448 2062 511 2090 lacti
531 2070 625 2091 sumus
639 2063 771 2092 ltelantes.
791 2073 801 2090 ι
826 2073 883 2091 -ι
901 2065 954 2092 Su-

165 2116 213 2142 per
229 2107 339 2135 ﬂumina
356 2107 466 2142 quidem
480 2107 627 2143 Babylonis
652 2110 708 2137 illic
729 2110 850 2139 sedimus
862 2115 889 2139 et
903 2111 951 2139 tle-

164 2156 254 2182 νίηιιιε
270 2156 296 2187 ³;
319 2163 329 2180 ι
349 2168 383 2174 -
409 2162 420 2179 ι
442 2154 508 2182 Cum
533 2159 704 2184 converteret
731 2164 796 2185 vero
821 2157 950 2186 Dominus

163 2202 349 2236 captivitatem
375 2201 441 2229 Sion
457 2221 465 2234 .
492 2203 626 2237 repletum
651 2208 693 2231 est
725 2203 825 2239 gaudio
847 2211 878 2232 os
902 2211 952 2232 no-

163 2253 260 2276 strum.
282 2257 292 2275 ι
307 2247 421 2282 Quando
434 2248 581 2278 fecerimus
596 2249 662 2277 illud
678 2258 684 2277 :
701 2258 710 2275 ι
722 2249 803 2277 Posui
825 2250 866 2277 ori
889 2257 951 2278 meo

162 2294 313 2321 custodiam
329 2296 341 2312 δ
352 2315 360 2328 ,
379 2303 390 2321 ι
406 2299 435 2322 et
458 2293 531 2322 istud
548 2302 556 2321 :
570 2304 580 2321 ι
597 2294 634 2322 0s
659 2293 722 2330 iusti
740 2295 889 2323 meditatur
902 2303 950 2323 sa-

161 2341 293 2374 pientiam
310 2340 420 2372 ';nitem
449 2340 521 2367 istud
539 2348 546 2367 :
564 2349 573 2365 ι
601 2340 683 2374 Aperi
708 2347 739 2368 os
765 2345 841 2368 tuum
864 2341 949 2369 verbo

161 2387 207 2414 Dei
225 2388 254 2421 ⁶;
272 2397 281 2414 ι
300 2391 327 2414 et
341 2387 439 2415 similia
454 2386 501 2415 isti
518 2395 525 2414 :
540 2395 549 2412 ι
566 2386 603 2415 Os
614 2391 735 2413 nostrum
752 2391 827 2421 patet
839 2387 872 2415 ad
887 2395 948 2421 vos,

158 2442 175 2462 ο
192 2434 325 2462 Corinthii
339 2435 361 2468 ",
387 2444 397 2461 ι
414 2440 481 2462 tunc
498 2442 560 2462 cum
577 2435 694 2462 veritate
721 2434 845 2463 dicemus
863 2436 945 2464 etiam

160 2481 224 2508 illud
239 2489 246 2508 :
266 2490 276 2507 ι
295 2481 437 2516 Repletum
450 2487 492 2509 cst
507 2478 607 2517 gaudio
629 2489 661 2509 os
675 2486 810 2510 nostrum.
829 2491 840 2509 ι

194 2558 257 2585 Ιιιιο.
275 2557 347 2585 Tum:
359 2559 444 2586 dicent
464 2559 533 2586 inter
546 2563 634 2594 gentes
653 2566 662 2585 :
683 2559 863 2593 Magni/ienuit
882 2559 939 2587 Do—

191 2615 214 2631 “
236 2616 306 2642 Psal.
328 2623 425 2648 χχχιιι,
450 2616 476 2645 8.
528 2617 551 2632 "
570 2616 766 2649 Psal.cxxxtv,
785 2617 828 2645 i9.

980 1328 1004 1357 C

882 2618 890 2634 ‘
908 2618 972 2645 ibid.
988 2617 1035 2646 20.

1027 868 1139 905 ἀφεθείη
1160 870 1176 905 ὴ
1189 870 1286 906 ῥάϐδος
1299 871 1469 907 ἁμαρτωλῶν
1479 873 1524 899 ἐπὶ
1536 872 1581 899 τὸν
1594 872 1692 908 κλῆρον
1705 873 1749 899 τῶν
1763 873 1791 899 δι-

1027 915 1122 948 καίων,
1138 916 1292 943 ὲκτενοῦσιν
1311 918 1335 944 οι
1350 917 1447 944 δίκαιοι
1459 918 1487 944 ὲν
1498 918 1597 954 ἀνομίᾳ
1606 920 1699 954 χεῖρας
1711 918 1791 945 αὓτιῖιν.

1025 961 1192 998 Χρησόμεθα
1205 962 1233 989 δὲ
1248 963 1308 994 τοῖς
1315 964 1417 999 ῥητοῖς,
1431 963 1479 990 ἐὰν
1493 965 1521 991 ὲν
1542 964 1657 1000 διωγμῷ
1669 965 1748 991 πολλοὶ
1758 965 1792 990 τὶν

1026 1005 1092 1033 Θεὸν
1117 1007 1264 1043 ἀρνῶνται,
1275 1008 1324 1035 καὶ
1338 1009 1395 1041 τοῖς
1411 1008 1530 1042 εἰδώλοις
1548 1010 1698 1044 ὲπιθύωσι,
1717 1011 1792 1044 λὲγω-

1024 1061 1080 1084 τες,
1092 1052 1142 1084 ὅτι,
1165 1053 1241 1080 Ἐπεὶ
1255 1053 1293 1089 μὴ
1305 1051 1375 1089 ἦσαν
1389 1054 1485 1081 δίκαιοι
1493 1056 1522 1081 ὀἱ
1536 1055 1706 1091 ἀρνούμενοι,
1720 1056 1791 1090 ἀφῆκε

1024 1097 1126 1133 Κύριος
1142 1098 1193 1134 τὴν
1212 1099 1310 1135 ράὁδον
1327 1099 1382 1126 τῶν
1397 1100 1566 1136 ἁμαρτωλῶν
1586 1102 1636 1128 ἐπὶ
1654 1102 1697 1128 τὸν
1711 1101 1791 1137 κλῆρον

1022 1143 1122 1176 αὐτῶν,
1139 1145 1213 1176 ὅπως
1232 1145 1389 1172 ὲκτείνωσιν
1404 1146 1432 1173 ὲν
1456 1147 1557 1182 ἀνομίᾳ
1572 1148 1669 1182 χεῖρας
1688 1147 1790 1174 ἑαυτῶν·

1024 1197 1034 1215 ι
1059 1189 1125 1216 Ἀπδ
1138 1189 1192 1225 γὰρ
1203 1189 1250 1217 τοῦ
1266 1190 1303 1227 μὴ
1319 1190 1427 1226 ἔχοντος
1438 1192 1484 1219 καὶ
1500 1192 1514 1218 ὃ
1526 1192 1583 1228 ἔχει
1596 1193 1748 1229 ἀρθήσεται.
1759 1202 1768 1218 ι

1283 1325 1429 1354 ΨΑΛΜΟΣ
1453 1323 1540 1354 PKE'.

1058 1371 1107 1398 'E'r
1133 1371 1173 1405 τῷ
1195 1372 1374 1406 ἐπιστρέψαι
1395 1373 1504 1407 Κύριον
1526 1372 1585 1408 τὴν
1599 1373 1791 1409 almumalm-

1017 1416 1105 1448 Σιὼν,
1122 1416 1307 1452 ἐγενήθημεν
1321 1417 1393 1445 ὡσεὶ
1414 1419 1688 1454 παρακεκλημένοι,
1703 1429 1727 1446 ιι.
1742 1419 1791 1446 1.1.

1016 1463 1048 1489 οι
1063 1462 1206 1490 ἀπόστολοι
1227 1462 1284 1498 (77)
1298 1462 1385 1490 ταῦτα
1400 1464 1621 1499 προφητεύονται
1645 1465 1728 1497 λέξειν
1742 1464 1791 1500 mp!

1015 1507 1121 1535 ἑαυτῶν
1133 1508 1180 1535 καὶ
1194 1508 1248 1535 τῶν
1263 1510 1292 1535 ὲν
1304 1510 1361 1541 τοῖς
1374 1508 1472 1536 ἔθνεσι.
1485 1510 1542 1536 Καὶ
1557 1511 1632 1545 μετὰ
1645 1511 1729 1538 ταῦτα
1741 1511 1792 1537 ἅτ.»-

1014 1553 1138 1589 φαίνεται
1149 1554 1212 1590 ’περὶ¹
1230 1554 1331 1590 σπόρου
1342 1554 1390 1581 καὶ
1400 1554 1541 1591 θερισμοῦ.

1052 1596 1107 1626 Τοῦ
1124 1597 1228 1626 αὐτοῦ.
1246 1599 1423 1635 Αἰχμαλωσία
1445 1600 1500 1635 (78)
1523 1601 1590 1630 ἐστὶ,
1605 1602 1715 1636 φύσεως
1732 1600 1793 1635 λογι-

1013 1645 1065 1680 κῆς
1076 1645 1129 1672 ἀπὸ
1144 1645 1244 1681 ἀρετῆς
1257 1646 1305 1672 καὶ
1313 1645 1440 1680 γνώσεως
1450 1646 1496 1672 ἐπὶ
1505 1646 1606 1673 κακίαν
1621 1647 1670 1674 καὶ
1679 1646 1793 1681 ἀνοησίαν

1015 1691 1175 1728 μετάϐασις.
1384 1705 1387 1707 λ

1049 1739 1118 1765 Τότε
1139 1737 1277 1772 ἐπλήσθη
1300 1737 1395 1773 χαρᾶς
1420 1738 1453 1765 τὸ
1477 1738 1575 1773 στόμα
1603 1738 1693 1774 ἡμῶν
1714 1737 1757 1765 zal
1777 1738 1793 1771 ἠ

1011 1784 1137 1820 γλῶσσα
1170 1784 1255 1819 ἡμῶν
1288 1785 1511 1820 ἀγαλλιάσεως,
1537 1794 1565 1812 κ,
1585 1794 1614 1812 τ.
1637 1786 1661 1813 ἑ.
1693 1786 1729 1812 Τδ
1753 1785 1794 1820 μὲν

1011 1830 1098 1866 στόμα
1113 1830 1169 1866 (79)
1195 1830 1316 1866 ἐπλήσθη
1332 1831 1436 1866 χαρᾶς,
1457 1831 1474 1866 ή
1491 1831 1521 1857 δὲ
1536 1831 1652 1865 γλῶσσα
1675 1831 1794 1866 ἀγαλλιά-

1011 1883 1093 1907 σεως,
1115 1875 1162 1910 ἀφ’
1178 1872 1216 1902 ὧν
1234 1876 1277 1911 ῥεῖ
1292 1875 1362 1911 χαρὰ
1385 1875 1433 1901 καὶ
1452 1875 1626 1910 ἀγαλλίασις.
1643 1876 1751 1903 τούτων
1771 1875 1794 1902 δὲ

1007 1921 1172 1956 γενομένων,
1184 1921 1208 1947 οῑ
1224 1921 1278 1948 ἀπὸ
1287 1920 1341 1947 τῶν
1358 1920 1443 1948 ἐθνῶν
1457 1921 1650 1957 διδασκόμενοι
1665 1922 1793 1956 λέγουσιν’

1011 1977 1020 1994 ι
1041 1967 1206 2003 Ἐμεγάλυνε
1227 1967 1330 2003 Κύριος
1352 1967 1399 1994 τοῦ
1423 1967 1535 2003 ποιῆσαι
1561 1969 1637 2003 μετὰ
1658 1969 1767 1996 τούτων.
1784 1976 1792 1992 ι

973 2003 995 2030 D
1009 2014 1063 2041 Καὶ
1079 2014 1142 2049 περὶ
1166 2013 1271 2040 ἑαυτῶν
1290 2013 1318 2040 δέ
1335 2021 1416 2048 φασιν
1432 2013 1681 2049 εὐχαριστοῦντες·
1698 2024 1708 2040 ι
1727 2014 1795 2048 Ἐμε-

1007 2059 1106 2095 γάλυνε
1129 2059 1231 2095 Κύριος
1251 2059 1360 2095 ποιῆσαι
1379 2059 1439 2094 μεθ’
1457 2059 1546 2095 ἡμῶν,
1565 2060 1740 2096 ἐγενήθημεν
1757 2059 1795 2086 εὐ-

1006 2106 1191 2142 φραινόμενοι.
1205 2114 1214 2130 ι
1228 2120 1264 2124 -
1282 2114 1291 2130 ι
1312 2105 1373 2131 Ἐπὶ
1398 2105 1447 2141 μὲν
1472 2106 1527 2132 τῶν
1553 2106 1693 2141 ποταμῶν
1716 2105 1795 2132 Βαϐυ-

1004 2151 1088 2183 λῶνος
1107 2152 1164 2178 ἐκεῖ
1187 2151 1352 2186 ἑκαθίσαμεν
1375 2151 1423 2178 καὶ
1441 2151 1618 2186 ὲκλαύσαμεν
1630 2160 1638 2166 ·
1653 2162 1664 2177 ο
1677 2167 1711 2172 —
1729 2159 1739 2176 ι
1756 2150 1795 2176 Ἕν

1005 2196 1034 2223 δὲ
1054 2196 1093 2232 τῷ
1117 2196 1279 2233 ἐπιστρέψαι
1304 2196 1406 2232 Κύριον
1425 2196 1474 2232 τὴν
1502 2196 1701 2232 αἰχμαλωσίαν
1724 2197 1794 2225 Σιὼν,

1005 2241 1126 2278 ἐπλήσθη
1147 2243 1232 2278 χαρᾶς
1248 2242 1279 2268 τὺ
1296 2241 1382 2277 στόμα
1396 2242 1484 2277 ήμῶν.
1500 2251 1509 2268 ι
1536 2242 1626 2269 Ὲπὰν
1644 2243 1794 2278 ποιήσωμεν

1003 2288 1044 2320 τὸ,
1060 2298 1069 2314 ι
1087 2288 1203 2324 Ἐθέμην
1225 2287 1263 2323 τῷ
1286 2287 1401 2322 στόματί
1418 2296 1469 2323 μου
1494 2287 1644 2323 φυλακήν·
1661 2297 1671 2313 ι
1691 2288 1739 2314 καὶ
1760 2287 1794 2316 τδ,

1006 2343 1016 2360 ι
1031 2334 1121 2370 Στόμα
1142 2332 1245 2360 δικαίου
1263 2332 1362 2368 μελετᾷ
1383 2332 1495 2367 σοφίαν·
1508 2342 1518 2358 ι
1537 2333 1586 2359 καί
1601 2333 1648 2366 τὸ,
1666 2343 1676 2359 ι
1693 2334 1794 2365 Ἀνοιγε

1001 2379 1047 2406 σδν
1066 2378 1154 2414 στόμα
1177 2377 1249 2414 λόγῳ
1265 2377 1348 2404 Θεοῦ·
1363 2387 1372 2403 ι
1393 2378 1440 2404 καὶ
1458 2378 1540 2413 ὃμοια
1551 2378 1602 2413 τῷ,
1624 2389 1634 2405 ι
1651 2380 1691 2406 Τὸ
1717 2380 1795 2414 στόμα

1000 2425 1078 2460 ἡμῶν
1102 2424 1205 2460 ἀνέῳγε
1232 2423 1301 2460 πρὸς
1321 2423 1405 2458 ὑμᾶς,
1438 2423 1595 2459 Κορίνθιοι·
1612 2433 1623 2450 ι
1644 2425 1708 2451 τότε
1735 2424 1793 2458 ἀλῃ-

1000 2469 1124 2501 θεύοντες
1150 2469 1273 2505 φήσομεν
1298 2468 1345 2495 καὶ
1370 2467 1419 2501 τὸ,
1448 2477 1458 2494 ι
1477 2468 1620 2505 Ἑπλήσθτι
1650 2471 1742 2505 χαρᾶς
1769 2470 1795 2495 τὸ

1000 2515 1087 2550 στόμα
1103 2514 1192 2550 ἡμῶν.
1205 2523 1215 2540 ›

1030 2560 1100 2587 Τότε
1121 2558 1245 2592 ἐροῦσιν
1259 2557 1294 2584 ἐν
1315 2556 1378 2590 τοῖς
1392 2557 1723 2591 ἔθνεσιν-Ἐμεγάλυνε
1732 2560 1795 2606 ⁸Κύ-

1073 2618 1083 2632 ¹
1094 2615 1189 2644 Matth.
1204 2623 1266 2648 xm,
1283 2615 1328 2643 i2.
1378 2615 1388 2631 '
1402 2614 1474 2643 Psal.
1489 2623 1607 2649 cum,
1626 2617 1656 2645 Ι.
1700 2616 1714 2632 ⁵
1727 2616 1792 2644 Psal.

157 2657 271 2683 xxxvut,
282 2651 310 2678 2.
347 2651 358 2667 ⁸
372 2651 444 2678 Psal.
458 2659 551 2685 χχχιιι,
569 2653 614 2679 50.
649 2652 659 2668 ⁸
673 2651 755 2682 Prov.
770 2660 843 2686 xxxx,
855 2652 882 2680 8.
921 2654 930 2669 ⁷
944 2652 965 2680 ιι

1033 2661 1047 2679 ·.
1061 2660 1088 2679 v1
1101 2673 1108 2685 ,
1123 2651 1151 2678 2.

191 2706 245 2740 (7-6)
260 2708 370 2741 Ἔργον
380 2708 500 2741 Κυρίου,
518 2713 571 2735 etc.
586 2707 688 2734 Catena
701 2707 834 2737 Corderii.

190 2743 246 2775 (75)
263 2744 296 2768 Εὶ
309 2741 433 2775 κλῆρος,
447 2748 490 2769 etc
515 2743 627 2769 Sehedre
639 2743 743 2771 Grabii.

193 2777 248 2810 (τις)
270 2777 351 2809 Τιὶιιει
367 2777 410 2809 τό,
421 2782 476 2804 etc.
492 2777 593 2804 Catena
605 2777 741 2804 Corderii.

1032 2708 1090 2743 (77)
1107 2709 1139 2734 Ol
1149 2707 1326 2739 ἀπόστολοι,
1341 2706 1511 2743 etc._Catena
1521 2706 1674 2743 Cordcrii.

1031 2741 1087 2778 (78)
1103 2743 1308 2778 Αἰχμαλωσια,
1324 2747 1378 2768 etc.
1392 2741 1504 2778 Sclieda:
1516 2741 1630 2778 Grabii.

1032 2776 1089 2813 (⁵19)
1116 2778 1151 2806 Τὸ
1162 2777 1220 2812 μὲν
1233 2777 1340 2812 στόμα,
1352 2782 1404 2805 etc.
1418 2776 1522 2804 Catena
1542 2777 1692 2806 Corderii.
