1906 3051
113 100 123 127 1
131 99 182 128 675

568 98 722 128 SELECTA
741 98 775 128 IN
796 99 965 130 PSALMOS.
983 116 1016 123 —
1035 101 1131 129 PSAL.
1153 100 1257 130 CXLV.

1675 103 1742 132 i674

145 157 247 192 Μέγας
268 158 285 186 ό
310 157 417 200 Κύριος
439 157 486 186 καί
507 157 625 192 αἰνετός
637 159 766 194 σφόδρα,
782 159 831 186 καί
847 158 893 194 τῆς

988 159 1072 188 Vens.
1087 159 1115 187 5.
1136 160 1252 196 Magnus
1267 159 1396 188 Dominus
1412 165 1437 187 et
1451 159 1594 188 laudabilis
1610 161 1699 194 nimis,
1716 169 1742 188 et

110 203 327 238 μεγαλωσύνης
356 203 450 231 αὺτοῦ
475 205 531 231 οὐκ
564 204 630 232 ἔστι
650 205 753 239 πέρας,
772 215 799 233 κ.
825 214 852 233 τ.
876 207 901 235 ἐ.

116 248 247 285 Ἐπείπερ
259 249 276 284 ἡ
293 249 471 285 μεγαλωσύνη
488 249 543 286 (96)
556 250 603 277 τοῦ
618 250 684 277 Θεοῦ
702 252 730 278 ἐν
741 251 779 287 τῷ
790 251 901 287 Χριστῷ

109 292 156 320 καὶ
182 295 210 320 ὲν
226 295 282 326 τοῖς
296 295 443 330 κτίσμασιν
459 292 527 323 οὖσα
541 296 693 332 θεωρεῖται,
716 297 763 324 καὶ
778 297 829 325 οὐκ
844 298 900 326 ἔστι

110 339 196 376 πέρας
207 340 257 376 τῆς
268 341 464 377 μεγαλωσύνης
479 342 572 374 αὑτοῦ,
591 343 695 378 μήποτε
711 344 727 379 ἡ
742 343 772 375 ἐξ
785 344 900 380 ἀπείρου

111 386 154 412 ἐπ’
168 386 279 422 ἄπειρον
290 387 336 413 καὶ
353 386 474 414 ἐντεῦθεν
487 387 655 423 «παρίσταται
671 388 718 415 τοῦ
735 389 803 416 Θεοῦ
818 391 858 423 είς
866 390 901 418 τὰ

110 430 174 457 ὄντα
191 431 237 458 ὑπ’
250 430 334 458 αὑτοῦ
345 432 477 467 γενόμενα
493 432 615 468 πρόνοια.

146 476 203 504 Τοῦ
224 477 327 505 αὐτοῦ,
348 478 460 506 Πάντων
481 479 530 515 μὲν
553 479 609 514 (97)
633 479 687 506 τῶν
708 480 861 515 γεγονότων
882 481 899 516 ὴ

109 520 210 557 θεωρτσ.
229 522 416 559 πεπέρασται·
441 523 508 560 μόνη
525 523 554 553 δὲ
579 525 597 560 ἡ
620 523 721 559 γνῶσις
742 525 792 560 τῆς
818 525 900 560 ἁγίας

108 566 222 600 Τριάδος
241 567 315 594 ἐστὶν
329 568 492 604 ἀπέραντος.

141 612 195 639 Καὶ
208 613 235 639 οἰ
250 614 392 648 οἰκτιρμοί
409 614 503 641 αὑτοῦ
523 614 573 642 ἐπὶ
589 615 688 643 πάντα
704 615 741 643 τὰ
754 615 827 650 ἔργα
849 617 899 644 αὐ-

107 657 170 690 τοῦ,
185 667 212 686 κ.
228 667 254 686 τ.
270 660 292 686 ὲ.
304 660 336 686 Εἰ
351 660 376 686 οἱ
389 660 526 696 οἰκτιρμοὶ
541 660 595 696 (98)
607 661 653 688 τοῦ
665 661 731 688 Θεοῦ
747 661 793 689 ἐπὶ
808 661 898 689 πάντα

106 703 140 731 τὰ
151 703 219 740 ἔργα
235 705 327 738 αὑτοῦ,
339 705 398 738 πῶς
415 706 468 733 εἰσί
485 714 554 738 τινες
570 706 612 741 ἐφ’
628 706 675 739 οὒς
686 707 717 734 οὐ
732 707 895 742 φθάνουσινς

107 751 179 786 Ἄρα
194 751 241 778 καὶ
255 752 299 777 ἐπ’
318 752 416 785 αὐτοὺς
432 753 457 779 οἱ
477 753 614 789 οἰκτιρμοὶ
637 753 685 780 τοῦ
705 753 789 781 Θεοῦ’
816 755 841 781 εἰ
859 754 897 790 μὴ

104 796 160 832 ἄρα
176 797 223 823 ἐπὶ
243 797 292 833 μὲν
309 798 344 825 τὰ
365 798 434 835 ἔργα
455 798 538 826 αὑτοῦ
555 799 703 834 φθάνουσιν
717 800 742 826 οἱ
759 801 897 836 οίκτιρμοὶ

954 206 1147 241 magnitudinis
1160 207 1218 241 ejus
1234 215 1286 234 non
1300 211 1339 234 est
1352 206 1426 241 finis,
1443 211 1497 234 etc.
1517 207 1742 242 Quandoquidem

954 252 1112 286 magnitudo
1125 251 1172 280 Dei
1187 252 1214 280 in
1230 252 1342 280 Christo
1363 256 1390 280 et
1410 252 1437 279 in
1453 253 1589 281 creaturis
1603 260 1665 281 esse
1676 261 1742 282 con-

953 297 1080 332 spicitur,
1101 301 1129 325 et
1152 299 1346 334 magnitudinis
1368 298 1427 333 ejus
1450 306 1504 327 non
1519 303 1561 327 est
1579 299 1652 332 ﬁnis,
1672 299 1743 328 forte

953 342 1016 370 hinc
1033 342 1118 371 etiam
1134 351 1166 371 ex
1177 344 1284 371 inﬁnito
1298 344 1324 371 in
1338 344 1472 372 inﬁnitum
1484 344 1511 372 in
1521 351 1553 372 ea
1566 353 1627 380 quae
1640 346 1675 374 ab
1683 345 1743 381 ipso

953 386 1025 415 facta
1041 391 1105 415 sunt
1121 387 1291 422 providentia
1309 388 1481 424 conspicitur
1497 388 1555 416 Dei.

988 478 1126 512 Ejusdem.
1145 478 1272 506 Omnium
1295 478 1403 513 quidem
1420 485 1482 513 quae
1498 479 1570 507 facta
1595 483 1658 507 sunt
1672 487 1739 508 con-

952 525 1092 560 templatio
1116 525 1191 552 ﬁnita
1216 529 1276 557 est,
1298 524 1356 552 sola
1374 531 1439 552 vero
1460 529 1564 553 sancta:
1591 525 1736 554 Trinitatis

950 570 1070 604 cognitio
1088 569 1205 597 inﬁnita.

986 616 1069 643 Vens.
1083 616 1109 644 9.
1124 615 1159 642 Et
1178 615 1360 643 miserationes
1374 615 1433 647 eius
1457 623 1536 650 super
1554 616 1643 643 omnia
1656 623 1737 650 opera

951 661 1019 696 ejus,
1034 666 1088 690 etc.
1105 661 1133 689 Si
1155 662 1344 690 miserationes
1366 661 1414 690 Dei
1438 669 1522 697 super
1537 661 1629 689 omnia
1650 669 1732 697 opera

951 706 1020 743 ejus,
1034 707 1168 742 quomodo
1192 712 1257 736 sunt
1272 707 1392 735 nonnulli
1413 708 1447 736 ad
1470 715 1540 743 quos
1563 714 1618 735 non
1638 715 1738 743 perve-

950 753 1046 781 nium?
1060 754 1156 789 Utique
1170 753 1252 782 etiam
1273 761 1354 789 super
1373 754 1446 790 ipsos
1465 760 1529 782 sunt
1545 754 1737 782 miserationes

950 797 998 826 Dei
1018 807 1025 825 :
1045 798 1097 826 nisi
1122 798 1194 826 forte
1211 799 1245 827 ad
1263 807 1346 834 opera
1367 800 1477 835 quidem
1502 799 1560 834 ejus
1580 799 1739 835 pertingant

104 843 198 876 αὐτοῦ,
215 843 261 870 ἐπὶ
276 843 304 870 δὲ
317 843 350 871 τὰ
364 844 433 880 ἔργα
447 844 500 871 τῶν
513 845 614 881 χειρῶν
631 845 714 873 αὐτοῦ
730 846 761 873 οὐ
778 847 893 880 πάντως.

958 843 1139 871 uiserationes
1154 844 1249 879 ipsius,
1266 845 1300 872 ad
1316 851 1399 879 opera
1422 848 1512 872 autem
1529 852 1657 872 manuum
1679 845 1740 880 ejus

146 931 493 968 Ἐξομολογησὰσθωσάν
523 940 583 966 σοι,
615 934 714 968 Κύριε,
741 934 840 962 πάντα
862 935 898 962 τὰ

103 977 176 1013 ἔργα
189 985 258 1011 σου,
277 978 325 1005 καί
341 979 367 1005 οἰ
381 978 461 1005 ὅσιοί
475 986 534 1006 σου
548 979 829 1014 εὐλογησάσθωσάν
849 988 896 1012 σε,

103 1032 132 1050 κ.
148 1032 172 1050 τ.
188 1024 210 1051 ὲ.
235 1023 293 1050 Νῦν
307 1024 376 1060 ἔργα
390 1023 446 1060 (99)
462 1024 512 1057 τὰς
530 1024 626 1059 φύσεις
640 1025 691 1058 τὰς
718 1025 831 1060 λογικὰς
854 1027 898 1053 λέ-

102 1077 163 1101 γει·
190 1065 270 1096 αὗται
290 1069 345 1104 γὰρ
363 1070 518 1104 πεφύκασιν
536 1070 756 1106 ἐξομολογεῖσθαι
778 1070 847 1108 Θεῷ.
864 1072 897 1099 Εἰ

102 1114 127 1142 δ’
142 1115 336 1152 ἀναπέμπεταί
352 1124 395 1148 τις
411 1116 603 1152 ἐξομολόγησις
616 1117 663 1144 καὶ
673 1117 726 1144 ἀπὸ
737 1117 787 1153 τῆς
799 1117 898 1155 λοιπῆς

102 1161 229 1195 κτίσεως,
244 1162 310 1195 Θεὸς
325 1161 357 1189 ἂν
372 1162 466 1199 εἰδείη.

137 1207 282 1235 Βασιλεία
301 1216 360 1236 σου
372 1208 519 1240 ,βασιλεία
534 1208 655 1236 πάντων
669 1209 799 1244 αἰώνων,
819 1219 847 1239 κ.
869 1221 893 1239 τ.

102 1252 126 1279 ὲ.
147 1253 178 1279 Εἰ
196 1253 212 1288 ἡ
231 1252 354 1288 βασιλεία
372 1252 410 1288 (ί)
433 1253 480 1280 τοῦ
496 1253 564 1280 Θεοῦ
582 1254 598 1290 ἡ
619 1254 723 1291 θεωρία
744 1256 799 1284 τῶν
816 1265 896 1292 γεγο-

101 1297 185 1324 νότων
200 1298 247 1325 καὶ
261 1299 453 1334 γενησομένων
467 1299 572 1326 αἰώνων
588 1300 645 1326 ἐστὶ
655 1319 663 1332 ,
681 1300 771 1332 καλῶς
788 1302 896 1337 εἴρηται

100 1344 132 1370 τό
141 1353 148 1361 ·
168 1353 177 1370 ι
198 1344 230 1372 Ἠ
241 1344 364 1380 βασιλεία
373 1353 419 1372 σου
428 1345 551 1381 βασιλεία
562 1345 671 1373 πάντων
684 1346 739 1373 τῶν
749 1347 864 1376 αἰώνων.
883 1359 891 1375 ι

138 1389 293 1418 Φυλάσσει
309 1391 417 1426 Κύριος
432 1390 548 1425 πάντας
561 1392 632 1425 τοὺς
648 1392 825 1427 ἀγαπῶντας
842 1395 895 1422 αὐ-

103 1436 164 1468 τὸν,
181 1435 230 1463 καί
243 1436 360 1469 πάντας
374 1436 446 1470 τοὺς
460 1437 655 1472 ἁμαρτωλοὺς
672 1438 892 1474 ἐξολοθρεύσει,

104 1490 131 1508 κ.
148 1490 171 1508 τ.
194 1481 217 1508 ἐ.
244 1480 448 1517 Ἐξολόθρευσις
465 1482 627 1518 ἁμαρτωλοῠ
646 1482 684 1517 (2)
702 1483 760 1509 ἐστι
781 1482 894 1519 λογικῆς

102 1527 192 1562 ψυχῆς
217 1527 356 1563 χωρισμὸς
385 1526 440 1553 ἀπὸ
462 1527 511 1563 τῆς
532 1527 679 1563 συμπάσης
700 1528 771 1555 κατὰ
795 1518 893 1556 κακίαν
907 1518 929 1547 c

102 1573 185 1608 ζωῆς.

135 1619 260 1646 Αἰνεσιν
271 1620 383 1654 Κυρίου
394 1619 524 1653 λαλήσει
537 1618 569 1646 τὸ
582 1621 680 1654 στόμα
689 1629 750 1655 μου
760 1639 767 1651 ,
781 1620 829 1648 καί
844 1621 890 1647 εὑ-

99 1666 223 1701 λογεῐτω
236 1665 321 1693 πᾶσα
336 1666 415 1701 σὰρξ
428 1666 460 1693 τὸ
480 1666 575 1700 ὄνομα
589 1665 622 1693 τὸ
638 1666 725 1701 ἅγιον
740 1666 835 1693 αὐτοῦ
850 1668 894 1700 εἰς

100 1712 154 1739 τὸν
169 1711 262 1740 αἰῶνα
274 1713 323 1740 καί
337 1714 381 1746 εἰς
398 1712 451 1740 τὸν
465 1712 558 1740 αἰῶνα
577 1713 630 1740 τοῦ
644 1712 762 1746 αἰῶνος,
778 1721 804 1740 κ.
824 1722 848 1740 τ.
868 1714 890 1740 ἐ.

101 1759 178 1785 Πᾶσα
199 1758 267 1794 σὰρξ
285 1758 323 1794 (5)
344 1759 493 1794 εὐλογοῠσα
514 1759 544 1786 τὸ
562 1759 647 1795 ὄνομα
666 1760 770 1795 Κυρίου
794 1761 833 1792 εἰς
847 1760 893 1787 τὸν

101 1803 186 1831 αἰῶνα
208 1804 254 1831 καὶ
272 1805 312 1836 εἰς
333 1804 378 1831 τὸν
400 1804 485 1832 αἰῶνα
498 1804 544 1831 τοῦ
562 1805 661 1837 αἰῶνος
677 1805 754 1833 ἔσται
771 1805 893 1841 δηλονότι

97 1849 140 1881 εἰς
154 1849 199 1876 τὸν
212 1849 300 1876 αἰῶνα
315 1850 362 1876 καὶ
379 1850 418 1882 εἰς
434 1849 480 1876 τὸν
496 1849 581 1876 αἰῶνα
598 1850 645 1876 τοῦ
663 1850 759 1883 αἰῶνος
773 1851 892 1887 ὀψομένη

99 1893 130 1920 τὸ
146 1894 279 1930 σωτήριον
292 1894 339 1921 τοῦ
358 1895 435 1922 Θεοῦ.

137 1940 192 1967 Τοῦ
212 1941 315 1968 αὑτοῦ.
333 1941 388 1968 Καὶ
402 1942 415 1968 ὁ
434 1941 539 1974 Παῦλος
556 1942 594 1977 (ί)
616 1951 713 1978 φησιν’
744 1953 753 1968 ι
780 1943 837 1970 Οὐκ
864 1944 892 1970 ἐν

97 1985 180 2018 πλαξὶ
193 1986 317 2019 λιθίναις,
343 1987 400 2014 ἀλλ’
423 1989 452 2014 ὲν
470 1988 550 2021 πλαξὶ
572 1989 685 2024 καρδίας
706 1989 857 2025 σαρκίναις.
880 2000 889 2016 ι

97 2031 173 2064 Πλὰξ
198 2032 288 2059 τοίνυν
315 2033 429 2069 σαρκίνη
465 2035 521 2062 ἐστὶ
548 2035 621 2070 ψυχὴ
647 2035 742 2071 λογικὴ
774 2035 892 2067 εὐκόλως

101 2079 284 2115 ὑποδεχομένη
307 2079 352 2106 τὸν
383 2079 430 2106 τοῦ
463 2081 530 2108 Θεοῦ
560 2081 651 2117 νόμον.
687 2082 766 2109 Ἔστι
792 2081 820 2108 δὲ
844 2081 892 2108 καὶ

95 2124 185 2162 eam;
200 2125 284 2161 σὰρξ,
304 2126 342 2158 ὡς
356 2127 401 2153 1:6-
424 2136 433 2153 ι
454 2127 490 2154 Οὐ
507 2127 544 2163 μὴ
564 2128 715 2164 καταμείνῃ
735 2128 765 2155 τὸ
778 2127 893 2164 Πνεῦμά

97 2180 151 2207 μου
172 2172 199 2198 ὲν
210 2173 266 2204 τοῖς
285 2173 438 2208 ἀνθρώποις
450 2174 565 2205 τούτοις,
589 2173 634 2201 διὰ
655 2174 685 2201 τὸ
707 2172 776 2201 εἶναι
792 2175 890 2206 αὐτοὺς
907 2187 928 2214 D

98 2219 212 2255 σάρκας.
236 2229 245 2245 ι
273 2219 328 2246 Καὶ
343 2219 423 2247 πάλιν
443 2220 457 2246 ὸ
481 2220 585 2252 Παῦλος
610 2229 692 2256 φησι·
714 2230 723 2245 ‹
750 2220 821 2256 Σὰρξ
844 2221 891 2247 καὶ

97 2262 168 2299 αἷμα
196 2265 334 2300 βασιλείαν
360 2265 428 2292 Θεοῦ
444 2265 648 2301 κληρονομῆσαι
670 2267 701 2293 οὑ
719 2267 855 2293 δύνανται.
878 2277 886 2293 ι

102 2308 235 2337 Ἐνταῦθα
251 2311 306 2346 γὰρ
318 2311 385 2346 σὰρξ
400 2311 449 2346 τὴν
462 2311 560 2338 κακίαν
574 2312 710 2348 σημαίνει.

350 2400 495 2427 ΨΑΛΜΟΣ
510 2401 598 2428 PME'.

138 2443 194 2470 Τὸν
225 2443 426 2479 φυλάσσοντα
452 2445 598 2480 ἀλήθειαν
623 2448 667 2480 εἰς
696 2446 750 2473 τὸν
786 2447 888 2480 αἰῶνα,

96 2489 243 2517 ποιοῦντα
256 2490 357 2524 κρίσιν
367 2491 428 2524 τοῖς
444 2491 660 2527 ἀδικουμένοις,
680 2493 803 2520 διδόντα
825 2503 890 2528 τρο-

95 2535 162 2569 φὴν
178 2535 240 2569 τοῖς
254 2536 411 2568 πεινῶσιν,
426 2545 453 2563 κ.
472 2546 497 2564 τ.
513 2538 536 2564 ἐ.
559 2538 699 2574 Ἀλήθειαν
713 2537 773 2566 εἶπε
788 2539 827 2575 (5)
844 2539 889 2567 τὸν

95 2582 235 2617 ἀληθινὸν,
250 2583 304 2610 ἀπὸ
315 2584 363 2618 τῆς
377 2584 460 2618 ἕξεως
474 2584 611 2620 ὀνομάσας
623 2585 669 2612 τὸν
684 2586 830 2622 μετέχοντα
839 2587 889 2621 τῆς

121 2625 145 2641 ⁵³
159 2629 178 2655 Il
191 2629 253 2656 Cor.
268 2638 310 2661 tu.
328 2630 355 2657 3.
393 2630 417 2647 δι
428 2629 497 2657 Gen.
511 2638 548 2662 vr,
567 2631 594 2657 3.
636 2630 658 2646 "
672 2630 679 2658 I
692 2631 755 2659 Cor.
770 2639 815 2664 xv,
827 2632 872 2659 50.

82 2692 114 2718 σε.
136 2676 191 2718 (νβ)
214 2677 351 2711 Ἐκείπερ
368 2678 386 2712 ἠ
400 2678 612 2712 μεγαλωσύνη,
633 2682 688 2706 etc.
703 2678 804 2707 Catena
820 2679 887 2707 Cor-

98 2712 193 2817 αρξίίἧ)
209 2746 333 2774 Πάντων
341 2747 409 2782 μέν,
424 2752 478 2775 etc.
497 2746 610 2775 Schedae
621 2747 725 2776 Grabii.

148 2781 192 2817 98)
205 2783 239 2808 Εἰ
252 2783 279 2808 οἰ
290 2782 444 2817 οἰκτιρμοί,
456 2788 508 2809 etc.
525 2783 625 2810 Catena
638 2783 725 2812 Corde

148 2781 192 2817 98)
205 2783 239 2808 Εἰ
252 2783 279 2808 οἰ
290 2782 444 2817 οἰκτιρμοί,
456 2788 508 2809 etc.
525 2783 625 2810 Catena
638 2783 772 2813 Corderii.

135 2784 181 2817 (98
205 2784 239 2808 Εἰ
252 2784 279 2808 οἰ
290 2784 444 2817 οἰκτιρμοί,
456 2788 508 2809 etc.
525 2784 625 2810 Catena
638 2784 691 2810 Cor

135 2784 192 2853 (99)
208 2817 273 2844 Νῦν
286 2814 367 2852 spira,
384 2823 438 2844 etc.
456 2817 569 2844 Scireda:
586 2817 691 2847 Grabii.

278 2865 415 2894 Pnnon.
438 2864 496 2894 Gn.
522 2864 591 2895 ΧΠ.

949 897 1002 916 non
1020 889 1094 916 item.

985 936 1066 963 Vens.
1084 935 1128 964 10.
1144 935 1327 971 Conﬁteanlur
1341 937 1398 971 tibi,
1416 936 1538 970 Domine,
1551 938 1639 966 omnia
1659 946 1739 973 opera

950 987 1006 1015 tua,
1017 988 1040 1010 et
1053 984 1137 1010 sancti
1154 984 1192 1010 tui
1205 983 1357 1010 benedicant
1371 983 1428 1018 tibi,
1443 988 1497 1011 etc.
1518 983 1575 1012 Hoc
1587 983 1647 1012 loco
1657 991 1738 1019 opera

949 1033 1061 1056 naturas
1084 1029 1191 1057 ratione
1204 1029 1333 1064 praeditas
1358 1033 1454 1057 vocat:
1479 1029 1543 1064 ipsa:
1560 1030 1633 1057 enim
1650 1029 1739 1058 solent

949 1075 1074 1103 conﬁteri
1091 1076 1157 1105 Deo.
1172 1076 1214 1103 An
1230 1083 1293 1104 vero
1308 1075 1444 1104 confessio
1458 1076 1550 1111 aliqua
1563 1077 1648 1104 etiam
1662 1084 1678 1104 ι
1694 1084 1737 1105 re-

947 1120 1020 1155 liqua
1034 1125 1162 1149 creatura
1173 1121 1326 1154 emittatur,
1344 1120 1415 1149 Deus
1428 1121 1490 1149 scit.

984 1207 1065 1236 Vens.
1082 1208 1125 1236 l3.
1149 1207 1264 1243 Regnum
1278 1213 1353 1235 tuum
1375 1215 1484 1242 regnum
1496 1206 1614 1234 omnium
1625 1207 1738 1235 seculo-

947 1263 1018 1288 rum,
1033 1259 1086 1283 etc.
1106 1254 1135 1282 Si
1155 1261 1269 1290 regnum
1283 1253 1331 1281 Dei
1345 1253 1542 1289 contemplatio
1556 1258 1599 1282 est
1612 1253 1737 1289 praeteri-

947 1306 1037 1330 torum
1047 1308 1078 1328 ac
1088 1301 1240 1328 futurorum
1252 1300 1424 1333 saeculorum,
1436 1300 1549 1335 pulchre
1561 1300 1664 1328 dictum
1677 1304 1737 1328 est:

948 1357 958 1374 ι
978 1347 1101 1383 Regnum
1116 1352 1190 1375 tuttm
1205 1354 1316 1381 regnum
1330 1346 1450 1373 omnium
1467 1345 1641 1374 saeculorum.
1653 1354 1663 1372 ι

981 1392 1067 1420 Vens.
1081 1392 1125 1420 20.
1136 1391 1407 1420 CustodielDaminus
1418 1399 1508 1419 omnes
1526 1391 1663 1428 diligentes
1671 1399 1700 1420 se
1713 1397 1738 1420 et

945 1447 1034 1467 omnes
1047 1443 1196 1473 peccatores
1210 1437 1353 1472 disperdat,
1379 1441 1434 1465 etc.
1458 1437 1658 1465 Exterminatio
1673 1444 1738 1473 pec-

945 1487 1045 1514 catoris
1057 1490 1099 1513 est
1112 1483 1280 1512 rationabilis
1299 1484 1397 1511 animae
1409 1483 1546 1519 separatio
1557 1483 1592 1512 ab
1605 1484 1679 1513 omni
1696 1484 1737 1511 vi-

947 1532 1016 1560 tiosa
1032 1532 1097 1558 \‘ila.

982 1620 1063 1648 Vnus.
1076 1618 1121 1647 2|.
1137 1619 1326 1646 Laudationem
1337 1619 1446 1647 Domini
1459 1619 1580 1656 loquetur
1592 1628 1621 1648 os
1632 1628 1718 1648 meum
1729 1641 1737 1654 ,

945 1671 970 1693 et
983 1666 1114 1693 benedice:
1126 1666 1210 1693 omnis
1232 1674 1294 1693 cura
1308 1665 1410 1693 nomini
1421 1671 1512 1693 sancta
1528 1666 1585 1701 ejus
1599 1666 1628 1693 in
1651 1675 1738 1695 siccu-

945 1713 1000 1739 tum
1014 1717 1037 1738 et
1056 1713 1083 1739 in
1097 1712 1222 1739 swculum
1239 1710 1343 1743 swculi,
1357 1716 1410 1740 etc.
1435 1711 1530 1740 Omnis
1540 1719 1605 1741 caro
1617 1720 1678 1747 quas
1689 1713 1738 1741 be-

945 1757 1045 1785 nedicit
1061 1765 1158 1785 nomen
1180 1757 1285 1785 Dmninl
1309 1758 1335 1785 in
1353 1757 1481 1786 saeuiunt
1504 1762 1532 1786 et
1556 1758 1582 1787 in
1605 1759 1734 1788 saeculum

944 1804 1046 1835 sazculi,
1064 1804 1157 1838 utique
1171 1804 1197 1831 in
1227 1805 1355 1832 saeculum
1380 1809 1409 1831 et
1434 1804 1461 1832 in
1482 1805 1613 1835 saeculum
1641 1808 1734 1835 saeculi

946 1851 1047 1878 videbit
1059 1850 1179 1879 salutare
1195 1850 1252 1878 Dei.

980 1940 1118 1976 Ejusdem.
1132 1939 1234 1967 Paulus
1250 1947 1358 1976 quoque
1374 1939 1412 1967 ait
1427 1939 1449 1956 ⁸³
1464 1948 1471 1966 :
1490 1948 1500 1966 ι
1524 1939 1583 1969 Non
1599 1940 1626 1968 in
1639 1939 1737 1968 tabulis

944 1987 1068 2022 lapideis,
1084 1987 1131 2014 sed
1150 1987 1176 2013 in
1189 1986 1286 2013 tabulis
1297 1985 1388 2014 cordis
1401 1985 1566 2020 carnalibus,
1587 1996 1597 2013 ι
1615 1990 1670 2014 etc.
1686 1985 1737 2013 Ta.

944 2033 1004 2061 bula
1026 2033 1107 2068 igitur
1122 2031 1239 2059 carnalis
1251 2036 1293 2060 est
1308 2032 1398 2059 anima
1417 2031 1523 2059 ratione
1536 2032 1659 2066 predita,
1675 2038 1736 2068 qua:

944 2079 1024 2106 facile
1047 2079 1162 2113 suscipit
1179 2078 1266 2112 legem
1295 2077 1354 2105 Dei.
1379 2077 1428 2105 Est
1447 2078 1530 2105 etiam
1550 2084 1615 2106 caro
1629 2085 1690 2113 qua:
1705 2077 1734 2105 in

943 2126 1041 2153 malam
1053 2130 1158 2160 partem
1172 2124 1317 2159 accipitur.
1329 2129 1358 2152 ut
1368 2131 1429 2152 cum
1442 2122 1660 2151 dicitur“:tNon
1671 2132 1735 2160 per-

944 2171 1064 2200 manebit
1079 2172 1198 2206 Spiritus
1209 2178 1286 2198 meus
1300 2171 1326 2197 in
1343 2171 1496 2198 hominibus
1512 2170 1583 2203 istis,
1597 2170 1659 2205 quia
1671 2178 1736 2198 caro

945 2223 1019 2245 sunt.
1040 2227 1049 2243 ›
1068 2215 1167 2245 Paulus
1195 2223 1304 2252 quoque
1333 2216 1372 2243 ait
1386 2215 1428 2242 ⁵ης
1448 2225 1458 2242 ‹
1473 2215 1545 2244 Caro
1568 2220 1596 2242 ct
1623 2216 1736 2250 sanguis

946 2272 1058 2300 regnum
1073 2264 1119 2292 Dei
1136 2264 1274 2299 possidere
1288 2272 1340 2291 u0n
1353 2266 1476 2297 possunt.
1493 2272 1501 2290 ε
1519 2261 1575 2290 Hoc
1587 2261 1646 2289 loco
1661 2260 1734 2290 enim

944 2319 975 2338 ca
981 2318 1010 2338 ro
1028 2311 1160 2338 malitiam
1176 2310 1324 2346 signiﬁcat.

1157 2402 1241 2439 san
1251 2402 1411 2431 PSALMUS
1427 2403 1533 2432 CXLV.

979 2449 1061 2476 Vsus.
1077 2449 1104 2476 7.
1119 2448 1170 2481 Qui
1183 2449 1297 2476 custodit
1313 2449 1449 2476 veritatem
1465 2449 1492 2476 in
1508 2449 1648 2482 naculum.
1669 2451 1732 2485 facit

939 2495 1071 2529 judicium
1082 2494 1208 2529 injuriam
1217 2494 1384 2529 facientibus,
1393 2495 1438 2522 dat
1448 2503 1534 2522 escam
1546 2497 1732 2530 esurientibus,

943 2546 996 2568 etc.
1012 2541 1140 2568 Veritatis
1157 2541 1267 2568 neruiue
1285 2539 1431 2575 appellavit
1442 2548 1578 2574 veracem,
1592 2542 1626 2570 ab
1638 2543 1732 2570 habitu

944 2587 1086 2614 nominans
1098 2586 1207 2614 habitus
1223 2587 1394 2622 participem.
1412 2586 1458 2614 Sic
1475 2587 1559 2614 etiam
1573 2587 1661 2623 diligit
1681 2589 1735 2619 mi-

978 2678 1015 2712 (I)
1032 2679 1064 2704 Ei
1077 2678 1096 2711 ἡ
1105 2677 1260 2709 βασιλεία,
1274 2681 1329 2705 etc.
1342 2677 1460 2705 Eaedem.

976 2714 1014 2747 (9.)
1037 2712 1264 2746 Ἐξολόθρευσις
1274 2712 1461 2747 ἀμαρτωλυῦ,
1478 2717 1531 2740 clc.
1551 2713 1670 2743 Eaedem.

977 2748 1016 2779 (3)
1030 2747 1119 2775 Πᾶσα
1136 2747 1226 2781 σάρξ,
1243 2752 1296 2774 etc.
1311 2748 1412 2775 Catena
1429 2747 1562 2776 Conterii.

988 2782 1015 2815 ι)
1027 2782 1083 2810 Kal
1102 2783 1118 2809 ὁ
1129 2782 1260 2815 Παῦλος»
1274 2787 1326 2809 etc.
1340 2782 1455 2810 Selrcda:
1469 2782 1574 2811 Grabii.

988 2783 1003 2809 ι
1027 2783 1083 2810 Kal
1102 2783 1118 2809 ὁ
1129 2783 1260 2815 Παῦλος.
1274 2787 1326 2809 etc.
1340 2783 1455 2810 Selrcda:
1469 2783 1574 2811 Grabii.

977 2783 1016 2854 ίῦ)
1039 2816 1197 2852 Ἀλήθειαν
1206 2814 1279 2852 εἰπε,
1292 2822 1345 2846 etc.
1364 2816 1478 2847 Selreda:
1488 2817 1592 2847 Grabii.

1512 2866 1550 2895 53
