1906 3051
168 119 236 147 1879

203 177 284 203 Vens.
304 176 330 204 4.
346 175 462 203 Laudate
472 183 542 207 eum,
557 177 615 203 mli
627 176 763 208 calorum,
775 179 800 202 et
810 183 885 210 aqua,
892 183 951 210 qua:
965 178 989 206 Α

165 229 244 255 super
258 222 337 247 caelos
353 227 413 248 sunt
426 241 434 254 ,
450 221 558 247 laudent
573 229 666 247 nomen
683 220 806 254 Domini,
821 226 875 248 etc.
892 221 955 248 Cte-

167 266 220 293 lum
239 266 421 302 intelligibile,
439 266 608 294 rationabilis
623 271 665 294 est
691 271 787 294 natura
801 275 862 302 qua:
875 267 955 302 justi-

166 312 210 339 tia:
226 311 310 339 solem
326 311 353 338 in
367 318 397 339 se
410 310 579 338 circumfert.

222 402 340 440 jusdem.
366 403 450 438 Aquae
462 409 523 438 qua
533 409 616 438 super
629 402 714 431 cmlos
728 407 792 430 sunt
807 423 816 436 ,
840 407 953 432 naturas

165 449 341 477 rationabiles
356 448 514 484 signiﬁcant
526 470 534 483 ,
550 455 611 484 quae
627 449 662 477 ab
678 449 757 484 aquis
772 456 833 484 qua
848 450 875 476 in
895 457 953 477 cte-

165 495 198 522 lis
212 499 285 528 sunt,
301 499 474 530 separamur.

201 540 282 568 Vsus.
310 541 353 569 14.
384 541 417 568 Ει
433 541 561 568 exaltabit
590 550 672 570 cornu
692 541 783 578 populi
807 542 868 575 sui,
896 546 950 570 etc.

163 587 254 616 Cornu
269 592 310 615 est
323 595 400 615 mens
415 595 492 622 pura.

198 632 264 660 lum.
279 633 400 668 Hymnus
411 633 532 660 omnibus
555 633 654 661 sanctis
665 633 723 668 ejus
736 652 744 666 ,
758 639 812 661 etc.
828 632 952 669 Hymnus

162 685 205 707 est
230 679 378 707 admiratio
401 686 463 706 cum
488 679 686 714 gloriﬁcatione
711 680 748 709 ob
765 687 863 708 eorum
890 686 952 715 quae

163 725 336 760 contigerunt
358 729 413 753 et'a
430 725 485 753 Deo
500 725 572 754 facta
596 730 659 754 sunt
680 725 950 761 contemplationem.

403 813 565 842 PSALMUS
589 813 707 842 CXLIX.

197 859 280 887 Vns.
295 860 320 888 Ι.
347 859 460 888 Cantate
481 859 597 888 Domino
608 862 742 888 canticum
765 869 859 889 novum
873 881 881 895 ,
896 865 950 889 etc.

161 905 208 934 llle
232 906 308 934 canit
331 914 431 934 novum
455 907 591 934 canticum
614 907 662 942 qui
677 912 796 935 veterem
813 907 952 935 hominem

161 951 309 980 secundum
322 952 425 980 erroris
447 952 583 981 desideria
597 957 754 989 corruptum
773 953 908 989 deposuit,
924 957 953 982 et

161 1005 261 1026 novum
275 997 364 1026 induit
378 998 424 1034 qui
444 997 596 1026 secundum
611 999 699 1027 Deum
713 1003 824 1028 creatus
835 1004 889 1028 est.

196 1089 262 1120 Isin.
279 1090 351 1118 Laus
363 1091 421 1127 ejus
434 1091 459 1118 in
472 1089 593 1118 Ecclesia
605 1095 772 1125 sanctorum,
783 1095 836 1119 etc.
854 1091 952 1125 Quem-

159 1136 305 1164 admodum
330 1146 340 1162 ι
367 1145 420 1166 non
435 1142 478 1165 est
491 1138 614 1174 speciosa
629 1138 689 1165 laus
713 1138 740 1165 in
756 1145 805 1166 ore
818 1143 950 1173 peccato-

158 1184 197 1211 ris
210 1184 244 1214 ⁵³.
262 1193 272 1211 ι
293 1184 330 1211 ita
345 1191 396 1212 nec
412 1185 438 1212 iu
454 1184 580 1213 Ecclesia
597 1184 803 1220 malignantium
819 1204 828 1218 ,
850 1185 900 1212 sed
921 1185 950 1213 in

159 1229 280 1257 Ecclesia
307 1235 466 1258 sanctorum
486 1239 494 1264 ;
524 1231 606 1267 idque
630 1231 657 1258 in
683 1230 735 1259 hac
759 1230 850 1266 potius
866 1238 950 1266 quam

157 1275 199 1302 vel
213 1275 240 1303 in
253 1283 306 1303 uno
321 1276 424 1312 aliquo,
443 1280 490 1304 aut
508 1278 534 1305 in
554 1278 663 1313 paucis.

194 1322 276 1349 Vens.
294 1322 321 1350 2.
337 1322 456 1351 ιωινριιιτ
474 1323 562 1351 Israel
578 1325 607 1351 in
631 1332 661 1351 so
676 1326 722 1360 qui
739 1324 801 1360 fecit
821 1333 880 1352 eum
895 1345 903 1358 ,
924 1329 950 1352 et

158 1367 207 1402 filii
223 1367 289 1395 Sion
303 1368 436 1396 exsultent
449 1369 477 1396 in
490 1377 549 1404 rege
563 1377 623 1403 suo,
637 1374 689 1398 etc.
704 1369 771 1398 Cum
785 1370 819 1398 de
830 1371 876 1399 illo
888 1371 950 1406 qui-

157 1415 220 1442 dem
238 1415 310 1450 quod
325 1419 368 1442 est
379 1414 529 1442 secundum
544 1414 691 1450 imaginem
705 1415 810 1444 dictum
822 1417 861 1444 sit
878 1426 887 1443 ι
905 1416 949 1445 l'e-

157 1462 212 1494 cit;
232 1471 242 1488 ›
260 1461 293 1489 de
309 1469 342 1490 eo
356 1468 421 1490 vero
442 1461 517 1497 quod
535 1466 579 1489 est
596 1461 630 1490 de
645 1461 759 1498 pulvere
783 1462 887 1491 dictum
913 1463 948 1491 sit

160 1518 170 1534 ι
190 1507 330 1541 lormavit.
347 1517 357 1534 ι
375 1512 402 1536 et
415 1489 510 1535 sancta
526 1507 620 1536 laetitia
637 1489 770 1536 consistat
786 1509 813 1537 in
829 1517 861 1538 eo
875 1509 947 1545 quod
960 1489 982 1520 ϐ

156 1558 199 1581 est
215 1554 364 1581 secundum
381 1553 539 1589 imaginem,
556 1553 660 1581 idcirco
671 1553 755 1590 84⁸1
767 1554 851 1582 lsrael
863 1555 946 1590 jube-

159 1605 204 1627 tur
230 1599 316 1627 laetari
345 1599 372 1627 in
387 1606 420 1627 eo
434 1599 481 1634 qui
503 1598 568 1627 fecit
582 1607 658 1627 eum.
673 1599 752 1628 Filiis
769 1606 862 1629 autem
879 1602 946 1628 Sion

159 1646 275 1681 imperat
294 1645 432 1678 Christus,
455 1644 481 1672 id
495 1650 536 1673 est
553 1645 698 1681 sapientia,
717 1646 830 1674 verbum
844 1667 852 1680 ,
875 1647 947 1675 veri-

156 1696 208 1725 tas,
227 1691 253 1718 in
269 1699 323 1726 quo
340 1691 489 1719 exsultent.

200 1738 282 1766 Vens.
295 1737 324 1765 5.
339 1737 458 1765 Laudent
474 1745 569 1765 nomen
580 1736 636 1773 ejus
650 1738 678 1765 in
689 1739 769 1766 choro
782 1758 790 1772 ,
804 1743 860 1767 ctc.
876 1738 945 1767 Cum

156 1783 234 1811 multi
249 1784 276 1811 in
292 1784 387 1811 eadem
414 1787 506 1812 mente
529 1788 557 1812 et
577 1785 672 1812 eadem
698 1785 831 1813 sententia
849 1786 946 1813 unani-

155 1829 237 1858 miter
253 1837 306 1858 uno
321 1829 414 1858 animo
430 1833 458 1857 et
478 1837 533 1857 uno
553 1829 639 1858 corde
660 1829 772 1858 laudant
795 1838 892 1858 nomen
917 1835 947 1859 et

154 1875 349 1910 proprietatem
375 1875 457 1909 regis,
484 1879 549 1903 tunc
574 1874 686 1903 laudant
706 1883 806 1904 nomen
830 1875 889 1911 eius
917 1877 944 1904 in

155 1922 240 1949 choro
255 1929 316 1948 cum
331 1925 479 1949 concentu.

191 1968 256 1997 Isin.
276 1968 310 1996 In
324 1974 449 2004 tympano
465 1973 489 1996 et
500 1967 625 2003 psalterio
644 1968 760 2004 psallunt
772 1969 807 2002 ei,
821 1974 875 1997 etc.
892 1969 944 2004 Qui

153 2016 264 2050 quidem
294 2014 459 2042 mortiﬁcant
486 2014 609 2042 membra
637 2021 686 2042 sua
701 2022 762 2050 quae
785 2020 850 2043 sunt
862 2023 945 2051 super

155 2066 268 2094 terram,
292 2067 380 2095 eaque
408 2060 435 2087 in
464 2059 565 2094 lignum
594 2063 697 2093 agunt,
720 2065 750 2088 ut
774 2061 856 2089 simul
881 2069 944 2089 cum

153 2106 264 2134 Christo
282 2105 446 2140 cruciﬁgant
462 2105 630 2140 principatus
646 2111 851 2142 acpotestates,
874 2107 902 2135 bi
917 2108 943 2135 in

154 2157 284 2188 tympano
307 2150 425 2186 psallunt
442 2150 497 2179 Deo
513 2158 521 2179 :
537 2151 583 2186 qui
602 2159 669 2180 vero
685 2153 733 2180 toti
753 2159 818 2182 eunt
835 2154 942 2189 spiritui
958 2165 981 2193 ι)

154 2197 369 2230 consentientes,
387 2197 413 2224 in
427 2197 568 2232 psalterio.

189 2243 273 2272 Vens.
288 2243 317 2271 ό.
335 2243 405 2276 Quia
427 2242 618 2278 beneplacitum
629 2247 667 2270 est
678 2243 792 2272 Domino
807 2245 834 2272 in
845 2245 942 2280 popqu

153 2298 211 2322 suo,
227 2294 250 2316 et
273 2289 398 2316 exaltabit
414 2293 566 2316 mansuetos
583 2289 612 2316 in
628 2289 727 2322 salute,
745 2295 799 2319 etc.
813 2290 941 2327 Compla-

153 2340 196 2362 cet
220 2334 272 2362 sibi
292 2334 423 2362 Dominus
449 2334 475 2362 in
501 2338 578 2370 parte
600 2342 671 2369 sua.
687 2343 747 2371 qua:
771 2342 811 2364 est
827 2337 942 2372 populus

152 2381 211 2416 ejus
224 2402 232 2414 ,
252 2388 305 2408 non
321 2381 348 2408 in
365 2381 420 2409 alio
442 2381 542 2416 populo
558 2381 672 2416 alicujus
695 2382 830 2417 principis
850 2383 942 2410 saeculi

153 2427 240 2462 hujus.
258 2427 290 2455 Et
305 2427 436 2456 exaltabit
459 2433 617 2456 mansuetos
642 2429 668 2456 in
693 2435 724 2455 ca
754 2436 836 2463 quam
861 2429 943 2457 mites

153 2474 312 2502 hmreditate
326 2475 474 2509 accipiunt,
501 2479 573 2502 terra
588 2482 642 2502 non
665 2474 804 2508 inferiore,
829 2475 878 2502 scd
896 2475 941 2502 illa

152 2520 198 2547 ubi
223 2524 266 2547 est
289 2527 407 2555 superna
436 2520 599 2548 Jerusalem.
625 2520 762 2548 Exaltabit
781 2520 852 2548 enim
871 2520 940 2549 Deus

153 2569 309 2592 mansuetos
325 2565 351 2592 in
367 2565 456 2593 salute
471 2587 478 2597 ,
501 2570 529 2593 et
543 2566 719 2594 cxsnltabunt
735 2566 823 2594 sancti
837 2566 863 2593 in
882 2567 939 2602 glo-

152 2612 202 2638 ria.
227 2610 255 2638 ln
270 2611 343 2646 quali
369 2611 478 2646 gloria?
506 2612 600 2647 utique
616 2612 648 2640 de
664 2619 718 2647 qua
747 2611 832 2639 dicit:
850 2620 860 2638 ι
886 2611 938 2646 Qui

151 2657 292 2692 gloriatur,
307 2658 335 2684 ir.
353 2658 468 2685 Domino
481 2657 612 2693 glorietur
625 2659 665 2690 5‘;
688 2667 698 2684 I
715 2657 756 2686 vel
771 2657 796 2686 in
811 2657 858 2685 tali
870 2666 937 2694 qua-

188 2704 211 2720 ¹³
225 2704 307 2732 Eccli.
324 2712 369 2737 xv,
382 2705 409 2733 9.
447 2705 471 2721 ”
486 2704 494 2732 Ι
511 2704 574 2732 Cor.
599 2713 627 2737 l,
656 2705 701 2732 51.

197 2749 243 2782 22)
254 2748 348 2783 Οὗτος
361 2750 436 2784 ᾄδει,
451 2754 504 2776 etc.
523 2750 635 2777 Sehcdzn
648 2750 752 2778 Grabii.

197 2785 242 2855 25)
262 2785 308 2817 Ὠς
321 2786 378 2821 οὐκ
392 2784 509 2818 ὡραῖος,
525 2789 579 2813 etc.
595 2785 698 2813 Catena
710 2786 842 2814 Corderii.

197 2819 232 2846 26
263 2819 342 2847 Ἐπεὶ
356 2820 500 2855 περιμέν,
513 2826 567 2849 etc.
586 2820 696 2849 Eadem.

186 2819 242 2855 (26)
263 2819 342 2847 Ἐπεὶ
356 2819 423 2854 περὶ
432 2820 500 2856 μέν,
513 2826 567 2849 etc.
586 2820 696 2849 Eadem.

859 116 905 144 ex
924 115 1075 145 ORIGENE

967 818 990 846 Β

1726 116 1738 143 Ι
1746 116 1795 143 680

1037 174 1151 202 Αινεῗτε
1161 173 1265 206 αὐτὸν,
1280 175 1308 200 οι
1318 173 1440 208 οὐρανοὶ
1455 174 1515 201 τῶν
1533 174 1681 208 οὐρανῶν,
1697 176 1746 202 καὶ
1762 177 1796 204 τό

1005 221 1084 255 ὕδωρ
1102 220 1137 247 τὸ
1154 219 1293 254 ὑπεράνω
1306 219 1365 247 τῶν
1378 220 1515 253 οὐρανῶν
1530 221 1744 249 αιγεσάτωσαν
1762 224 1795 250 τὸ

1004 265 1099 300 ὄνομα
1118 265 1240 300 Κυρίου,
1258 273 1285 291 κ.
1302 273 1330 292 τ.
1345 265 1370 292 ὲ.
1384 265 1504 300 Οὐρανός
1519 265 1577 291 ἐστι
1594 266 1690 301 νοητὸς
1715 266 1797 301 φύσις

1004 311 1099 347 λογικὴ
1119 311 1165 338 τὸν
1185 311 1235 346 τῆς
1247 310 1422 346 δικαιοσύνης
1436 311 1511 346 ἥλιον
1532 311 1561 338 ὲν
1585 312 1655 347 αὐτῇ
1681 314 1796 348 περιφέ-

1006 366 1100 393 ρουσα.

1043 403 1100 430 Τοῦ
1113 403 1216 431 αὐτοῦ.
1231 403 1323 439 ’Ύδωρ
1334 402 1365 429 τὸ
1380 402 1473 430 ὲπάνω
1483 403 1539 430 τῶν
1550 403 1672 439 οὐρανῶν
1684 403 1797 439 λογικὰς

1005 447 1101 482 φύσεις
1119 447 1257 483 σημαίνει,
1273 448 1479 484 κεχωρισμένας
1495 447 1549 474 ἀπὸ
1563 448 1617 475 τῶν
1634 450 1663 475 ὲν
1679 450 1735 480 τοῖς
1749 449 1796 475 οὺ-

1005 495 1097 529 ρανοῖς
1113 493 1198 521 ὄντων
1213 494 1328 521 ὑδάτων.

1039 539 1095 566 Καὶ
1115 539 1232 574 ὑψώσει
1245 539 1336 574 κέρας
1352 540 1430 568 λαοῦ
1452 541 1556 573 αὑτοῦ,
1573 549 1601 568 κ.
1620 549 1648 569 τ.
1664 541 1688 568 ὲ.
1703 540 1796 577 Κόρας

1004 584 1063 611 ἐστὶ
1077 585 1139 617 νοῦς
1153 586 1282 622 καθαρός.

1041 631 1155 666 ’Υμνος
1166 631 1243 660 πᾶσι
1257 631 1319 666 τοῖς
1333 633 1431 666 ὁσίοις
1441 633 1547 666 αὑτοῦ,
1564 643 1590 660 ιι.
1605 643 1631 661 τ.
1648 635 1672 661 ὲ.
1691 635 1796 671 Ὕμνος

1003 676 1077 704 ἐστὶν
1097 677 1230 714 ἐμπληξις
1251 678 1320 714 μετὰ
1338 678 1492 714 δοεολογίας
1511 680 1558 706 ἐπὶ
1571 681 1604 716 τῇ
1622 680 1725 717 θεωρίᾳ
1741 682 1797 709 τῶν

1003 724 1155 759 γεγονότων
1167 725 1216 752 καὶ
1229 725 1385 762 γενομένων
1397 726 1450 753 ὑπὸ
1466 726 1545 754 Θεοῦ.

1269 815 1415 843 ΨΑΛΜΟΣ
1437 814 1525 842 PM8’.

1040 862 1150 897 ’ᾼσατε
1163 860 1203 894 τῷ
1225 861 1323 895 Κυρίῳ
1342 857 1424 896 ᾆσθμα
1440 860 1556 892 καινὸν,
1574 869 1603 889 κ.
1623 869 1650 889 τ.
1670 861 1693 888 ὲ.
1709 857 1794 894 οὗτος

1002 908 1061 945 ᾄδει
1075 908 1132 944 (22)
1152 901 1246 935 καινὸν
1259 905 1335 944 ᾆσμα
1347 909 1361 934 ό
1374 908 1420 934 τὸν
1437 908 1551 935 παλαιὸν
1567 907 1712 944 ἄνθρωπον
1728 909 1795 934 ἀπο-

1002 954 1125 990 θέμενος,
1147 954 1194 981 τδν
1219 953 1398 990 φθειρόμενον
1414 954 1485 981 κατὰ
1500 954 1550 986 τὰς
1572 953 1723 990 ἐπιθυμίας
1746 955 1795 989 τῆς

1001 1001 1120 1036 ἀπάτης,
1141 1001 1189 1028 καὶ
1213 1001 1393 1036 ἐνδυσάμενος
1415 1001 1461 1028 τὸν
1483 1000 1544 1027 νέον
1564 1001 1611 1028 τὸν
1633 1000 1706 1028 κατὰ
1728 1000 1794 1027 Θεὸν

1001 1047 1157 1075 κτισθέντα,

1044 1093 1075 1120 Ἠ
1089 1092 1206 1125 alveari;
1220 1091 1314 1119 αὑτοῦ
1329 1091 1364 1119 ἐν
1383 1091 1547 1126 Ἐκκλησία
1561 1092 1667 1124 ύσίων,
1684 1101 1712 1119 ιι.
1728 1101 1756 1119 τ.
1768 1092 1791 1119 ἐ.

1006 1139 1051 1171 Ὦς
1066 1149 1075 1165 ι
1092 1139 1142 1174 οὐχ
1155 1138 1256 1175 ὡραῖος
1268 1138 1324 1174 (25)
1338 1135 1412 1169 alvo;
1424 1138 1453 1164 ὲν
1464 1138 1578 1174 στόματι
1590 1137 1764 1174 ἀμαρτωλοῦ⁸
1779 1147 1790 1164 ν

998 1186 1087 1218 οὕτως
1109 1185 1170 1212 οὐδὲ
1196 1185 1226 1212 ὲν
1254 1184 1404 1220 Ἐκκλησία
1426 1184 1664 1220 πονηρευομένων,
1683 1184 1740 1211 ἀλλ’
1763 1185 1792 1210 ὲν

1007 1231 1157 1268 Ἐκκλησία
1179 1231 1279 1258 ὁσίων·
1299 1232 1346 1258 καὶ
1361 1232 1390 1258 ὲν
1413 1230 1500 1266 ταύτῃ
1518 1230 1651 1266 μᾶλλονῆ
1671 1231 1701 1257 ὲν
1714 1231 1791 1265 ἑνὶ,ῆ

1000 1280 1029 1306 ἐν
1043 1279 1156 1315 ὀλίγοις.

1036 1325 1239 1361 Εὐφρανθήτω
1259 1325 1379 1360 Ἰσραὴλ
1395 1325 1443 1352 ἐπὶ
1458 1324 1499 1358 τῷ
1512 1324 1673 1358 ποιήσαντι
1687 1325 1790 1356 αὐτὸν,

1000 1372 1050 1400 καὶ
1061 1372 1121 1399 vlol
1135 1371 1213 1399 Σιὼν
1224 1371 1480 1406 ἀγαλλιάσθωσαν
1491 1371 1541 1398 ἐπὶ
1554 1371 1595 1404 τῷ
1602 1371 1730 1404 βασιλεῖ
1737 1373 1791 1398 αὑ-

999 1417 1070 1451 τῶν,
1088 1427 1116 1445 κ.
1135 1426 1162 1445 τ.
1181 1418 1205 1445 ἐ.
1233 1417 1310 1445 Ἐπεὶ
1331 1418 1394 1454 περὶ
1413 1417 1462 1453 μὲν
1480 1417 1535 1452 (24)
1557 1417 1604 1444 τοῦ
1623 1418 1686 1444 κατ’
1700 1417 1792 1444 εἰκόνα

999 1462 1030 1490 τὸ
1050 1471 1059 1489 ι
1079 1462 1206 1499 ἐποίησεν
1221 1472 1232 1489 ι
1247 1463 1364 1499 εἴρηται,
1382 1463 1448 1498 περὶ
1463 1462 1492 1489 δὲ
1507 1462 1555 1489 τοῦ
1571 1462 1625 1489 ἀπὸ
1641 1461 1688 1489 τοῦ
1699 1462 1748 1498 χοῦ
1763 1463 1794 1489 τὸ

1001 1517 1011 1534 ι
1029 1508 1142 1541 ἔπλασε,
1161 1518 1171 1535 υ
1189 1508 1237 1536 καὶ
1252 1509 1269 1545 ἡ
1286 1508 1352 1543 ἁγία
1365 1508 1519 1545 εὐφροσύνη
1534 1509 1563 1535 ὲν
1573 1507 1612 1544 τῷ
1625 1508 1686 1535 κατ)
1698 1509 1793 1536 εἰκόνα

997 1555 1073 1581 ἐστί·
1096 1554 1141 1581 διὰ
1165 1554 1246 1581 τοῦτο
1270 1554 1378 1592 Ἰσραὴλ
1393 1555 1441 1581 ἐπὶ
1467 1554 1505 1590 τῷ
1536 1555 1679 1590 ποιήσαντι
1708 1555 1794 1582 αὑτὸν

997 1599 1198 1635 προστάσσεται
1214 1600 1417 1636 εὐφραίνεσθαι.
1432 1599 1506 1626 Υἰῶν
1525 1599 1554 1625 δὲ
1572 1599 1641 1626 Σιὼν
1654 1599 1794 1634 βασιλεύει

998 1644 1127 1681 Χριστὸς,
1138 1646 1262 1673 τουτέστι
1272 1645 1362 1681 σοφία,
1373 1645 1465 1680 λόγος,
1481 1645 1604 1681 ἀλήθεια,
1616 1646 1658 1680 ἐφ’
1707 1646 1795 1680 ἀγαλο

996 1691 1162 1719 λιάσθωσαν.

1032 1737 1249 1765 Αἰνεσάτωσαν
1261 1737 1295 1764 τὸ
1308 1737 1403 1772 ὄνομα
1414 1736 1508 1764 αὑτοῦ
1524 1736 1558 1762 ἐν
1571 1735 1660 1771 χορῷ,
1676 1745 1704 1762 κ.
1721 1744 1749 1764 τ.
1767 1737 1795 1763 ἑ.

1001 1783 1066 1810 Ἐὰν
1082 1783 1108 1810 οἱ
1125 1783 1218 1810 πολλοὶ
1236 1782 1293 1818 (25)
1318 1783 1347 1809 ὲν
1367 1781 1407 1817 τῷ
1431 1781 1505 1817 αὑτῷ
1527 1781 1568 1809 νοῒ
1587 1783 1634 1809 καὶ
1659 1783 1694 1818 τῇ
1720 1782 1794 1817 αὐτῇ

996 1829 1094 1865 γνώμῃ
1109 1827 1281 1864 ὁμοθυμαδὸν
1301 1828 1349 1863 μιᾷ
1361 1827 1433 1863 ψυχῇ
1448 1828 1496 1854 καὶ
1511 1828 1561 1863 μιᾷ
1574 1828 1675 1863 καρδίᾳ.
1691 1827 1795 1854 aluisse

995 1876 1027 1902 τὸ
1039 1876 1124 1911 δνομα
1139 1875 1186 1902 καὶ
1204 1874 1254 1910 τὴν
1270 1873 1390 1909 ίδιότητα
1413 1873 1460 1901 τοῦ
1480 1873 1622 1909 βασιλέως,
1638 1873 1746 1900 αἰνοῦσι
1762 1875 1795 1901 τὸ

995 1922 1082 1957 ὔνομα
1097 1919 1181 1949 αὑτοῦ
1196 1921 1226 1947 ὲν
1242 1919 1315 1956 χορῷ
1334 1919 1404 1956 μετὰ
1419 1920 1588 1956 συμφωνίας.

1037 1969 1085 1995 Ἐν
1098 1967 1241 2003 τυμπάνῳ
1257 1967 1306 1994 καὶ
1322 1967 1478 2001 ψαλτηριφ
1494 1966 1683 2001 ψαλάτωσαν
1696 1968 1793 2001 αὐτῷ,

995 2023 1022 2041 κ.
1036 2022 1063 2041 τ.
1079 2013 1103 2040 ἑ.
1125 2013 1157 2040 Ol
1174 2013 1224 2048 μὲν
1245 2012 1432 2048 νεκρώσαντες
1447 2012 1502 2048 (26)
1519 2012 1555 2039 τὰ
1575 2013 1622 2040 ἐπὶ
1638 2013 1692 2048 γῆς
1707 2014 1793 2050 μέλη,

994 2060 1043 2087 καὶ
1058 2059 1242 2093 ἀναγαγόντες
1262 2058 1308 2085 ἐπὶ
1323 2057 1354 2085 τὸ
1375 2058 1451 2091 ξύλον
1474 2058 1513 2094 τῷ
1534 2059 1644 2094 Χριστῷ
1669 2068 1794 2087 συσταυ-

995 2105 1107 2142 ροῦσθαι
1128 2105 1177 2137 τὰς
1197 2105 1285 2141 ᾲρχὰς
1310 2105 1358 2132 καὶ
1379 2104 1428 2137 τὰς
1449 2104 1585 2139 ἐξουσίας,
1602 2106 1631 2132 ὲν
1653 2107 1794 2142 τυμπάνῳ

994 2152 1126 2187 ψάλλουσι
1142 2151 1182 2187 τῷ
1197 2151 1273 2186 Θεῷ*
1289 2152 1314 2178 oi
1330 2152 1359 2179 δὲ
1374 2151 1516 2187 ὁλόκληροι
1536 2152 1584 2179 καὶ
1600 2152 1729 2188 ἁρμόνιοι
1752 2153 1794 2189 τῷ

996 2197 1143 2233 πνεύματι,
1161 2197 1190 2224 ιν
1206 2197 1355 2234 ψαλτηρίῳ.

1033 2243 1097 2270 ὀτι
1111 2242 1230 2270 εὐδοκεῖ
1240 2243 1348 2277 Κύριος
1362 2243 1398 2269 ἐν
1408 2242 1472 2276 λαῷ
1483 2242 1587 2275 αὐτοῦ,
1604 2243 1651 2270 καὶ
1669 2244 1792 2278 ὑψώσει

996 2289 1099 2324 πραεῖς
1111 2289 1146 2316 ὲν
1156 2289 1299 2323 σωτηρίᾳ,
1315 2297 1343 2315 κ.
1359 2297 1384 2315 τ.
1401 2288 1424 2315 ἐ.
1441 2288 1554 2315 Εὑδοκεῖ
1567 2288 1671 2325 Κύριος
1685 2289 1747 2325 (27)
1763 2291 1794 2317 ἑν

992 2337 1026 2372 τῇ
1041 2335 1094 2372 ἰδίᾳ
1114 2335 1215 2370 μερίδι,
1228 2335 1289 2371 ἥτις
1305 2334 1378 2361 ἐστὶν
1391 2335 1406 2360 ὁ
1419 2334 1482 2366 λαὸς
1496 2334 1590 2367 αὑτοῦ,
1604 2336 1655 2362 οὐκ
1671 2335 1701 2362 ἑν
1714 2336 1793 2371 ἄλλῳ

992 2381 1067 2413 τινὸς
1088 2381 1218 2417 ἄρχοντος
1237 2379 1284 2406 τοῦ
1299 2379 1398 2411 αἰῶνος
1413 2379 1508 2406 τούτου
1526 2380 1592 2416 λαῷ.
1609 2381 1665 2408 Καὶ
1682 2381 1791 2417 ὑψώσει

993 2428 1092 2464 πραεῖς
1109 2427 1148 2459 είς
1163 2427 1214 2462 γῆν
1232 2426 1265 2462 ἢν
1285 2426 1498 2462 κληρονομοῦσιν
1518 2427 1542 2453 οι
1560 2428 1667 2462 πραεῖς,
1688 2428 1720 2454 οὗ
1739 2430 1792 2464 τὴν

993 2474 1078 2507 κάτω,
1092 2473 1160 2501 ἀλλὰ
1174 2473 1276 2509 ταύτην
1289 2473 1332 2508 ἐφ’
1347 2470 1382 2509 ἧς
1393 2473 1468 2500 ἐστιν
1481 2473 1498 2509 ή
1515 2473 1571 2500 ἄνω
1590 2474 1788 2510 Ἰερουσαλήμθ

994 2520 1097 2556 ὑψώσει
1109 2519 1164 2555 γὰρ
1180 2519 1246 2551 Θεὸς
1260 2521 1358 2555 πραεῖς
1377 2519 1406 2546 ὲν
1421 2519 1556 2556 σωτηρίαν
1573 2520 1619 2547 καὶ
1635 2522 1791 2556 καυχήσον-

992 2574 1037 2593 ται
1051 2566 1118 2592 ὅσιοι
1139 2566 1168 2591 ἰν
1185 2564 1259 2600 δόξῃ.
1283 2564 1328 2591 Ἐν
1344 2565 1409 2600 ποίᾳ
1426 2565 1508 2601 δόξῃ;
1534 2565 1652 2600 εὐλόγως
1668 2567 1736 2602 περὶ
1753 2566 1788 2603 ἧς

992 2620 1090 2648 φησιν’
1111 2620 1121 2636 ι
1154 2611 1183 2638 ’0
1207 2610 1382 2646 καυχώμενος
1404 2612 1434 2638 ἐν
1460 2611 1556 2647 Κυρίῳ
1580 2612 1749 2647 καυχάσθω·
1774 2623 1785 2639 s

989 2657 1135 2694 ἢτοιαὺτῃ
1161 2657 1257 2683 ὁποίαν
1281 2655 1338 2692 εἶχε
1365 2657 1496 2693 Μωῦσῆς,
1522 2658 1567 2684 ὅτε
1590 2657 1750 2690 δεδόξασται
1769 2658 1787 2694 ἡ

1044 2750 1089 2784 25)
1113 2749 1182 2776 Ἐὰν
1194 2751 1222 2776 οἱ
1235 2750 1356 2782 πολλοι,
1369 2754 1423 2778 etc.
1438 2749 1549 2778 Eadem.

1044 2751 1089 2784 25)
1113 2751 1182 2776 Ἐὰν
1194 2751 1222 2776 οἱ
1235 2751 1356 2782 πολλοί,
1369 2754 1423 2778 etc.
1438 2751 1549 2778 Eadem.

1031 2751 1088 2820 (26)
1105 2786 1137 2811 οι
1144 2785 1203 2820 μὲν
1213 2784 1432 2820 γεῃρώσαντες,
1444 2790 1498 2812 etc.
1515 2785 1628 2815 Eadem.

1028 2818 1087 2856 (27)
1098 2818 1225 2847 Εὑόοκεῖ
1236 2818 1353 2854 Κύριος,
1370 2825 1423 2848 etc.
1443 2820 1553 2848 Eadem.
