1906 3051
124 132 192 161 1681

641 132 796 162 SELECTA
813 133 847 161 lN
866 133 1034 163 PSALMOS.
1051 148 1088 157 —
1101 133 1202 163 PSAL.
1222 132 1275 162 CL.

1687 132 1753 161 H382

122 189 184 225 ὄψις
199 189 247 216 τοῦ
264 189 410 226 προσώπου
425 190 508 218 αὑτοῦ
519 199 525 206 ·
539 191 587 218 καὶ
599 192 663 227 περὶ
675 189 709 228 ἧς
721 200 804 227 φησιν
814 193 829 219 ὁ
842 191 902 219 Παῦ

967 191 1019 220 lem
1041 191 1146 228 Moyses
1171 191 1277 224 habuit,
1301 189 1411 225 quando
1434 189 1583 226 gloriﬁcata
1599 193 1641 218 est
1668 190 1752 218 facies

121 235 183 267 λος·
204 244 214 261 ι
239 235 335 270 Ἦμεῖς
350 235 379 262 δὲ
395 235 494 268 πάντες
510 237 764 273 ἀνακεκαλυμμένῳ
777 237 914 273 προσώπῳ

121 281 172 317 τὴν
195 281 274 314 δόξαν
295 281 400 317 Κυρίου
419 282 681 318 κατοπτριζόμενοι,
705 284 756 319 τὴν
772 283 856 319 αὐτὴν
873 284 912 310 εί-

122 327 189 354 κόνα
201 328 453 365 μεταμορφούμεθα
465 329 520 357 ἀπὸ
534 329 614 365 δόξης
630 331 670 362 εἰς
680 330 769 362 δόξαν.
790 339 800 356 ι

158 419 214 446 Kal
232 419 468 455 ἀτηλλιάσονται
483 421 534 448 ἐπὶ
549 420 610 449 τῶν
624 421 732 449 κοιτῶν
755 422 866 456 αὐτῶν,
883 431 910 449 κ.

120 473 147 492 τ.
163 465 186 492 ἑ.
207 465 427 499 Ἀγαλλιάισονται
442 466 497 503 (28)
517 467 629 494 ἐπὶτῶν
645 467 742 494 κοιτῶν
756 467 856 500 αὐτῶν,
871 464 912 500 οἷς

124 519 134 537 ι
152 511 168 546 ή
192 506 241 543 νῦξ
261 511 423 547 προέκοψεν,
446 512 505 547 ἠδὲ
521 512 612 548 ἡμέρα
633 513 763 548 ἤγγικεν⁹
785 522 794 539 ι
816 513 841 540 οἳ
865 513 912 540 καὶ

118 557 158 590 ὡς
174 558 202 584 ὲν
213 557 304 594 ἡμέρᾳ
316 558 493 594 εὐσχημόνως
508 558 714 594 περιπατοῦσιν,
732 569 742 585 ι
760 559 791 586 οὐ
808 558 911 594 κώμοις

120 604 168 631 καὶ
184 603 291 640 μέθαις,
308 604 339 631 οὐ
353 604 457 636 κοίταις
472 604 520 631 καὶ
535 604 699 639 ἀσελγείαις.
721 614 735 631 ι

155 696 190 723 Al
212 695 347 731 ὑψώσεις
376 695 430 723 τοῦ
448 696 522 724 Θεοῦ
543 696 579 723 ἐν
596 696 637 730 τῷ
656 695 783 732 λάρυγτι
799 694 908 728 αὐτῶν,

118 751 147 770 κ.
162 751 188 769 τ.
201 743 223 769 ὲ.
236 739 285 769 ’Ὧν
296 743 327 769 οὐ
343 743 427 778 τάφος
441 743 496 778 (29)
511 742 684 778 ἀνεῳγμένος
695 743 710 769 ὀ
721 741 834 778 λάρυγξ,
848 742 910 769 τού-

117 797 172 816 των
190 788 308 824 ὑψώσεις
328 789 396 816 Θεοῦ
412 790 441 816 ἐν
464 789 505 825 τῷ
518 790 636 825 λάρυγγι
657 788 758 822 αὐτῶν,
773 789 820 817 καὶ
843 790 910 825 ρομ-

117 835 197 868 φαῖαι
215 834 335 870 δίστομοι
359 835 389 862 ὲν
413 835 474 866 ταῖς
498 835 592 870 χερσὶν
612 834 703 861 αὐτῶν
721 834 776 862 τῶν
792 834 908 870 ἑτοίμως

117 879 235 914 ἑχόντων
249 879 366 906 ἐκδικεῖν
382 880 472 908 πᾶσαν
496 880 649 917 παρακοὴν,
678 880 724 907 καὶ
749 879 910 916 καθαιρούν-
925 871 948 900 Β

115 933 171 950 των
190 925 245 952 πᾶν
264 924 365 960 ὕψωμα
378 925 560 962 ἐπαιρόμενον
574 925 648 953 κατὰ
662 925 712 961 τῆς
725 925 852 960 γνώσεως
861 924 915 953 τοῦ.

115 970 196 998 Θεοῦ.

152 1016 208 1043 Καὶ
221 1016 365 1052 ρομςραῒαι
382 1016 519 1052 δίστομοι
538 1017 574 1044 ἐν
588 1015 654 1050 ταῖς
666 1016 779 1052 χερσὶν
796 1015 910 1049 αὐτῶν,

115 1071 143 1089 κ.
158 1071 183 1089 τ.
200 1063 223 1089 ἑ.
244 1063 389 1098 Ῥομφαῖαί
405 1063 460 1098 (50)
475 1063 528 1089 εἱσι
548 1062 718 1098 διαλογισμοὶ
734 1062 781 1090 καὶ
795 1061 908 1098 πράξεις

113 1108 203 1144 ψυχῆς
217 1109 249 1135 ὲκ
260 1108 359 1140 κακίας
375 1108 422 1135 καὶ
440 1108 591 1143 ἀγνωσίας.

154 1154 210 1181 Τοῦ
223 1154 327 1182 αὑτοῦ.
352 1154 487 1189 Ῥομφαία
507 1154 566 1181 ἐστὶ
581 1153 636 1190 (51)
650 1154 711 1186 νοῦς
734 1153 842 1189 λογικὸς
861 1153 908 1180 ἐκ-

115 1199 225 1227 κόπτων
236 1199 326 1234 ψυχὴν
340 1199 394 1226 ἀπὺ
404 1199 504 1232 κακίας
517 1199 564 1227 καὶ
580 1199 727 1234 ἀγνωσίας.

156 1245 211 1273 Τοῦ
238 1244 362 1280 ποιῆσαι
379 1244 538 1280 ἐκδίκησιν
555 1245 591 1272 ἐν
607 1244 671 1278 τοῖς
685 1244 815 1276 ἔθνεσιν,
839 1243 907 1270 ἐλε-

114 1291 209 1327 τμοὺς
227 1292 262 1319 ἐν
276 1291 334 1325 τοῖς
349 1291 446 1325 λαοῖς,
462 1300 490 1318 κ.
505 1300 530 1318 τ.
548 1291 572 1318 ὲ.
589 1301 598 1317 ι
618 1291 773 1326 Ἐκδίκησιν
788 1290 837 1326 μὲν
849 1289 907 1325 (52)

114 1337 147 1364 ὲν
158 1338 215 1369 τοῖς
227 1336 341 1370 ἔθνεσιν,
364 1346 373 1363 ι
396 1337 424 1363 ὲν
440 1337 497 1368 τοῖς
511 1336 674 1371 ἑτεροδόξοις
684 1344 691 1350 ·
707 1344 716 1361 ι
732 1335 864 1370 ἑλιγμοὺς
877 1333 908 1360 δὲ

114 1383 147 1410 ιν
155 1384 211 1415 τοῖς
227 1383 312 1414 λαοῖς,
331 1392 341 1409 ι
359 1383 416 1414 τοῖς
431 1382 627 1419 ἁμαρτάνουσι,
643 1381 714 1409 κατὰ
728 1381 773 1409 τὸν
790 1381 847 1417 βίον
863 1390 907 1409 νο-

115 1427 272 1464 μιζομένοις
284 1428 531 1464 ἐκκλησιαστικαῖς.

152 1474 207 1501 Τοῦ
222 1474 314 1509 δῆσαι
327 1474 397 1508 τοὺς
410 1473 552 1507 βασιλεῖς
565 1473 666 1501 αὐτῶν
678 1474 714 1501 ἐν
725 1473 841 1508 πέδαις,
854 1473 904 1502 καί

111 1520 185 1554 τοὺς
200 1520 345 1553 ἐνδόξους
363 1519 463 1547 αὐτῶν
483 1519 519 1546 ἐν·
544 1519 734 1554 χειροπέδαις
753 1519 903 1554 σιδηραῖς,

111 1575 141 1592 κ.
159 1547 184 1592 τί
202 1566 225 1593 ὲ.
249 1547 470 1601 ὈΙσυμὸιϐάζων
484 1547 730 1601 (55)’διέασκάλους
744 1547 904 1601 ἑτεροδόξων
916 1547 939 1577 c

112 1611 161 1638 καὶ
177 1611 240 1643 τοὺς
254 1612 284 1638 ὲν
302 1611 416 1644 ἐκείνοις
431 1611 578 1644 δοκοῦντας
593 1611 637 1638 διὰ
652 1609 832 1646 νομιζομένην
843 1611 904 1638 ἱκασ

112 1657 213 1692 νότητα
225 1656 358 1689 ἐνδόξους,
367 1657 453 1684 δεῖται
466 1657 586 1692 βασιλεῖς
598 1657 687 1684 αὐτῶν
698 1658 727 1684 ὲν
741 1656 845 1688 πέδαις,
861 1657 905 1683 Eva.

113 1703 153 1738 μὴ
175 1702 344 1738 προϐαίνωσι
367 1702 407 1738 τῷ
430 1702 501 1739 λόγῳ
523 1703 623 1735 αὐτῶν,
641 1703 766 1734 καὶτοὺς
783 1702 905 1735 ἐνδόξους

112 1748 204 1775 αὐτῶν
223 1749 253 1775 ὲν
266 1748 439 1784 χειροπέδαις
459 1749 591 1785 σιδηραῖς,
609 1749 653 1776 ἵνα
667 1748 765 1784 μηκέτι
782 1747 904 1785 κρατῶσι

110 1793 159 1820 τὸν
173 1791 256 1821 πάλαι
268 1793 314 1822 διὰ
326 1794 356 1822 τδ
368 1794 571 1831 εὐεξαπάτητον
585 1794 779 1831 κρατούμενον.

151 1885 209 1913 Τοῦ
225 1885 328 1914 αὑτοῦ.
348 1886 451 1923 Δεσμὸς
466 1887 525 1915 ἐστι
545 1886 601 1923 (54)
615 1887 709 1923 νοητὸς
725 1886 848 1915 ἀπάθεια
858 1886 904 1913 λο-

110 1931 194 1967 γικῆς
208 1932 296 1968 ψυχῆς
306 1941 312 1947 ·
324 1932 341 1967 ἢ
362 1932 444 1967 φόϐος
454 1932 557 1969 Κυρίου
573 1933 704 1960 ἐκκλίνων
718 1932 773 1960 ἀπὸ
786 1932 903 1964 κακίας’

109 1978 129 2012 ἢ
144 1977 302 2005 διδασκαλία
324 1979 496 2014 πνευματικὴ
517 1978 555 2014 μὴ
578 1979 758 2015 συγχωροῦσα
772 1978 818 2006 τδν
840 1978 904 2006 νοῦν

110 2024 160 2050 ἐπὶ
173 2023 222 2059 τὴν
238 2024 339 2051 κακίαν
351 2023 469 2051 ὁδεύειν·
486 2024 502 2060 ἢ
518 2024 612 2060 ἀγάπη
630 2024 805 2060 πνευματικὴ
821 2024 905 2060 μηδὲν

109 2068 276 2104 προτιμῶσα
292 2069 341 2104 τῆς
355 2067 482 2103 γνώσεως
495 2068 541 2095 τοῦ
556 2068 635 2095 Θεοῦ.

150 2113 206 2141 Τοῦ
219 2113 344 2148 ποιῆσαι
354 2114 388 2141 ἐν
397 2114 501 2148 αὐτοῖς
511 2114 601 2149 κρῖμα
611 2114 788 2149 ἐγγραπτον,
801 2122 827 2140 κ.
838 2122 864 2140 τ.
877 2113 902 2142 ἐ.

109 2158 238 2186 Ποιοῦσιν
253 2159 278 2186 οἱ
296 2159 365 2186 ὅσιοι
386 2159 442 2195 (55)
459 2160 547 2196 κρῖμα
563 2159 702 2195 ἔγγραφον
722 2160 769 2187 καὶ
792 2159 904 2195 γραφῆς

106 2204 161 2239 τῆς
176 2204 206 2231 ὲν
226 2204 362 2240 πνεύματι
382 2204 457 2237 ἀξιον
477 2205 507 2232 ὲν
522 2206 580 2236 τοῖς
600 2205 809 2241 προειρημένοις
825 2204 901 2240 βασι-
916 2217 939 2246 D

107 2249 186 2277 λεῦσι
201 2250 248 2277 καὶ
263 2250 395 2282 ὲνδόξοις⁹
413 2250 461 2278 καὶ
483 2250 572 2277 πάντα
587 2251 622 2278 τὰ
637 2250 823 2287 προειρημένα
836 2250 900 2284 δόξα

107 2295 169 2322 ἐστὶ
189 2296 256 2323 πᾶσι
274 2297 331 2328 τοῖς
345 2297 429 2329 ὁσίοις
445 2296 493 2324 τοῦ
515 2295 596 2330 Θεοῦ,
618 2295 656 2330 ὡς
675 2297 721 2325 τὸν
746 2297 787 2334 μὴ
804 2296 901 2334 ἔχοντα

106 2341 196 2368 ταῦτα
213 2342 250 2378 μὴ
266 2340 336 2369 εἶναι
352 2343 425 2370 ὅσιον
443 2342 522 2371 Θεοῦ.

904 2402 940 2410 ...-

393 2433 540 2461 ΨΑΛΜΟΣ
557 2433 621 2461 PN'.

147 2478 261 2506 Αὶγεῖτε
272 2479 326 2506 τὸν
340 2479 416 2506 Θεὸν
430 2479 466 2506 ἐν
479 2479 541 2514 τοῖς
556 2481 652 2515 artat;-
662 2480 766 2513 αὑτοῦ,
787 2489 812 2508 κ.
829 2489 856 2509 τ.
874 2481 898 2508 ἐ.

108 2525 215 2560 Μηδεὶς
238 2525 353 2558 ἐξελθὼν
376 2525 432 2562 (56)
457 2526 491 2554 τὰ
514 2526 580 2561 ᾰγια
604 2526 715 2554 αἰνείτω
737 2527 784 2554 τὸν
813 2526 898 2554 856v-

110 2579 122 2596 ε
142 2570 205 2602 Πῶς
230 2581 239 2597 ι
258 2571 313 2607 γὰρ
336 2581 345 2597 ι
363 2571 475 2608 ᾇσωμεν
495 2573 544 2609 τὴν
560 2573 632 2609 ᾠδὴν
655 2573 759 2610 Κυρίου
781 2573 828 2600 ἐπὶ
848 2574 901 2609 γῆς

108 2615 270 2652 ἀλλοτρίαςς
289 2628 298 2644 ι
317 2617 456 2655 ’Λλλοτρία
466 2618 495 2646 δὲ
509 2618 544 2655 γῆ
559 2619 594 2646 τὰ
607 2619 644 2655 μὴ
656 2619 732 2654 ἅγια.
749 2620 785 2646 Ἢ
796 2619 857 2646 ἐπεὶ
868 2619 898 2646 οὺ

965 236 1054 264 vultus
1067 236 1140 271 ejus;
1154 240 1181 264 et
1191 235 1225 263 de
1237 243 1288 271 qua
1306 236 1408 264 Paulus
1425 237 1464 264 ait
1474 237 1495 252 "
1507 245 1513 264 :
1526 245 1535 262 ι
1552 235 1607 263 Nos
1615 243 1680 264 vero
1693 243 1753 262 otu-

965 290 1012 311 nes
1037 283 1157 310 revelata
1184 282 1253 311 facie
1266 283 1379 318 gloriam
1394 282 1501 310 Domini
1522 281 1707 317 speculantes,
1723 281 1748 308 in

963 328 1093 356 eamdem
1120 329 1266 365 imaginem
1291 329 1519 358 transformamur
1538 336 1554 356 a
1572 328 1698 356 claritate
1723 327 1750 354 in

963 374 1129 402 claritatem.
1151 384 1177 412 ›¹

998 420 1078 448 Vsus.
1094 421 1121 449 5.
1136 413 1348 450 Et'latlabuntur
1358 421 1385 448 in
1395 421 1524 448 cubilibus
1539 421 1607 455 suis,
1622 425 1676 450 etc.
1691 421 1750 450 Lm-

964 467 1094 494 tabuntur
1108 466 1136 493 in
1154 467 1291 495 cubilibus
1305 467 1362 495 suis
1378 467 1520 502 iiquibust
1533 475 1584 494 nox
1598 469 1750 502 pracessit,

962 509 1021 537 dies
1042 514 1131 537 autem
1149 511 1377 546 appropinquavit
1388 511 1412 527 ⁵⁸
1428 519 1436 538 :
1459 521 1468 538 ι
1482 512 1527 546 qui
1545 511 1628 539 etiam
1656 521 1666 538 ι
1685 517 1746 540 tnu-

962 563 1045 590 quam
1062 555 1089 583 in
1101 555 1144 582 die
1166 555 1281 583 honeste
1297 556 1448 590 ambulant,
1463 564 1517 584 non
1540 557 1567 584 in
1583 565 1751 586 commessav

962 601 1081 629 tionibus
1093 606 1122 629 et
1143 601 1332 636 ebrietatibus,
1349 609 1402 630 non
1421 602 1448 630 in
1467 602 1602 631 cubilibus
1616 607 1643 631 et
1659 603 1748 639 impu-

961 647 1072 675 dicitiis.
1093 656 1103 674 ι
1601 660 1604 663 ·

996 692 1077 721 Vsus.
1094 692 1121 721 6.
1140 693 1326 721 Exaltatiouu
1345 693 1394 721 Dei
1412 694 1438 721 in
1449 699 1556 730 gutture
1576 703 1680 729 comm,
1693 699 1747 723 etc.

961 739 1082 772 Quorum
1099 744 1193 775 guttur
1210 747 1264 767 non
1285 744 1328 768 est
1345 740 1500 775 sepulcrum
1515 745 1612 776 patens
1624 761 1633 775 ,
1649 741 1747 770 lterum

960 785 1140 814 exultationes
1162 787 1209 814 Dei
1229 791 1295 814 sunt
1309 786 1336 814 in
1355 792 1465 822 gutture
1488 795 1582 815 eorum
1601 793 1650 816 :et
1664 788 1748 823 gladii

960 832 1093 867 ancipites
1108 834 1134 859 In
1147 833 1272 860 manibus
1285 840 1379 867 eorum
1393 833 1438 869 qui
1452 835 1570 870 prompti
1582 839 1647 862 sunt
1660 836 1694 863 ad
1707 835 1748 862 ul-

960 878 1116 907 ciscendam
1131 885 1237 906 omnem
1260 880 1516 914 praevaricationem
1530 901 1538 914 ,
1560 886 1588 908 et
1602 881 1748 909 destruunt

963 933 972 951 ι
1010 932 1119 952 omneru
1148 924 1321 954 altitudinem
1355 925 1530 954 extollentem
1562 933 1591 955 se
1617 927 1747 955 adversus

959 969 1101 998 scientiam
1117 971 1163 998 Dei
1176 971 1210 998 ".
1232 980 1242 998 ι

994 1016 1059 1043 lum.
1074 1015 1108 1043 Et
1123 1016 1209 1052 gladii
1226 1018 1356 1052 ancipites
1375 1017 1403 1046 in
1423 1019 1547 1046 manibus.
1570 1026 1673 1050 eorum,
1689 1023 1746 1046 etc.

958 1062 1044 1090 Gladii
1062 1066 1126 1090 sunt
1141 1063 1285 1092 ratiocinia
1300 1067 1329 1092 et
1340 1064 1463 1093 actiones
1479 1064 1577 1092 anima:
1592 1072 1625 1093 ex
1641 1064 1745 1092 malitia

958 1112 985 1136 et
1001 1108 1164 1144 ignorantia.

1000 1154 1139 1189 Ejusdem.
1154 1155 1266 1183 Gladius
1280 1160 1324 1184 est
1337 1163 1414 1184 mens
1427 1155 1598 1185 rationabilis
1611 1164 1672 1192 qute
1683 1156 1745 1184 ani-

957 1207 1029 1227 mam
1045 1208 1061 1228 a
1076 1200 1178 1228 malitia
1191 1205 1219 1228 et
1237 1201 1391 1236 ignorantia
1416 1201 1562 1230 exscindit.

1001 1245 1081 1274 Vens.
1098 1246 1125 1274 7.
1142 1247 1183 1274 Ad
1196 1247 1346 1282 faciendam
1369 1248 1512 1276 vindictam
1535 1249 1564 1276 in
1578 1249 1743 1280 nationibus.

957 1292 1148 1326 increpatione:
1164 1293 1192 1320 in
1207 1293 1323 1328 populis,
1337 1298 1391 1321 etc.
1408 1294 1578 1322 «Vindictam
1591 1294 1699 1330 quidem
1714 1295 1741 1322 in

957 1337 1124 1370 nationibus,
1145 1347 1156 1365 ι
1184 1339 1211 1366 in
1227 1339 1402 1367 heterodoxis
1416 1340 1560 1374 videlicet;
1579 1350 1589 1367 ι
1615 1342 1741 1375 increpa-

958 1382 1047 1410 tlones
1062 1390 1127 1411 vero
1150 1383 1178 1410 in
1193 1384 1301 1418 populis
1316 1403 1325 1417 ,
1352 1393 1362 1411 ι
1388 1385 1516 1412 nimirum
1531 1386 1720 1421 peccatoribus
1733 1406 1742 1420 ,

956 1429 1003 1465 qui
1016 1437 1050 1457 ex
1065 1429 1122 1457 vita
1135 1435 1264 1465 putantur
1276 1430 1467 1471 ecclesiastici.

996 1474 1083 1512 858
1102 1474 1185 1504 Vens.
1210 1476 1238 1504 8.
1266 1476 1308 1503 Ad
1325 1477 1476 1512 alligandos
1504 1485 1576 1514 reges
1598 1485 1689 1505 eorum
1713 1478 1743 1505 in

955 1522 1144 1556 compedibun,
1166 1527 1190 1550 et
1214 1522 1314 1550 nobiles
1336 1531 1427 1550 eorum
1451 1524 1479 1551 in
1504 1524 1615 1551 manicis
1629 1524 1742 1559 ferreis,

955 1572 1009 1596 etc.
1027 1568 1078 1602 Qui
1101 1568 1330 1596 lteterodoxorum
1353 1569 1480 1598 doctores
1494 1570 1634 1603 conciliat,
1654 1575 1682 1599 et
1695 1579 1743 1599 eos

954 1614 1000 1649 qui
1016 1614 1050 1642 ob
1064 1621 1124 1641 eam
1139 1622 1220 1649 quant
1237 1614 1337 1643 habere
1358 1620 1490 1650 putantur
1501 1617 1627 1652 peritiam
1641 1637 1650 1650 ,
1673 1617 1744 1645 inter

955 1657 1016 1687 illos
1036 1658 1163 1687 videntur
1187 1659 1293 1687 nobiles
1306 1679 1314 1691 ,
1332 1660 1356 1688 is
1380 1660 1476 1697 alligat
1494 1669 1573 1697 reges
1590 1670 1685 1691 eorum
1713 1663 1742 1691 in

954 1704 1135 1740 compedibus
1155 1711 1189 1732 ne
1203 1712 1331 1732 sermone
1352 1712 1404 1733 suo
1417 1706 1573 1741 proliciant,
1589 1712 1617 1735 et
1637 1708 1744 1736 nobiles

954 1756 1053 1777 eorum
1078 1749 1105 1776 in
1131 1749 1247 1777 manicis
1271 1749 1390 1784 ferreis,
1415 1758 1448 1779 ne
1473 1752 1589 1786 amplius
1604 1753 1744 1781 detineant

954 1801 1016 1822 eum
1035 1794 1082 1830 qui
1107 1795 1184 1829 olim,
1204 1795 1278 1831 quod
1294 1796 1408 1832 deceptu
1434 1796 1523 1825 facilis
1545 1803 1616 1826 esset
1630 1818 1638 1832 ,
1653 1798 1743 1827 fuerat

954 1846 1109 1876 superatus.

995 1887 1133 1923 Ejusdem.
1144 1887 1287 1917 Vinculum
1310 1888 1479 1925 intelligibile
1502 1894 1545 1918 est
1571 1890 1742 1919 rationabilis

954 1933 1052 1961 animm
1068 1934 1103 1962 ab
1125 1934 1270 1963 affectibus
1292 1935 1466 1970 immunitas;
1482 1937 1526 1964 vel
1541 1937 1622 1965 timor
1633 1937 1740 1966 Domini

953 1977 1095 2007 declinans
1110 1987 1125 2006 a
1136 1979 1225 2013 malo;
1244 1980 1287 2008 vel
1301 1980 1426 2009 doctrina
1441 1981 1582 2017 spiritalis,
1595 1990 1654 2018 quae
1666 1989 1741 2010 men-

956 2028 1009 2051 tem
1036 2032 1090 2052 non
1117 2025 1182 2053 sinit
1207 2026 1240 2054 ad
1264 2026 1395 2054 malitiam
1417 2028 1540 2062 grediri;
1565 2028 1608 2056 vel
1630 2027 1741 2057 dilectio

953 2069 1085 2105 spiritalis
1098 2079 1157 2107 quae
1172 2072 1293 2100 scientiae
1306 2073 1352 2100 Dei
1371 2073 1441 2101 nihil
1454 2074 1608 2109 anteponit.

989 2114 1073 2144 Vnus.
1089 2117 1116 2145 9.
1131 2116 1165 2145 Ut
1181 2117 1282 2153 faciant
1300 2119 1329 2146 in
1340 2120 1378 2148 eis
1395 2121 1532 2156 judicium
1550 2122 1740 2157 conscriptum,

953 2165 1007 2188 etc.
1024 2161 1160 2189 Judicium
1182 2164 1369 2199 conscriptum
1383 2184 1392 2198 ,
1417 2170 1444 2194 et
1467 2166 1603 2202 scriptura
1628 2175 1688 2202 qua:
1712 2167 1741 2195 in

953 2205 1049 2240 spiritu
1063 2211 1105 2234 est
1120 2207 1230 2243 dignum
1246 2209 1350 2238 faciunt
1373 2211 1460 2240 sancti
1475 2213 1502 2239 in
1517 2212 1654 2247 praedictis
1671 2212 1742 2247 regi-

952 2250 1002 2279 bus
1030 2256 1057 2280 et
1082 2253 1281 2284 nobilibus:et
1305 2257 1396 2285 omnia
1419 2258 1549 2292 praedicta
1568 2257 1654 2293 gloria
1678 2263 1742 2286 sunt

952 2298 1079 2326 omnibus
1094 2300 1198 2329 sanctis
1214 2302 1273 2336 Dei,
1293 2302 1331 2330 ita
1351 2307 1381 2331 ut
1397 2303 1421 2332 is
1442 2303 1489 2339 qui
1502 2304 1560 2332 hac
1573 2311 1629 2332 non
1645 2303 1740 2337 habet,

954 2350 1007 2371 non
1024 2344 1060 2372 sit
1072 2351 1185 2375 sanctus
1200 2346 1258 2376 Dei.

1237 2436 1397 2466 PSALMUS
1411 2437 1465 2465 CL.

986 2480 1068 2510 VERS.
1081 2482 1107 2510 l.
1123 2482 1242 2511 Laudate
1257 2483 1346 2512 Deum
1359 2483 1495 2512 inunctis
1507 2482 1576 2518 ejus,
1585 2487 1638 2512 etc.
1655 2481 1740 2510 Nemo

950 2535 966 2556 e
980 2529 1084 2557 sanctis
1097 2536 1224 2565 egressus
1240 2529 1332 2557 laudet
1348 2528 1434 2557 Deum
1452 2536 1460 2557 :
1477 2537 1487 2556 ι
1505 2528 1646 2563 Quomodo
1666 2528 1739 2556 enim

951 2574 1121 2603 cantabimus
1136 2576 1274 2604 canticum
1291 2574 1397 2603 Domini
1421 2575 1448 2603 in
1465 2578 1540 2603 terra
1556 2574 1645 2603 aliena
1660 2574 1705 2602 "i
1726 2583 1736 2600 ι

950 2619 1045 2647 Aliena
1064 2624 1155 2648 autem
1178 2626 1250 2649 terra
1272 2625 1314 2649 est
1328 2629 1392 2657 qua:
1416 2628 1470 2648 non
1485 2625 1589 2649 sancta.
1611 2620 1658 2649 Vel
1673 2620 1738 2656 quia

148 2661 172 2678 "
195 2661 216 2688 ll
230 2661 293 2690 Cor.
306 2670 349 2695 tu.
367 2663 410 2691 l8.
450 2663 473 2679 "
486 2663 566 2692 ﬂom.
580 2671 641 2698 xm,
656 2665 763 2698 l2,15.
800 2663 858 2692 "ll
874 2664 937 2693 Cor.
954 2672 969 2692 x
984 2665 1020 2699 ,5.
1064 2666 1088 2683 ⁸⁸
1105 2666 1176 2697 Psal.
1196 2675 1294 2696 cunt
1306 2688 1314 2702 ,
1327 2668 1353 2695 4.

144 2708 201 2745 ('28)
213 2710 480 2745 ξΑτ-αλλιάσονται,
495 2715 546 2739 etc.
565 2712 666 2739 Catena
682 2713 817 2741 Corderii.

145 2742 203 2779 (29)
213 2742 269 2771 ὀὐ
284 2746 320 2773 σύ
330 2745 435 2780 τάφος,
447 2742 501 2774 etc.
518 2746 630 2774 Eadem.

154 2780 200 2810 50)
217 2779 453 2815 Ῥομφαῖαίεὶσι,
465 2785 518 2808 ctc.
536 2781 648 2809 Scltetlaa
659 2782 764 2812 Grabii.

156 2814 201 2850 σι)
218 2814 446 2850 Ῥομφαίιιέστί.
460 2821 514 2843 etc.
528 2816 645 2844 Eandem.

155 2849 201 2885 52)
217 2849 387 2885 Ἑκδίκησιν
399 2850 468 2886 μέν,
484 2855 538 2880 etc.
551 2851 653 2881 Catena
668 2853 800 2882 Cor-lerii.

143 2780 154 2885 ἒ

994 2713 1039 2745 55)
1061 2714 1087 2740 '0
1099 2714 1298 2749 συμϐισάζων,
1313 2719 1366 2742 etc.
1382 2714 1491 2742 Eadem.

994 2713 1039 2745 35)
1061 2714 1087 2740 '0
1099 2714 1298 2749 συμϐισάζων,
1313 2719 1366 2742 etc.
1382 2714 1491 2742 Eadem.

981 2713 1038 2784 i314)
1053 2750 1168 2784 Δεσμός
1182 2750 1259 2782 ἐστι,
1275 2755 1328 2777 etc.
1338 2749 1452 2778 Schedu:
1465 2749 1570 2778 Graltii.

993 2750 1027 2776 54
1053 2750 1168 2784 Δεσμός
1182 2750 1259 2782 ἐστι,
1275 2755 1328 2777 etc.
1338 2750 1452 2778 Schedu:
1465 2750 1570 2778 Graltii.

993 2784 1027 2811 55
1053 2784 1198 2812 Ποιοῦσιν
1209 2787 1236 2813 οι
1246 2785 1334 2817 ὅσιοι,
1348 2790 1401 2813 etc.
1417 2784 1517 2812 Catena
1534 2784 1666 2814 Corderii.

993 2750 1038 2856 56)
1053 2819 1163 2855 Μηδεὶς
1175 2819 1317 2854 ἐξελθών,
1333 2826 1387 2848 etc.
1404 2820 1514 2848 Eadem.

991 2819 1036 2855 56)
1053 2819 1163 2855 Μηδεὶς
1175 2819 1317 2854 ἐξελθών,
1333 2826 1387 2848 etc.
1404 2820 1514 2848 Eadem.
