3950 6176
154 183 3473 244 Em

887 479 911 510 .
1020 369 1835 560 PROLEG
1860 369 2646 520 OMENA“

416 637 592 790 ΔΙ)
711 635 1466 794 EVANGELIUM
1569 633 2027 792 EUSEBII
2135 632 2967 794 VERCELLENSIS
3071 607 3146 790 δ.

1486 885 2180 946 ωυιηεθεθκικκ

1089 1042 1657 1128 EPISTOLA
1727 1039 2551 1128 DEDICATORIA

878 1204 1003 1267 AD
1067 1204 1542 1268 JOANNEM
1608 1204 1700 1280 V,
1766 1202 2358 1267 LUSITANIJE
2431 1205 2808 1270 REGEM.

1637 1344 2012 1362 ﬂ

211 1422 405 1472 Sistant
428 1433 485 1471 se
508 1419 616 1483 tibi,
638 1426 849 1471 Joannes
873 1431 1062 1484 magne,
1103 1425 1307 1486 quatuor
1331 1424 1637 1470 sacrosancta
1652 1417 1775 1468 Jesu
1800 1426 1848 1485 Α
1877 1415 2174 1478 paupertatis
2196 1421 2361 1468 tenax.
2381 1419 2517 1468 Pace
2538 1417 2734 1469 reddita
2754 1419 2842 1471 sub
2878 1421 3205 1488 Constantino,
3229 1426 3478 1493 auctisque

141 1503 339 1555 Christi
366 1503 648 1568 Evangelia
685 1501 882 1554 totidem
912 1501 1156 1554 laterculis
1179 1501 1435 1554 distributa
1466 1501 1530 1553 ad
1554 1515 1774 1554 normam

131 1589 487 1653 mirificarum
548 1585 776 1652 Origenis
820 1587 1101 1638 Adamantii
1161 1585 1515 1651 Tetraplorum.
1571 1585 1774 1651 Regium

128 1671 323 1724 solium
357 1684 456 1736 per
496 1669 753 1733 epistolam
785 1670 1026 1730 aditurus,
1066 1669 1182 1721 rudi
1204 1667 1451 1721 scribendi
1481 1681 1657 1734 genere
1679 1682 1776 1721 non

123 1762 380 1816 terreor;
427 1751 684 1817 quoniam,
717 1753 842 1804 sicut
871 1754 954 1816 qui
983 1754 1116 1818 apud
1139 1759 1184 1804 te
1218 1766 1310 1818 pro
1333 1751 1564 1816 dignitate
1595 1751 1776 1802 audent

121 1837 337 1896 dicere,
363 1834 763 1901 magnitudinem
783 1841 916 1886 tuam
934 1834 1156 1901 ignorant
1175 1847 1193 1897 ;
1215 1831 1284 1886 ita
1306 1833 1390 1897 qui
1421 1846 1608 1898 quoquo
1635 1834 1777 1884 modo

118 1933 230 1972 rion
255 1920 484 1980 audent,
515 1918 743 1982 ignorant
763 1917 1121 1970 humanitatem.
1147 1916 1222 1969 Ab
1247 1915 1592 1980 antiquissimis
1625 1929 1776 1982 usque

118 2001 462 2069 tanporibas
483 2015 591 2053 mos
611 1999 702 2065 fuit
732 2014 899 2053 rerum
917 1998 1297 2052 memorabilium
1318 2007 1620 2050 monumenta
1642 2013 1776 2051 man-

119 2090 264 2139 data
290 2086 512 2150 litteris,
535 2083 590 2135 in
629 2084 776 2138 libros
807 2083 1053 2150 redigere,
1087 2091 1231 2150 atque
1260 2085 1438 2148 offerre
1474 2080 1777 2147 principibus

118 2171 302 2232 viris;
341 2173 471 2235 quia
495 2183 663 2231 neque
689 2169 869 2232 aliquid
894 2169 1143 2219 inchoatur
1161 2204 1175 2229 ,
1200 2169 1292 2217 nisi
1310 2207 1324 2230 ,
1370 2176 1477 2231 post
1500 2166 1678 2230 Deum,
1703 2165 1776 2215 fa-

119 2258 276 2307 verit
296 2258 609 2317 imperator,
631 2259 681 2304 ut
689 2253 804 2306 olim
813 2253 988 2315 affatus
1005 2259 1073 2304 est
1091 2249 1478 2303 Valentiniamrm
1504 2251 1568 2300 II
1587 2253 1776 2316 Augus-

127 2348 244 2390 tum
279 2338 504 2389 Flauia
545 2335 774 2400 Vegetius
806 2340 1033 2395 Renatus,
1071 2349 1184 2386 cum
1219 2348 1332 2386 suos
1352 2333 1397 2386 ei
1430 2333 1599 2385 obtulit
1635 2333 1774 2384 Com-

129 2426 451 2473 mentarios.
490 2422 556 2471 Et
593 2417 818 2485 quoniam
856 2433 921 2470 ea:
951 2417 1095 2470 rebus
1117 2418 1359 2470 'humanis
1395 2415 1517 2469 nihil
1539 2423 1609 2468 est
1644 2431 1774 2481 pra:-

137 2504 363 2566 clarius,
421 2516 572 2567 quam
617 2504 680 2554 de
711 2501 958 2564 republica
987 2501 1105 2552 bene
1135 2501 1334 2561 mereri,
1372 2497 1424 2552 in
1467 2512 1645 2566 magna
1681 2498 1777 2550 erit

142 2585 305 2638 laude
345 2586 636 2648 ponendum
671 2591 774 2649 tua,
813 2585 938 2649 quod
970 2583 1022 2635 in
1053 2582 1242 2650 regiam
1271 2583 1470 2635 tutelam
1507 2582 1778 2646 susceperis

148 2668 350 2720 labores
394 2681 552 2726 meos,
597 2664 813 2718 utilitatis
856 2666 1043 2731 aliquid
1082 2665 1335 2718 allaturos.
1380 2662 1620 2718 Exhibent
1650 2662 1778 2716 enim

152 2753 416 2818 vulgaam
440 2751 581 2802 illam
620 2747 820 2802 latinam
853 2751 1033 2801 Italam
1056 2749 1338 2811 versionem,
1368 2749 1572 2800 antelutc
1615 2746 1776 2799 inedi-

161 2801 286 2897 lani,
305 2801 444 2901 quae,
466 2833 712 2898 principio
731 2833 970 2885 nascentis
980 2801 1210 2886 Ecclena:
1241 2847 1272 2883 a
1292 2801 1453 2885 nescio
1473 2845 1568 2896 quo
1585 2838 1776 2896 aposto-
1806 2801 1853 2861 Β

169 2920 338 2970 tum
378 2917 560 2982 (τριωιὶ
579 2916 822 2981 sapienter
843 2916 1113 2980 elaborata,
1136 2914 1390 2977 obtinebat,
1431 2920 1541 2966 ante
1563 2912 1778 2966 divinam

172 3001 308 3052 beati
346 2998 635 3064 Hieratgmi
679 2997 1045 3062 Bibliothecam,
1092 2998 1144 3048 in
1185 2995 1346 3048 Italia:
1387 2995 1619 3061 priurum,
1661 3008 1778 3047 mox

175 3083 385 3148 Africa,
433 3091 577 3148 atque
622 3081 794 3134 Gallia:
831 3082 1080 3133 Ecclesiis.
1121 3080 1241 3145 Eius
1277 3081 1382 3132 loca
1421 3079 1552 3144 apud
1592 3085 1779 3131 sanctos

181 3171 363 3220 Patres
377 3165 667 3220 mulorum
682 3165 1036 3229 primitivorum
1049 3163 1306 3228 habentur,
1330 3165 1566 3225 visuntur,
1585 3161 1742 3214 lucent
1758 3175 1779 3224 ;

183 3254 456 3313 praesertim
490 3253 624 3316 apud
669 3252 967 3316 Cyprianum
1014 3248 1457 3314 Carthaginiensem
1473 3287 1487 3311 ,
1529 3245 1780 3298 Hilarium

186 3333 555 3400 Pictazierrsern,
583 3333 856 3399 Luciferum
894 3333 1240 3395 Calaritanum,
1266 3334 1505 3383 Zenonem
1533 3335 1779 3383 Veronen-

188 3428 312 3478 sem,
347 3415 660 3468 Gaudentium
703 3413 1011 3476 Brixianam,
1055 3415 1297 3468 Victorem
1331 3416 1525 3478 Afrum,
1572 3414 1780 3465 Ambro-

187 3495 319 3550 sitan
341 3499 760 3564 Hedialanensem,
785 3497 1133 3565 Hieronymum
1155 3497 1534 3557 Stridonensem,
1558 3498 1779 3562 Leonem,

192 3587 242 3631 et
274 3582 552 3646 Gregorium
583 3586 829 3646 Magnum.
865 3583 1072 3633 Sanctus
1109 3593 1226 3632 vero
1271 3577 1567 3646 Augustinus
1609 3579 1781 3630 Italam

193 3664 320 3716 tanti
339 3665 462 3731 fecit,
493 3675 544 3718 ut
565 3680 676 3718 eam
708 3665 977 3732 prcetulerit
1015 3666 1224 3728 caeteris,
1260 3663 1320 3717 ob
1342 3666 1603 3716 verborum
1643 3673 1782 3716 tena-

195 3749 411 3813 dtatem,
436 3765 545 3801 eum
585 3751 939 3815 perSpicuitate
977 3753 1257 3801 sententiae.
1295 3753 1448 3811 Quem
1484 3753 1649 3799 testem
1683 3758 1783 3797 me-

193 3829 371 3883 liorem
401 3834 679 3898 querimus,
721 3841 771 3884 ut
805 3833 1024 3885 omnibus
1053 3833 1219 3898 palam
1239 3831 1345 3896 fiat,
1383 3839 1561 3896 quanta
1589 3831 1641 3882 in
1678 3831 1784 3890 ejus

195 3913 400 3966 lectione
417 3915 505 3979 ris,
546 3925 688 3981 atque
712 3917 892 3969 utilitas
927 3915 1157 3968 habeatur
1180 3915 1205 3967 ?
1237 3914 1393 3966 Latuit
1433 3914 1512 3965 hic
1531 3912 1784 3965 thesaurus

194 4009 356 4058 Inque
373 4001 418 4050 in
447 3999 727 4052 hodiernam
748 4001 877 4052 diem
907 3999 958 4052 in
981 3998 1174 4052 scriniis
1191 4005 1237 4050 et
1259 3996 1514 4050 tabulariis
1533 3994 1784 4047 nonnulla-

197 4091 312 4130 rum
349 4081 595 4146 insignium
636 4083 947 4135 ecclesiarum
982 4081 1360 4145 cathedralium,
1395 4093 1460 4131 ex
1482 4078 1654 4144 quibus
1677 4091 1783 4142 ego,

1877 1495 2059 1548 divitiis
2076 1537 2088 1561 ,
2112 1497 2275 1562 magni
2307 1497 2616 1563 imperatoris
2654 1502 2894 1568 exemplo,
2919 1501 3002 1568 qui
3021 1505 3217 1558 codices
3255 1523 3422 1563 sacros
3443 1527 3476 1563 a

1875 1577 2182 1642 peritissimis
2204 1580 2420 1633 librariis
2442 1583 2669 1646 describi,
2696 1587 2956 1652 ornarique
2982 1587 3117 1650 iussit
3137 1589 3208 1652 (ut
3231 1596 3362 1656 apud
3387 1603 3479 1644 Ett-

1875 1661 2062 1714 sebium
2083 1662 2134 1715 in
2158 1664 2262 1729 eius
2294 1664 2406 1717 Vita
2425 1668 2670 1720 memoria:
2693 1671 2939 1731 proditum
2959 1674 3080 1736 est),
3109 1672 3197 1725 alii
3220 1673 3483 1730 Christiani

1875 1760 2036 1813 reges,
2072 1755 2119 1799 et
2145 1747 2390 1816 principes
2432 1751 2720 1812 sumptuosis
2763 1754 3124 1817 exemplaribus
3148 1796 3163 1820 ,
3207 1758 3482 1821 prtesertim

1877 1830 2263 1895 Evangeliorum,
2288 1833 2535 1898 regiarum
2559 1833 2870 1887 basilicarum
2889 1838 3387 1904 grammatophylacia
3409 1841 3482 1892 lo-

1875 1913 2197 1976 cupletaram.
2243 1917 2551 1968 Immortales
2587 1916 2752 1982 itaque
2797 1919 2971 1986 gratia:
3001 1935 3033 1971 a
3076 1920 3211 1976 nobis
3249 1922 3483 1977 habenda:

1874 2003 1985 2048 sunt
2008 1994 2283 2061 Desiderio,
2321 1999 2496 2051 Carolo
2527 2004 2721 2067 Magno,
2754 2002 3073 2070 Berengario,
3115 2005 3323 2072 aliisque
3342 2007 3483 2072 prin-

1876 2077 2060 2142 cipibus
2087 2077 2225 2140 viris,
2251 2093 2456 2144 quorum
2475 2081 2719 2147 munificis
2736 2083 2870 2136 curis
2901 2093 2949 2137 et
2980 2087 3266 2151 sumptibus,
3301 2091 3367 2140 ad
3398 2105 3485 2144 nos

1877 2176 2141 2226 pervenere
2181 2162 2310 2225 libri,
2337 2178 2454 2229 quos
2474 2179 2564 2229 ego
2596 2165 2780 2229 primus
2805 2168 2974 2234 evulgo
3003 2210 3017 2233 ,
3063 2179 3116 2222 ut
3152 2179 3400 2225 versentur
3431 2173 3485 2226 in

1876 2249 2096 2300 manibus
2117 2247 2352 2309 omnium,
2375 2263 2637 2314 numquam
2657 2251 2886 2318 deinceps
2909 2254 3004 2306 nisi
3021 2268 3132 2306 cum
3154 2256 3329 2309 litteris
3360 2256 3484 2310 inle-

1876 2331 2041 2383 rituri.
2069 2335 2147 2395 Et,
2173 2333 2400 2393 quoniam
2415 2341 2482 2386 tot
2503 2347 2643 2399 reges
2665 2333 2855 2401 inclyti,
2879 2335 3068 2389 collatis
3088 2339 3227 2404 quasi
3249 2340 3486 2404 dexteris,

1876 2421 1922 2466 et
1942 2414 2132 2480 ofﬁciis,
2153 2418 2220 2467 ad
2245 2417 2540 2481 offerendum
2561 2431 2733 2470 mimus
2756 2426 2804 2470 te
2825 2433 2939 2484 rege
2962 2419 3162 2488 dignum
3184 2423 3486 2486 conspirasse

1877 2495 2122 2564 videntur,
2152 2514 2294 2564 spero
2327 2514 2521 2552 sacram
2546 2501 2849 2566 Maiestatem
2881 2511 3013 2555 tuam
3048 2506 3238 2558 labores
3271 2521 3402 2560 meos
3433 2507 3487 2560 in

1877 2583 2074 2635 tutelam
2113 2584 2481 2638 clementissime
2523 2594 2870 2652 suscepturum.
2915 2591 3055 2652 Quod
3095 2590 3140 2643 si
3181 2592 3484 2656 praestiterit,

1876 2683 2062 2721 summa
2084 2667 2172 2720 tibi
2195 2669 2244 2720 in
2271 2669 2499 2735 beneﬁcio
2522 2670 2612 2722 isto
2635 2671 2915 2738 magnitudo
2952 2673 3066 2740 erit,
3104 2675 3224 2727 mihi
3247 2689 3360 2729 vero
3381 2692 3489 2730 ma-

1877 2749 2012 2800 xima
2035 2747 2194 2816 gloria
2210 2765 2229 2802 :
2257 2758 2303 2803 et
2327 2755 2657 2815 jmonumerrtis
2698 2752 2835 2818 longe
2867 2755 3208 2820 pulcherrimis
3229 2759 3489 2825 debebunt,

1880 2842 2079 2886 ventura
2121 2834 2304 2887 stccula
2327 2844 2550 2898 paratam
2572 2834 2866 2900 felicissimis
2889 2839 3097 2892 Joannis
3133 2841 3388 2907 auspiciis,
3410 2843 3489 2895 lu-

1879 2931 2000 2977 cem,
2045 2925 2089 2970 et
2111 2920 2448 2971 aeternitatem.
2483 2920 2740 2985 Alcuinus,
2780 2922 2856 2974 vir
2878 2923 3095 2976 omnium
3135 2940 3251 2992 quos
3273 2941 3333 2980 ea
3378 2928 3488 2981 tulit

1881 3007 1998 3052 a'tas
2037 3000 2416 3066 eruditissimus,
2457 3002 2679 3052 volumen
2716 3018 2969 3056 sacrorum
3005 3006 3277 3059 Bibliorum
3309 3013 3357 3059 Η
3360 3009 3491 3061 iero-

1881 3081 2129 3150 nymiana:
2172 3082 2396 3134 editionis
2418 3123 2431 3142 ,
2484 3091 2742 3149 utrumque
2792 3087 3034 3140 continens
3093 3091 3451 3143 Testamentum
3471 3135 3487 3158 ,

1882 3168 2175 3231 nuncupavit
2215 3165 2322 3231 regi
2347 3165 2810 3231 praecellentissimo,
2837 3176 2883 3220 et
2906 3175 2991 3235 qui
3014 3186 3138 3225 unus
3160 3172 3487 3238 plurimorum

1880 3248 2034 3301 instar
2067 3262 2170 3302 esse
2192 3249 2348 3312 debet,
2373 3247 2558 3301 scilicet
2595 3247 2769 3301 Carolo
2801 3254 2855 3301 Μ
2857 3264 2998 3317 agno.
3026 3257 3198 3307 Exstat
3213 3255 3303 3308 hoc
3324 3273 3489 3312 exem-

1882 3331 1993 3394 plar
2016 3330 2402 3397 authographurn
2431 3331 2722 3384 millenariaz
2743 3333 2901 3386 celatis
2931 3333 2982 3388 in
3004 3345 3168 3389 nostra
3217 3354 3490 3409 congrega-

1882 3412 2024 3465 tionis
2065 3412 2279 3465 Oratorii
2318 3409 2521 3466 Romani
2574 3411 2876 3477 bibliotheca,
2923 3431 3050 3483 quae,
3092 3421 3352 3474 clarissimi
3392 3424 3490 3476 viri

1883 3497 2088 3549 Achillis
2110 3498 2253 3550 Statii
2277 3497 2492 3550 Lusitani
2525 3511 2752 3561 munere,
2778 3513 2867 3564 per
2904 3503 3146 3556 Ctesarern
3186 3508 3488 3562 cardinalem

1886 3580 2152 3633 Baronium
2189 3580 2406 3645 eiusdem
2426 3581 2808 3649 congregationis
2829 3582 3097 3638 immortale
3119 3590 3284 3652 decus,
3327 3597 3374 3643 et
3404 3606 3490 3644 or-

1885 3671 2177 3725 namentum,
2201 3667 2384 3716 tantam
2405 3678 2577 3730 gazam
2608 3671 2678 3716 est
2698 3673 2970 3718 consecuta.
3017 3667 3176 3734 Hujus
3198 3685 3384 3737 quoque
3406 3689 3488 3728 εο-

1885 3749 2030 3812 dicis,
2069 3756 2114 3799 et
2153 3747 2353 3800 alterius
2393 3746 2583 3812 pariter
2617 3748 2852 3814 Carolini,
2885 3764 3026 3815 quem
3066 3755 3404 3808 monasterium
3428 3762 3486 3811 S.

1885 3833 2038 3885 Pauli
2060 3840 2202 3886 extra
2230 3831 2410 3884 Urbem
2425 3845 2612 3885 summa
2630 3830 2867 3898 religione
2887 3834 3108 3898 custodit,
3134 3845 3313 3902 prazsto
3327 3840 3417 3892 erit
3441 3841 3493 3894 in

1888 3915 2062 3980 Operis
2083 3915 2434 3980 prosecutione,
2459 3929 2551 3968 rea;
2583 3915 2887 3981 portugalfta:
2902 3916 3000 3983 pie,
3028 3918 3165 3984 felix,
3202 3929 3419 3989 auguste,
3443 3933 3494 3977 te

1887 4004 2150 4052 Mecaenate
2169 4041 2182 4064 ,
2216 4006 2262 4050 te
2299 3999 2526 4064 Auspice,
2566 4006 2663 4050 tota
2695 3999 2996 4063 descriptio;
3026 4002 3249 4064 quoniam
3283 4013 3354 4058 est
3377 4020 3495 4060 cor-

1886 4092 2063 4147 rectus,
2109 4090 2154 4134 et
2193 4082 2473 4134 emendatus
2508 4080 2750 4144 maxime;
2787 4096 2938 4145 eoque
2977 4084 3167 4138 cteteris
3212 4095 3449 4152 prwstans
3469 4130 3485 4155 ,

194 4160 274 4212 te!
304 4161 486 4226 primus
503 4164 666 4233 effodi,
692 4166 768 4216 vel
787 4180 934 4218 manu
955 4164 1221 4217 amicorum
1242 4162 1380 4228 longe
1402 4160 1786 4214 doctissimorum
1812 4179 1855 4242 ρ
1888 4166 2016 4232 quod
2037 4167 2102 4218 ad
2126 4165 2278 4229 ipsius
2308 4178 2548 4230 normam,
2572 4171 2619 4215 et
2651 4164 2870 4229 regulam
2891 4166 3065 4218 summi
3086 4168 3334 4232 pontifices
3363 4170 3488 4222 Vul-

193 4248 399 4312 accepi:
428 4263 550 4300 nunc
589 4263 701 4302 vero
720 4263 974 4314 ermnpens
996 4249 1048 4300 in
1070 4249 1225 4299 lucem
1246 4249 1336 4298 sub
1373 4245 1521 4310 regiis
1553 4244 1784 4310 auspiciis

195 4329 315 4390 tuis,
362 4335 530 4396 profert
571 4346 692 4384 nova
731 4332 892 4396 simul,
927 4339 973 4384 et
1005 4337 1188 4396 vetera,
1228 4328 1418 4383 codices
1448 4343 1618 4394 nempe
1655 4329 1785 4396 (quis

197 4417 424 4469 cratem
446 4417 469 4470 .9
490 4419 510 4483 )
540 4432 690 4470 aureo
711 4425 1026 4484 argenteoque
1054 4417 1297 4482 pigmento
1317 4412 1604 4467 nitidissime
1625 4413 1786 4477 scrip-

197 4504 295 4561 tas,
312 4499 568 4565 sumptibus
589 4513 760 4567 regam
795 4499 1150 4565 munificorum,
1192 4499 1244 4550 in
1277 4497 1568 4550 membranis
1597 4511 1786 4562 purpu-

199 4580 326 4646 reis,
356 4595 464 4646 quas
483 4581 800 4636 remotissima
833 4583 1108 4647 antiquitas,
1133 4581 1498 4646 quatuordecim
1528 4581 1670 4631 etiam
1690 4592 1785 4630 scc-

199 4665 425 4716 culorum
463 4666 771 4718 consecravit.
818 4668 939 4716 Tum
967 4665 1225 4732 longinqua
1261 4672 1381 4717 atlas
1419 4677 1557 4716 suam
1597 4659 1788 4713 habebit

200 4743 488 4800 humilem
507 4749 779 4813 ﬁrmitatem
801 4763 864 4803 ex
885 4747 1224 4814 specirninilrus
1247 4748 1604 4808 characterum,
1631 4745 1716 4810 qui
1737 4743 1790 4796 in

199 4827 386 4880 tabulis
404 4830 545 4882 tereis
569 4828 694 4898 style
725 4829 957 4894 descripti
987 4836 1096 4882 sunt
1136 4842 1246 4881 cum
1283 4828 1458 4882 nativis
1489 4823 1790 4880 lineamentis

198 4911 330 4974 suis,
369 4922 416 4964 ut
436 4922 572 4967 testes
603 4915 696 4966 sint
717 4920 999 4979 temporum,
1037 4912 1192 4965 nuntii
1215 4910 1458 4976 veritatis;
1482 4920 1625 4977 atque
1660 4925 1789 4962 com-

200 5003 463 5048 uasstrent
501 4998 683 5049 secula
703 4998 1102 5064 antiquariorum,
1141 4997 1268 5050 velut
1289 5010 1394 5049 tera
1416 4993 1788 5061 chrorrologiam.

195 5081 326 5131 Non
349 5082 518 5146 primo,
541 5093 630 5131 nec
649 5081 804 5133 altero
829 5080 1008 5133 Christi
1029 5079 1208 5132 saeculo
1219 5078 1443 5131 videntur
1470 5078 1612 5141 fuisse
1633 5078 1684 5129 in
1702 5090 1794 5128 usu

189 5161 469 5229 siqui/ica
508 5163 612 5215 htec
636 5161 916 5215 divinarum
952 5165 1322 5228 Scripturarum
1355 5161 1612 5226 volumina,
1649 5175 1794 5225 auro,

189 5255 500 5313 arguteque
519 5244 782 5312 descripta,
807 5259 918 5298 cum
939 5245 1098 5298 adhuc
1122 5253 1243 5300 esset
1273 5244 1491 5297 Ecclesia
1522 5242 1796 5308 apostolica:

189 5407 196 5442 ξ
258 5404 291 5434 ³
316 5403 392 5454 Ne
414 5402 566 5452 nobis
586 5401 1044 5452 succenseatlector
1066 5396 1404 5462 quodlabulas
1429 5396 1515 5462 aeri
1540 5394 1718 5444 incisas
1735 5392 1800 5442 de

263 5467 377 5516 ibus
399 5465 729 5528 l’reqnens_in
759 5463 839 5512 his
873 5459 1240 5528 proli-gemmis
1259 5461 1311 5510 tit
1350 5459 1556 5528 mentio,
1592 5466 1804 5528 quisque

241 5479 377 5516 unus
399 5479 656 5528 trequens
677 5479 729 5512 In
760 5479 839 5512 ms
907 5479 1240 5524 rOIPgtrmeuls
1259 5479 1311 5510 ul.
1350 5479 1556 5516 merum,
1592 5479 1804 5519 quaequi:

241 5530 396 5579 iunde
420 5530 589 5591 magis
609 5525 672 5591 ad
697 5479 1185 5591 supenﬁundantiam
1208 5535 1358 5591 quam
1373 5521 1432 5570 ad
1456 5522 1806 5591 necessitatem

186 5593 472 5652 pertinent,
505 5582 726 5652 Fditioni
749 5582 924 5652 nosti-se
948 5599 1046 5636 non
1076 5582 1490 5646 subjuﬁxerimus,
1525 5582 1642 5652 ipse
1685 5582 1810 5628 sciat

183 5642 308 5706 istis
328 5642 469 5716 erit;
486 5663 588 5703 nos
613 5647 863 5698 caelatum
883 5651 1130 5712 impensas
1163 5642 1484 5711 nequaquam
1523 5642 1688 5694 facere
1726 5650 1843 5703 po-‘

475 5737 776 5802 PATROL.
838 5730 980 5792 ΧΠ.

1887 4257 2049 4313 gatam
2090 4251 2355 4300 Sacrorum
2379 4245 2650 4299 Bibliorum
2687 4247 2942 4299 editionem
2963 4249 3309 4301 restituendam
3337 4265 3486 4303 cura-

1889 4342 2017 4386 runt.
2047 4333 2258 4398 Majores
2279 4333 2500 4398 equidem
2530 4330 2683 4383 nostri
2694 4332 2814 4392 jure
2835 4330 3012 4395 optimo
3041 4341 3352 4397 censuerunt,
3377 4349 3488 4389 ver-

1889 4414 2070 4468 sionem
2091 4413 2246 4467 sancti
2278 4410 2568 4476 Hieronymi
2587 4410 2803 4474 (Alcuini
2824 4411 3063 4462 volumine
3076 4418 3360 4481 contentam)
3386 4430 3490 4471 esse

1892 4497 2081 4551 caeteris
2133 4497 2528 4562 prceferendam;
2577 4509 2673 4548 non
2728 4502 2885 4546 tamen
2907 4495 3101 4548 'Italam
3145 4502 3486 4564 repudiarunt.

1857 4575 1859 4580 ’
1893 4569 2052 4634 Immo
2072 4593 2238 4632 eorum
2255 4579 2506 4632 consilium
2527 4577 2625 4629 tale
2645 4578 2753 4641 fuit,
2772 4576 3019 4644 atriusque
3029 4579 3209 4634 habere
3229 4587 3488 4643 rationem.

1900 4662 2158 4728 Utriusque
2189 4658 2508 4719 auctoritatis,
2531 4672 2590 4709 ac
2613 4658 2858 4711 memoria:
2880 4660 3149 4716 retinenda:
3188 4679 3353 4730 causa,
3390 4669 3490 4721 No-

1894 4760 2025 4810 vam,
2048 4759 2107 4796 ac
2148 4752 2374 4795 veterem
2395 4741 2657 4793 mandabat
2681 4741 2872 4808 litteris,
2905 4747 3144 4810 referebat
3174 4748 3228 4801 in
3248 4765 3487 4806 commen-

1894 4827 2039 4888 taria,
2084 4832 2128 4876 et
2150 4824 2439 4889 praponebat
2477 4820 2708 4874 Ecclesiis
2729 4831 2923 4876 sanctus
2954 4827 3215 4893 Gregorius
3248 4836 3492 4899 Magnus;

1897 4908 2102 4976 facultas
2143 4913 2194 4957 ut
2219 4911 2339 4957 esset
2379 4902 2600 4968 ﬁdelibus
2623 4907 2938 4969 cognoscendi
2961 4908 3208 4976 utriusque
3249 4921 3493 4978 praestan-

1897 4990 2032 5043 tianr.
2073 4991 2132 5040 Et
2154 5001 2238 5040 nos
2259 4985 2312 5037 in
2349 4983 2600 5049 utriusque
2623 4982 2823 5037 lectione
2860 4989 3007 5040 etiam
3037 4990 3182 5043 hodie
3215 5006 3486 5048 versamur.

1898 5072 2065 5124 Ambae
2087 5068 2214 5122 enim
2231 5065 2500 5132 coniunctio
2520 5067 2644 5120 inter
2661 5080 2712 5120 se
2731 5067 2989 5134 Vulgatam
3005 5072 3292 5127 hodiernam
3309 5079 3494 5142 conﬂa-

1900 5167 2027 5207 vere.
2057 5157 2162 5216 Quo
2181 5154 2363 5216 factum
2398 5156 2450 5200 ut
2472 5150 2667 5202 tandem
2689 5151 2825 5202 Italae
2858 5166 3033 5206 nomen
3055 5157 3251 5219 etnotio
3269 5158 3494 5214 habuerit

1903 5237 2121 5292 ultimum
2149 5243 2332 5299 tempus
2356 5231 2533 5287 wtatis.
2559 5235 2732 5300 Itaque
2754 5233 3014 5292 clarissimi
3030 5241 3231 5307 quidam
3254 5240 3366 5307 viri,
3409 5247 3495 5310 qui

1901 5391 2058 5455 tuisse
2101 5389 2192 5438 nisi
2237 5388 2377 5455 istius
2419 5383 2678 5455 voluminis
2700 5386 2928 5455 _pretium
2971 5389 3082 5441 fere
3126 5391 3495 5455 quadruplicato

1903 5452 2270 5515 ampliassemus
2309 5449 2378 5500 ita
2418 5459 2538 5498 sane
2582 5447 2776 5509 longius
2804 5459 2833 5497 a
2858 5461 3008 5512 scopo
3053 5447 3220 5504 nosiro
3259 5447 3500 5506 ab'erran;

1905 5520 2002 5612 te?
2021 5574 2100 5638 De
2131 5572 2336 5638 Eusebii
2354 5574 2450 5638 vita
2486 5577 2539 5638 et
2560 5569 2758 5638 scriptis
2779 5570 2964 5623 videsis
2997 5587 3108 5638 qius
3141 5572 3368 5625 adnotata
3388 5584 3511 5632 sunt

1909 5637 1970 5688 ad
1989 5637 2176 5690 calcem
2191 5635 2335 5699 hujus
2356 5634 2628 5687 voluminis.
