3950 6176
539 84 602 138 u
729 155 732 157 Α
1719 64 1730 68 “
1901 69 2438 131 PROLEGOMENA.
3753 79 3822 136 η

541 199 741 252 summis
782 167 1006 262 ingeniis,
1040 195 1373 262 exquisitaque
1397 192 1619 245 doctrina
1655 192 1706 242 in
1740 191 1831 240 hac
1857 169 2131 240 litterarum
2157 193 2209 252 Α
2233 191 2355 253 cior,
2380 193 2528 256 quod,
2553 198 2598 243 te
2619 199 2757 257 patre
2779 194 2975 260 patrita,
2998 165 3130 248 mala
3148 196 3303 250 adimi
3355 202 3401 250 et
3418 199 3630 264 prospici
3653 213 3710 251 ne
3731 173 3818 252 sint

543 282 651 333 luce
670 281 955 342 clarescunt,
990 281 1150 333 statim
1174 288 1222 331 ut
1255 277 1492 331 rescivere
1515 290 1591 328 me
1612 273 1852 340 singulari
1899 277 1987 326 Dei
2008 273 2132 340 opti-

543 363 609 414 mi
630 362 832 415 maximi
855 362 1072 428 beniﬁcio
1094 364 1259 415 Italam
1282 357 1604 419 adinvenisse,
1649 357 1874 421 precibus
1896 355 2132 415 sollicita-

543 455 668 509 runt,
695 455 746 500 ut
767 455 866 500 tam
883 449 1172 498 veneranda:
1192 442 1488 510 antiquitatis
1511 447 1881 500 monumentum,
1906 438 2133 502 temporis

542 530 853 588 diuturnitate
893 545 956 596 et:
993 531 1240 594 hominum
1280 526 1513 596 memoria
1540 522 1800 588 dilapsum,
1838 536 1896 574 ac
1933 535 2132 587 prorsus

539 587 887 675 oblitteratum,
1241 589 1516 673 ‘vulgarent.
1555 587 1764 656 Liberali
1798 604 1982 660 homini
2014 618 2130 657 con-

540 697 731 749 veniens
769 704 892 747 erat-
906 709 1074 748 eorum
1091 690 1332 746 uoluntati
1344 703 1561 755 parere;
1586 689 1857 754 pra'sertim
1878 702 1988 738 cum
2009 686 2130 739 inst-

537 793 629 847 gne
653 777 798 831 Italic
825 776 1053 831 oersionis
1078 778 1229 840 Opus,
1254 788 1286 824 a
1319 787 1413 838 quo
1431 779 1500 824 est
1529 779 1706 823 nostra:
1744 769 1982 835 Vulgatte,
2011 778 2132 820 tam-

538 877 684 928 quam
706 860 798 915 rivi
817 873 850 912 a
888 861 1034 920 fonte,
1060 856 1302 919 deductio,
1336 863 1525 909 sanctos
1557 859 1732 908 Patres
1772 862 1974 919 quatuor
1995 853 2131 918 prim-

535 961 649 998 rum
665 944 958 999 swculorum
979 941 1185 1007 miriﬁce
1206 941 1434 994 illustret.
1462 940 1553 991 His
1576 938 1853 998 accedebat,
1870 938 2004 1007 quod
2027 937 2134 1002 pri-

535 1043 662 1080 mam
680 1026 1022 1092 ingressionem
1037 1038 1190 1076 meam
1216 1023 1265 1076 in
1280 1024 1430 1090 adyta
1445 1007 1814 1086 Scripttu'arum
1833 1019 1978 1073 voluit
1999 1022 2137 1072 Deus

533 1109 782 1174 auspicari
819 1106 985 1160 codice
1007 1106 1322 1170 autographa.
1341 1103 1498 1170 sancti
1522 1101 1726 1169 Eusebii.
1753 1101 1965 1166 episcopi
2010 1106 2130 1169 Ver-

534 1193 756 1246 cellensis
777 1199 824 1243 et
847 1191 1079 1257 martyris
1103 1189 1366 1240 venerandi
1387 1200 1402 1251 ;
1421 1187 1500 1238 cui
1524 1187 1684 1239 nullus
1705 1195 1860 1240 exstat
1886 1185 2056 1238 similis
2078 1185 2128 1238 in

533 1276 648 1328 orbe
658 1257 716 1328 ἐι
751 1289 860 1339 par.
885 1274 1046 1334 Huius
1069 1270 1252 1324 codicis
1275 1269 1519 1322 (trahentia
1541 1277 1640 1321 tota
1660 1268 1939 1333 antiquitate
1959 1269 2130 1332 firma-

529 1369 646 1422 tus;
689 1367 742 1411 et.
767 1367 878 1420 actu
909 1357 1197 1413 sanctissimi
1229 1354 1472 1411 Praesulis
1512 1353 1708 1420 uulgata
1737 1361 1987 1414 testantur,
2033 1368 2128 1408 non

529 1461 701 1512 vagam
745 1459 850 1500 esse
881 1452 968 1498 aut
1000 1446 1318 1509 interruptam
1358 1439 1676 1494 t’erct‘llensis
1697 1441 1932 1494 Ecclesia:
1969 1443 2128 1494 tradi-

526 1529 701 1584 tionem
721 1544 740 1581 :
763 1527 842 1581 cui
875 1530 1006 1594 regis
1031 1525 1337 1591 Berengarii,
1355 1527 1577 1579 eamdem
1598 1525 1866 1580 Ecclesium
1884 1525 2124 1588 adornatis,

523 1613 712 1679 insigne
756 1612 944 1668 accedit
963 1610 1302 1668 testimonium
1315 1648 1329 1670 ,
1377 1613 1516 1673 quod
1559 1610 1869 1664 libentissime
1909 1609 2122 1674 profero.

525 1696 871 1761 Noldtutipse,
885 1695 1101 1749 codicem
1115 1702 1214 1747 tam
1235 1701 1488 1755 uetustum,
1506 1693 1707 1759 propria
1729 1696 1958 1758 martyris
1980 1707 2127 1744 manu

526 1780 843 1845 descripturus,
885 1787 1028 1845 atque
1069 1793 1129 1830 ea
1149 1779 1276 1841 jam
1301 1785 1444 1828 tetate
1477 1777 1717 1828 labantem
1758 1775 1959 1840 (scilicet
1991 1775 2126 1827 circa

523 1878 704 1917 annum
746 1863 927 1915 Christi
967 1876 1316 1919 ncchxxxvm,
1349 1874 1443 1926 quo
1481 1859 1807 1926 Berengarius
1838 1857 1890 1910 in
1924 1871 2126 1926 regnum

520 1950 686 2006 Italia:
706 1948 798 2015 fuit
835 1949 1075 2013 adtectus)
1105 1946 1292 2011 iniuria
1307 1943 1560 2009 temporis,
1585 1951 1632 1995 et
1672 1943 1813 1998 dente
1834 1943 2124 1994 sweulorum

521 2033 854 2100 uicidoniagis
872 2033 1119 2099 magisque
1139 2034 1372 2084 consumi.
1395 2035 1576 2093 Quare,
1594 2037 1645 2080 ut
1667 2027 1851 2082 illaesus
1866 2041 2121 2080 conserva-

517 2126 650 2171 retur
683 2117 1018 2182 imposterum,
1047 2114 1310 2184 angenteis.
1327 2113 1522 2166 laminis
1545 2128 1666 2167 auro
1685 2111 1974 2179 gemmisque
2003 2127 2122 2164 con-

516 2201 662 2254 tectis
705 2197 1228 2252 librummuuieudum
1255 2196 1460 2248 curauit.
1502 2196 1570 2247 Id
1607 2194 1884 2260 pra-dicant
1917 2208 2117 2258 uersus,

515 2290 616 2352 qui,
637 2290 732 2341 sub.
742 2286 1044 2346 sanctissimi
1061 2284 1256 2338 Eusebii
1275 2281 1434 2350 efﬁgie
1449 2283 1552 2349 ipsi
1567 2283 1727 2334 codici
1742 2280 1970 2348 appositi.
1987 2278 2121 2332 idem

514 2371 669 2426 incidi
692 2372 851 2437 iussit,
876 2372 1149 2436 trabeaque
1172 2411 1186 2435 ,
1278 2405 1281 2410 -

578 2475 775 2528 Prassul
810 2473 896 2526 hic
923 2473 1150 2526 Eusebius
1185 2471 1397 2537 scripsit,
1425 2469 1654 2537 solvitque
1691 2477 1926 2531 uetustas;

638 2542 756 2592 Rex.
775 2537 1101 2604 Berengarius
1131 2538 1218 2605 sed
1241 2534 1488 2605 reparavit
1517 2534 1684 2605 idem:

573 2605 841 2671 meum
856 2597 1114 2671 avitam
1127 2597 1263 2671 fulto
1277 2597 1545 2671 ,ἐςρνοιηξίι
1568 2604 1611 2646 σει
1634 2609 1773 2659 σπίνοι

609 2722 612 2726 ,
638 2655 894 2731 Εεειεὲθιέζ
921 2655 1140 2719 Ρῖωεηιξ
1158 2656 1326 2732 obtulit
1345 2655 1454 2726 ipse
1474 2665 1591 2735 tute.
1706 2713 1710 2718 _

574 2767 829 2838 Quadrati:
851 2765 1187 2831 Berengarius
1201 2762 1424 2830 rependit
1438 2761 1672 2830 Martyri,
1687 2760 1885 2829 egotibi,
1914 2774 2004 2812 rea:
2027 2771 2110 2824 po-

507 2848 798 2916 tentissiaw,
826 2849 1023 2904 deuotus
1043 2846 1226 2899 nomini
1263 2845 1600 2910 Maiestatique
1621 2853 1716 2896 tua:
1740 2859 1836 2894 una
1867 2856 1978 2898 cum
2000 2839 2111 2896 aliis

506 2932 758 2988 codicibus
771 2930 1058 2984 venerandis
1071 2928 1293 2994 eiusdem
1309 2929 1520 2994 antiquae
1552 2925 1745 2982 Italica:
1769 2923 1996 2976 cersionis
2020 2925 2102 2987 do,

506 3017 649 3082 dono,
669 3016 892 3080 .dedico..
921 3016 1014 3068 Rei
1045 3019 1400 3082 argumentum,
1437 3009 1732 3064 stmctissimi
1768 3007 1964 3061 Eusebii
2003 3023 2106 3060 me-

502 3101 620 3160 rita,
643 3106 709 3152 tot
726 3111 916 3167 regum,
943 3105 988 3150 et
1010 3099 1291 3164 reginarum
1309 3093 1607 3160 sollicitudo,
1642 3093 1812 3160 quibus
1834 3092 1939 3145 haec
1959 3090 2107 3143 editio

505 3183 706 3238 codices
716 3197 844 3244 pene
865 3195 1028 3234 omnes
1052 3181 1193 3232 debet
1215 3186 1436 3242 acceptos
1449 3211 1467 3238 ~,
1495 3179 1812 3234 certissimam
1832 3189 1965 3240 spem
1988 3173 2106 3226 mitti

502 3267 748 3332 ingerunt,
757 3271 804 3333 te
814 3262 976 3314 eidem
984 3262 1198 3327 futurum
1205 3273 1311 3314 esse
1325 3266 1578 3326 patronum
1588 3255 2101 3321 mumﬁceiuissimum,

505 3356 555 3402 et
594 3348 884 3414 prutsidium
919 3345 1196 3422 singulare-
1223 3348 1387 3398 Porro
1408 3343 1594 3394 nullum
1614 3342 1772 3407 majus
1794 3339 1963 3405 afferri
1995 3353 2105 3391 mu.-

506 3446 599 3486 nus
619 3437 811 3497 poterat.
828 3429 936 3493 regi
949 3442 1148 3496 magno,
1166 3440 1313 3502 quam
1336 3426 1678 3490 Evtmgelicum
1697 3424 1876 3490 foedus,
1899 3437 1994 3488 quo
2018 3436 2101 3474 re-

503 3528 786 3582 gnumcum
801 3511 1098 3578 sacerdotio,
1120 3510 1344 3576 maiestas
1363 3525 1476 3564 cum
1496 3508 1726 3575 religione
1746 3507 2100 3570 conciliantur;

503 3607 547 3650 et
571 3597 714 3665 cujus
733 3596 936 3658 lectione
962 3611 1142 3661 usuque
1170 3595 1386 3652 ominum
1406 3609 1574 3661 regum
1603 3595 1801 3648 virtutes
1829 3593 2098 3656 acquisita,

503 3671 1023 3746 perfectte..etornatw
1041 3682 1298 3746 simultas
1321 3678 1456 3732 dotes
1488 3679 1619 3734 Deus
1637 3677 1843 3738 Optimus
1860 3673 2102 3728 maximus

501 3761 554 3814 in
575 3769 621 3816 te
641 3763 711 3822 ita
729 3760 966 3828 profudit,
983 3771 1044 3815 .ut
1070 3763 1136 3814 ad
1149 3805 1152 3810 .
1170 3760 1415 3827 fastigium
1438 3759 1716 3818 perueneris
1743 3757 1954 3822 pietatis,
1990 3769 2101 3820 qua:

500 3855 928 3913 nonmueternum
957 3845 1043 3897 tibi
1065 3844 1377 3909 comparavit.
1423 3841 1569 3896 Felix
1605 3841 1914 3908 Portugallia
1928 3883 1941 3906 ,
1967 3854 2096 3906 autc,

501 3936 556 3992 te.
577 3929 900 3990 moderatore,
926 3935 975 3980 te
993 3925 1235 3991 principe,
1260 3924 1393 3978 inter.
1406 3924 1594 3987 medios
1614 3923 1856 3977 bellorum
1885 3924 2099 3989 undique

499 4011 808 4078 frementium
844 4010 1068 4076 impetus,
1095 4007 1444 4075 tranquillitate
1470 4010 1651 4075 gaudet
1695 4015 1743 4061 et
1779 4022 1913 4072 pace.
1961 4008 2096 4060 Feli-

2235 275 2484 338 recidiva;
2521 277 2642 329 bona
2669 293 2776 330 vero
2809 280 3057 343 praestari,
3080 289 3126 333 et
3156 282 3284 347 efﬁci
3303 296 3365 334 ne
3386 284 3479 335 sint
3501 288 3706 342 caduca,
3751 297 3818 336 co-

2233 358 2431 421 gnoscit.
2468 359 2793 425 Felicissimo,
2837 364 2986 427 quod,
3012 371 3057 416 te
3089 365 3279 428 sospite,
3316 379 3475 429 sospes
3497 377 3566 419 est
3599 380 3818 434 regnum,

2232 443 2419 508 ipsique
2459 446 2707 497 adpotum
2742 449 3006 499 succedunt
3048 449 3228 500 omnia.
3263 452 3342 506 Et.
3383 449 3609 512 quoniam
3639 455 3821 501 sanctus

2233 524 2530 592 Augustinus
2552 528 2840 584 christianos
2880 544 3019 596 reges
3054 531 3215 583 beatos
3246 532 3384 597 dicit,
3409 535 3489 596 qui
3512 533 3644 598 juste
3670 535 3820 594 impe-

2233 618 2359 671 rant,
2387 612 2468 671 qui
2492 624 2628 664 suam
2670 619 2968 675 potestatem
2999 615 3056 664 ad
3079 614 3175 664 Dei
3199 613 3381 666 nultum
3400 619 3610 678 maxime
3633 616 3823 665 dilatan-

2232 691 2345 742 dnm
2359 693 2602 758 Mojeslati
2612 696 2720 758 ejus
2733 695 2966 747 famulam
2975 697 3177 759 faciunt,
3191 705 3360 749 cntutu
3370 695 3677 750 beatitudinis
3686 711 3824 749 causa

2232 785 2375 843 atque
2406 779 2672 846 felicitatis,
2705 792 2852 842 quam
2875 779 3012 829 nulla
3033 793 3260 842 umquam
3281 780 3549 833 adversitas
3579 781 3821 844 perturba-

2235 861 2315 912 bit.
2345 863 2610 926 Obstupens
2626 861 2836 911 detinent
2859 873 3062 926 regnum
3085 860 3290 924 iustitia,
3315 861 3487 926 pietas,
3512 861 3683 927 religio
3717 868 3820 911 tua:

2233 952 2278 1002 et
2315 959 2476 998 omnes
2499 954 2548 1010 te
2577 952 2764 1007 patrem
2793 942 3056 1008 nominant,
3078 952 3224 1007 atque
3245 952 3293 996 ut
3316 945 3666 996 lucidissimtun
3679 943 3822 1010 jubar

2229 1025 2470 1078 intuentur
2495 1039 2667 1088 suum;
2689 1023 2941 1090 quoniam,
2970 1039 3062 1080 rex
3085 1027 3458 1090 prazclarissime
3475 1068 3488 1090 ,
3509 1027 3654 1078 simul
3671 1025 3823 1077 omnia

2229 1109 2401 1171 virtute
2422 1109 2702 1172 perfundis;
2727 1122 2786 1158 ac
2808 1106 2922 1160 solis
2941 1107 3111 1170 instar,
3131 1123 3225 1160 non
3243 1116 3379 1172 parte
3401 1108 3582 1175 aliqua,
3623 1110 3710 1160 sed
3729 1115 3824 1160 sta-

2232 1189 2316 1240 tim
2339 1198 2490 1252 totus;
2514 1205 2602 1241 nec
2621 1190 2721 1247 uni.
2743 1197 2824 1240 aut
2849 1190 3008 1249 alteri,
3049 1192 3135 1241 sed
3160 1191 3376 1242 omnibus
3396 1191 3481 1242 tibi
3508 1191 3730 1255 subjectis
3752 1191 3824 1256 fa-

2231 1272 2303 1324 cis
2325 1281 2370 1323 te
2402 1286 2506 1325 esse
2525 1285 2841 1323 communem.
2867 1273 3170 1323 Communem
3194 1281 3241 1324 te
3263 1273 3381 1338 facit
3401 1272 3574 1324 litteris
3595 1273 3819 1331 studium,

2229 1358 2358 1418 quod
2409 1353 2691 1419 impendisti
2733 1355 2800 1406 ad
2841 1355 3212 1408 insttutrandam
3253 1354 3562 1420 magniﬁcam
3595 1362 3824 1423 typogra-

2230 1439 2423 1503 phiam;
2442 1454 2531 1502 pro
2567 1453 2666 1503 qua
2678 1447 2768 1490 tua.
2785 1438 3048 1490 liberalitas
3071 1440 3138 1490 ita
3159 1451 3210 1491 se
3231 1441 3419 1502 effudit.
3443 1447 3493 1490 ut
3515 1454 3606 1505 pro
3627 1455 3796 1492 norma
3809 1479 3825 1506 ,

2229 1531 2274 1576 et
2296 1526 2518 1588 exemplo
2541 1522 2730 1574 cteteris
2753 1520 2946 1586 regibus
2969 1520 3136 1573 haberi
3153 1521 3318 1585 possit;
3344 1523 3523 1575 scilicet
3533 1523 3599 1574 ad
3622 1525 3825 1588 prazcla-

2155 1577 2200 1635 Β
2229 1577 2449 1658 rissimas
2471 1605 2643 1658 laudes
2663 1614 2772 1658 tuas
2790 1577 2894 1656 hare
2915 1619 3100 1671 quoque
3133 1577 3367 1656 addenda
3390 1613 3513 1670 erat,
3540 1577 3636 1670 qua
3668 1606 3818 1668 nulla,

2226 1704 2330 1742 meo
2372 1691 2566 1757 quidem
2588 1688 2798 1754 judicio,
2831 1687 3032 1755 posteris
3071 1689 3234 1742 utilior
3266 1697 3354 1754 est,
3394 1691 3530 1744 nulla
3552 1692 3822 1759 gloriosiw'.

2227 1776 2262 1823 J
2267 1787 2357 1826 ure
2386 1772 2533 1838 igitur
2594 1771 2858 1839 meritoque
2902 1771 3055 1824 omnis
3075 1772 3396 1839 Portugallite
3427 1772 3640 1839 iudicio,
3685 1783 3822 1840 atque

2226 1870 2460 1908 consensu
2482 1857 2768 1908 Litterarum
2805 1863 2942 1922 pater
2966 1855 3174 1915 diceris.
3197 1855 3491 1918 nominaris,
3519 1857 3703 1910 existis.
3737 1855 3824 1912 Vi-

2227 1941 2337 1992 dent
2363 1940 2508 2002 enim,
2532 1946 2718 1992 mutata
2735 1953 2900 1990 rerum
2920 1939 3064 2002 facie,
3091 1938 3274 1991 litteras
3297 1939 3350 1989 in
3366 1952 3515 2005 regno
3532 1938 3818 2004 ﬂorescere:

2222 2021 2384 2073 vident
2402 2019 2682 2082 seminaria,
2705 2019 2914 2080 scholas,
2936 2019 3213 2072 academias
3235 2020 3483 2084 fundatas,
3508 2029 3716 2085 erectas,
3741 2020 3821 2078 di-

2221 2112 2362 2169 latas,
2385 2103 2640 2169 stipendiis
2662 2111 2708 2154 te
2729 2105 2831 2157 solo
2856 2103 3036 2170 dignis,
3060 2118 3120 2154 ac
3136 2103 3316 2155 nemini
3344 2106 3712 2167 comparandis:
3734 2105 3819 2158 υἱι-

2221 2188 2334 2240 dent
2361 2189 2568 2254 denique
2605 2197 2738 2239 luant
2758 2186 3086 2240 bibliothecam
3105 2186 3372 2254 insignem,
3391 2195 3439 2240 et
3467 2189 3677 2256 regiam,
3711 2205 3818 2258 qua:

2217 2280 2284 2324 tot
2305 2272 2656 2326 accessionibus
2678 2279 2825 2323 aucta
2845 2279 2934 2334 est,
2962 2279 3011 2324 ut
3036 2272 3348 2324 Ptolomaij
3375 2279 3420 2324 et
3446 2273 3673 2328 Attalicis
3717 2288 3817 2326 me-

2219 2353 2424 2406 moriam
2445 2356 2652 2406 obruere
2679 2355 3024 2420 prapemodum
3045 2355 3285 2409 uideatur.
3321 2358 3554 2418 Quoniam
3585 2371 3702 2411 vero
3741 2359 3816 2410 in-

2216 2437 2368 2503 gentis
2403 2448 2473 2492 est
2510 2439 2737 2502 ponderis
2777 2440 3072 2503 exemplum,
3113 2440 3242 2502 quod
3275 2453 3308 2490 a
3329 2454 3444 2505 rege
3463 2441 3817 2505 sapientissith

2217 2520 2695 2584 proficiscitur,spes
2717 2527 2804 2583 est,
2830 2528 2874 2574 te
2895 2528 3112 2586 auclore,
3133 2529 3178 2573 te
3201 2521 3438 2586 principe,
3464 2521 3696 2576 liberales
3714 2526 3815 2578 dis-

2215 2600 2422 2665 ciplinas
2441 2616 2624 2666 omnes,
2648 2611 2894 2666 mutasque
2918 2609 3048 2655 artes
3069 2603 3264 2666 majora
3297 2602 3346 2654 in
3366 2604 3470 2656 dies
3495 2605 3814 2671 incrementa,

2211 2683 2613 2748 splendoremque
2650 2698 2823 2736 novum
2857 2692 3214 2736 consecuturus.
3239 2686 3382 2749 .Sed,
3413 2693 3461 2738 ut
3483 2685 3818 2750 faciamscri-

2213 2765 2356 2820 bendi
2377 2765 2542 2832 furem,
2568 2779 2645 2818 me
2677 2773 2801 2829 cogit
2823 2765 3050 2832 majestas
3067 2775 3181 2828 tua;
3213 2781 3362 2834 quam
3383 2765 3719 2836 proculng
3737 2769 3816 2824 itt-

2210 2861 2364 2910 tueor,
2403 2860 2570 2917 atque,
2612 2851 2663 2903 in
2698 2852 2820 2904 meis
2850 2850 3132 2916 sacriﬁciis,
3172 2850 3368 2904 humilis
3399 2853 3647 2918 sacerdos,
3691 2856 3819 2917 Deo,

2207 2934 2359 2986 beata:
2378 2933 2552 2985 Maria:
2579 2932 2786 2999 Virgini,
2799 2941 2843 2985 et
2855 2933 2965 2984 divo
2984 2931 3190 2985 Antonio
3218 2935 3574 3001 Thaunudurgo
3599 2935 3818 3000 quotidie

2207 3019 2519 3070 commendo:
2561 3031 2741 3068 memor
2762 3016 3025 3083 ingentium
3064 3016 3423 3083 beneﬁciorum,
3473 3033 3582 3082 quia
3613 3017 3816 3086 prwsuli

2207 3102 2472 3152 Francisco
2497 3099 2784 3163 Blanclu‘no,
2831 3108 3005 3165 patruo
3042 3114 3148 3152 meo
3163 3144 3175 3166 ,
3209 3110 3254 3153 et
3293 3103 3500 3167 Gaspari
3543 3104 3815 3157 Blanehiuo

2206 3185 2366 3246 fratri,
2404 3192 2447 3236 et
2480 3183 2631 3250 equiti
2667 3183 2850 3236 Christi
2893 3193 2991 3250 tuo,
3017 3201 3110 3238 rea:
3144 3186 3603 3253 nnutiﬁcentissime,
3644 3197 3815 3242 contu-

2208 3265 2324 3320 listi.
2352 3265 2512 3318 Alnue
2534 3272 2702 3320 Roma:
2733 3282 2882 3320 unum
2899 3277 2968 3322 est
2992 3277 3168 3334 votum,
3194 3279 3246 3322 ut
3279 3274 3409 3324 Deus
3429 3271 3814 3336 optimusmaxi-

2207 3365 2333 3412 mus,
2369 3352 2583 3415 perfecta
2603 3351 2892 3413 valetudine,
2933 3351 3259 3418 continuisque
3282 3368 3449 3405 rerum
3483 3354 3816 3410 secundarum

2206 3437 2502 3488 successibus
2525 3443 2590 3497 te,
2612 3449 2782 3501 regum
2813 3435 3010 3500 optime,
3037 3437 3284 3501 fortunare
3323 3446 3511 3505 pergat.
3549 3437 3815 3493 Litteraria

2208 3515 2501 3579 respublica,
2528 3517 2762 3580 porrectis
2783 3521 2850 3570 ad
2877 3518 3056 3570 ctelnm
3075 3517 3312 3582 manibus,
3341 3519 3472 3574 idem
3491 3528 3651 3573 votum
3673 3523 3814 3588 inge-

2205 3601 2392 3652 miunt:
2431 3599 2565 3652 idem
2605 3599 2906 3655 Christianus
2948 3602 3099 3654 orbis.
3152 3607 3260 3655 νοω
3281 3601 3674 3669 universorum,
3717 3619 3814 3658 uox

2207 3682 2300 3733 Dei
2335 3689 2445 3744 est;
2472 3696 2581 3748 qua:
2619 3681 2736 3747 facit
2771 3697 2908 3747 spem
2945 3683 3174 3736 inchoare
3208 3684 3402 3750 longam
3437 3685 3645 3739 Joannis
3678 3686 3813 3754 regis

2204 3765 2332 3830 vitaz,
2359 3772 2403 3816 et
2426 3765 2629 3828 publica:
2649 3765 2890 3830 felicitatis
2911 3766 3247 3833 Portugalliar.

2325 3931 2401 3983 Ex
2436 3932 2623 3983 aedibus
2654 3931 2988 3986 Vallicellanis
3007 3935 3412 3998 congregationis
3451 3934 3668 3989 Oratorii
3713 3936 3812 3988 Bo-

2200 4016 2352 4079 mani,
2376 4016 2535 4066 idibus
2567 4015 2802 4078 Januarii,
2820 4028 2950 4068 anno
2970 4017 3165 4068 Domini
3184 4032 3453 4082 armantur.~

519 4221 3785 4250 WWW

1131 4364 1471 4424 EPISTOLA

749 4504 754 4508 α
797 4469 1025 4562 saturet
1052 4473 1413 4568 canentum!)
1443 4499 1801 4543 nuncnmuu.

1019 4595 1100 4652 De
1119 4597 1298 4653 codice
1316 4596 1588 4654 Brixiano.

748 4709 882 4794 Viro
926 4714 1228 4790 clarissimo
1271 4713 1510 4784 Josepho
1559 4712 1858 4772 Blanchino

733 4875 736 4879 _
863 4797 1143 4886 Philippus
1171 4804 1455 4880 Garbellus
1482 4806 1538 4862 S.
1574 4805 1633 4861 P.
1669 4807 1730 4863 D.

567 4921 880 4980 Revocasti.
903 4932 992 4975 me
1019 4917 1149 4975 nihil
1182 4918 1289 4974 tale
1319 4905 1643 4989 cogitantem
1693 4919 2096 4977 bumanissimis

498 5013 695 5072 ofﬁciis
726 5012 835 5069 tuis
873 5011 938 5069 ad
969 5025 1030 5068 ea
1060 5009 1235 5068 studia
1256 5053 1272 5075 ,
1302 5025 1426 5082 qua:
1450 5025 1600 5081 saepe
1636 5013 1905 5082 seposita,
1949 5027 2095 5082 saepe

499 5109 666 5166 etiam
705 5115 1013 5177 resumpta,
1065 5119 1206 5160 nunc
1240 5105 1495 5171 tandem,
1536 5105 1884 5161 avocantibus
1929 5106 2091 5160 rebus

499 5203 655 5270 aliis,
701 5202 921 5258 omnino
971 5201 1308 5258 distuleram.
1363 5199 1500 5257 Cum
1531 5202 1674 5257 enim
1724 5199 2091 5272 apngraphum

499 5297 699 5368 veteris
737 5297 1076 5367 interpretis,
1115 5297 1258 5369 quod
1293 5298 1347 5353 in
1389 5297 1646 5368 principis
1681 5295 1936 5366 Ecclesia:
1971 5309 2094 5351 ves-

498 5397 596 5444 trm
623 5387 907 5444 Tabulario
945 5389 1280 5446 raeonditum
1307 5388 1646 5452 servabatur,
1687 5387 1851 5443 edere
1873 5389 2092 5442 statuis-

493 5495 606 5568 ses,
651 5479 866 5562 invento
891 5480 1307 5562 interschedas
1331 5479 1605 5549 Francisci
1629 5480 1808 5548 patrui
1845 5479 1957 5546 tui,
1990 5475 2090 5534 viri

2120 4371 2174 4433 D
2201 4368 2293 4436 tei,
2323 4366 2467 4438 quod
2494 4383 2522 4421 a
2552 4383 2640 4424 me
2671 4368 2800 4424 olim
2837 4378 3142 4440 accepant,
3163 4372 3316 4443 egisti
3345 4335 3562 4430 mecum
3591 4389 3692 4447 per
3718 4376 3813 4434 lit-

2204 4469 2368 4527 teras,
2421 4470 2480 4516 ut
2517 4462 2777 4517 lectiones
2795 4477 2831 4517 ea
2856 4463 3078 4534 Vulgata
3106 4465 3371 4522 abeuntes
3399 4481 3758 4537 excerperem
3788 4487 3809 4524 :

2205 4563 2347 4621 tum,
2379 4557 2424 4611 si
2452 4556 2580 4626 quid
2611 4556 2753 4611 aliud
2792 4571 2822 4611 e
2852 4571 2913 4612 re
2941 4566 3033 4612 tua
3058 4539 3293 4614 futurum
3336 4570 3642 4631 putassem,
3669 4562 3809 4618 illud

2202 4648 2375 4722 ipsum
2397 4692 2412 4716 ,
2451 4667 2545 4705 seu
2577 4652 2877 4722 symbolam
2903 4694 2917 4718 ,
2957 4653 3022 4708 ad
3055 4653 3224 4710 hocce
3248 4657 3554 4711 convivium
3584 4641 3809 4715 adferre

2201 4751 2258 4796 ut
2292 4753 2359 4796 ne
2404 4757 2709 4796 renuerem.
2743 4740 2870 4798 Feci
2919 4744 3131 4801 lubens.
3178 4745 3314 4813 Quid
3342 4746 3486 4802 enim
3517 4761 3623 4802 non
3651 4762 3684 4800 a
3713 4762 3808 4808 me

2201 4832 2445 4902 exigeret
2472 4848 2600 4888 cura
2623 4835 2724 4888 ista
2748 4843 2857 4899 tua,
2890 4851 3008 4905 qua:
3038 4852 3142 4892 non
3176 4838 3345 4892 multo
3375 4837 3580 4907 pridem
3616 4825 3806 4910 magni

2199 4927 2436 4981 nominis
2461 4927 2605 4982 viros
2636 4927 2808 4983 tenuit
2838 4929 2933 4993 ita,
2980 4941 3034 4985 ut
3061 4945 3266 4996 secum,
3295 4944 3360 4984 ac
3384 4945 3506 4984 cum
3545 4929 3806 4988 universo

2197 5018 2330 5074 orbe
2364 5017 2672 5072 Christiano
2711 5021 2970 5088 praeclare
2991 5029 3170 5075 actum
3201 5021 3612 5082 arbitrarentur,
3641 5021 3714 5087 si,
3747 5031 3808 5078 ut

2199 5108 2253 5164 in
2289 5109 2476 5164 Galliis
2514 5110 2855 5171 Martianaeus
2904 5120 3174 5167 vetustum
3227 5110 3460 5166 Matthxi
3515 5113 3804 5182 exemplar

2201 5202 2487 5272 vulgando,
2520 5204 2599 5259 sic
2625 5206 2680 5258 in
2709 5205 2932 5274 reliquis
2962 5203 3252 5260 eﬂ'erendis
3272 5204 3383 5271 alii,
3415 5206 3611 5276 quibus
3639 5219 3805 5264 sacra

2197 5295 2312 5350 lucc
2339 5308 2685 5352 monumenta
2718 5305 3084 5368 suppeterent,
3115 5297 3229 5366 pari
3261 5296 3389 5364 ﬁde,
3422 5313 3484 5354 ac
3504 5297 3804 5356 sedulitate

2192 5388 2554 5447 laborassem.
2602 5390 2753 5458 Quod
2788 5389 3031 5459 profecto
3069 5389 3355 5447 consilium
3390 5401 3535 5448 tuum
3567 5389 3803 5461 dignum

2191 5489 2265 5548 te,
2297 5481 2513 5554 dignum
2537 5481 2707 5549 Italia,
2734 5483 2954 5556 dignum
2985 5483 3148 5562 etiam
3175 5484 3436 5540 memoria
3466 5483 3664 5562 patrui,
3698 5498 3803 5562 ou-

489 5549 830 5644 amplissimi,
883 5553 1176 5647 speciminc
1205 5573 1438 5644 quodam
1465 5570 1638 5628 nostri
1669 5570 1872 5628 codicis
1894 5586 2086 5643 argeno
2182 5574 2273 5646 jus
2299 5549 2524 5648 vestigia
2555 5573 2700 5633 tanta
2734 5549 2857 5634 cum
2893 5576 3052 5636 laude
3092 5559 3340 5651 proruere
3376 5549 3577 5651 per—gis,
3607 5557 3801 5640 erudi-
