3950 6176
530 196 598 250 15
1888 178 2148 236 PROLEC

2254 178 2425 234 lENA.
3766 175 3843 231 16

533 311 853 373 debuerant,
898 307 1068 363 series
1097 313 1176 360 tot
1212 300 1557 366 saeculorum,
1582 297 1864 367 scripturae
1895 294 2129 350 difficul-

537 411 641 468 tas,
676 416 855 455 rerum
888 395 1174 469 ignoratio,
1206 407 1269 447 ac
1297 389 1527 447 subinde
1559 388 1858 459 neglectus,
1891 386 2130 441 omnium

535 508 667 548 vero
696 491 926 546 maxime
956 488 1307 544 deliramenta
1350 498 1605 538 manuum
1637 482 1931 535 otiosarum
1959 494 2027 534 ne
2054 477 2132 531 in-

538 586 934 646 tercessissent,
964 580 1253 652 quominus
1293 576 1471 631 adhuc
1498 576 1765 637 viverent.
1797 583 1851 627 et
1871 572 2131 640 vigerent.

537 654 645 735 Sed
674 686 792 732 acta
816 690 903 730 res
926 682 1008 729 est
1038 690 1051 725 :
1082 685 1183 727 nec
1210 670 1423 726 cineres
1450 668 1582 724 istos
1607 680 1824 721 movere
1847 664 1959 734 jam
1988 663 2133 717 licet.

540 770 653 840 Ego
685 767 898 820 illorum
936 779 1041 817 non
1076 776 1271 832 pauca,
1302 775 1371 815 ne
1402 758 1669 813 fortunam
1698 755 1946 811 eamdem
1988 751 2135 807 subi-

539 870 659 916 rent
691 873 809 913 mea
837 872 1003 911 manu
1034 854 1327 924 descripta,
1356 852 1409 906 in
1442 850 1765 906 AdverSaria
1799 846 2088 902 retuleram
2122 859 2136 896 :

539 952 786 1007 editurus
813 946 1125 1016 aliquando,
1150 946 1194 998 si
1218 946 1349 1011 vita,
1376 943 1629 1011 viresque
1654 946 2026 1009 superessent.
2060 935 2143 990 Li-

534 1054 624 1100 cet
652 1054 834 1114 postea
864 1057 1008 1095 cura:
1040 1038 1185 1101 alim,
1232 1053 1367 1091 nova
1401 1034 1598 1097 studia,
1634 1043 1688 1089 et
1727 1034 1901 1087 luxata
1946 1032 1998 1085 in
2025 1029 2143 1084 dies

537 1138 815 1199 valetudo,
839 1151 958 1205 qua:
989 1150 1076 1187 me
1107 1148 1258 1203 spem
1291 1140 1436 1185 vetat
1464 1128 1719 1184 inchoare
1742 1128 1976 1197 longam,
2008 1143 2141 1193 ira:-

544 1229 703 1283 terita
731 1226 956 1281 consilia
987 1224 1415 1284 interverterint,
1450 1218 1903 1287 exeusserintqne
1930 1217 1995 1271 de
2025 1233 2140 1270 nia-

543 1325 721 1381 nibns.
755 1322 862 1377 Sed
892 1330 949 1375 ut
974 1321 1037 1373 ad
1066 1334 1179 1374 rem
1212 1328 1453 1372 nostram
1482 1314 1723 1379 redeam,
1755 1314 1894 1367 inter
1922 1328 2013 1379 pra
2037 1311 2140 1364 fata

538 1421 886 1472 monumenta
925 1411 1140 1480 jacebat
1168 1408 1342 1465 codex
1380 1416 1671 1477 argenteus
1702 1403 2140 1472 Evangeliorum,

538 1524 699 1579 quem
727 1505 960 1574 virgines
995 1502 1099 1555 ilbe
1141 1499 1469 1556 breviarium
1511 1500 1672 1552 Ansm
1714 1496 1912 1565 regina:
1958 1493 2145 1563 appel-

544 1602 663 1657 lare
686 1599 953 1655 solebant.
988 1594 1139 1649 llunc
1162 1593 1292 1648 mihi
1316 1608 1343 1645 a
1362 1590 1684 1646 consobrina
1714 1601 1829 1642 mea
1860 1595 1989 1641 tunc
2010 1594 2146 1639 teni-

2237 302 2292 350 et
2317 293 2603 364 tetraplnm
2638 293 2788 359 illud,
2822 291 2964 363 quod
2998 292 3047 347 in
3079 302 3324 349 extremo
3359 293 3524 349 limbo
3564 293 3845 363 cujusque

2237 386 2447 456 paginae
2492 387 2751 451 cernitur,
2794 395 3051 456 argenteo
3095 385 3327 456 quodam
3380 385 3659 458 pigmento
3702 393 3848 441 sunt

2240 475 2317 530 liti
2350 493 2362 530 :
2392 475 2545 545 cujus
2587 484 2767 532 tamen
2798 477 2947 532 color
2978 476 3160 532 multis
3188 477 3240 531 in
3269 476 3401 532 locis
3442 478 3707 534 evanidus
3736 494 3847 533 au-

2237 585 2387 626 reum
2409 570 2647 636 simulat,
2676 569 2918 640 fallitque
2948 569 3050 625 nisi
3077 578 3282 625 attente
3308 570 3643 639 inspiciatur.
3668 569 3842 627 Unde

2238 672 2294 719 et
2318 679 2418 719 nos
2444 662 2572 717 olim
2603 663 2845 718 codicem
2876 678 3096 717 aureum
3120 663 3468 719 vocabamus.
3490 663 3851 733 Pigmentum

2238 754 2370 811 illud
2402 757 2563 811 modo
2606 757 2767 823 lmve,
2812 772 2954 811 nunc
2993 772 3279 823 crassum,
3324 756 3684 829 scabrumque
3729 767 3845 812 est.

2240 846 2373 903 Sive
2402 846 2506 902 hoc
2533 846 2745 903 diversa
2769 847 3191 903 illuminatorum
3222 863 3441 915 manus,
3476 862 3578 904 seu
3608 850 3851 904 materia

2244 940 2355 1009 ipsa
2377 978 2393 1005 ,
2431 949 2523 993 aut
2560 938 2775 994 demum
2808 938 3078 1008 pennieilli
3119 940 3489 1009 praestiterint.
3520 938 3847 1010 Utcumque

2243 1030 2387 1084 enim
2432 1031 2624 1099 pennis
2668 1031 2845 1083 avium
2889 1028 3192 1099 descriptos
3233 1029 3396 1086 fuisse
3433 1030 3649 1085 codices
3704 1032 3858 1085 istos

2243 1136 2458 1183 aureos,
2507 1129 2897 1190 argenteosque
2929 1119 3153 1175 innuere
3184 1120 3429 1175 videatur
3452 1135 3612 1189 supra
3651 1120 3855 1174 lauda-

2246 1221 2331 1267 tus
2357 1211 2701 1267 Mabillonius
2729 1210 3040 1283 (Supplem.
3074 1210 3142 1264 nd
3171 1228 3277 1265 rem
3310 1212 3539 1278 Diplom.
3573 1229 3695 1281 pag.
3726 1212 3859 1279 51).

2248 1303 2545 1359 hoctamen
2566 1302 2633 1358 de
2658 1305 2845 1372 prima,
2881 1314 2935 1355 ut
2960 1304 3028 1356 ita
3060 1301 3315 1369 dixerim,
3338 1317 3499 1356 manu
3528 1302 3859 1371 intelligen-

2247 1395 2374 1450 dum
2426 1395 2703 1450 exi~tinio.
2748 1395 2968 1449 Certum
3018 1394 3160 1448 enim
3200 1402 3285 1449 est
3327 1410 3357 1448 a
3390 1394 3622 1449 librariis
3651 1394 3867 1451 ductus

2250 1486 2478 1554 primum
2512 1488 2815 1540 atramento
2836 1494 3160 1548 earacleres,
3190 1498 3311 1538 mox
3343 1484 3411 1540 ab
3454 1484 3857 1540 illuminatori-

2250 1577 2350 1633 bus
2390 1594 2550 1633 aurea
2584 1578 2694 1643 illa,
2724 1585 2816 1632 aut
2862 1586 3113 1648 argentea
3159 1578 3395 1633 mixtura
3440 1590 3682 1645 ornatos,
3719 1596 3863 1650 qua:

544 1692 693 1761 poris
713 1688 980 1743 abbatissa
1004 1684 1242 1740 oblatum
1266 1697 1386 1737 eum
1410 1680 1687 1741 vidissem,
1732 1687 1892 1747 atque
1912 1693 1941 1732 e
1966 1676 2146 1731 limine
2182 1677 2224 1735 Β
2253 1671 2494 1751 profecto
2534 1671 2725 1740 pennis
2758 1668 2908 1726 reddi
2938 1685 3041 1724 non
3075 1680 3304 1741 poterat.
3336 1671 3408 1727 lta
3441 1674 3613 1743 spissa
3640 1683 3729 1728 cst
3753 1674 3871 1729 ali.

548 1792 755 1839 tantum
784 1780 1130 1840 salutassem,
1165 1773 1494 1830 membranis
1519 1772 1641 1826 aliis
1671 1771 1931 1836 intentus,
1963 1770 2147 1839 impe-

546 1878 682 1933 travi
726 1882 911 1946 postea
948 1890 960 1927 :
995 1880 1105 1926 tum
1132 1878 1191 1924 ut
1231 1867 1598 1940 supradictum
1639 1866 1913 1933 specimen
1966 1864 2147 1921 mitte—

548 1985 667 2026 rem
693 1977 883 2037 patruo
905 1974 1015 2030 tuo,
1043 1964 1158 2032 qui,
1192 1976 1443 2031 pnrpnrze
1465 1958 1691 2027 insignia
1715 1956 2147 2014 eminentissimo

545 2060 739 2118 Joanni
772 2057 1065 2114 Francisco
1085 2054 1383 2109 Barbadico
1408 2067 1528 2107 cum
1554 2051 1855 2116 detulisset,
1882 2051 2031 2104 illum
2060 2065 2149 2103 n0-

544 2154 777 2215 biscum,
808 2150 894 2219 qui
924 2150 971 2202 ei
1004 2148 1254 2209 comites,
1283 2145 1504 2199 honoris
1538 2159 1700 2198 causa
1729 2184 1743 2208 ,
1777 2142 1843 2197 ah
1872 2142 2148 2196 humanis-

545 2247 688 2301 simo
713 2244 954 2311 principe
980 2240 1088 2294 dati
1105 2254 1341 2303 eramus,
1367 2246 1422 2292 et
1445 2238 1773 2307 inspexerat,
1794 2248 1845 2290 et
1871 2237 2145 2290 cbararte-

547 2353 638 2393 res
665 2337 924 2404 excipere
964 2340 1265 2388 tentaverat
1290 2348 1305 2385 :
1335 2342 1444 2384 tum
1475 2329 1637 2383 etiam
1685 2336 1743 2381 ut
1772 2327 1960 2383 eadem
1992 2341 2150 2381 occa-

553 2429 708 2483 sione
733 2425 1098 2496 expenderem
1128 2423 1404 2486 attentius,
1440 2430 1601 2491 atque
1630 2434 1733 2473 una
1763 2417 2031 2473 variantes
2057 2434 2145 2473 ex-

550 2534 833 2589 cerperem
870 2534 882 2569 :
915 2531 1051 2586 quas
1073 2514 1205 2568 mihi
1231 2510 1520 2581 aliquando
1545 2509 1661 2565 usui
1692 2510 1895 2563 futuras
1924 2524 2030 2562 non
2053 2508 2152 2562 du-

548 2614 783 2668 bitabam
804 2651 819 2676 ,
854 2610 978 2664 licet
1018 2622 1182 2669 nunc,
1207 2606 1370 2660 etiam
1396 2617 1555 2671 supra
1578 2618 1737 2672 quam
1767 2601 2011 2656 mihimet
2036 2601 2151 2670 ipse

547 2703 967 2775 Spoponderam,
1019 2716 1117 2755 usu
1166 2699 1216 2755 id
1259 2697 1503 2768 profecto
1544 2696 1806 2765 ampliore
1838 2696 2149 2765 contigerit.

552 2796 664 2852 Illis
708 2794 852 2851 enim
881 2793 1030 2848 curis
1057 2791 1193 2846 meis
1233 2801 1286 2845 et
1327 2787 1624 2843 amicitiam
1660 2797 1803 2841 tuam
1852 2786 2023 2841 debeo
2053 2803 2066 2839 :
2099 2794 2154 2841 et

482 2951 495 2960 ,
558 2895 914 2945 monumento
944 2885 1103 2955 longe
1151 2881 1549 2951 pulcherrimo,
1593 2896 1753 2952 quam
1785 2895 1813 2934 a
1848 2895 1933 2935 me
1975 2879 2153 2935 adhuc

545 2981 773 3037 fortasse
804 2977 1231 3050 praestolaretur,
1265 2982 1504 3043 paratam
1533 2970 1870 3028 felicioribus
1894 2971 2151 3042 auspiciis

546 3074 746 3139 lucem,
773 3082 934 3141 atque
956 3067 1340 3126 aeternitatem.

616 3164 871 3220 Codieem
899 3162 1083 3223 istum,
1104 3158 1171 3213 ad
1203 3157 1318 3213 haec
1340 3172 1509 3227 usque
1532 3164 1801 3226 tempora,
1831 3155 2141 3210 criticorum

548 3268 830 3311 sacrorum
882 3250 1082 3304 nemini
1129 3249 1431 3316 inspectum
1470 3248 1667 3309 fuisse,
1711 3254 1863 3299 certe
1913 3259 1943 3296 a
2000 3244 2148 3297 nullo

552 3343 745 3401 studiis
773 3340 1095 3403 adhibitum,
1126 3337 1254 3391 illud
1283 3343 1601 3406 argumento
1628 3348 1750 3389 esse
1776 3342 1972 3403 potest,
2004 3333 2147 3405 quod
2172 3352 2190 3372 ο

550 3439 700 3494 inter
727 3443 805 3490 tot
824 3433 957 3487 alios
981 3433 1050 3485 ab
1082 3430 1147 3485 iis
1174 3438 1523 3495 memoratos,
1556 3427 1699 3483 unde
1724 3427 1991 3482 variantes
2021 3426 2152 3481 hau-

554 3536 768 3592 serunt,
798 3542 864 3580 ne
905 3539 1070 3579 unum
1118 3521 1334 3592 quidem
1378 3520 1586 3585 videas,
1628 3519 1719 3589 qui
1759 3519 1991 3588 aliquam
2029 3517 2153 3574 inde

557 3618 881 3693 protulerit.
912 3616 1102 3681 Solus,
1141 3611 1281 3683 quod
1324 3614 1529 3678 sciam,
1566 3610 1762 3665 Paulus
1811 3609 2149 3676 Galleardus,

556 3714 629 3770 cl.
658 3712 895 3769 eoncivis
913 3723 1066 3765 meus
1098 3722 1257 3761 uuam
1296 3713 1351 3761 et
1370 3704 1599 3759 alteram
1628 3703 1784 3758 nobis
1829 3702 2073 3757 exhibuit
2098 3703 2150 3756 in

555 3803 955 3875 elegantissima
1006 3798 1243 3855 editione
1301 3795 1535 3865 Operum
1590 3793 1931 3849 Gaudentii:
1992 3809 2151 3865 quam

556 3896 799 3970 profecto
829 3894 1124 3947 auctiorem
1188 3888 1399 3952 multo,
1450 3886 1988 3957 pnestantioremque
2036 3896 2155 3940 erat

558 3988 716 4045 nobis
750 3985 994 4049 daturus,
1028 3982 1071 4035 si
1112 3994 1220 4034 non
1248 3977 1430 4032 alieno
1476 3976 1702 4031 arbitrio
1740 3976 1837 4041 uti,
1872 3974 1967 4030 sed
2014 3990 2149 4044 suo,

559 4080 724 4137 edere
752 4091 885 4143 opus
911 4072 1211 4144 egregium,
1242 4084 1349 4124 non
1380 4066 1637 4125 festinare
1665 4068 1961 4147 debuisset.

633 4168 973 4226 Mabillonius
1005 4165 1122 4234 ipse
1151 4163 1203 4217 in
1232 4162 1445 4227 itinere,
1476 4159 1621 4231 quod
1649 4176 1742 4231 per
1762 4160 1967 4215 Italiam
2002 4160 2155 4215 insti-

561 4265 683 4329 tuit,
726 4257 1131 4318 cum‘Brixiam
1180 4254 1458 4318 inviseret,
1509 4265 1699 4307 omnes
1748 4250 1909 4306 hasce
1959 4253 2153 4306 vetusti

561 4357 663 4412 aevi
708 4349 964 4422 reliquias
1015 4348 1151 4403 clam
1208 4345 1428 4411 habuit;
1490 4344 1704 4400 nemine
1750 4358 1781 4398 e
1825 4343 2153 4399 nostratibus

2249 1761 2393 1828 cubi,
2421 1776 2483 1816 ac
2507 1762 2819 1831 prominens
2848 1779 2877 1817 e
2906 1763 3543 1835 niembranis,pr:ecipne
3566 1766 3619 1819 in
3643 1764 3868 1833 Marco;

2250 1856 2302 1911 in
2334 1871 2439 1926 quo
2477 1864 2531 1911 et
2573 1872 2810 1911 muscam
2840 1857 3046 1926 glutine
3093 1856 3186 1911 illo
3241 1858 3621 1923 circumlitam,
3682 1868 3873 1930 atque

2251 1948 2521 2001 inretitam
2576 1946 2753 2002 adhuc
2801 1948 3060 2017 integram
3116 1948 3438 2004 invenimus.
3497 1949 3651 2004 Unde
3720 1951 3870 2005 olim

2247 2038 2604 2109 coujcceram,
2636 2038 2889 2093 Codicem
2920 2037 3062 2093 hunc
3088 2050 3277 2095 testate
3307 2041 3611 2095 absolutum
3646 2040 3862 2099 fuisse.

2249 2133 2400 2190 Tunc
2423 2133 2567 2188 enim
2602 2132 2807 2187 facilius
2852 2143 3132 2188 arescente
3163 2134 3389 2203 pictura.
3424 2134 3515 2189 tibi
3554 2132 3859 2192 adversam

2252 2226 2494 2297 paginam
2543 2225 2904 2279 absolvissent
2946 2240 3149 2297 operte,
3180 2242 3463 2293 aversam,
3522 2243 3627 2282 non
3682 2232 3874 2286 multo

2251 2320 2511 2388 temporis
2526 2318 2831 2383 intervallo,
2852 2327 3062 2373 tentare
3080 2328 3345 2387 poterant.
3370 2320 3485 2374 Dixi
3502 2318 3872 2379 characteres

2251 2419 2554 2463 atramento
2595 2408 2825 2479 simplici
2870 2408 3119 2478 primitus
3145 2408 3371 2475 ductos;
3402 2409 3544 2479 quod
3604 2409 3874 2478 pluribus

2252 2502 2305 2557 in
2349 2500 2483 2555 lucis
2518 2500 2917 2555 evidentissime
2939 2499 3158 2570 colligas
3184 2519 3195 2555 :
3220 2502 3270 2554 in
3320 2500 3476 2554 Luca:
3517 2503 3871 2571 prresertinr,

2251 2607 2315 2649 ac
2337 2591 2558 2647 Joannis
2580 2591 2754 2656 initio,
2779 2591 2867 2646 ubi
2897 2591 3224 2662 pigmentum
3255 2592 3385 2646 illud
3410 2591 3676 2661 dilapsum
3704 2604 3828 2649 est.

2327 2684 2481 2738 lnitio
2511 2684 2797 2753 cujuslibet
2827 2683 3101 2751 Evangelii
3133 2682 3319 2751 prima:
3356 2682 3511 2738 linea:
3541 2684 3659 2738 auri
3693 2684 3871 2742 brac-

2252 2777 2409 2833 teolis
2452 2785 2577 2830 sunt
2624 2774 2893 2841 obduetm,
2954 2774 3095 2843 quod
3143 2774 3436 2827 etiamnum
3484 2775 3869 2845 splendidum,

2251 2869 2619 2939 intactumque
2673 2875 2775 2922 est.
2820 2866 2999 2922 Linea:
3032 2882 3224 2924 omnes
3268 2867 3410 2939 stylo
3460 2881 3745 2938 exaratzc,
3812 2884 3875 2928 nt

2252 2975 2366 3025 eas,
2391 2960 2444 3015 in
2468 2959 2847 3025 describendo,
2887 2958 3219 3027 antiquarius
3244 2971 3580 3029 sequeretur.
3615 2961 3874 3021 Charac-

2178 3055 2223 3118 C
2258 3062 2401 3110 teres
2442 3051 2808 3121 magnitudine
2833 3051 3069 3121 aequales
3095 3072 3108 3107 :
3140 3051 3243 3107 nisi
3264 3052 3403 3121 quod
3430 3053 3496 3108 ad
3526 3053 3870 3124 insigniores

2253 3143 2531 3213 perieopas
2578 3142 2775 3211 quibus
2827 3150 2887 3196 ut
2937 3129 3227 3212 plurimum
3289 3143 3343 3198 in
3397 3144 3532 3199 lzevo
3608 3150 3874 3218 margine

2253 3236 2415 3290 lectio
2459 3236 2766 3305 apponitur,
2810 3236 3044 3304 majores
3092 3235 3435 3293 adhibentur.
3484 3238 3552 3292 Et
3585 3253 3869 3311 eeontra,

2252 3329 2296 3384 si
2325 3328 2451 3400 quid
2481 3329 2533 3383 in
2560 3329 2665 3383 fine
2692 3328 2850 3383 linea:
2879 3327 3184 3384 addendum
3244 3340 3544 3400 supererat,
3578 3332 3874 3391 minuscu-

2254 3421 2318 3477 lis
2362 3420 2645 3490 supplebat
2696 3419 2972 3475 librarius.
3012 3421 3168 3488 Quod
3216 3422 3283 3475 ad
3328 3422 3543 3478 illorum
3601 3425 3867 3486 ordinent

2253 3522 2490 3584 spectat,
2544 3513 2677 3568 nihil
2730 3513 2924 3568 addam
2967 3504 3018 3568 in
3064 3529 3339 3583 prwsens:
3386 3532 3509 3571 cum
3562 3518 3862 3588 specimen

2255 3605 2428 3675 ipsum
2458 3606 2653 3661 seriem
2686 3606 3019 3669 continuam,
3053 3614 3538 3678 structuramquea
3574 3614 3871 3673 veteribus

2256 3704 2539 3766 usurpatas
2562 3712 2670 3766 prce
2691 3696 2862 3752 oculis
2890 3708 3071 3767 ponat.

2327 3788 2557 3853 Alicubi,
2588 3804 2711 3843 raro
2751 3798 2949 3854 tamen,
3000 3787 3053 3843 in
3080 3804 3236 3845 unam
3275 3790 3397 3845 dure
3426 3792 3615 3848 littera:
3641 3796 3865 3855 coales-

2256 3890 2414 3934 cunt:
2447 3888 2530 3935 ast
2566 3897 2778 3950 semper
2808 3880 2860 3935 in
2909 3883 3014 3936 fine
3064 3882 3237 3935 linear.
3270 3882 3453 3953 Neque
3490 3884 3646 3941 aliter
3687 3903 3867 3958 quam

2255 3973 2329 4041 N,
2374 3984 2464 4029 aut
2511 3972 2552 4028 V
2601 3973 2947 4044 superaddite
2998 3974 3274 4045 longurio,
3328 3986 3385 4030 ut
3414 3976 3456 4030 Τ
3488 3994 3627 4043 uno,
3685 3991 3868 4053 atque

2256 4069 2447 4127 eodem
2502 4079 2673 4125 tractu
2701 4070 3025 4139 exprimeret
3049 4070 3318 4125 librarius.
3350 4070 3519 4137 Quam
3546 4072 3866 4134 litterarum

2257 4164 2770 4233 coagmentationem
2817 4163 3063 4217 licentius
3101 4163 3270 4217 multo
3309 4166 3639 4235 usurpabant
3677 4168 3729 4221 in
3764 4186 3870 4227 vc.

2259 4254 2417 4309 tustis
2448 4253 2709 4323 lapidibus
2748 4254 3094 4325 quadratarii.
3126 4254 3239 4309 Non
3279 4255 3423 4309 enim
3459 4256 3511 4310 in
3555 4256 3662 4311 line
3689 4257 3869 4319 linea:

2257 4353 2486 4407 tantum,
2528 4344 2622 4399 sed
2669 4345 2861 4401 mediis
2903 4344 3084 4412 etiam,
3128 4362 3301 4417 neque
3351 4345 3454 4401 hoc
3497 4348 3675 4404 semel
3717 4350 3870 4410 illud

558 4447 732 4502 facem
782 4440 1121 4513 praeferente.
1167 4438 1246 4494 De
1296 4452 1407 4508 quo
1458 4435 1706 4505 equidem
1758 4434 1903 4490 inter
1950 4435 2154 4491 amicos
2182 4435 2431 4507 Dipsum
2456 4436 2637 4490 videas
2665 4438 3000 4507 praestitisse.

564 4552 710 4607 saepe
729 4550 874 4589 eram
902 4541 1164 4603 questus;
1216 4529 1359 4600 quod
1389 4545 1494 4583 non
1547 4528 1643 4582 bas
1681 4528 1862 4591 etiam,
1890 4544 1993 4583 una
2033 4543 2154 4583 cum

562 4637 645 4684 tot
674 4625 794 4680 aliis
833 4623 1042 4677 urbium
1074 4621 1527 4683 clarissimarum,
1564 4618 1956 4673 immortalibus
1983 4620 2156 4690 scrip-

564 4720 636 4774 tis
673 4714 1103 4772 commendasset
1148 4712 1475 4781 posteritati.
1504 4709 1704 4765 Verum
1752 4725 1895 4765 nunc
1940 4710 2155 4767 tandem

561 4808 778 4880 egregie
806 4815 985 4861 actum
1017 4802 1297 4858 nobiscum
1328 4802 1505 4866 video,
1534 4817 1601 4855 ne
1624 4816 1840 4855 omnem
1868 4802 2160 4872 antiquita-

559 4912 671 4959 tum
702 4908 1005 4955 nostrarum
1038 4896 1353 4950 memoriam
1383 4894 1703 4949 deberemus
1741 4898 1978 4951 externis
2006 4894 2157 4967 inge-

561 4995 667 5051 niis
699 5010 712 5046 :
744 4999 821 5057 et,
844 5002 1005 5060 quam
1028 4988 1081 5041 in
1115 5000 1222 5041 uno
1252 4984 1491 5040 Mattbzei
1519 4992 1669 5039 textu
1696 4984 1763 5039 ab
1791 4985 1981 5041 altrice
2011 4984 2157 5043 litte-

562 5097 749 5139 rarum
803 5088 965 5149 atque
1007 5077 1203 5134 artium
1248 5074 1425 5130 Gallia
1477 5074 1606 5130 olim
1656 5075 1982 5146 accepimus,
2017 5077 2155 5135 hanc

557 5176 635 5231 illi
668 5174 813 5230 Italia
843 5180 1051 5235 nostra,
1084 5165 1375 5239 etquidem
1398 5180 1521 5223 cum
1551 5165 1759 5224 ftenore
1788 5175 1842 5223 ut
1864 5166 2153 5241 aliquando

557 5267 789 5340 gratiam
820 5262 1106 5333 rependat.
2133 5302 2139 5307 ,

630 5360 831 5417 Forma
875 5355 1110 5421 codicis',
1162 5353 1397 5426 oblonga
1444 5360 1528 5411 est
1566 5352 1668 5422 ita,
1713 5362 1773 5410 ut
1812 5353 2151 5413 latitudinem

555 5459 726 5514 ferme
749 5452 1047 5526 quadrante
1074 5459 1316 5518 superet.
1342 5448 1469 5518 Ejus
1496 5448 1846 5517 membranae,
1876 5450 2001 5506 licet
2024 5466 2154 5520 pur-

554 5563 689 5620 pura
718 5546 899 5600 tinela:
938 5541 1157 5605 fuerint,
1188 5538 1430 5609 plurima:
1474 5548 1651 5594 tamen
1702 5546 1969 5594 vetustate
2016 5549 2153 5594 tem-

553 5639 701 5715 poris
729 5634 948 5697 cmrulei
972 5634 1205 5707 speciem
1232 5647 1341 5705 pra:
1363 5648 1422 5688 se
1452 5632 1647 5687 ferunt.
1670 5631 2045 5700 Cliaractcres,
2077 5636 2151 5691 uti

2328 4526 2472 4582 Nihil
2522 4536 2698 4582 autem
2731 4529 3062 4600 frequentius
3102 4531 3151 4585 in
3183 4531 3367 4588 codice
3414 4531 3518 4589 isto
3558 4548 3718 4603 quam
3770 4537 3873 4592 lit-

2260 4626 2491 4673 terarum
2546 4622 2888 4686 permutatio.
2940 4620 2984 4674 0
3024 4620 3209 4690 proV,
3258 4622 3301 4675 Τ
3346 4638 3444 4692 pro
3497 4623 3559 4689 Ι),
3611 4624 3705 4679 scd
3739 4641 3872 4696 [me

2256 4711 2467 4765 caneris
2496 4712 2537 4764 Β
2565 4727 2661 4778 pro
2691 4710 2749 4775 V,
2779 4722 2831 4766 et
2856 4712 2969 4767 vice
2994 4728 3144 4767 versa
3178 4716 3467 4783 usurpatis.
3498 4715 3648 4779 Quod
3675 4717 3870 4788 iltlpc.

2257 4802 2379 4857 ritis
2398 4802 2653 4858 harumce
2681 4817 2859 4859 rerum
2901 4819 3113 4860 crucem
3140 4808 3301 4875 ligcre
3322 4806 3609 4874 aliquando
3642 4823 3867 4877 ῃοεςοι,

2258 4894 2389 4950 Cum
2415 4910 2520 4949 non
2551 4895 2719 4951 semel
2746 4911 2936 4951 sensus
2974 4896 3088 4966 ipse
3115 4899 3400 4953 verborum
3432 4897 3625 4953 inverti
3668 4900 3871 4959 videa-

2256 4994 2370 5042 tur:
2405 4988 2677 5057 praeterito
2702 4987 2755 5043 in
2779 4987 3013 5043 futurum
3042 4996 3285 5060 tempus,
3315 4989 3417 5045 hoc
3444 4990 3498 5045 in
3526 4988 3659 5045 illud
3698 5007 3868 5063 saepe

2256 5077 2681 5134 transeuntibus.
2702 5077 2808 5134 Sed
2839 5093 2926 5134 res
2955 5088 3038 5134 est
3063 5094 3184 5134 cum
3205 5080 3430 5135 eruditis
3448 5121 3463 5146 ,
3493 5080 3688 5151 quibus
3716 5084 3867 5143 nihil

2255 5168 2310 5223 in
2338 5168 2573 5239 antiquis
2595 5170 2744 5226 hisee
2773 5170 3140 5226 monumentis
3170 5171 3867 5245 perspectius.Aliquando

2256 5264 2418 5320 etiam
2455 5262 2499 5319 ν
2530 5278 2629 5334 pro
2678 5262 2745 5329 Y,
2798 5273 2854 5320 et
2895 5272 3140 5331 econtra,
3181 5263 3277 5318 sed
3322 5278 3486 5335 parce
3529 5274 3865 5335 usurpatum

2255 5357 2436 5413 inveni
2466 5356 2520 5412 in
2545 5356 2824 5423 Matthaao,
2856 5367 2913 5415 et
2940 5357 3187 5413 Joanne:
3226 5373 3457 5413 niurram
3494 5357 3704 5413 scilicet
3748 5374 3866 5430 pro

2254 5434 2501 5520 myrram,
2542 5460 2598 5505 et
2650 5451 2852 5521 verbym
2892 5465 2989 5521 pro
3016 5450 3240 5506 verbum.
3295 5452 3427 5519 Quae
3470 5452 3673 5517 omnia,
3733 5455 3864 5514 sive

2255 5543 2540 5607 lectorum,
2575 5552 2666 5596 aut
2692 5542 3084 5610 descriptorum
3115 5544 3263 5610 vitio,
3310 5560 3402 5599 seu
3426 5543 3606 5598 verius
3636 5544 3859 5603 illiciis-

2255 5636 2357 5690 mis
2408 5636 2620 5691 illorum
2674 5647 2972 5709 temporum
3022 5638 3256 5707 tribuas,
3306 5650 3510 5696 certum
3565 5648 3650 5696 est
3709 5655 3856 5701 mss.
