3950 6176
150 247 207 304 Π
895 243 1109 302 EI‘IST.
1147 244 1392 302 PlllLlP.
1432 241 1802 310 GARBELLI,
1835 244 1920 301 DE
1960 245 2208 304 CODICE
2248 249 2599 306 BllleANO.
3327 253 3397 311 i8

149 366 442 440 exemplaria
481 364 587 423 fere
607 365 812 431 omnia,
847 375 957 422 tum
984 375 1223 423 vetustas
1249 369 1410 422 etiam
1455 365 1690 436 lapidum
1720 369 1768 427 Α
1867 366 1922 421 In
1954 369 2249 423 canouihus
2281 369 2426 423 hisee
2471 369 2797 440 digerendis,
2849 386 2954 425 non
3008 369 3248 436 Eusebii,
3301 370 3401 424 sed

151 462 512 531 inscriptiones,
538 475 601 515 ac
632 460 958 516 nomismata
999 475 1314 530 occupasse.
1801 457 2046 514 cedit-um
2075 503 2087 522 ,
2123 477 2258 532 quos
2290 477 2400 530 pm:
2431 463 2601 517 oculis
2630 463 2882 524 habebat.
2935 467 3297 521 mcnnomiam
3337 465 3404 520 li-

211 551 610 608 Observabamus
653 551 945 622 aliquando
974 551 1301 621 exemplaria
1329 549 1429 604 ista
1475 547 1703 604 unciali-
1804 554 2016 610 lirarius
2045 570 2296 612 servasse
2325 556 2560 612 videtur.
2589 557 2720 612 Nam
2777 557 2844 622 Χ,
2873 559 2923 612 in
2957 576 3062 627 qun
3093 558 3400 624 Matutinus,

151 645 242 700 bus
276 645 446 698 litteris
493 643 787 713 descripta,
839 658 1003 699 onera
1050 644 1220 714 magis
1276 649 1492 698 exarata
1539 655 1696 710 quam
1804 648 2035 714 Marcus,
2066 648 2256 714 Lucas,
2291 649 2529 705 Joannes
2573 650 2713 721 apud
2763 649 2934 716 illmn,
2971 651 3058 704 hic
3097 661 3219 718 post
3263 650 3403 704 Mat-

151 737 333 792 codices
382 736 758 809 Hieronymum
814 737 1120 806 appellasse
1174 735 1443 808 (Prtefat.
1493 735 1548 788 in
1598 732 1700 787 Job
1804 739 2005 796 tlneum
2053 743 2300 811 sequitur
2345 742 2607 809 Joannes,
2657 758 2781 796 mox
2829 743 3021 805 Lucas,
3067 757 3132 797 ac
3177 742 3406 797 subinde

153 829 326 898 cun):
360 829 513 900 idque
564 839 752 897 postea
784 829 1049 884 imitatum
1093 828 1375 885 Alcuinum
1399 867 1411 889 ,
1442 827 1532 896 qui
1565 839 1700 895 pou-
1811 831 2053 887 Marcus:
2085 833 2265 888 addita
2296 833 2362 888 ad
2397 834 2554 888 linem
2599 833 3022 903 uniuscujusque
3067 833 3397 902 Epigraphc:

149 922 258 977 dera
281 919 524 976 librorum
549 928 766 992 portatu
791 919 1054 981 difﬁcilia.
1085 934 1148 973 ac
1187 917 1415 990 proinde
1439 918 1701 972 lectorum
1807 922 2034 993 Explicit
2058 923 2234 978 Canon
2269 923 2319 978 Χ
2341 923 2593 988 Μαιώωῄ
2622 924 2800 996 incipit
2844 923 3022 978 Canon
3067 921 3116 976 X
3144 923 3364 977 Joannis
3388 939 3408 986 ;

151 1015 366 1068 manibus
397 1015 573 1085 gravia
613 1013 746 1069 dixit
776 1014 794 1083 (
813 1013 974 1082 Prtef.
1007 1013 1075 1066 ad
1118 1023 1297 1083 quiest.
1326 1012 1378 1065 in
1421 1005 1701 1079 Genesim).
1806 1007 2012 1087 explicit
2045 1013 2223 1070 Conon
2250 1014 2301 1070 X
2326 1013 2566 1079 Joannis,
2589 1015 2767 1078 incipit
2794 1012 2969 1069 Conon
2993 1013 3042 1066 X
3077 1013 3264 1080 Lacte;
3309 1028 3408 1067 es-

151 1107 328 1164 Placuit
358 1109 406 1163 in
453 1108 606 1163 lance
645 1108 750 1163 hoc
775 1118 1019 1163 nostrum
1049 1105 1354 1177 appendere
1383 1123 1395 1159 :
1429 1105 1703 1160 inventum
1808 1107 1951 1178 plicit
1979 1103 2223 1160 CanonX
2245 1105 2423 1173 Lucaz,
2455 1107 2634 1178 incipit
2660 1103 2836 1160 Conon
2867 1103 2918 1159 X
2943 1103 3130 1158 Marci.

152 1200 623 1270 estquatuordccim
655 1198 857 1270 pondo.
888 1198 1081 1268 Liquet
1106 1198 1267 1253 etiam
1311 1213 1376 1252 ex
1405 1204 1708 1252 memorato
1881 1198 1940 1254 In
1981 1197 2089 1255 line
2118 1201 2342 1255 canonis
2368 1199 2563 1266 octavi,
2599 1199 2651 1253 in
2677 1212 2783 1268 quo
2810 1199 3101 1266 cmteroqm
3131 1193 3415 1249 Matthmus

152 1289 422 1362 Hieronymi
453 1290 576 1345 loco
608 1290 722 1360 jam
776 1300 900 1345 tunc
941 1289 992 1344 in
1025 1289 1310 1360 purpureis
1355 1287 1709 1352 membranis,
1813 1301 1868 1347 et
1891 1290 2128 1347 Joannes
2143 1291 2549 1356 “desiderantur,
2583 1305 2757 1360 neque
2787 1287 3082 1351 Ammonii,
3117 1295 3277 1357 atque
3299 1285 3409 1340 Eu-

149 1385 321 1448 aureis,
344 1392 498 1450 atque
523 1382 800 1451 argenteis
829 1381 1023 1436 litteris
1043 1381 1314 1448 descripta
1339 1379 1508 1434 fuisse
1532 1392 1713 1433 exem-
1817 1382 1951 1439 sebii
1975 1383 2172 1439 seriem
2195 1384 2520 1455 sequebatur
2540 1381 2839 1452 descriptor
2856 1380 2980 1455 (sub
3010 1380 3251 1435 sectione
3267 1378 3412 1433 enim

149 1473 292 1544 plaria
317 1514 333 1540 ,
381 1487 498 1529 cum
537 1473 605 1528 ad
657 1473 1023 1530 Ecclesiarum
1073 1487 1206 1543 quas
1262 1481 1388 1527 ante
1441 1471 1712 1541 tetigerat,
1816 1491 2081 1531 cccxxxrx
2107 1476 2328 1532 exhibet
2351 1491 2436 1544 ea,
2468 1491 2588 1547 quae
2618 1474 2758 1546 apud
2787 1475 2931 1540 illos,
2959 1483 3013 1529 et
3044 1477 3097 1528 in
3129 1472 3316 1529 codice
3340 1472 3417 1526 le-

150 1581 282 1620 usum
305 1585 318 1619 :
340 1575 446 1620 tum
477 1566 544 1621 ad
583 1567 917 1637 privatorum
939 1607 953 1630 ,
985 1580 1120 1636 quos
1151 1563 1349 1619 ibidem
1398 1561 1712 1634 redarguit:
1816 1575 2014 1638 guntur
2047 1567 2259 1638 cccsL),
2299 1577 2356 1624 et
2385 1568 2546 1624 Marci
2580 1568 2863 1639 pericopas
2892 1583 2998 1622 non
3027 1567 3166 1622 ultra
3197 1564 3416 1636 trigesi-

148 1658 333 1729 objecta
381 1659 485 1714 illis
534 1660 933 1730 magnificentia
980 1658 1252 1723 codicum,
1285 1659 1374 1728 qui
1407 1666 1587 1712 tamen
1616 1655 1716 1710 :ni—
1822 1673 1964 1713 mam
2008 1667 2254 1729 quartam
2298 1674 2463 1732 supra
2506 1659 2931 1715 ducentesimam
2982 1658 3249 1729 producit.
3280 1657 3418 1712 Num

150 1769 234 1809 nus
265 1764 438 1810 essent
456 1755 658 1810 exacti.
695 1754 761 1809 Et
786 1754 1018 1810 fortasse
1049 1755 1101 1809 in
1134 1753 1504 1824 hujuscemodi
1533 1769 1717 1822 smnp-
1748 1745 1792 1806 Β
1823 1765 1968 1806 vero
1995 1766 2120 1806 cum
2159 1754 2344 1808 codice
2389 1751 2537 1821 paria
2581 1751 2762 1818 faciat,
2814 1752 3077 1807 incertum
3111 1769 3123 1804 :
3172 1759 3422 1807 extrema

151 1847 292 1901 tunsis
311 1848 670 1919 antigraphis,
695 1847 865 1917 magis
895 1862 1053 1916 quam
1095 1847 1147 1900 in
1177 1845 1422 1908 caneris,
1456 1860 1718 1915 peccave-
1824 1845 1970 1900 enim
2001 1845 2055 1900 in
2087 1845 2265 1901 Marco
2299 1846 2530 1916 periere.
2555 1844 2808 1901 Canones
2835 1844 3036 1915 excipit
3055 1845 3300 1915 quzedam
3322 1857 3425 1898 ceu

151 1937 242 1992 rint
286 1937 594 2010 antiquarii;
647 1937 792 2006 quod
846 1937 1028 2008 operis
1072 1951 1342 1992 morosam
1389 1933 1720 2007 diligentiam
1827 1935 2098 2006 praefatio,
2132 1952 2254 2007 quae
2282 1952 2441 1992 unam
2471 1946 2527 1993 et
2554 1937 2778 1992 alterum
2826 1935 3074 2007 paginam
3105 1935 3311 2005 implet.
3342 1933 3425 1988 En

154 2029 364 2098 taedium,
399 2044 462 2084 ac
491 2029 786 2095 lassitudo,
819 2044 945 2083 mox
967 2029 1257 2094 festinatio,
1308 2040 1470 2100 atque
1513 2028 1714 2083 incuria

1869 2035 1996 2100 lam,
2029 2035 2122 2090 tibi
2149 2053 2162 2088 :
2192 2051 2316 2090 nam
2345 2045 2400 2091 et
2431 2037 2482 2091 in
2517 2037 2684 2094 hocce
2712 2037 2902 2094 sabulo
2930 2037 3047 2093 auri
3079 2036 3309 2093 fortasse
3336 2050 3422 2092 ra-

155 2133 501 2192 seqnercntur.
550 2120 692 2177 Cum
736 2123 1008 2192 praecipue
1037 2121 1310 2177 difficilius
1352 2134 1496 2176 esset
1545 2129 1722 2176 errata
1829 2138 2016 2182 menta
2045 2127 2324 2183 invenient
2348 2128 2571 2184 eruditi.

157 2214 399 2284 corrigere
433 2231 446 2266 ε
505 2213 814 2268 obsistente
870 2222 1204 2268 caracterum
1252 2211 1631 2282 pulcritudine,
1663 2227 1727 2266 ac
1899 2217 2125 2273 Sanctus
2154 2216 2344 2273 Petrus
2369 2221 2650 2292 apostolus,
2679 2220 2965 2293 discipulus
2997 2219 3283 2276 Salvatoris
3314 2219 3430 2273 οο.

157 2308 562 2362 membranarum
587 2349 602 2371 ,
636 2322 864 2375 quarmn
901 2305 1112 2376 species
1131 2348 1145 2373 ,
1177 2319 1334 2361 secus
1361 2315 1521 2375 atque
1545 2305 1596 2360 in
1631 2319 1730 2374 pu-
1831 2310 1958 2364 mini
1985 2311 2143 2364 nostri
2166 2309 2294 2364 Jesu
2326 2309 2539 2376 Christi,
2567 2312 2779 2367 edocens
2804 2312 3005 2382 ﬁdeles.
3033 2321 3242 2384 prapter
3268 2311 3436 2366 diver-

161 2399 222 2454 ris
246 2400 468 2462 lituram,
492 2399 890 2471 Spongiamth
917 2397 1007 2453 vix
1039 2399 1222 2454 ferret.
1831 2401 2034 2454 sitatem
2079 2401 2387 2456 adsertionis
2435 2403 2735 2476 linguarum
2778 2406 3016 2458 admonet
3043 2413 3252 2458 cunctos
3291 2414 3346 2457 ut
3380 2405 3435 2457 in

219 2490 470 2547 Caeterum
502 2493 675 2547 etiam
709 2492 867 2562 longe
909 2501 1035 2547 ante
1069 2490 1376 2562 Hieronymi
1407 2499 1648 2562 tempora
1677 2489 1730 2546 in
1835 2503 2009 2548 octavo
2032 2489 2163 2549 libro
2185 2493 2458 2550 Clementis
2481 2498 2698 2550 continet
2718 2498 2982 2551 scribtum.
3008 2497 3198 2551 docens
3211 2498 3307 2552 sic.
3331 2515 3433 2551 au-

164 2598 248 2636 usu
273 2583 427 2638 fuisse
458 2599 695 2654 operosa
740 2584 841 2637 ista
879 2581 1205 2652 exemplaria
1235 2582 1388 2636 testis
1409 2590 1493 2636 est
1521 2582 1735 2651 (Iapito-
1836 2587 1942 2642 dite
1967 2605 2046 2643 me
2071 2591 2300 2643 conservi
2328 2590 2665 2644 dilectissimi.
2699 2591 2889 2644 bonum
2911 2600 2984 2644 est
3006 2599 3060 2644 ut
3087 2591 3438 2661 unusquisque

164 2672 284 2728 linus
325 2675 374 2729 in
422 2673 724 2729 Maximino
762 2672 974 2727 altero:
1007 2672 1090 2727 cui
1115 2713 1130 2737 ,
1174 2672 1314 2728 illlel'
1343 2673 1521 2726 omina
1571 2669 1733 2726 futuri
1837 2689 2058 2735 caurum
2101 2681 2402 2744 secundum.
2435 2682 2572 2751 quod
2602 2691 2762 2752 ροιεει
2790 2682 2952 2754 proﬁt
2988 2681 3342 2735 accedentibus
3369 2680 3439 2735 ad

166 2766 492 2834 impcrii,hoc
519 2765 793 2820 accidisse
821 2765 916 2826 ait,
945 2776 1003 2818 ut
1029 2780 1218 2834 puero,
1241 2780 1362 2818 cum
1384 2763 1726 2834 grammatice

1881 2774 1994 2826 dem
2022 2773 2286 2846 religionis
2322 2782 2532 2828 nostra.
2578 2783 2626 2827 et
2663 2774 2780 2827 ideo
2807 2789 2909 2827 non
2936 2789 3021 2828 vos
3061 2774 3230 2846 pigeat
3257 2787 3441 2827 secun-

166 2860 386 2923 daretur,
419 2859 544 2915 libri
601 2858 872 2913 llomerici
918 2873 1106 2912 omnes
1139 2857 1414 2927 purpurei,
1447 2857 1624 2910 aureis
1656 2856 1741 2909 lit-
1843 2864 1964 2918 dum
1989 2865 2296 2935 sapientiam
2321 2879 2438 2928 quae
2465 2864 2604 2918 vobis
2626 2881 2716 2937 per
2753 2863 2806 2918 di
2831 2864 3206 2935 providentiae:
3232 2862 3442 2917 conlata

171 2953 282 3006 teris
308 2953 485 3022 scripti
530 2953 768 3021 primmn
823 2949 1248 3021 porrigerentnr.
1289 2947 1473 3019 Neque
1520 2948 1740 3002 dubium
1845 2964 1941 3020 est,
1965 2953 2266 3008 disserentes
2289 2955 2562 3010 instruere.
2584 2955 2792 3026 ignaros
2817 2954 3051 3011 edocere.
3076 2955 3149 3008 ita
3173 2964 3361 3008 tamen.
3387 2962 3444 3009 ut

170 3052 236 3097 est
254 3043 374 3114 quin
405 3057 525 3098 mos
559 3044 667 3096 iste
696 3042 763 3095 ab
794 3041 1028 3095 ethnicis
1057 3039 1376 3111 antiquariis
1415 3041 1482 3094 ad
1529 3049 1742 3096 nostros
1847 3045 1928 3099 his
1942 3060 2058 3113 quae
2083 3061 2114 3096 a
2133 3061 2213 3098 me
2237 3045 2454 3099 audistis
2478 3054 2527 3098 et
2557 3045 2744 3098 tradita
2764 3055 2881 3098 sunt
2908 3044 3045 3098 vobis
3072 3045 3224 3098 vestri
3247 3051 3445 3098 tantum

171 3136 460 3189 manaverit.
488 3137 616 3202 Quo
648 3145 912 3204 tempore,
945 3133 1230 3188 incertum.
1260 3133 1396 3186 Puto
1429 3145 1606 3187 tamen
1637 3147 1741 3186 non
1769 3123 1816 3186 C
1847 3138 2096 3192 sermonis
2133 3138 2471 3205 eloquentiam
2514 3139 2736 3191 societis.
2766 3154 2853 3191 nec
2875 3137 3072 3208 aliquid
3102 3137 3368 3209 praprium
3397 3145 3446 3192 et

171 3225 340 3296 primo,
369 3227 606 3282 fortasse
633 3241 732 3280 nec
768 3225 946 3279 medio
972 3225 1142 3279 altero
1183 3225 1380 3278 sarculo
1411 3239 1424 3275 :
1453 3238 1574 3278 cum
1607 3239 1731 3293 pau-

1891 3229 1992 3284 uod
2029 3230 2168 3284 vobis
2195 3247 2297 3283 non
2320 3238 2395 3283 est
2422 3229 2670 3283 traditum
2697 3229 3094 3302 proloquamini.
3142 3230 3343 3283 etiamsi
3363 3245 3451 3285 vo-

171 3331 256 3386 per
281 3318 480 3382 adhuc,
541 3327 600 3372 et
647 3318 879 3386 antiqua:
915 3315 1273 3386 SilllltiiCllaliS
1304 3325 1458 3369 tenax
1510 3314 1747 3369 Ecclesia
1856 3323 1933 3378 bis
1961 3324 2234 3378 verisimile
2254 3323 2504 3378 υἱάειιιυτ,
2531 3326 2621 3377 sed
2643 3334 2695 3377 ut
2870 3339 2984 3393 qum
3014 3323 3120 3395 ipse
3142 3342 3174 3378 α
3197 3339 3312 3377 vero
3332 3339 3452 3393 ριοο-

172 3418 316 3464 esset.
346 3409 450 3464 Sed
480 3421 601 3462 tmn
628 3407 870 3473 demum,
898 3421 1018 3460 cum
1053 3407 1230 3476 longe,
1273 3406 1490 3475 lateque
1531 3404 1724 3460 dill‘nsa

1892 3414 2007 3468 heta
2051 3425 2286 3486 suscepta
2330 3414 2470 3468 vobis
2497 3415 2687 3468 tradidi
2711 3415 3097 3487 prosequimini.
3145 3415 3239 3469 etsi
3277 3415 3449 3470 minus

175 3500 554 3555 εειιιίιιιριιιξιιυε
587 3501 652 3552 ad
683 3500 800 3568 ejus
831 3499 1007 3553 sinum
1032 3514 1136 3551 non
1167 3497 1365 3567 populo
1397 3505 1624 3564 tantum,
1656 3496 1752 3553 sed
1855 3503 2023 3575 plente
2042 3503 2350 3558 adsertionis
2378 3499 2486 3558 esse
2503 3504 2806 3558 videbuntur
2825 3515 2870 3558 et
2899 3505 3014 3559 ideo
3040 3521 3104 3560 ne
3126 3507 3179 3559 in
3199 3507 3453 3578 interpre-

178 3591 493 3663 principibus
549 3591 706 3656 viris,
759 3591 1121 3660 ﬂuminisque,
1154 3589 1430 3643 abundare
1478 3590 1752 3659 cepisset.
1858 3595 2131 3649 tationibus
2175 3595 2468 3667 linguarum
2496 3595 2774 3650 secundum
2821 3611 2935 3661 qua:
2980 3596 3034 3649 in
3063 3595 3308 3649 interiora
3340 3594 3458 3650 libri

181 3682 339 3750 Longe
373 3700 507 3740 vero
530 3683 791 3753 amplius,
827 3683 1031 3738 reddita
1073 3683 1174 3736 sub
1204 3681 1557 3737 Constantino
1602 3697 1756 3752 pace,
1858 3685 2210 3739 ostenduntur.
2259 3686 2444 3758 legenti
2473 3685 2724 3739 videatur.
2771 3685 2918 3739 aliud
2956 3685 3010 3738 in
3037 3701 3204 3756 gra'ca
3250 3684 3450 3756 lingua.

179 3780 436 3848 auctisque
462 3777 692 3831 divitiis.
716 3777 852 3831 Tum
882 3777 1050 3845 ipsius
1082 3773 1355 3844 exemplo,
1385 3773 1497 3844 qui,
1548 3783 1604 3828 ut
1634 3789 1756 3828 mox
1862 3776 2008 3830 aliud
2038 3777 2091 3830 in
2119 3776 2280 3830 latina
2307 3776 2387 3830 vel
2420 3777 2608 3849 gotica,
2639 3777 2902 3849 designata
2927 3791 3035 3830 esse
3055 3776 3359 3829 conscribta.
3391 3775 3459 3828 il—

179 3870 485 3937 v'tdcbimus,
508 3870 727 3924 codices
764 3884 950 3924 sacros
989 3883 1017 3921 a
1060 3867 1400 3938 peritissimis
1444 3866 1762 3936 antiquariis
1864 3867 1956 3922 lud
1986 3867 2215 3922 advertat
2242 3868 2377 3938 quis.
2401 3865 2537 3937 quod
2577 3867 2621 3920 si
2646 3884 2739 3936 pro
2769 3867 3045 3938 disciplina
3068 3866 3244 3938 lingua
3263 3865 3458 3919 discre-

183 3961 422 4028 dcscribi,
444 3965 745 4032 ornarique
767 3961 948 4031 jussit.
981 3959 1341 4025 lmitantibus,
1368 3969 1422 4013 ut
1455 3957 1567 4014 ﬁeri
1594 3969 1760 4024 amat,
1869 3959 2137 4028 potionem
2158 3959 2484 4014 ostendit.ad
2509 3976 2663 4013 unam
2684 3968 2852 4013 tamen
2879 3959 3209 4013 intentionem
3231 3974 3456 4012 concur-

185 4055 422 4128 principis
461 4069 654 4109 curam
696 4054 916 4125 privatis
944 4094 961 4120 ,
993 4067 1114 4106 mox
1160 4050 1322 4106 etiam
1352 4049 1674 4120 augentibus
1709 4054 1764 4104 in
1867 4050 1956 4104 rit.
1990 4065 2146 4120 quare
2186 4050 2360 4104 nullus
2405 4049 2588 4104 exinde
2627 4050 2846 4103 titubare
2887 4049 3031 4102 debet
3075 4049 3141 4104 de
3181 4049 3318 4120 quod
3347 4049 3462 4118 ipsa

189 4148 366 4215 majus.
1737 4180 1740 4183 -
1874 4144 2160 4197 auctoritas
2188 4144 2482 4215 manifestat
2511 4143 2791 4197 secundum
2821 4143 3098 4196 intentione
3136 4142 3324 4214 lingua:
3346 4157 3468 4212 pro-

247 4239 558 4311 Evangeliis
585 4237 791 4309 prmlixi
837 4246 962 4292 sunt
995 4251 1232 4292 canones
1261 4236 1506 4291 Eusebii:
1539 4250 1768 4306 quorum
1872 4244 1984 4308 pter
2012 4235 2373 4289 declinationes
2400 4250 2555 4288 sonus
2576 4241 2713 4288 vocis
2735 4233 2964 4305 diligenti
2989 4233 3310 4305 perceptione
3348 4239 3465 4284 sta-

191 4342 351 4387 tann-u
381 4334 544 4404 primi
568 4340 887 4404 quatuor,ct
908 4330 1423 4400 scptimusomnino,
1445 4331 1772 4385 octavitero
1876 4336 1984 4383 tuta
2031 4335 2167 4382 sunt.
2223 4335 2277 4380 ut
2324 4326 2377 4379 in
2419 4324 2832 4393 subsequentibus
2870 4321 3156 4375 conscribta
3206 4320 3468 4391 leguntur.

192 4439 306 4494 pars
347 4425 589 4480 maxima
635 4423 866 4491 periere.
901 4421 1222 4476 Litterarum
1263 4431 1554 4485 Structura,
1587 4436 1650 4476 ac
1688 4434 1776 4475 se-
1883 4422 1992 4476 lucc
2037 4437 2117 4474 res
2161 4420 2276 4490 fecit
2301 4418 2571 4490 probanter
2599 4414 2881 4487 publicare.
2928 4421 3132 4485 propter
3158 4410 3356 4481 aliquos
3385 4412 3473 4481 qui

198 4517 291 4571 rics
318 4518 510 4572 eadem
542 4516 734 4578 ferme,
778 4524 940 4584 atque
983 4515 1036 4568 in
1089 4513 1430 4584 Evangeliis:
1482 4513 1583 4568 nisi
1638 4511 1782 4582 quod
1810 4507 1859 4566 D
1887 4513 2021 4584 falsa
2051 4510 2342 4564 adsertione
2385 4508 2664 4562 secundum
2693 4505 2965 4559 volumtate
3008 4519 3102 4556 sua
3128 4502 3393 4557 mendacia
3420 4505 3477 4557 in

199 4613 420 4668 minores
447 4622 600 4678 sunt,
627 4611 808 4676 rudes,
837 4608 1114 4679 impolitus,
1140 4606 1454 4676 inaequales,
1485 4605 1775 4676 multisque
1881 4607 1993 4676 lege
2034 4605 2110 4658 vel
2154 4605 2204 4656 in
2231 4602 2504 4672 evangeliis
2548 4616 2638 4670 per
2667 4597 3129 4668 interpretationem
3152 4595 3364 4666 propria
3387 4609 3481 4666 po-

201 4704 248 4758 in
278 4706 403 4761 locis
431 4707 562 4770 situ,
591 4719 654 4759 ac
693 4711 961 4758 vetustate
1005 4700 1235 4756 detritat.
1277 4697 1514 4768 Argento
1543 4698 1670 4753 olim
1695 4698 1778 4753 in-
1883 4706 2114 4752 suerunt.
2146 4710 2303 4761 quare
2351 4693 2443 4746 illa
2487 4691 2799 4745 declinantes
2843 4690 2951 4743 lucc
2973 4690 3139 4760 posita
3174 4698 3315 4741 sunt.
3367 4703 3483 4757 qua:

207 4795 484 4852 luminatas
527 4796 693 4851 luisse
733 4793 929 4849 alicubi
970 4801 1214 4863 apparet.
1260 4790 1419 4848 Levis
1445 4791 1588 4846 enim
1617 4790 1781 4847 litura
1887 4786 2160 4856 antiquitas
2188 4783 2314 4856 legis
2355 4783 2408 4835 in
2437 4780 2588 4835 dictis
2637 4795 2917 4853 gra’corttnt
2944 4777 3191 4832 contineri
3217 4778 3485 4832 inveniun-

208 4897 259 4943 nt
295 4891 578 4960 plurimum
631 4887 932 4943 intercidit:
979 4887 1100 4940 solo
1145 4891 1448 4940 atramento
1479 4883 1784 4955 ferrugineo
1893 4889 1998 4944 tur,
2039 4885 2083 4932 et
2107 4878 2246 4948 ipsas
2291 4875 2621 4945 «tyniologias
2671 4873 2963 4944 linguarum
3005 4869 3355 4924 convenientes
3391 4867 3489 4923 sibi

211 4983 554 5049 prominente.
590 4979 917 5036 Membrana:
961 4978 1092 5048 ipsa
1132 4977 1367 5043 mutilzn,
1398 4975 1648 5040 cariosae,
1672 4974 1790 5030 via-
1893 4969 2225 5026 conscribtas.
2258 4968 2325 5021 ad
2352 4983 2507 5020 mium
2537 4983 2740 5019 sensum
2786 4979 3087 5018 concurrere
3137 4962 3488 5015 demonstran-

216 5070 352 5128 laceo
379 5073 476 5128 sed
501 5070 806 5128 obscuriori
843 5071 1030 5126 colore
1058 5067 1406 5124 deformatur:
1443 5075 1501 5122 ut
1525 5066 1700 5122 facilis
1721 5066 1794 5121 sit
1898 5075 2004 5119 tur.
2031 5070 2277 5117 nametea
2303 5060 2532 5115 convenit
2558 5057 2803 5111 indica-re.
2820 5053 3060 5128 proquod
3080 5053 3131 5107 in
3153 5053 3257 5107 vult
3279 5051 3493 5106 haberes

215 5165 528 5234 conjectura,
578 5178 820 5220 canones
859 5161 992 5216 istas
1027 5170 1238 5217 vetusto
1262 5160 1412 5227 olim,
1437 5170 1599 5228 atque
1628 5171 1795 5214 exeso
1901 5159 2043 5228 [actu
2082 5163 2177 5208 est.
2225 5153 2386 5207 latina
2423 5167 2539 5206 vero
2587 5149 2788 5234 lingua.
2833 5146 3099 5201 adnotatio
3145 5145 3491 5217 signiﬁcatur.

215 5257 379 5311 codici
408 5259 663 5322 adnexos,
693 5253 1038 5325 postmodum
1069 5253 1296 5323 alicujus
1327 5266 1490 5322 opera
1519 5251 1644 5306 huic
1671 5264 1800 5306 nos-
1900 5263 2056 5321 quare
2086 5247 2138 5300 in
2158 5245 2378 5318 positam
2418 5253 2490 5298 est
2529 5241 2736 5312 agnosci
2769 5239 2929 5311 possit
2955 5237 3042 5292 ubi
3071 5236 3257 5290 littera.
3290 5251 3370 5306 gr.
3401 5249 3491 5289 su-

220 5355 298 5402 tro
325 5348 641 5403 accessisse.
671 5345 829 5414 Quod
874 5343 931 5399 lit
962 5344 1116 5415 longe
1163 5343 1473 5399 evidentius
1518 5357 1549 5397 e
1578 5351 1796 5412 quater-
1904 5339 2103 5414 percult
2149 5337 2336 5392 habere
2379 5329 2650 5390 invenitur.
2682 5333 2808 5387 sciat
2848 5331 2936 5401 qui
2985 5329 3106 5401 legit
3139 5325 3276 5398 quod
3307 5327 3359 5379 in
3385 5326 3500 5397 ipso

224 5436 440 5491 niontnn
472 5447 612 5492 nota.
646 5435 783 5492 Cum
815 5435 957 5490 enim
996 5445 1201 5507 septem
1233 5433 1679 5506 quaternionibus
1707 5446 1800 5485 ca-
1909 5434 2013 5486 vult
2063 5431 2246 5485 habere
2285 5427 2566 5483 secundum
2593 5427 2728 5498 quod
2758 5440 2953 5497 grwcus
2986 5421 3205 5475 continet
3253 5418 3500 5472 scribtum

228 5543 388 5584 nones
411 5531 802 5600 compleantur,
833 5528 878 5582 si
904 5528 1026 5583 olim
1054 5544 1176 5583 cum
1203 5528 1390 5584 codice
1419 5527 1520 5580 hoc
1549 5522 1806 5590 descripti
1857 5557 1862 5559 -
1911 5534 2004 5580 est.
2036 5523 2122 5577 ubi
2151 5537 2268 5576 vero
2297 5521 2488 5576 littera.
2518 5520 2587 5573 la.
2617 5519 2877 5579 supervult
2912 5513 3097 5567 habere
3124 5511 3398 5565 invenitur.
3422 5524 3508 5562 se-

231 5619 469 5687 luissent,
494 5621 628 5691 jam,
675 5620 769 5691 qui
817 5618 1017 5688 primus
1064 5621 1117 5675 in
1164 5619 1416 5675 Mattlueo
1455 5625 1555 5681 est,
1588 5625 1810 5669 oetavns
1916 5613 2141 5669 cundum
2184 5613 2343 5666 latina
2404 5611 2581 5680 lingua
2609 5609 2662 5662 in
2691 5608 2792 5660 vult
2822 5606 3004 5658 habere
3047 5613 3304 5655 ostensum
3345 5606 3418 5691 est
3458 5608 3510 5652 et

234 5689 640 5768 essetlcbucrat.
698 5689 709 5691 ί
1920 5707 2037 5760 ideo
2068 5707 2162 5757 ista
2205 5705 2470 5756 instructio
2509 5699 2857 5753 demonstrata
2902 5705 2999 5746 est.
3043 5706 3105 5744 ne
3135 5691 3353 5757 legentes
3382 5689 3522 5759 ipsos
