3950 6176
517 257 584 313 19
1883 253 2092 312 PROLE

2203 251 2420 309 MENA.
3738 259 3810 318 20

507 377 613 428 vult
665 375 874 430 habere:
920 391 1021 430 non
1073 375 1408 446 perciperent.
1457 389 1550 447 pro
1594 389 1694 444 qua
1724 342 1931 427 ναιὶοηέ
1952 370 2107 442 positi
2134 364 2839 440 Agemtnisquedistincto,
2868 367 3134 424 contectis
3153 370 3811 442 supervestiebanl,com-

505 458 627 522 sunt
651 470 740 522 sed
759 459 1014 537 quod.....

579 562 891 615 Caractcres
941 560 1144 614 mutila:
1193 559 1349 628 hujus
1393 556 1679 628 rapsodiaz,
1722 571 1881 628 quam
1915 555 2106 610 barba—

508 667 653 716 rum,
711 661 874 722 atque
924 651 1110 707 infelix
1161 651 1417 705 srcculum
1459 649 1672 716 extulit,
1728 665 1900 720 neque
1954 647 2102 713 illos,

505 745 700 815 quibus
731 760 970 799 canones
998 743 1258 812 descripti
1286 751 1428 806 sunt,
1465 757 1658 812 neque,
1691 743 1780 812 qui
1809 742 1860 796 in
1892 739 2098 802 codice,

502 845 919 905 repratsentant.
971 835 1103 889 Nam
1136 844 1190 888 et
1221 837 1459 888 minores
1503 833 1640 899 istis,
1689 844 1743 887 ct
1791 833 1898 888 illis
1940 830 2102 900 paulo

500 929 736 997 majores
770 930 1044 996 usurpavit
1083 926 1278 980 bardus
1311 925 1421 989 ille,
1453 927 1780 996 quicumque
1804 925 1849 980 is
1877 925 2099 1004 demum

504 1018 668 1074 fuerit
694 1018 1016 1086 descriptor.
1047 1018 1366 1088 Paginarum
1393 1016 1553 1071 linea:
1579 1016 1721 1088 stylo
1745 1016 1962 1087 quidem
1980 1025 2106 1070 sunt

503 1112 701 1177 ducue,
731 1109 825 1166 sed
855 1126 1027 1181 neque
1056 1110 1333 1181 profundae
1360 1119 1413 1162 ut
1440 1109 1489 1164 in
1519 1115 1695 1175 textu,
1725 1117 1780 1165 et
1809 1111 1978 1179 magis
2006 1125 2101 1165 co-

500 1203 790 1258 ltzcrcntes.
829 1203 904 1256 Ex
939 1219 1046 1272 quo
1078 1202 1134 1256 fit
1160 1214 1216 1256 ut
1239 1243 1251 1266 ,
1283 1203 1408 1256 licet
1437 1202 1623 1272 viginti
1658 1211 1863 1256 tantum
1894 1201 2099 1273 singula

505 1297 695 1366 quavis
738 1295 870 1349 facie
892 1295 1001 1350 sint
1029 1295 1222 1360 ductae,
1257 1311 1361 1348 non
1389 1299 1550 1350 Secus
1581 1310 1644 1349 ac
1666 1295 1717 1348 iu
1753 1295 2057 1366 Evangeliis
2083 1313 2098 1362 ;

505 1389 658 1444 frens
710 1397 914 1452 tamen,
947 1398 1002 1442 et
1033 1388 1220 1454 latera,
1267 1387 1529 1453 limbique
1575 1373 1732 1443 latius
1787 1399 2100 1444 excurrant.

512 1480 665 1535 Ilanc
694 1498 722 1534 a
753 1480 1058 1550 sequiorutu
1091 1489 1390 1549 temporum
1433 1479 1596 1544 lanio,
1625 1481 1715 1550 qui
1753 1479 1994 1535 codicem
2025 1481 2102 1534 fa-

507 1574 790 1629 tiscentem
840 1572 1114 1636 resarciit,
1164 1571 1249 1627 hic
1295 1571 1560 1637 adsutam,
1593 1588 1714 1627 cum
1747 1573 2096 1640 membranae,

505 1677 618 1722 tum
657 1666 811 1720 locus
862 1666 979 1735 ipse
1024 1666 1154 1720 satis
1181 1666 1458 1720 evincunt.
1503 1665 1633 1720 Suta
1664 1667 1806 1720 enim
1847 1675 1929 1720 est
1959 1668 2101 1744 inter

2210 456 2608 527 pingebantque
2635 456 2864 511 librarii.
2900 455 3185 529 Verbaque
3225 459 3448 517 Eusebii
3475 464 3555 519 sic
3581 455 3704 522 esse
3731 469 3813 522 in-

2209 549 2496 619 telligenda
2531 564 2655 604 cum
2685 560 2863 604 textus
2893 550 3030 620 ipse,
3061 563 3172 606 tum
3202 553 3293 608 illa
3323 557 3617 622 πολυτελῶς
3646 565 3810 621 em-

2207 644 2351 713 μένα,
2383 658 2504 710 quae
2527 643 2579 697 in
2611 641 2944 699 ternionibus
2969 644 3146 700 locum
3176 645 3380 705 habere
3406 667 3513 706 non
3534 662 3807 723 poterant,

2207 733 2436 788 suadere
2464 734 2735 789 videntur.

2281 825 2337 880 lu
2389 826 2564 882 fronte
2592 829 2880 898 cujuslibet
2917 831 3194 902 Evangelii
3241 833 3439 905 legitur
3488 836 3808 894 minusculis

2207 918 2615 976 characteribus
2645 938 2842 978 nomen
2871 923 3127 992 auctoris,
3149 926 3291 996 quod
3320 936 3498 984 tamen
3531 946 3638 986 non
3656 929 3814 988 initio

2213 1014 2414 1081 solum,
2445 1016 2540 1070 sed
2576 1005 2906 1085 procedente
2950 1027 3096 1074 textu
3127 1020 3351 1076 alternis
3378 1023 3584 1094 paginis
3624 1042 3812 1082 serva-

2218 1115 2331 1161 tum
2354 1117 2436 1161 est
2463 1107 2568 1171 ita,
2607 1118 2662 1162 ut
2695 1110 2746 1163 in
2774 1125 2960 1165 earum
2992 1103 3180 1181 quavis
3201 1155 3217 1179 ,
3259 1129 3447 1170 aversa
3479 1104 3726 1185 scilicet,
3756 1130 3814 1175 et

2205 1197 2430 1252 adversa
2478 1199 2616 1254 tituli
2649 1212 2855 1270 partem
2905 1203 3148 1274 legentes
3192 1205 3508 1273 oﬂendant,
3559 1212 3813 1281 apposita

2205 1288 2511 1360 Epigraphe
2540 1308 2554 1344 :
2597 1282 2901 1348 Secundum
2932 1293 3235 1351 Matt/neum
3257 1339 3272 1366 ,
3302 1299 3586 1354 secundum
3629 1301 3806 1357 Joan-

2205 1398 2340 1447 nem,
2365 1391 2470 1436 etc.
3823 1387 3834 1399 “

2281 1472 2434 1539 Quod
2458 1473 2510 1530 in
2537 1475 2837 1533 canonibus
2870 1478 3042 1535 codici
3092 1479 3296 1537 adsutis
3336 1481 3762 1543 observabamus
3790 1529 3806 1554 ,

2204 1580 2403 1635 nempe
2432 1568 2621 1634 aliter,
2663 1581 2824 1642 atque
2871 1569 2926 1626 in
2963 1571 3284 1629 Eusebianis
3329 1572 3589 1645 diSposita
3639 1577 3815 1634 fuisse

2208 1657 2494 1730 Evangelia
2514 1703 2530 1730 ,
2577 1666 2680 1717 hoc
2709 1664 2882 1734 ipsum
2915 1661 2966 1719 in
2998 1674 3255 1721 contextu
3297 1680 3568 1723 servatum
3599 1669 3809 1726 videas.

503 1757 639 1813 duas
669 1758 803 1811 alias
835 1773 1131 1828 purpureas
1161 1757 1433 1827 equidem,
1465 1757 1560 1812 sed
1586 1772 1813 1828 quarum
1839 1757 2010 1823 color,
2045 1742 2103 1812 ut
2133 1756 2180 1816 B
2207 1741 2746 1824 Mallhmobl’imum.
2772 1771 2899 1810 m0!
2925 1757 3133 1812 Joanne
3156 1798 3172 1823 ,
3206 1765 3318 1813 lum
3345 1758 3488 1815 Luca
3515 1802 3530 1828 ,
3563 1763 3626 1840 ac
3648 1761 3814 1818 dein-

505 1866 702 1905 rceens
723 1892 737 1912 ,
773 1865 834 1903 ac
866 1858 1147 1920 propterea
1181 1847 1412 1913 vividus,
1445 1849 1522 1902 sic
1554 1850 1753 1915 tenuis,
1778 1860 1937 1918 atque
1966 1848 2105 1904 dilu-

497 1953 607 2007 tus,
633 1941 790 1997 aliter
813 1953 974 2012 atque
1005 1941 1058 1995 in
1101 1940 1307 1997 codice.
1335 1940 1603 1996 Prrterea
1634 1940 1792 1995 nuda:
1817 1949 1966 2008 sunt,
1999 1957 2101 1997 ne-

498 2050 608 2105 que
638 2035 792 2088 lineis
830 2037 897 2088 ad
937 2048 1072 2103 Opus
1103 2044 1327 2104 paratm.
1370 2033 1426 2088 In
1457 2035 1753 2099 anteriore,
1789 2049 1950 2104 quam
1984 2048 2102 2088 sur-

501 2142 622 2182 sum
653 2141 870 2180 vorsum
902 2137 1084 2182 seetor
1118 2127 1209 2180 ille
1237 2126 1526 2196 diSposuit,
1565 2127 1678 2183 hare
1707 2125 1988 2198 leguntur,
2013 2126 2102 2181 lit-

501 2218 633 2273 teris
663 2233 822 2288 quam
872 2219 923 2272 in
967 2217 1380 2289 prarfatiuncula
1411 2218 1727 2285 majoribus,
1772 2229 1825 2272 ct
1855 2218 1922 2272 ad
1951 2219 2101 2273 codi-

501 2310 582 2364 cis
607 2312 840 2379 speciem
873 2310 1065 2364 eflictts
1090 2328 1101 2362 :
1146 2308 1274 2363 Velit
1304 2311 1465 2364 lector
1494 2311 1723 2363 videatur
1753 2312 1987 2366 recitare.
2036 2311 2097 2367 In

500 2402 802 2471 posteriOre
832 2416 983 2466 vero,
1009 2409 1300 2472 utcumque
1325 2415 1622 2472 appareant
1648 2403 1943 2458 litterarum
1973 2419 2098 2481 vcs-

497 2492 650 2561 tigia,
686 2507 778 2546 eas
808 2501 984 2546 tamen
1034 2493 1111 2546 ita
1141 2494 1365 2563 spongia
1412 2493 1612 2549 delevit
1644 2503 1701 2549 ut
1728 2495 1858 2550 nihil
1886 2496 2100 2565 penitus

497 2575 614 2651 erui
641 2586 827 2654 possit.
857 2586 1124 2653 Quorsum
1154 2602 1304 2652 vero,
1347 2597 1438 2641 aut
1467 2587 1608 2642 unde
1639 2587 1829 2642 lacinia
1861 2588 1960 2642 ista
1993 2588 2099 2644 huc

499 2667 808 2745 irrepserit,
843 2676 1074 2731 viderint
1105 2678 1300 2746 quibus
1326 2686 1499 2731 vacat.
1532 2677 1666 2731 lllud
1688 2687 1771 2732 est
1799 2679 2096 2734 observatu

506 2769 726 2840 dignum
768 2771 878 2839 jam
922 2779 1047 2826 tunc
1093 2771 1148 2826 in
1203 2787 1303 2826 usu
1345 2772 1509 2826 fuisse
1559 2770 1843 2827 Gothicam
1888 2765 2099 2826 Vulﬁlaé

503 2862 832 2927 versionem,
864 2863 1015 2933 cujus
1037 2879 1275 2919 semesas
1302 2863 1364 2919 Ν.
1389 2862 1454 2918 Τ.
1480 2864 1734 2940 reliquias
1760 2881 1953 2936 magno
1980 2863 2102 2935 pes-

501 2945 733 3011 teritatis
759 2955 902 3010 bono
933 2957 1101 3011 edidit
1140 2955 1462 3012 Franciscus
1487 2956 1707 3023 Junius,
1741 2958 1788 3014 si
1820 2969 1998 3014 tamen
2030 2957 2096 3015 de

497 3051 560 3104 ea
597 3050 832 3122 loquitur
861 3041 1269 3107 consarc'inator
1300 3053 1422 3107 iste.
1663 3045 1666 3048 ’

2207 1858 2337 1914 ceps
2365 1843 2546 1900 Marco
2569 1846 3006 1915 procedentibus,
3035 1864 3137 1919 qua
3159 1843 3228 1905 de
3257 1865 3337 1912 re,
3372 1861 3554 1922 utpote
3579 1849 3808 1925 insigni,

2208 1950 2403 2005 neque,
2433 1937 2576 2003 quod
2607 1940 2794 2002 sciam,
2828 1935 2959 1993 satis
2991 1939 3268 2014 hucusque
3287 1940 3563 2012 explorata
3584 1986 3601 2011 ,
3631 1941 3805 2016 pecu-

2205 2025 2326 2080 liari
2354 2027 2734 2083 observatione
2758 2030 2918 2099 paulo
2941 2028 3112 2085 fusius
3143 2017 3326 2102 postea
3351 2033 3702 2091 disseremus.

2276 2119 2652 2191 Atttiquarium
2702 2163 2718 2188 ,
2766 2136 2798 2175 a
2826 2137 2934 2193 quo
2958 2125 3237 2195 exemplar
3278 2126 3381 2181 hoc
3425 2137 3670 2184 nostrum
3705 2128 3816 2187 de-

2203 2211 2467 2278 scriptum
2500 2223 2604 2277 est,
2640 2221 2745 2267 non
2772 2213 3140 2286 indiligetttem
3166 2218 3508 2274 solummodo
3528 2262 3543 2285 ,
3576 2222 3672 2277 sed
3703 2223 3815 2278 itu-

2205 2303 2460 2373 peritum,
2501 2319 2566 2360 ac
2598 2305 2755 2375 plane
2783 2306 3055 2363 indoctum
3091 2306 3254 2364 fuisse
3296 2310 3602 2381 legentibus
3631 2325 3811 2384 patet.

2205 2396 2431 2465 Adjecta
2471 2397 2696 2468 insuper
2735 2398 3085 2455 vitiosiSsima
3140 2397 3596 2473 interpunctione.
3653 2406 3813 2476 Qua-

2205 2499 2422 2556 propter
2467 2488 2610 2543 circa
2639 2503 2703 2544 ea
2748 2499 2988 2560 tempora
3035 2493 3296 2564 scriptum
3347 2504 3512 2566 puto,
3559 2496 3763 2567 quibus
3792 2541 3810 2568 ,

2204 2576 2510 2634 interverso
2550 2588 2627 2634 tot
2663 2592 2970 2638 exterarum
3001 2585 3239 2654 gentium
3281 2569 3666 2657 irr‘uptionihus
3695 2587 3815 2646 Ro-

2203 2687 2364 2727 mano
2389 2670 2704 2728 Occidentis
2730 2674 2978 2754 imperio,
3010 2675 3199 2732 littera:
3222 2677 3352 2748 ipsa:
3377 2680 3442 2732 ad
3465 2680 3806 2751 squalorem,

2203 2765 2609 2835 perniciemque
2640 2761 2873 2822 redactae
2925 2753 3136 2825 fuerant
3171 2788 3183 2823 :
3215 2771 3356 2828 unde
3403 2782 3523 2844 post
3572 2785 3648 2829 tot
3695 2789 3811 2831 sa:-

2201 2858 2360 2925 cula,
2411 2858 2707 2915 nitentibus
2740 2860 2988 2919 Italorum
3049 2863 3314 2934 ingeniis,
3365 2865 3585 2924 tandem
3619 2882 3780 2925 emer

2201 2967 2343 3008 sere.

2275 3044 2429 3113 Quod
2456 3060 2588 3100 vero
2615 3045 2893 3101 codicibus
2921 3047 3047 3102 olim
3075 3047 3320 3103 accidere
3340 3049 3567 3117 solebat,
3601 3067 3808 3123 nempe

566 3141 720 3209 Quod
765 3136 926 3216 supra
975 3139 1318 3211 monuimus,
1363 3147 1704 3202 membranas
1757 3149 1986 3216 scilicet,
2041 3149 2092 3203 in

2203 3137 2270 3216 ab
2293 3135 2554 3208 imperitis
2577 3138 2780 3193 criticis
2812 3147 2870 3193 ut
2899 3154 3181 3210 perperam
3208 3142 3634 3213 corrigerentur,
3665 3144 3798 3202 huic

497 3238 692 3308 quibus
719 3253 954 3292 canones
995 3238 1253 3304 descripti
1301 3247 1457 3302 sunt,
1491 3239 1544 3291 in
1572 3225 2093 3307 qualernionesldis-

497 3319 728 3382 tributas
774 3325 964 3390 fuisse,
1013 3327 1115 3380 hoc
1151 3328 1322 3396 ipsum
1370 3327 1419 3380 in
1452 3327 1784 3394 Evangeliis,
1809 3328 1877 3384 de
1902 3332 2096 3398 quibus

498 3434 624 3472 mox
655 3418 759 3471 erit
789 3431 987 3481 sermo,
1023 3418 1270 3487 prmstitit
1298 3416 1566 3472 librarius.
1601 3417 1737 3472 Nota
1768 3419 1854 3472 illa
1884 3416 1952 3473 ad
1983 3420 2096 3474 cal-

499 3529 618 3568 cem
664 3528 870 3566 aversze
902 3512 1162 3582 cujusque
1193 3521 1396 3566 octavae
1426 3511 1630 3581 paginte
1654 3513 1825 3582 posita
1855 3512 1920 3580 Q.
1956 3512 1994 3566 Ι.
2026 3516 2089 3582 Q.

492 3599 584 3669 IL,
615 3615 669 3658 ct
698 3607 776 3659 sic
805 3605 1083 3674 deinceps,
1115 3621 1274 3675 quam
1306 3603 1553 3659 Valesius
1596 3603 1670 3656 ait
1717 3604 1882 3658 fuisse
1916 3614 2095 3660 vetus-

493 3698 721 3752 tissimis
751 3698 1028 3752 codicibus
1056 3697 1411 3752 familiarem:
1439 3705 1600 3764 atque
1627 3711 1658 3749 a
1690 3697 1870 3764 seipso
1902 3697 1954 3751 in
1986 3712 2088 3752 ms.

495 3777 793 3858 exemplari
814 3787 1061 3858 Gregorii
1081 3769 1434 3852 Turonensis,
1460 3777 1854 3860 nongentorum
1877 3787 2093 3842 circiter

494 3897 788 3946 annorum,
834 3882 1197 3933 observatam.
1248 3877 1432 3944 Neque
1460 3879 1589 3931 solis
1617 3879 2089 3947 quaternionihus,

491 3972 588 4028 sed
623 3971 802 4026 mixtis
833 3971 1126 4024 identidem
1182 3955 1519 4023 ternionibus
1547 3978 1728 4023 vetera
1773 3967 1860 4022 illa
1903 3985 2090 4024 exem-

491 4064 663 4135 plaria
688 4063 997 4116 constitisse
1022 4059 1223 4114 indicat
1250 4060 1463 4113 Eusebii
1490 4059 1637 4114 locus
1663 4058 1763 4128 (De
1796 4059 1894 4144 Vit.
1914 4059 2086 4127 Const.

491 4159 583 4213 lib.
633 4173 710 4221 tv,
742 4145 859 4227 cap.
901 4153 1015 4222 57),
1048 4153 1101 4207 in
1133 4168 1239 4223 quo
1267 4163 1591 4222 praeceptum
1629 4153 1728 4208 sibi
1757 4153 1832 4207 ait
1859 4169 1887 4206 a
1915 4154 2088 4210 Cons-

487 4251 702 4308 tantino
741 4260 799 4304 ut
830 4237 1242 4319 quinquaginta,
1279 4245 1498 4301 codices
1525 4246 1831 4301 divinarum
1860 4231 2091 4318 scriptu-

491 4357 678 4399 rarum
707 4341 763 4395 in
793 4337 1124 4396 membranis
1153 4336 1368 4406 egregie
1397 4336 1648 4406 expolitis
1685 4327 1714 4390 a
1747 4323 2090 4406 peritissimis

486 4433 811 4503 antiquariis
855 4431 1089 4497 describi
1135 4438 1385 4494 curaret;
1430 4440 1774 4502 paratosque,
1821 4440 1880 4486 ut
1905 4433 2085 4486 statim

2201 3215 2413 3300 quoque
2464 3229 2651 3283 nostro
2702 3230 2756 3284 in
2798 3231 3037 3302 pluribus
3081 3234 3324 3306 contigit.
3373 3235 3489 3290 Non
3545 3235 3804 3307 equidem

2199 3320 2342 3392 quod
2365 3329 2640 3375 corrector
2667 3321 2778 3389 ille,
2805 3325 3131 3394 quicumque
3161 3325 3209 3380 is
3236 3325 3454 3382 demum
3484 3327 3643 3384 fuerit
3662 3370 3675 3393 ,
3702 3341 3806 3386 aut

2197 3395 2461 3478 adjecerit
2483 3412 2704 3481 aliquid,
2735 3426 2825 3468 aut
2857 3415 3238 3472 immutaverit.
3270 3416 3376 3472 Sed
3399 3459 3415 3484 ,
3444 3417 3651 3474 abrasis
3672 3436 3805 3492 qua:

2199 3506 2395 3560 vitiosa
2434 3507 2724 3576 censebat,
2754 3520 2812 3563 ut
2835 3521 2980 3566 recta
3024 3528 3128 3567 non
3172 3514 3342 3569 semel
3373 3515 3664 3584 pervertit,
3713 3516 3806 3572 sic

2198 3598 2461 3652 mendosa
2506 3600 2729 3670 supinus
2774 3604 3052 3671 praeteriit.
3091 3599 3391 3673 Supersunt
3419 3607 3562 3660 enim
3593 3605 3806 3677 ubique

2196 3689 2499 3760 litterarum
2528 3691 2752 3761 vestigia
2779 3734 2794 3758 ,
2823 3693 2968 3749 unde
2990 3692 3226 3750 nativam
3251 3699 3569 3767 scripturam
3598 3697 3805 3768 depre-

2197 3780 2518 3839 hendamus.
2560 3784 2736 3840 Latini
2768 3788 2931 3842 etiam
2976 3779 3246 3846 sermonis
3295 3791 3538 3860 jejunum
3583 3792 3754 3846 fuisse
3780 3835 3797 3858 ,

2197 3874 2299 3930 hoc
2335 3891 2498 3929 unum
2531 3877 2672 3932 inter
2699 3863 2897 3933 caetera
2927 3880 3234 3950 exemplum
3270 3891 3388 3936 esto
3411 3924 3426 3946 ,
3459 3879 3600 3952 quod
3632 3881 3802 3940 Luca:

2194 3982 2249 4034 x,
2280 3966 2372 4034 40,
2403 3969 2640 4024 occurrit
2673 3985 2687 4022 :
2719 3968 2807 4024 ubi
2838 3969 3044 4026 Martha
3075 3972 3141 4026 de
3161 3985 3376 4040 sorore,
3415 3969 3535 4044 qua:
3561 3973 3707 4044 illam
3739 3974 3801 4031 in

2194 4058 2500 4114 ministerio
2529 4058 2823 4116 domestico
2866 4077 2973 4116 non
3002 4062 3317 4132 adjuvaret,
3349 4073 3642 4134 conquesta
3671 4066 3750 4119 ait
3780 4109 3798 4135 ,

2194 4147 2437 4228 Domine,
2470 4166 2574 4204 non
2602 4159 2673 4206 est
2699 4152 2790 4205 tibi
2823 4168 2964 4207 cum
2989 4153 3128 4222 quod
3157 4170 3305 4209 soror
3330 4171 3444 4210 mea
3473 4151 3679 4228 reliquit
3709 4173 3802 4212 me

2192 4225 2357 4293 Solam
2388 4241 2715 4296 ministrare?
2742 4257 2848 4312 quo
2879 4244 2931 4299 in
2958 4244 3079 4300 loco
3106 4239 3472 4301 Soloecismum
3505 4248 3712 4302 veritus
3743 4251 3797 4304 si

2190 4349 2330 4387 curre
2366 4334 2724 4404 relinqueret,
2757 4352 2784 4389 e
2816 4335 3030 4390 ﬁnalem
3071 4338 3310 4392 extrivit.
3349 4337 3485 4393 Cum
3537 4352 3665 4420 vero
3691 4355 3799 4396 au-

2192 4412 2358 4480 daces
2402 4441 2594 4481 manus
2641 4429 2692 4481 itt
2724 4428 2968 4483 codicem
3014 4428 3360 4495 extenderet,
3407 4429 3474 4484 ad
3503 4412 3794 4500 vulgatam

487 4525 787 4582 comitante
836 4511 1072 4578 Diacono
1119 4521 1186 4576 ad
1233 4536 1357 4576 eum
1400 4521 1661 4575 mitteret.
1714 4521 1836 4576 Mox
1883 4522 2083 4586 subdit,
2115 4519 2164 4580 D
2192 4515 2502 4591 Hieronymi
2534 4519 2874 4590 reSpexisse,
2908 4519 3068 4576 fidem
3096 4520 3254 4588 facit,
3287 4536 3398 4593 pra:
3439 4521 3558 4576 aliis
3580 4562 3596 4589 ,
3631 4521 3798 4578 locus

484 4615 679 4677 Λύτίκα
721 4616 764 4674 δ’
800 4615 948 4690 ἔργον
999 4615 1322 4674 ἐπηκολούθει
1380 4619 1456 4686 τῷ
1507 4610 1657 4684 λόγῳ,
1709 4613 1757 4665 ἐν
1803 4612 2088 4676 πολυτελῶς

482 4710 790 4781 ἠσκημένοις
814 4711 1036 4779 τεύχεσι
1061 4708 1255 4780 τρισσὰ
1276 4708 1363 4759 καὶ
1404 4707 1672 4782 τετρασσά
1693 4703 2086 4779 διαπεμψὰντων

482 4802 646 4874 ἡμῶν.
693 4797 850 4853 Jussa
895 4797 1105 4851 scilicet
1150 4795 1407 4865 principis
1445 4810 1478 4849 e
1512 4795 1738 4865 vestigio
1766 4811 1899 4866 opus
1925 4814 2086 4878 exce-

478 4894 669 4967 pisse:
701 4892 1026 4958 misisseque
1073 4904 1132 4944 se
1163 4889 1458 4954 terniones,
1503 4899 1557 4944 et
1605 4892 1985 4957 quaterniones
2026 4891 2078 4946 iu

478 4982 850 5040 voluminibus
880 4995 1109 5050 operose
1153 4979 1332 5035 cultis.
1366 4979 1423 5034 In
1454 4979 1648 5051 quibus
1687 4980 1936 5037 Historici
1962 4999 2080 5040 ver-

478 5077 569 5134 bis
598 5083 750 5144 putat
798 5072 928 5126 inibi
979 5072 1062 5125 vir
1102 5069 1448 5126 doctissimus
1497 5069 1778 5142 enallagen
1818 5088 1968 5142 esse;
2014 5089 2078 5130 ac

477 5177 772 5240 propterea
801 5163 1087 5218 dicendum
1119 5162 1286 5219 fuisse
1313 5167 1482 5236 τεύχη
1519 5166 1569 5218 ἐν
1596 5159 1936 5240 “quam,
1968 5183 2074 5225 non

453 5272 611 5320 .vero
636 5257 902 5331 τετρασσὰ
932 5257 982 5309 ἓν
1003 5257 1246 5327 τεύχεσι.
1271 5255 1368 5309 Ast
1399 5263 1567 5323 recte,
1597 5255 1647 5310 ni
1680 5255 1860 5328 fallor,
1891 5275 1954 5317 se
1980 5261 2068 5348 htt-
2093 5321 2098 5332 ,

476 5349 613 5418 bent
648 5350 810 5404 citata
844 5346 1058 5401 Eusebii
1088 5347 1269 5402 verba.
1317 5349 1494 5422 τεύχη
1536 5350 1679 5405 enim
1713 5351 1802 5407 illa
1843 5346 2072 5424 operose

471 5441 648 5508 culta,
678 5450 842 5510 atque
873 5449 1061 5494 ornata
1100 5439 1230 5495 nihil
1258 5441 1496 5510 profecto
1525 5455 1680 5499 erant
1707 5445 1874 5512 aliud,
1906 5461 2070 5517 quam

468 5533 842 5602 integumenta
871 5531 1138 5598 codicum,
1180 5549 1312 5604 quos
1345 5549 1438 5603 per
1465 5537 1740 5592 terniones
1767 5547 1821 5592 et
1848 5547 2069 5608 quater-

470 5622 668 5678 nioues
696 5619 765 5674 ab
789 5620 1105 5689 antiquariis
1140 5623 1450 5694 dispositos,
1481 5641 1604 5679 mox
1633 5626 1799 5681 sectis
1831 5626 2066 5692 tabellis,

467 5725 532 5772 ut
560 5714 852 5787 plurimum
897 5716 1064 5784 aluta,
1109 5718 1428 5789 quandoque
1465 5717 1633 5774 etiam
1679 5718 1879 5784 serico,
1907 5732 2061 5787 auro,

2191 4608 2281 4663 ille
2312 4608 2536 4679 insignis
2562 4609 2798 4665 Matthaéi
2823 4627 2891 4676 tt,
2925 4612 2950 4666 1
2981 4628 2995 4666 :
3029 4609 3159 4667 Cum
3199 4629 3320 4685 ergo
3349 4624 3498 4668 natus
3522 4621 3649 4668 esset
3690 4603 3796 4670 Je—

2185 4716 2271 4754 sus
2297 4701 2350 4754 in
2383 4699 2640 4755 Bethleem
2659 4701 2863 4758 Juda'a:
2881 4718 2901 4767 ;
2921 4713 2974 4758 ct
2996 4719 3184 4759 rursus
3208 4704 3242 4760 5
3274 4722 3288 4759 :
3313 4705 3379 4762 At
3409 4705 3492 4760 illi
3510 4699 3786 4775 dixerunt,

2183 4789 2237 4845 in
2269 4785 2527 4849 Bethleem
2551 4791 2775 4861 Iudicat,
2806 4807 2941 4863 quos
2971 4795 3332 4870 Hieronymus
3364 4798 3415 4853 in
3443 4795 3792 4869 atttigrapltis

2189 4899 2413 4944 suorum
2449 4895 2752 4956 temporum
2785 4885 3074 4942 mendosos
3102 4888 3416 4944 existimans
3436 4931 3450 4954 ,
3478 4887 3634 4943 Iuda:
3658 4879 3789 4946 res-

2185 4976 2423 5032 tituerat.
2454 4975 2589 5032 Nam
2616 4977 2905 5034 subversor
2935 4965 3025 5058 ille
3046 5020 3063 5047 ,
3109 4992 3166 5036 ut
3210 4980 3494 5037 lecti0nem
3529 4979 3593 5035 ad
3640 4981 3785 5042 γυι-

2183 5077 2360 5143 gatam
2407 5071 2677 5142 exigeret,
2711 5067 3064 5144 diphtongum
3103 5073 3324 5129 alteram
3365 5073 3648 5148 utrobique
3677 5073 3783 5133 (Ιό-

2178 5164 2334 5220 rasit.
2365 5163 2555 5219 Meuda
2587 5180 2716 5220 vero
2738 5207 2752 5232 ,
2784 5182 2904 5238 qua:
2935 5167 3191 5238 prmteriit
3211 5210 3224 5231 ,
3265 5169 3342 5221 to't
3381 5178 3537 5235 sunt,
3573 5155 3636 5224 'ut
3683 5157 3782 5226 re-

2179 5242 2323 5313 ferre
2355 5257 2550 5329 pigeat.
2573 5255 2706 5314 Cum
2736 5257 3038 5330 praesertim
3070 5277 3135 5316 ne
3169 5277 3305 5316 unus
3326 5262 3540 5331 quidem
3581 5279 3646 5318 ex
3690 5261 3784 5324 his

2180 5349 2347 5409 nazvis
2375 5355 2722 5423 pulcherrimi
2748 5357 2990 5428 corporis
3019 5355 3156 5428 desit
3187 5355 3240 5409 in
3265 5357 3593 5440 apographo,
3627 5363 3779 5430 quod

2174 5445 2242 5502 ad
2272 5455 2321 5502 te
2349 5447 2615 5502 misimus.
3729 5440 3731 5442 ’

2245 5537 2586 5594 Latinitatem
2614 5538 2760 5609 quod
2797 5547 3007 5612 spectat
3036 5557 3049 5594 :
3075 5547 3189 5594 tum
3231 5539 3283 5595 in
3317 5539 3496 5596 verbis
3532 5540 3775 5600 efferen-

2171 5629 2256 5685 dis
2275 5619 2715 5701 orthographiam
2746 5629 2832 5686 hic
2859 5632 3060 5702 passim
3083 5631 3351 5697 adhiberi,
3376 5647 3495 5703 qua:
3523 5633 3773 5714 primaevi

2170 5719 2482 5792 interpretis
2523 5729 2771 5789 mtatem,
2812 5722 3322 5796 simplicitatemque
3353 5722 3763 5796 pratseferant,
