3950 6176
550 269 623 328 27
1088 256 1097 262 ’
1938 269 2479 327 PROLEGOMENA.
3775 274 3836 329 es

562 362 567 367 ⁷
614 369 816 442 Verum
847 385 978 440 alias
1008 399 1113 439 non
1137 391 1463 456 temporum,
1487 382 1582 463 sed
1610 383 1897 438 authorum
1928 384 2139 437 ratione
2168 385 2212 443 A
2248 394 2421 439 rassct
2452 401 2469 439 :
2517 400 2579 440 ac
2608 384 2864 454 deinceps
2906 384 3179 455 Epocbam
3210 386 3493 457 quamdam
3525 386 3832 463 Evangelia-

544 476 758 545 habita,
810 478 1105 548 apostolos,
1151 479 1345 533 deinde
1385 474 1713 548 apostolicos
1767 477 1818 532 in
1869 477 2144 532 codicibus

542 573 656 649 suis
685 572 1019 642 disposuisse
1045 590 1057 627 :
1088 588 1208 627 cum
1237 572 1513 647 exemplar
1536 583 1799 639 nosmtm,
1847 586 1911 625 ac
1946 569 2144 626 Canta-

543 664 838 736 brigiense,
873 675 982 719 tum
1018 666 1149 719 illud
1185 662 1386 719 llilario
1410 665 1558 730 olim,
1589 661 1725 717 fama
1754 674 1928 729 tenus,
1972 664 2143 717 tribu-

544 750 656 811 tum
699 772 729 811 a
759 755 1086 812 Druthmaro
1118 756 1563 811 manifestissime
1600 757 1871 810 evincunt.
1926 753 1994 808 Et
2025 755 2143 824 qni-

540 846 663 903 dem
705 848 756 902 in
801 847 1053 903 Africana
1097 846 1365 911 Ecclesia,
1413 863 1479 904 ex
1521 846 1720 918 duplici
1768 847 1867 901 ista
1910 844 2144 901 Canonis

540 940 685 997 serie
703 952 971 997 servatam
994 940 1243 1003 alteram,
1273 940 1431 996 tidem
1460 940 1637 996 facere
1660 940 1908 996 videntur
1927 939 2139 994 adducti

540 1020 859 1088 Tertulliani
908 1031 1036 1085 loci.
1087 1033 1351 1086 Auctores
1394 1033 1604 1089 scilicet
1648 1033 1923 1103 Evangelii
1977 1032 2145 1090 fuisse

538 1123 755 1194 quidem
800 1133 855 1177 et
901 1123 1250 1192 apostolicos,
1300 1125 1394 1179 sed
1441 1140 1563 1179 cum
1607 1124 1888 1195 apostolis,
1937 1134 1991 1179 et
2030 1135 2144 1197 post

538 1213 823 1285 apostolos.
878 1215 999 1269 Mox
1048 1215 1207 1269 etiam
1256 1215 1493 1270 clarius:
1540 1217 1729 1286 Atquin
1759 1217 1865 1269 hazc
1912 1217 2073 1286 magis
2114 1232 2146 1269 a

540 1307 827 1379 primordio
869 1308 1029 1377 fuisse
1068 1308 1310 1362 credibile
1336 1317 1499 1363 estur
1540 1323 1729 1364 amona
1760 1325 1863 1374 oua
1913 1324 2144 1363 avosro-

544 1414 685 1457 LICA.
744 1401 821 1456 De
866 1409 1144 1471 tempore,
1186 1402 1329 1472 quod
1363 1402 1694 1471 prodierant,
1748 1403 1983 1456 locutum
2014 1401 2145 1456 Ter-

550 1482 832 1549 tullianum
881 1509 1042 1549 nemo
1086 1510 1249 1549 sanus
1280 1493 1593 1549 crediderit.
1649 1494 1927 1549 Diversum
1969 1494 2145 1564 itaque

545 1574 748 1657 aliquid
802 1586 1026 1641 innuere
1097 1585 1266 1641 voluit
1325 1586 1452 1653 ista,
1501 1597 1557 1640 ut
1609 1585 1685 1640 sic
1741 1584 1935 1651 dicam,
2004 1586 2148 1655 prio—

545 1678 726 1743 ritate,
763 1693 865 1747 qua
895 1678 1189 1747 principem
1226 1676 1485 1743 Mattluei,
1517 1692 1580 1733 ac
1606 1677 1829 1732 Joannis
1858 1677 2145 1747 Evangelia

2247 496 2364 534 rum
2389 480 2686 546 statuisset,
2718 478 2892 534 Potest
2920 480 3139 552 (inquit)
3161 482 3271 550 ipse
3290 484 3415 535 ordo
3443 479 3834 550 Evangeliorum

2246 572 2360 625 ideo
2390 573 2465 625 sic
2493 572 2689 637 haberi,
2724 582 2779 626 ut
2803 590 2935 627 unus
2963 574 3227 645 apostolus
3253 574 3318 627 sit
3348 575 3400 628 in
3421 576 3611 645 capite,
3644 573 3770 628 alter
3792 574 3835 627 in

2246 664 2371 733 ﬁne,
2401 672 2450 717 et
2479 663 2557 716 illi
2589 663 2692 717 duo
2729 664 2815 732 qui
2859 664 2991 718 inter
3019 666 3161 733 ipsos
3190 663 3460 729 habentur,
3492 665 3837 727 auctoritatem

2246 758 2310 810 ab
2339 756 2466 826 ipsis
2496 756 2696 810 duobus
2726 756 2963 811 habeant.
3014 758 3134 811 Vidi
3166 767 3331 812 tamen
3359 758 3549 811 librum
3582 756 3837 828 Evangelii

2245 866 2408 921 grwce
2454 852 2719 915 scriptum,
2775 852 2860 919 qui
2903 850 3167 905 dicebatur
3196 850 3390 905 Hilarii
3439 851 3623 923 fuisse,
3672 851 3724 903 in
3752 866 3839 918 quo

2246 940 2401 1011 primi
2444 951 2588 994 erant
2634 940 2937 1007 Matt/tants,
2986 951 3032 995 et
3062 940 3311 1007 Joannes,
3366 951 3413 995 et
3469 941 3723 1010 posterius
3762 941 3842 993 alii

2248 1029 2371 1084 duo.
2432 1030 2755 1103 Interrogavi
2802 1030 3150 1099 Euphemiam
3206 1032 3441 1087 Gratcttnt
3493 1049 3588 1085 cur
3640 1034 3733 1086 hoc
3778 1034 3842 1085 ita

2248 1132 2416 1176 esset:
2445 1122 2573 1175 dixit
2596 1123 2720 1175 mihi
2751 1139 2767 1176 :
2798 1123 2863 1176 In
2877 1124 3264 1178 similitudinem
3289 1124 3407 1178 boni
3436 1123 3712 1194 Agricolw,
3742 1124 3839 1193 qui,

2247 1230 2375 1283 quos
2411 1215 2645 1283 fortiores
2689 1216 2836 1271 habet
2877 1218 3040 1281 boves,
3092 1220 3259 1288 primo
3295 1219 3493 1291 jungit.
3546 1217 3693 1273 Nihil
3744 1217 3842 1283 hic,

2251 1306 2393 1361 unde
2419 1308 2695 1364 Simonius
2724 1310 2865 1364 hunc
2904 1309 3148 1365 ordinem
3179 1325 3209 1365 a
3238 1308 3443 1364 Latinis
3474 1310 3747 1366 invectum
3769 1326 3845 1365 as-

2249 1414 2432 1457 serere
2456 1407 2659 1474 pdSset.

2320 1494 2602 1550 Cutantius
2632 1498 2684 1550 in
2718 1496 2836 1552 Vita
2868 1498 2923 1555 S.
2961 1498 3146 1553 llilarii
3175 1497 3428 1568 operibus
3465 1496 3585 1566 ejus
3614 1495 3842 1567 pra-lixa,

2250 1599 2476 1655 quorum
2506 1588 2783 1658 exemplar
2814 1590 3193 1658 pulcherrimae
3222 1588 3476 1645 editionis
3505 1598 3725 1655 vestrm,
3756 1588 3846 1642 hu-

2252 1679 2492 1733 manitati
2551 1694 2614 1735 ac
2661 1681 3047 1736 benevolentize
3090 1697 3214 1752 erga
3282 1696 3369 1735 me
3417 1690 3521 1733 tua:
3572 1689 3844 1749 acceptum

536 1769 725 1829 lcetnu
770 1770 1081 1838 adscripsit.
1131 1769 1316 1839 Neque
1357 1769 1525 1835 aliud,
1559 1771 1612 1824 ni
1644 1769 1820 1836 fallor,
1855 1771 1954 1825 nisi
2004 1770 2144 1841 quod
2178 1772 2225 1831 B
2252 1770 2450 1836 refero,
2485 1771 2738 1825 observat
2764 1771 3137 1827 describendis
3184 1772 3331 1827 illum
3361 1771 3529 1825 sacris
3562 1770 3741 1825 Libris
3764 1787 3845 1824 va-

549 1860 689 1931 apud
734 1859 1005 1916 Ecclesias
1050 1862 1102 1914 in
1149 1875 1426 1916 sacrorum
1469 1860 1533 1916 N.
1564 1862 1627 1919 T.
1680 1863 1937 1919 librorum
1983 1880 2147 1919 censu

551 1950 977 2021 apostolicorum
1012 1951 1100 2006 illa
1136 1961 1543 2021 praeverterent.
1581 1953 1751 2019 Quam
1783 1955 2147 2025 conjecturam

547 2045 743 2102 fulcire
774 2046 1025 2102 videntur
1070 2049 1349 2117 sequentia
1400 2062 1414 2101 :
1458 2046 1598 2102 Nam
1635 2057 1684 2102 et
1724 2050 1964 2119 competit
1993 2060 2069 2113 ut,
2105 2049 2150 2102 si

549 2140 639 2211 qui
688 2138 1027 2219 Evangelia»:
1078 2138 1447 2211 pervertebant,
1487 2157 1660 2194 eorum
1706 2143 1869 2212 magis
1912 2152 2151 2197 curarent

549 2231 941 2302 perversionem.
972 2247 1183 2295 ouoauu
1216 2248 1471 2287 SCIEBAN‘I‘
1504 2248 1921 2289 AUCTORITATBII
1953 2250 2150 2289 ascer-

551 2336 774 2378 Ttoneu.
806 2320 1011 2392 Quibus
1044 2324 1221 2378 verbis
1250 2325 1381 2378 nihil
1414 2325 1557 2378 aliud
1604 2324 1841 2379 sensisse
1886 2326 2033 2380 illum
2066 2341 2150 2379 ar—

548 2415 741 2483 bitror,
791 2432 972 2487 quam,
1018 2424 1308 2487 utcumque
1359 2416 1600 2486 ejusdem
1632 2417 1971 2470 antlioritatis
2009 2416 2150 2487 apud

553 2496 826 2565 Ecclesias
840 2526 961 2564 cum
990 2510 1383 2578 apostolorum,
1408 2517 1518 2563 tum
1543 2510 1958 2579 apostolicorum
1984 2509 2151 2564 Evan-

551 2600 690 2671 gelia
717 2610 922 2665 essent,
956 2602 1194 2669 priorum
1237 2613 1440 2667 tamen,
1475 2601 1654 2656 habita
1689 2603 2046 2670 apostolatus,
2092 2617 2154 2679 ac

553 2693 849 2764 magisterii
884 2695 1112 2761 ratione,
1155 2711 1253 2749 usu
1297 2696 1439 2763 apud
1478 2696 1595 2749 illas
1652 2695 1815 2751 fuisse
1868 2697 2149 2766 potiorem,

555 2784 700 2855 quod
739 2796 792 2841 et
837 2785 1169 2855 frequentior
1196 2787 1248 2843 in
1279 2786 1448 2842 divini
1473 2786 1617 2841 verbi
1666 2787 2049 2857 prmdicationc
2088 2787 2154 2842 ab

550 2878 619 2936 iis
650 2889 925 2949 peteretur
963 2879 1284 2945 authoritas,
1328 2889 1383 2936 et
1431 2881 1601 2952 prima
1642 2896 1862 2951 seraper
1894 2892 2022 2935 ante
2066 2878 2154 2935 illa

552 2973 981 3046 apostolicorum
1042 2975 1095 3030 in
1151 2974 1445 3047 synaxibus
1502 2976 1834 3047 legerentur.
1886 2974 2153 3046 Quidquid

553 3077 732 3122 tamen
764 3066 832 3121 de
863 3068 965 3122 hoc
992 3067 1062 3123 sit
1095 3068 1404 3137 (veritatem
1430 3070 1574 3123 enim
1608 3070 1661 3124 in
1694 3078 1837 3123 tanta
1868 3069 2154 3123 vetustatis

2250 1878 2447 1931 casse;
2481 1862 2646 1934 idque
2696 1879 2761 1920 ex
2818 1873 3142 1920 testamento
3190 1866 3246 1920 S.
3306 1863 3559 1935 Perpetui
3613 1864 3842 1934 episcopi

2251 1957 2606 2024 Turonensis,
2658 1959 2710 2013 in
2754 1974 2862 2029 quo
2912 1960 3109 2029 legavit
3159 1958 3474 2029 Euphronio
3515 1957 3845 2029 Augustodu-

2251 2050 2405 2104 nensi
2450 2050 2645 2104 librum
2697 2051 3134 2122 Evangeliorutn,
3182 2068 3329 2121 quem
3372 2052 3582 2121 scripsit
3624 2040 3846 2104 Hilarius

2254 2142 2572 2198 Pictavensis
2619 2145 2878 2216 quondam
2922 2145 3164 2198 sacerdos
3193 2160 3212 2198 :
3263 2156 3426 2213 atque
3478 2142 3627 2198 hunc
3684 2145 3843 2212 ipsum

2251 2236 2420 2301 credi,
2453 2235 2542 2306 qui
2576 2239 2867 2290 etiamnum
2901 2237 3130 2291 Turonis
3162 2237 3211 2289 in
3256 2236 3496 2290 Ecclesia
3544 2235 3603 2291 S.
3635 2234 3841 2291 Gatiani

2251 2338 2516 2383 servatur.
2574 2325 2652 2381 Ex
2682 2328 2875 2397 quibus
2917 2327 3225 2381 teSIamenti
3266 2327 3445 2381 verbis
3476 2336 3652 2395 putat,
3695 2326 3847 2380 inter-

2255 2424 2455 2492 pretari
2481 2438 2639 2490 posse
2658 2422 2876 2475 allatum
2915 2414 3221 2475 Druthmari
3257 2421 3473 2475 locum:
3513 2429 3573 2474 ut
3605 2418 3845 2474 nimirum

2256 2514 2313 2570 S.
2351 2513 2533 2567 llilarii
2568 2514 2743 2567 dictus
2770 2515 2840 2568 sit
2864 2511 3030 2569 codex
3060 2514 3172 2577 ille,
3197 2514 3318 2583 quia
3350 2528 3511 2567 manu
3540 2513 3709 2582 ipsius
3727 2527 3845 2566 exa-

2255 2616 2426 2660 ratus.
2454 2604 2567 2674 Ego
2599 2620 2746 2669 vero;
2778 2605 2821 2659 si
2855 2605 2978 2659 licet
3004 2604 3148 2673 paria
3191 2604 3389 2672 facere,
3422 2615 3715 2675 utcumque
3751 2620 3844 2657 non

2257 2697 2556 2766 improbem
2581 2696 2948 2765 conjecturam
2974 2696 3114 2751 banc
3136 2697 3235 2751 viri
3259 2696 3584 2763 doctissimi,
3617 2707 3844 2767 putarem

2258 2798 2435 2843 tamen
2453 2788 2694 2843 codicem
2720 2788 2867 2841 illum
2898 2804 3058 2841 unum
3084 2803 3149 2843 ex
3180 2787 3435 2842 Asiaticis
3458 2787 3649 2854 luisse,
3674 2801 3844 2857 quem,

2257 2884 2379 2937 cum
2413 2883 2464 2936 iu
2495 2882 2723 2953 Phrygia
2756 2881 2880 2935 exul
2930 2890 3133 2951 ageret,
3166 2880 3358 2934 studiis
3395 2880 3508 2936 suis
3552 2878 3848 2935 adhibuerit

2260 2973 2494 3029 Hilarius
2522 2989 2681 3027 :mox
2709 2972 2775 3026 ab
2807 2972 2971 3027 exilio
3002 2982 3283 3026 revertens
3326 2971 3379 3025 in
3408 2972 3635 3040 patriam
3658 2970 3848 3025 retule-

2260 3072 2347 3127 rit.
2378 3072 2433 3127 ln
2462 3087 2618 3141 quam
2649 3070 3016 3138 conjecturam
3045 3084 3110 3123 eo
3157 3068 3365 3123 facilius
3393 3067 3613 3122 ductum
3662 3082 3749 3123 me
3779 3064 3843 3119 ia-

550 3160 780 3232 caligine
807 3160 1134 3228 conjecturis
1178 3160 1392 3230 assequi
1437 3156 1728 3231 tentamus)
1770 3158 2011 3229 quamvis
2043 3176 2148 3216 non
2180 3161 2223 3221 C
2259 3171 2395 3225 teor,
2442 3161 2583 3231 quod
2625 3176 2721 3230 per
2750 3176 2907 3229 quam
2960 3160 3265 3215 verosimile
3311 3159 3381 3214 sit
3433 3160 3663 3215 minoris
3717 3156 3847 3212 Asia:

553 3254 726 3306 ausim
758 3266 853 3319 pro
882 3261 1030 3306 certo
1058 3250 1335 3306 afﬁrmare
1359 3252 1678 3306 Tertulliani
1716 3267 1833 3305 aevo
1867 3252 1931 3305 in
1964 3251 2150 3306 Eccle-

553 3345 651 3400 siis
692 3343 800 3397 illis
830 3338 1061 3411 primum
1110 3341 1163 3395 in
1192 3342 1412 3397 Canone
1439 3341 1616 3396 locum
1647 3344 1907 3411 apostolis
1937 3344 2154 3409 datum;

556 3435 926 3511 verosimilins
954 3443 1134 3489 tamen
1167 3433 1270 3490 hoc
1300 3444 1429 3506 puto
1451 3450 1515 3490 ex
1545 3434 1722 3490 allatis
1742 3435 1966 3506 hujusce
1987 3436 2159 3506 scrip-

556 3512 693 3601 toris
718 3526 874 3590 locis,
904 3542 1038 3595 quos
1065 3541 1225 3597 supra
1251 3526 1652 3598 perpendimus.
1674 3526 1817 3590 Dixi,
1846 3525 2159 3581 Tertulliani

554 3600 699 3681 iero;
753 3632 875 3670 nam
910 3628 1093 3687 postea
1140 3618 1328 3673 eadem
1376 3632 1497 3687 qua:
1530 3619 1583 3671 in
1613 3618 1932 3674 recensione
1963 3618 2154 3674 lliero-

556 3698 706 3779 tiani
751 3694 919 3765 series
964 3710 1226 3765 obtinuit:
1283 3711 1477 3765 saltem
1526 3712 1580 3764 in
1621 3708 2053 3781 Carthaginensi,
2100 3721 2157 3766 ut

555 3792 724 3874 liquet
754 3816 817 3859 ex
851 3802 1317 3873 Evangelistarum
1345 3802 1559 3869 ordine,
1588 3818 1746 3871 quem
1773 3803 1843 3858 ibi
1884 3812 2152 3858 servatum

555 3884 746 3951 scribit
774 3895 1105 3965 Augustinus
1134 3895 1329 3969 (Serm.
1364 3894 1490 3957 144,
1521 3893 1586 3948 de
1614 3892 1846 3966 Temp.).

627 3990 782 4058 Quod
828 3986 897 4043 de
929 3989 1187 4044 Ecclesiis
1227 3986 1423 4042 Africae
1474 3987 1531 4041 in
1570 3986 1910 4059 disponendo
1939 3986 2156 4044 Canone

556 4079 1001 4151 conjiciebamns,
1052 4079 1153 4132 hoc
1183 4078 1249 4135 de
1279 4076 1574 4133 Galliarum
1617 4077 1885 4147 aliquibus
1922 4088 1980 4134 ut
2017 4079 2155 4150 idip-

556 4156 677 4227 sam
708 4188 814 4226 non
851 4170 970 4227 sine
1001 4169 1242 4224 veritatis
1268 4169 1445 4238 specie
1471 4168 1742 4225 afﬁrmare
1776 4172 2045 4241 possimus
2080 4170 2157 4225 fa-

551 4266 703 4319 ciun’t
726 4263 948 4317 codices
972 4276 1133 4331 supra
1165 4261 1390 4318 laudati.
1421 4261 1677 4330 Quamvis
1696 4261 2154 4333 Cantabrigiensis

552 4364 659 4439 non
698 4346 957 4412 Ecclesiae
984 4354 1102 4422 ulli,
1136 4354 1229 4410 sed
1260 4356 1469 4426 privato
1495 4356 1707 4412 cuidam
1740 4357 1793 4411 in
1828 4374 1924 4411 usu
1967 4356 2146 4424 fuerit,

548 4452 643 4525 qui
675 4460 881 4506 retenta
905 4449 1182 4507 dumtaxat
1206 4469 1328 4523 quae
1347 4453 1456 4508 illic
1482 4453 1697 4524 vigebat
1722 4453 1960 4509 Canonis
1988 4454 2150 4521 serie,

2265 3251 2531 3307 Eccle$ias
2570 3252 2623 3306 in
2656 3250 2994 3320 disponendo
3033 3248 3279 3315 Canone,
3335 3266 3439 3304 non
3474 3260 3681 3306 attenta
3719 3246 3848 3303 serie

2261 3355 2591 3415 temporum,
2623 3345 2819 3413 quibus
2864 3343 3155 3415 Evangelia
3186 3343 3521 3414 prodierant,
3552 3342 3647 3397 sed
3681 3339 3846 3419 habita

2260 3438 2599 3507 apostolatus
2644 3436 2871 3502 ratione,
2916 3434 3149 3489 Mattltaci
3185 3438 3437 3505 primum,
3485 3434 3630 3505 quod
3663 3433 3849 3503 ubique

2258 3528 2521 3603 gentium,
2566 3537 2678 3582 tum
2731 3527 2976 3593 Joannis,
3019 3542 3048 3581 a
3074 3542 3182 3598 quo
3221 3527 3544 3589 constitutze,
3588 3538 3848 3594 rectaeque

2260 3622 2491 3684 fuerant,
2536 3621 2587 3674 in
2637 3620 2853 3675 codices
2886 3634 3011 3673 suos
3062 3618 3335 3672 retulisse.
3384 3617 3581 3687 Sicque
3634 3617 3849 3671 fortasse

2260 3712 2457 3768 factum
2491 3721 2546 3766 ut
2576 3728 2691 3768 mos
2718 3712 2810 3765 ille
2834 3712 2996 3766 etiam
3026 3710 3077 3764 in
3107 3709 3308 3765 Gallias
3338 3710 3713 3775 inveheretur,
3756 3706 3845 3761 nisi

2251 3807 2362 3879 jam
2394 3814 2550 3862 antea
2577 3807 2903 3861 obtinuerat.
2929 3804 3081 3873 Quod
3115 3813 3321 3873 pateret
3364 3803 3706 3865 luculentius,
3733 3800 3775 3855 si
3802 3799 3846 3853 in

2257 3897 2477 3953 laudato
2521 3896 2832 3967 apograplto
2866 3895 3121 3950 Ecclesia:
3168 3894 3520 3967 Turonensis,
3550 3904 3676 3947 ante
3719 3890 3849 3946 exsi—

2257 3993 2412 4058 lium,
2445 3994 2488 4047 si
2520 3994 2589 4047 ita
2622 4002 2725 4056 est,
2767 3993 2835 4047 ab
2868 3990 3070 4045 llilario
3098 3990 3395 4059 descripto,
3443 3992 3555 4060 pari
3596 3991 3756 4052 serie,
3794 4002 3848 4041 ac

2258 4088 2310 4140 in
2342 4084 2742 4155 supralaudatis
2798 4081 2982 4137 Canon
3013 4081 3354 4153 procederet.
3386 4081 3551 4135 Multo
3581 4096 3709 4139 vero
3747 4093 3847 4133 ma-

2255 4158 2339 4247 gis
2372 4177 2470 4231 ltoc
2517 4176 2644 4229 mibi
2692 4175 2962 4241 suaderet,
3012 4176 3054 4227 si
3086 4191 3269 4228 verum
3315 4185 3478 4239 esset,
3514 4175 3658 4243 quod
3711 4178 3849 4243 putat

2257 4267 2559 4333 Cutantius,
2608 4265 2892 4330 Hilarium,
2951 4277 3070 4335 post
3123 4264 3556 4335 Commentarios
3612 4248 3663 4320 in
3720 4263 3845 4319 Mat-

2258 4360 2482 4427 tltarum,
2515 4359 2693 4413 statim
2723 4374 2907 4413 curam
2949 4361 3086 4414 lianc
3126 4360 3177 4411 in
3228 4359 3487 4413 Joannem
3521 4340 3845 4412 extendisse.

2259 4452 2332 4505 lta
2377 4454 2521 4508 enim
2569 4452 2955 4523 exemplarium
2988 4468 3208 4507 suorum
3241 4452 3485 4506 ordinem
3514 4452 3677 4522 sequi.
3714 4447 3847 4503 vide-

550 4552 748 4601 caetera
792 4560 890 4615 per
937 4559 1205 4600 summam
1257 4546 1528 4601 licentiam
1561 4561 1684 4601 cum
1734 4548 1785 4602 in
1828 4548 2151 4618 Evangeliis,
2182 4542 2232 4601 D
2262 4544 2440 4599 batur.

551 4644 665 4690 tum
699 4636 782 4693 vel
828 4636 1060 4693 maxime
1093 4638 1143 4691 in
1186 4636 1333 4691 Actis
1373 4637 1754 4707 Apostolorum
1798 4640 1871 4694 ita
1918 4640 2155 4705 miscuit,

551 4720 793 4793 invertit,
836 4726 1066 4792 recudit,
1110 4737 1187 4796 ut,
1242 4738 1377 4785 teste
1410 4729 1595 4797 Millio,
1635 4731 1724 4802 qui
1758 4729 1888 4785 illud
1935 4745 2158 4785 accura—

556 4820 767 4876 tissime
798 4821 1060 4892 inspexit,
1090 4824 1354 4888 omnittm,
1385 4834 1649 4893 quotquot
1680 4824 1746 4879 ad
1791 4835 1979 4881 nostra
2018 4835 2155 4879 tem-

552 4930 688 4986 pora
742 4931 1060 4986 pervenere,
1116 4916 1653 4987 interpolatissimnm
1710 4917 1941 4983 dederit.
2000 4919 2156 4991 Unde

557 5025 663 5064 non
713 5008 984 5065 immerito
1028 5010 1254 5065 Simonii
1296 5010 1564 5081 judicium
1614 5010 1917 5077 desideres,
1967 5011 2057 5080 qui
2102 5012 2153 5066 in

556 5100 780 5158 historia
811 5099 1011 5157 Critica
1038 5101 1102 5156 N.
1136 5102 1199 5171 Τ.
1231 5103 1547 5158 adornatam
1586 5101 1651 5154 ad
1684 5112 1966 5172 corruptos
1993 5101 2157 5159 hosce

557 5186 734 5249 fontes
760 5191 1005 5248 Latinam
1036 5194 1344 5249 versionem
1371 5209 1476 5248 non
1510 5193 1680 5249 semel
1712 5194 1851 5249 male
1878 5195 2158 5251 consultus

557 5286 856 5343 credidisse
887 5279 1150 5355 videatur.
1190 5287 1296 5343 Sed
1328 5303 1448 5341 cum
1477 5286 1545 5343 de
1566 5286 1898 5359 antigraphis
1939 5288 2056 5344 istis
2090 5289 2160 5344 sit

557 5395 763 5447 sermo,
787 5380 1066 5438 videamus
1092 5396 1234 5438 nunc
1260 5379 1568 5436 Druthmari
1590 5362 1791 5448 locum,
1813 5396 1972 5452 quem
1994 5396 2154 5452 supra

567 5472 863 5544 tetigimus.

634 5565 733 5620 Hic
756 5566 987 5636 scriptor
1017 5564 1236 5638 (Expos.
1269 5566 1324 5619 in
1372 5565 1559 5619 Matth.
1600 5582 1720 5636 cap.
1771 5567 1826 5635 1)
1876 5574 2155 5635 postquam

561 5657 935 5729 Evattgclistas
983 5669 1212 5728 quatuor
1273 5659 1602 5726 ﬂuminibus,
1651 5674 1769 5729 qua:
1827 5674 1853 5709 a
1902 5655 2157 5710 Paradiso

556 5753 854 5827 voluptatis
903 5753 1144 5827 exibant,
1189 5762 1299 5813 tum
1328 5762 1561 5828 quatuor
1604 5751 1893 5812 elementis
1934 5765 2158 5822 compa-

2332 4636 2469 4693 Num
2505 4653 2632 4693 vero
2659 4654 2723 4693 ex
2754 4638 2968 4694 laudato
3010 4638 3319 4693 Druthmari
3350 4639 3468 4693 loco
3498 4648 3642 4694 recte
3671 4636 3842 4705 conje-

2259 4730 2399 4785 cerit
2427 4730 2635 4785 clariss.
2663 4729 2861 4795 editor,
2894 4731 2943 4784 in
2986 4729 3306 4800 antigrapbo
3339 4728 3543 4795 Hilarii,
3579 4740 3699 4800 post
3724 4726 3846 4784 Mat-

2261 4824 2481 4890 tltmum,
2514 4838 2577 4877 ac
2619 4822 2901 4888 Joannem,
2948 4825 3275 4894 posteriores
3304 4823 3440 4879 duos
3489 4810 3725 4881 Marcum
3774 4821 3845 4888 (ut

2260 4912 2376 4981 ipse
2401 4914 2496 4981 ait)
2522 4930 2583 4968 ac
2600 4914 2799 4968 Lucam
2834 4916 3188 4983 processisse,
3216 4901 3477 4969 incertum
3503 4913 3721 4981 omnino
3746 4918 3839 4966 est.

2263 5003 2561 5058 Videndum
2596 5012 2879 5075 propterea
2912 5004 2979 5059 ab
3010 5006 3094 5072 iis,
3143 5021 3309 5075 penes
3357 5020 3493 5076 quos
3535 5003 3844 5058 vetustiores

2260 5096 2476 5153 codices
2498 5108 2809 5167 supersunt,
2845 5115 2970 5152 num
3005 5099 3058 5151 in
3088 5100 3283 5169 quibus
3313 5097 3591 5151 blattlimtts
3620 5095 3841 5151 etJoan—

2263 5205 2357 5245 nes
2392 5190 2723 5259 prmcedunt,
2754 5189 2923 5245 Lucas
2965 5206 3199 5260 semper,
3230 5189 3425 5245 deinde
3456 5190 3681 5255 Marcus,
3714 5198 3771 5241 ut
3796 5186 3841 5238 in

2262 5290 2470 5345 nostro,
2499 5296 2562 5336 ac
2597 5279 3048 5352 Cantabrigiensi,
3080 5296 3145 5334 an
3189 5296 3342 5335 secus
3366 5292 3677 5351 sequantur.
3717 5277 3842 5334 For-

2263 5388 2406 5431 tasse
2432 5376 2576 5430 enim
2609 5391 2676 5430 ex
2720 5375 2937 5430 diversa
2964 5390 3151 5429 eorum
3183 5376 3323 5429 serie
3354 5390 3471 5429 cum
3504 5390 3621 5429 mos
3668 5371 3842 5428 Eccle-

2262 5471 2486 5535 siarutn,
2540 5485 2604 5524 ac
2658 5468 2987 5538 privatorum
3038 5467 3091 5521 in
3137 5467 3421 5537 dirigendo
3468 5468 3687 5522 Canonc
3738 5460 3843 5518 erui

2264 5577 2484 5637 posset;
2516 5573 2624 5618 tum
2656 5565 2815 5618 etiam
2847 5560 3117 5631 quodnam
3164 5578 3228 5616 ex
3271 5560 3574 5632 Evangeliis
3604 5560 3759 5613 Luca:
3786 5569 3843 5607 ac

2262 5658 2425 5712 Marci
2478 5658 2709 5727 primunt
2758 5655 2863 5708 illis
2908 5654 3144 5710 nancisci
3194 5654 3498 5725 contigerit.
3552 5652 3842 5733 Utcumque

2261 5749 2405 5807 enim
2435 5747 2696 5821 apostolis
2720 5746 2790 5805 ob
2809 5746 3121 5818 dignitatem
3148 5748 3352 5820 primus
3380 5738 3433 5802 iu
3455 5744 3674 5803 Canone
3700 5744 3843 5799 locus
