3950 6176
504 192 569 252 51
1880 205 2415 269 PROLEGOMENA.

501 309 571 370 de
592 310 850 415 pericope
875 312 972 375 illa
1009 313 1238 415 loquens
1267 314 1595 415 [fucat—xxii,
1624 317 1715 389 £3,
1745 283 1855 377 με
1886 319 1957 415 Et
1978 325 2094 393 fac-
2123 329 2171 387 Α
2203 327 2377 395 vovit,
2407 343 2600 402 nempe
2622 331 2678 387 in
2700 333 3096 405 probatioribus
3124 354 3253 396 mss.
3282 342 3479 415 ubique
3507 342 3814 402 lectionem

506 410 589 456 tus
614 404 669 457 in
694 406 883 475 agonia
909 407 1165 476 prolixius
1196 408 1393 462 orabat.
1419 408 1487 463 Et
1515 412 1682 481 factus
1705 421 1782 468 est
1807 413 1965 467 sudor
1984 416 2099 487 ejus

502 495 633 549 sicut
660 506 817 568 gutta:
836 499 1105 570 sanguinis
1130 498 1448 554 decurrentis
1476 502 1529 554 in
1552 511 1897 575 terram,qu:e
1923 506 1975 561 in
2002 521 2098 561 co—

508 587 629 644 dice
661 597 848 645 nostro
872 589 1087 644 desunt.
1122 589 1235 645 Nec
1274 608 1398 647 sane
1422 593 1673 665 (inquit)
1698 597 2040 668 ignorandum
2069 616 2102 654 a

508 679 653 734 nobis
679 688 773 746 est,
802 690 850 734 et
875 681 928 733 in
953 680 1167 749 Graecis,
1201 692 1247 738 et
1276 684 1331 737 in
1362 682 1565 741 Latinis
1584 688 1842 743 codicibus
1869 692 2103 760 complu-

502 771 647 824 rimis
667 770 745 825 vel
769 772 833 824 de
859 772 1159 828 adveniente
1184 775 1390 847 angelo,
1413 778 1491 832 vel
1520 778 1584 833 de
1612 780 1800 835 sudore
1830 784 2100 854 sanguinis

504 861 580 914 nil
603 863 852 930 scriptunt
878 865 1114 936 reperiri.
1147 866 1530 938 Ambigentibus
1553 871 1710 941 igitur
1732 882 1903 927 utrum
1927 875 2023 929 hoc
2046 878 2101 931 in

503 952 648 1008 libris
689 955 848 1009 variis
883 965 973 1010 aut
1007 958 1140 1013 desit
1164 942 1195 1026 ,l
1221 970 1309 1014 aut
1347 964 1663 1035 superﬂuum
1701 966 1765 1020 sit
1805 967 2100 1035 (incertum

501 1046 638 1099 enim
679 1048 777 1101 hoc
817 1048 962 1103 nobis
1007 1051 1313 1121 relinquitur
1361 1056 1425 1108 de
1472 1055 1765 1113 diversitate
1808 1058 2098 1135 librorum)

501 1146 653 1204 certe,
678 1148 784 1195 etc.
820 1139 934 1207 Qua
958 1142 1026 1197 de
1058 1158 1139 1207 re,
1178 1153 1269 1198 aut
1297 1160 1404 1216 quo
1441 1148 1643 1202 saeculo
1685 1160 1954 1218 expuncto
1981 1150 2100 1207 fue-

505 1230 617 1285 rint
643 1230 806 1286 verba
828 1232 941 1298 illa,
971 1244 1063 1289 aut
1084 1250 1111 1288 a
1139 1235 1355 1306 quibus,
1380 1238 1433 1292 in
1462 1239 1698 1295 obscuro
1721 1252 1826 1297 est.
1855 1242 2101 1313 Expeudi

409 1390 415 1395 Ι
506 1329 687 1377 tamen
711 1334 989 1380 merentur
1016 1340 1103 1390 ea.
1130 1342 1253 1398 qua:
1276 1327 1496 1385 Grotius
1518 1330 1586 1384 ad
1610 1331 1752 1386 hunc
1772 1332 1952 1388 locum
1978 1333 2099 1404 (ad-

504 1424 614 1468 not.
647 1416 700 1469 in
732 1413 985 1489 Lucam),
1018 1428 1130 1474 tum
1157 1419 1225 1474 ad
1254 1420 1420 1477 alium
1461 1422 1705 1492 ejusdem
1742 1424 2099 1497 Evangelistm

506 1517 851 1562 commentus
880 1518 984 1574 est,
1014 1525 1085 1566 ne
1115 1511 1214 1565 viri
1245 1513 1599 1569 eruditissimi
1624 1514 1886 1585 judicium
1913 1517 2099 1586 legen-

506 1596 646 1654 tibus
671 1598 934 1668 imponat.
963 1599 1298 1658 “laudabilis
1341 1605 1560 1678 (inquit
1586 1649 1600 1673 ,
1632 1606 1701 1663 de
1727 1609 1963 1663 adventu
2004 1624 2100 1664 an-

3731 228 3814 286 52

2205 417 2346 476 hanc
2366 432 2678 481 constanter
2696 427 2773 484 ab
2806 429 3008 485 llilario
3038 445 3325 491 retentam.
3351 437 3430 492 Ex
3452 454 3555 510 qna
3584 441 3811 497 unifor-

2208 512 2393 569 mitate
2421 514 2472 568 in
2499 516 2828 575 adducendis
2855 562 2869 587 ,
2902 521 3133 579 diversis
3164 526 3288 582 licet
3334 536 3388 583 et
3411 529 3531 585 loco
3551 571 3566 594 ,
3596 539 3655 586 et
3681 547 3813 589 ma-

2201 604 2368 670 teria,
2426 620 2704 663 sacrorum
2756 611 3013 668 librorum
3068 616 3371 686 pericOpis,
3426 621 3611 677 nullihi
3657 622 3815 680 facta

2200 696 2497 754 mutatione
2523 700 2807 757 verborum
2827 746 2842 769 ,
2875 705 3146 776 conjicere
3175 718 3322 764 certo
3352 725 3639 781 possumus
3663 755 3681 783 ,
3710 730 3817 772 ve-

2204 796 2344 844 teres
2372 790 2628 850 Ecclesire
2656 796 2949 866 scriptores
2978 816 3086 856 non
3118 817 3149 857 e
3198 806 3471 860 memorim
3500 822 3641 878 penu
3659 852 3675 877 ,
3749 819 3816 866 ut

2203 882 2518 956 plerumque
2557 888 2837 957 solebant,
2885 892 2979 948 sed
3011 910 3079 949 ex
3126 896 3375 952 codicum
3414 914 3634 957 suorum
3695 902 3818 960 ﬁde

2202 990 2293 1032 eas
2319 978 2606 1047 adtulisse,
2633 982 2792 1053 longe
2816 995 2997 1041 autem
3035 989 3267 1057 certius,
3291 1005 3412 1045 cum
3444 993 3568 1060 has,
3596 994 3665 1049 ad
3714 1010 3819 1051 ar-

2201 1081 2513 1139 gumentum
2562 1074 2778 1145 aliquod
2841 1077 3212 1135 illustrandum
3246 1121 3263 1149 ,
3318 1084 3539 1152 prtecisc
3591 1100 3656 1140 ac
3708 1102 3819 1155 per

2202 1170 2387 1231 partes
2409 1162 2701 1219 inculcant.
2733 1163 2899 1236 Cujus
2920 1169 2999 1224 rei
3043 1172 3349 1242 exemplum
3376 1173 3609 1230 alterum
3649 1175 3820 1233 dabit

2202 1252 2518 1310 Tertulliani
2566 1256 2714 1312 locus
2740 1273 2769 1312 a
2812 1259 2984 1317 Millio
3010 1276 3118 1317 non
3161 1262 3518 1321 observatos:
3577 1281 3643 1323 ex
3694 1283 3821 1337 quo

2203 1343 2500 1402 clarissime
2540 1348 2707 1419 liquet
2728 1350 3049 1421 scriptorem
3082 1352 3227 1410 hunc
3272 1355 3353 1411 sic
3381 1355 3508 1412 olim
3550 1358 3603 1413 in
3660 1362 3823 1413 anti-

2204 1439 2408 1508 grapho
2424 1454 2523 1494 suo
2545 1442 2737 1512 legisse
2758 1484 2773 1506 ,
2788 1444 2928 1499 haud
2944 1445 3045 1500 levi
3064 1460 3196 1503 sane
3214 1458 3533 1519 argumento
3559 1450 3821 1507 codicem

2205 1540 2449 1586 nostrum
2474 1523 2493 1598 ζ
2518 1522 2636 1604 ὶιυί
2664 1535 2909 1592 eamdem
2940 1537 3229 1595 lectionem
3283 1541 3529 1608 exhibet,
3559 1559 3625 1599 ex
3672 1559 3827 1616 apo-

2204 1624 2425 1696 graphis
2462 1627 2528 1681 ad
2576 1629 2935 1687 vetustissima
2965 1633 3292 1704 exemplaria
3320 1637 3646 1706 comparatis
3670 1679 3687 1705 ,
3716 1637 3825 1694 de.

504 1691 632 1761 geli,
663 1700 724 1746 et
753 1691 953 1748 sudore
979 1693 1233 1767 loquens)
1263 1697 1362 1766 fuit
1393 1707 1441 1752 et
1473 1700 1791 1767 superstitio,
1821 1710 1871 1755 et
1902 1702 2106 1755 temeri-
2136 1703 2184 1764 B
2209 1691 2473 1788 gagpum,
2501 1718 2695 1777 fuisse.

507 1793 586 1837 tas
618 1800 795 1838 eorunt
814 1826 829 1851 ,
862 1786 951 1856 qui
975 1787 1108 1841 hanc
1138 1789 1478 1859 particulam,
1510 1802 1558 1846 et
1595 1802 1887 1864 sequentem
1918 1793 1981 1849 de
2011 1810 2101 1848 su-

506 1875 632 1929 dore
660 1875 889 1933 delevere
918 1894 938 1934 :
969 1879 1133 1933 nihilo
1160 1881 1394 1950 graviore
1420 1881 1483 1936 de
1508 1900 1665 1940 causa
1684 1925 1699 1949 ,
1732 1901 1886 1954 quam
1912 1901 2012 1954 quo
2040 1886 2105 1940 il-

509 1966 599 2021 lad
614 2008 628 2031 ,
658 1970 796 2038 quod
822 1986 980 2042 supra
1006 1982 1081 2026 est
1106 1972 1171 2027 de
1198 1975 1323 2043 ﬂetu
1346 2015 1362 2042 ,
1394 1974 1615 2030 deletum
1641 1978 1887 2033 diximus.
1939 1979 2102 2035 Dixe-

511 2070 594 2114 rat
619 2069 801 2118 autem
832 2062 900 2117 ad
927 2062 1087 2121 Luca:
1109 2081 1220 2132 xtx,
1243 2067 1334 2134 ll,
1365 2068 1683 2137 particulam
1715 2069 1858 2128 illam
1887 2070 1955 2125 de
1977 2070 2107 2126 ﬂetu

509 2165 538 2204 a
573 2151 796 2217 Latino,
840 2153 1020 2225 Syro,
1062 2155 1242 2212 Arabe
1283 2157 1672 2229 interpretibus
1702 2172 1993 2219 retentam.
2038 2165 2109 2222 At

512 2243 872 2315 Epiphauinm
911 2248 1139 2314 testari,
1183 2264 1282 2303 suo
1322 2258 1570 2321 tempore
1616 2268 1722 2307 non
1764 2254 2011 2309 extitisse
2052 2254 2104 2311 in

513 2337 728 2405 publice
757 2340 991 2408 receptis
1016 2341 1451 2410 exemplaribus;
1492 2341 1761 2413 dignaque
1793 2358 1914 2399 esse
1944 2343 2109 2399 verba

511 2427 660 2483 illius
691 2429 743 2484 in
773 2429 1069 2497 Ancorato,
1103 2447 1227 2502 quae
1256 2444 1531 2500 notentur,
1562 2435 1641 2489 vel
1669 2436 1732 2489 ob
1761 2436 1857 2489 hoc
1885 2434 2108 2509 (inquit)

512 2531 569 2575 ut
598 2523 859 2577 videamus
885 2535 1132 2592 quantunt
1169 2525 1267 2580 sibi
1304 2524 1653 2581 Ecclesiarum
1695 2528 1961 2598 praepositi
1992 2545 2110 2597 per-

511 2614 766 2671 miserint.
800 2614 981 2670 Verba
1013 2617 1300 2687 Epiphanii
1331 2634 1362 2674 a
1405 2618 1596 2674 Grotio
1632 2620 1945 2689 praeterita,
1992 2634 2113 2690 quae

512 2707 591 2763 illi
621 2707 989 2778 improbandae
1022 2710 1311 2779 praesidum
1335 2708 1834 2766 ecclesiaéticorum
1880 2710 2113 2766 licentiae

512 2816 698 2857 ansam
724 2802 1089 2873 praebuerant,
1132 2804 1328 2861 adtulit
1357 2806 1575 2873 Miltius,
1608 2820 1827 2874 errare,
1864 2806 2114 2877 inquiens

514 2892 777 2967 (Proleg.,
810 2911 864 2952 n.
894 2895 1045 2969 798),
1080 2897 1279 2953 misere
1305 2897 1578 2962 Grotium,
1609 2898 1700 2968 qui
1732 2898 1801 2952 ita
1831 2895 1899 2951 de
1928 2896 2115 2953 Eccle-

514 2987 716 3043 siarum
760 2989 1066 3059 praepositis
1113 2990 1366 3047 senserit.
1422 2989 2020 3067 Ea»sunt:'0p66<ioEot
2061 2989 2114 3045 δὲ

514 3084 773 3157 ἀφειλοντο
809 3083 870 3138 τὸ
902 3083 1055 3158 ῥητὸν
1084 3084 1403 3159 φοϐηθέντες,
1438 3088 1525 3141 καὶ
1546 3090 1616 3159 μὴ
1653 3089 1928 3146 νοήσαντες
1953 3087 2114 3141 αὐτοῦ
2145 3087 2190 3154 C

515 3178 574 3231 τὸ
594 3176 758 3240 τέλος,
788 3178 873 3230 καὶ
892 3176 950 3231 τὸ
980 3177 1354 3251 ἰσχυρότατον.
1387 3176 1459 3233 Ει
1488 3192 1619 3232 sane
1646 3177 1841 3232 mirum
1869 3174 2013 3244 quod
2039 3174 2121 3229 vir

520 3264 747 3320 inﬁnitae
774 3265 1053 3332 lectionis,
1084 3276 1139 3321 et
1170 3266 1453 3321 accerrimi
1492 3266 1714 3335 jndicii,
1746 3264 2079 3320 orthodoxos
2105 3304 2121 3329 .

518 3354 611 3425 qui
642 3353 785 3411 haud
816 3353 1072 3409 laudabili
1100 3356 1295 3413 timore
1313 3398 1327 3424 ,
1344 3371 1413 3411 ne
1439 3355 1595 3411 ﬂetus
1620 3356 1911 3412 Servatore
1936 3364 2126 3411 nostro

521 3447 572 3504 ι.
607 3442 667 3501 C.
701 3446 961 3517 indignus
988 3448 1302 3518 videretur,
1348 3465 1411 3504 ea
1443 3449 1606 3505 verba
1632 3448 1983 3514 deleverant,
2040 3448 2127 3503 hic

522 3539 633 3596 loci
662 3554 759 3612 pro
789 3540 1157 3596 Ecclesiarum
1209 3542 1517 3613 praepositis
1569 3542 1800 3614 intelligi
1846 3542 2077 3600 voluerit
2107 3560 2122 3610 ;

524 3632 694 3689 multo
722 3647 855 3689 vero
875 3633 1074 3705 magis,
1094 3633 1237 3705 quod
1267 3635 1311 3689 si
1338 3634 1626 3712 ἀδιόρθωτα
1647 3634 1753 3706 (ad
1782 3649 1902 3706 quze
1929 3634 2128 3691 ibidem

524 3736 784 3800 provocat
817 3727 1188 3800 Epiphanius)
1218 3727 1396 3784 adhuc
1423 3739 1750 3799 supererant
1774 3728 2128 3798 exemplaria,

526 3834 588 3876 ea
613 3820 852 3891 profecto
864 3836 987 3877 esse
1002 3821 1275 3878 debebant
1296 3862 1313 3888 ,
1332 3836 1453 3892 quae
1477 3820 1528 3875 in
1554 3819 1812 3877 Ecclesiis
1824 3829 1880 3877 et
1903 3821 2129 3889 castius,

528 3922 584 3969 et
612 3914 947 3980 accuratius,
978 3929 1137 3985 quam
1157 3913 1297 3984 apud
1324 3913 1563 3982 privatos
1584 3954 1599 3979 ,
1630 3912 1835 3969 servari
1856 3913 2129 3969 solebant.

526 4004 759 4062 Tantum
784 4006 939 4062 abest
959 4013 1019 4061 ut
1046 4004 1400 4061 ecclesiastici
1431 4005 1568 4075 ipsi,
1606 4012 1700 4060 aut
1748 4005 1989 4077 episcopi
2029 4006 2132 4061 ali-

527 4098 657 4168 quid
679 4097 750 4155 de
792 4098 1052 4172 primaevo
1093 4108 1247 4156 textu
1285 4097 1572 4157 detrahere
1600 4099 1704 4157 sibi
1754 4098 1886 4170 ipsis
1935 4100 2138 4171 permi-

528 4190 718 4247 serint.

600 4285 775 4342 Locus
802 4285 971 4350 alter,
1001 4284 1077 4339 uti
1131 4284 1186 4339 in
1209 4281 1395 4339 codice
1425 4289 1646 4349 nostro,
1699 4282 1779 4338 sic
1819 4281 1887 4338 ab
1934 4282 2137 4340 Hilario

528 4376 703 4433 lectus
732 4385 814 4432 est
840 4375 1026 4431 Matth.
1049 4390 1180 4431 xxVI
1199 4417 1213 4440 ,
1244 4374 1314 4429 55
1337 4392 1351 4429 :
1384 4373 1464 4427 An
1485 4381 1635 4444 putas
1658 4374 1781 4443 quia
1801 4390 1905 4428 non
1927 4391 2136 4445 possum

2278 1828 2437 1887 Luca:
2480 1847 2584 1898 xv,
2624 1832 2691 1899 8,
2739 1832 3007 1905 Vulgata:
3047 1836 3152 1891 Aut
3206 1853 3321 1907 qua
3368 1839 3561 1893 mulier
3616 1838 3827 1897 habens

2208 1921 2482 1977 drachmas
2505 1924 2678 1978 decem
2696 1963 2711 1990 ,
2741 1926 2787 1981 si
2804 1927 3084 1995 perdiderit
3112 1929 3410 1984 drachmam
3432 1948 3587 1985 unam
3603 1972 3619 1997 ,
3641 1948 3830 1990 nonne

2208 2013 2441 2067 accendit
2496 2014 2792 2082 lucernam,
2823 2027 2870 2072 et
2891 2021 3070 2075 everrit
3101 2020 3339 2087 domum,
3377 2032 3425 2076 et
3475 2024 3659 2092 quwrit
3688 2023 3832 2079 dili-

2209 2117 2383 2178 genter
2394 2107 2555 2163 donec
2582 2110 2849 2166 inveniat?
2875 2111 3070 2169 Noster
3090 2115 3607 2184 argentenszNotme
3630 2134 3831 2174 accen-

2211 2200 2285 2255 dit
2333 2202 2622 2271 lucernam,
2651 2214 2698 2257 et
2724 2206 2889 2277 scopis
2927 2207 3189 2261 mundavit
3239 2206 3479 2275 domum,
3528 2218 3579 2263 et
3619 2213 3831 2281 quterit

2212 2290 2482 2362 diligenter
2502 2334 2517 2357 ,
2549 2304 2656 2349 etc.

2287 2383 2651 2440 Tertullianus
2677 2386 2698 2459 (
2720 2388 2785 2443 de
2810 2387 3000 2443 Pudic.
3028 2406 3144 2457 cap.
3172 2389 3239 2462 9)
3267 2406 3281 2444 :
3318 2391 3432 2446 Nos
3480 2403 3674 2457 autem,
3696 2397 3834 2460 quia

2215 2492 2316 2529 non
2359 2492 2423 2531 ex
2451 2479 2710 2547 parabolis
2740 2483 2977 2535 materias
2999 2494 3425 2551 commentamur,
3472 2486 3560 2539 sed
3605 2502 3672 2540 ea:
3710 2504 3836 2543 ma-

2216 2569 2354 2641 teriis
2401 2570 2673 2640 parabolas
2717 2572 3149 2645 interpretamur;
3191 2592 3282 2629 nec
3326 2578 3471 2630 ralde
3523 2577 3833 2637 laboramus

2216 2662 2388 2717 omnia
2432 2664 2488 2717 in
2528 2666 2841 2735 expositione
2865 2676 3125 2739 torquere,
3157 2670 3279 2722 dum
3320 2672 3577 2725 contraria
3621 2689 3837 2745 quoque

2217 2768 2506 2807 caveamus.
2548 2755 2719 2822 Quare
2746 2767 2945 2811 centum
2973 2774 3089 2813 oves
3114 2760 3139 2813 .9
3161 2758 3229 2813 Et
3276 2761 3400 2831 quid
3449 2763 3619 2832 utique
3648 2764 3835 2820 decem

2219 2843 2478 2899 drachma:
2505 2846 2529 2899 ?
2555 2845 2624 2901 Et
2643 2863 2757 2918 qua:
2780 2849 2885 2903 illa:
2909 2851 3116 2921 scopte?
3146 2849 3369 2906 Necesse
3386 2862 3495 2906 erat
3513 2895 3528 2917 ,
3561 2855 3648 2922 qui
3667 2857 3836 2912 unius

2219 2938 2505 3006 peccatoris
2526 2940 2737 2993 salutem
2757 2941 3101 3011 gratissimam
3135 2942 3241 2996 Deo
3294 2944 3487 3014 volebat
3511 2947 3834 3015 exprimere,

2220 3027 2446 3093 aliquam
2499 3030 2699 3083 numeri
2726 3032 3060 3100 quantitatem
3086 3034 3402 3098 nominaret,
3438 3034 3502 3089 de
3538 3052 3639 3106 quo
3663 3054 3837 3093 unum

2221 3120 2427 3189 quidem
2456 3120 2666 3188 periisse
2684 3121 3005 3178 describeret.
3036 3122 3257 3179 Necesse
3282 3134 3389 3179 erat
3427 3136 3483 3180 ut
3510 3126 3714 3181 habitus
3750 3146 3840 3185 re-

2225 3211 2471 3279 quirentis
2500 3211 2799 3266 drachmam
2826 3215 2894 3280 in
2923 3216 3072 3269 donto
3099 3256 3114 3281 ,
3168 3226 3271 3270 tam
3320 3234 3622 3288 scaporum,
3672 3237 3837 3291 quam

2227 3303 2448 3358 lucerna:
2488 3304 2801 3362 adminiculo
2828 3310 3320 3380 accommodaretur.

2299 3414 2527 3472 Joannis
2553 3432 2650 3485 vn,
2679 3416 2736 3485 8,
2764 3418 2920 3490 Vulg.
2955 3438 2970 3475 :
3002 3420 3107 3474 Vos
3134 3422 3396 3477 ascendite
3437 3422 3506 3476 ad
3547 3423 3682 3477 diem
3726 3426 3842 3497 fes-

2231 3518 2340 3563 tum
2371 3508 2507 3563 hunc
2539 3526 2558 3564 :
2581 3527 2673 3580 ego
2703 3520 2871 3566 autem
2899 3528 3000 3566 non
3027 3514 3250 3568 ascendo
3284 3515 3352 3567 ad
3385 3515 3519 3568 diem
3547 3516 3737 3585 festum
3767 3518 3842 3573 is-

2232 3613 2359 3666 tunt,
2390 3603 2512 3674 quia
2538 3612 2734 3675 tempus
2772 3620 2936 3659 meum
2967 3606 3194 3659 nondum
3222 3607 3481 3677 impletum
3515 3616 3591 3661 est
3616 3623 3635 3673 ;
3656 3607 3841 3664 codex

2232 3702 2450 3749 noster:
2473 3693 2574 3749 Vos
2593 3704 2763 3750 autem
2784 3697 3045 3752 ascendite
3063 3698 3132 3752 ad
3153 3699 3288 3752 diem
3306 3702 3494 3769 festum
3538 3699 3696 3766 hunc,
3739 3718 3842 3775 ego

2232 3796 2400 3841 autem
2441 3786 2672 3841 nondum
2713 3789 2938 3843 ascendo
2974 3789 3045 3842 ad
3079 3790 3211 3842 diem
3244 3793 3432 3859 festum
3474 3790 3611 3844 hunc
3634 3831 3651 3858 ,
3696 3801 3840 3860 ctc.,

2235 3889 2294 3937 ut
2323 3879 2511 3936 Grazca
2552 3880 2722 3936 ferme
2766 3882 2969 3947 omnia,
3002 3884 3102 3956 ἑγὼ
3150 3880 3295 3939 οὔπω
3336 3885 3611 3952 ἀναϐαίνω,
3654 3885 3844 3956 aliqua

2238 3982 2414 4027 tamen
2447 3974 2534 4029 οὐκ
2574 3973 2852 4028 ἀναϐαίνω.
2884 3971 3105 4029 Grotius
3143 3973 3209 4028 ad
3241 3974 3384 4029 hunc
3424 3975 3602 4030 locum
3624 4016 3641 4041 ,
3668 3991 3839 4047 quem

2238 4074 2426 4133 postea
2458 4072 2679 4120 secutus
2704 4074 2789 4120 est
2811 4064 3013 4120 Millius
3045 4083 3057 4118 :
3093 4064 3337 4128 Onmino,
3372 4067 3566 4136 inquit,
3601 4067 3701 4139 fuit
3728 4068 3846 4123 lucc

2237 4164 2379 4209 vetus
2426 4156 2720 4225 scriptura;
2767 4171 2886 4208 nam
2917 4155 2963 4210 si
2990 4154 3136 4211 οὔπω
3167 4159 3346 4229 fuisset
3381 4156 3659 4228 Porphyrii
3708 4168 3844 4214 tem-

2240 4262 2385 4317 pore,
2426 4261 2689 4316 nunquam
2719 4245 2839 4301 hinc
2880 4244 3142 4301 Christum
3172 4248 3513 4303 calumniatus
3548 4249 3729 4320 [uisset
3777 4253 3847 4307 de

2237 4339 2533 4405 mendacio,
2560 4355 2681 4394 nam
2702 4340 2757 4393 in
2782 4355 2904 4395 voce
2924 4338 3071 4397 οὔπω
3085 4342 3267 4411 fuisset
3292 4341 3418 4396 nodi
3445 4343 3659 4409 solutio,
3688 4360 3845 4414 quem

2663 4428 2807 4455 2:-Vi
2867 4433 3176 4455 --..:__--..----.
3236 4434 3318 4455 ,ηε
3376 4436 3388 4452 υ
3461 4437 3474 4455 ν
3554 4436 3583 4455 ο
3628 4437 3637 4450 ο
3758 4444 3783 4455 ε.

527 4484 712 4539 rogare
737 4467 952 4522 Patrem
976 4483 1142 4522 meum
1159 4507 1175 4533 ,
1204 4476 1249 4521 et
1272 4466 1519 4521 exhibebit
1540 4466 1668 4520 mihi
1689 4467 1840 4521 modo
1863 4467 2117 4537 plusquan

2240 4444 2298 4486 ut
2319 4430 2586 4486 evaderent
2602 4430 2851 4486 αιὶἰοῦπω
2863 4433 3197 4503 scripserunt,
3229 4434 3318 4487 alii
3340 4436 3429 4488 οὐκ
3451 4436 3710 4490 ἀναϐαίνω
3725 4444 3841 4493 νῦν.

530 4562 800 4616 duodecim
830 4562 998 4615 millia
1025 4561 1247 4633 legiones
1272 4561 1616 4631 angelorum?
1645 4560 1879 4616 Hilarius
1902 4560 1969 4616 de
2008 4560 2130 4615 Tri-

531 4655 699 4711 nitate
723 4669 756 4708 x
780 4693 797 4719 ,
819 4652 892 4707 42
920 4672 934 4710 :
974 4652 1087 4709 Nec
1115 4653 1212 4708 sibi
1235 4654 1450 4725 angelus
1474 4653 1695 4707 mittitur
1716 4693 1730 4718 ,
1753 4654 1841 4722 qui
1892 4653 1937 4706 si
1963 4652 2134 4719 vellet,

532 4746 807 4801 duodecim
850 4744 1015 4800 millia
1054 4744 1313 4819 legionum
1356 4744 1418 4798 de
1453 4744 1579 4799 caelo
1619 4744 1916 4798 deduceret.
1973 4742 2043 4800 Et
2082 4743 2137 4797 in

534 4840 730 4912 psalm.
760 4853 851 4893 LIII
883 4855 897 4893 :
928 4840 1052 4909 quia
1095 4855 1211 4893 cum
1242 4838 1458 4893 Domino
1488 4838 1757 4892 duodecim
1786 4836 1953 4891 millia
1982 4836 2142 4907 legio.

534 4946 661 4985 num
691 4930 994 5001 angelorum
1026 4938 1231 5000 possent
1259 4930 1313 4984 in
1340 4939 1569 5001 tempore
1600 4929 1853 4999 passionis
1875 4927 2136 4981 assistere.

536 5021 607 5077 Et
634 5021 714 5077 sic
760 5035 949 5076 rursus
980 5020 1114 5092 psal.
1148 5037 1269 5078 uv:
1305 5020 1411 5076 Sed
1442 5021 1576 5076 inter
1601 5021 1709 5074 Iuec
1741 5018 1932 5072 habens
1974 5029 2145 5089 potes-

537 5123 694 5169 tatem
744 5112 1016 5168 duodecim
1054 5112 1223 5167 millia
1276 5112 1556 5166 caelestium
1613 5110 1873 5181 legionum
1911 5124 2142 5165 evocare.

538 5206 740 5262 Millius
785 5205 853 5261 ad
877 5204 1022 5261 hunc
1054 5203 1291 5259 Mattlmi
1323 5203 1500 5259 locum
1525 5243 1540 5268 ,
1572 5210 1845 5272 praeeunte
1870 5200 2095 5256 Erasmo
2128 5243 2143 5268 ,

539 5302 749 5374 putavit
776 5300 1038 5355 llilarium
1059 5296 1321 5353 memoria
1352 5295 1560 5365 lapsum
1583 5335 1599 5361 ,
1628 5294 1756 5350 dum
1784 5293 1849 5348 ad
1870 5292 2145 5350 laudatum

540 5394 735 5466 psalm.
771 5407 880 5459 Ltv,
908 5390 1179 5445 duodecim
1200 5388 1367 5442 millia
1412 5386 1704 5442 scribebat.
1731 5385 1939 5441 Conone
1980 5388 2143 5455 enim,

541 5488 741 5559 inquit,
782 5499 931 5539 xxxn
962 5483 1017 5537 in
1050 5481 1238 5535 Matth.
1270 5479 1388 5550 legit
1415 5489 1468 5533 ut
1513 5479 1656 5534 editi.
1682 5478 2012 5536 Fefellerant
2042 5481 2150 5536 sci.

541 5580 671 5637 licet
701 5577 925 5632 Millium
956 5587 1096 5629 unus
1125 5580 1181 5626 et
1226 5572 1365 5629 alter
1398 5588 1468 5628 ex
1501 5572 1675 5629 tribus
1702 5574 2097 5632 locisadductis
2124 5592 2139 5644 ;

544 5682 722 5741 neque
745 5656 944 5729 vidisse
972 5672 1189 5738 paterat
1205 5705 1220 5733 ,
1253 5680 1373 5738 quae
1398 5664 1740 5728 doctissimus
1763 5666 1939 5726 editor
1957 5667 2148 5725 obser-

2309 4545 2551 4601 Clericus
2602 4546 2759 4616 epist.
2809 4546 2874 4600 ad
2922 4545 3288 4615 Optimiannm
3352 4549 3573 4617 prmllxa
3616 4547 3847 4606 editioni

2240 4640 2509 4711 Lipsiensi
2542 4638 2797 4695 Millianaa
2830 4639 3006 4696 :Bene
3034 4641 3207 4696 itidem
3235 4683 3249 4705 ,
3282 4643 3398 4708 ait,
3431 4642 3750 4697 observatum
3783 4661 3848 4699 ex

2243 4734 2424 4791 Grotio
2448 4735 2715 4802 antiquam
2741 4734 3010 4790 lectionem
3038 4752 3139 4789 non
3158 4751 3265 4789 esse
3278 4734 3446 4802 οὔπω,
3474 4735 3720 4801 nondum,
3753 4741 3846 4793 sed

2243 4831 2357 4893 οὐκ,
2408 4844 2530 4882 non.
2585 4825 2778 4881 Verum
2833 4827 2995 4881 satius
3048 4827 3226 4896 fuisset
3270 4828 3439 4896 ipsum
3470 4826 3845 4898 Hieronymum

2245 4919 2336 4975 lib.
2371 4934 2409 4975 ll
2440 4917 2560 4973 adv.
2590 4916 2774 4991 Pelag.
2799 4920 2950 4973 citari
2970 4960 2986 4983 ,
3014 4919 3150 4973 unde
3177 4919 3286 4973 ha'c
3315 4919 3463 4972 habet
3490 4914 3720 4975 Grotius.
3739 4920 3849 4973 Aut

2248 5026 2356 5066 non
2419 4992 2622 5080 legerat
2681 5018 2885 5067 attente
2940 5007 3184 5065 Clericus
3252 5010 3631 5079 proiegomena
3689 5008 3848 5065 Millii

2252 5106 2272 5176 (
2298 5104 2507 5175 Proleg.
2538 5121 2593 5159 η.
2625 5103 2731 5160 ’105
2760 5103 2807 5173 ),
2837 5105 2930 5160 ubi
2958 5103 3246 5175 Porphyrii
3274 5104 3423 5158 locos
3444 5103 3722 5173 expendit,
3754 5112 3850 5159 aut

2252 5197 2518 5255 memoria
2560 5196 2849 5264 fefellerat,
2889 5214 3013 5252 nam
3061 5188 3221 5251 allata
3268 5196 3338 5251 ab
3368 5196 3486 5264 ipso
3527 5196 3847 5268 Hieronymi

2251 5292 2416 5348 verba
2444 5290 2777 5347 oﬂ'endisset.
2810 5290 3076 5346 Ceterum
3104 5289 3158 5344 in
3201 5304 3299 5343 sua
3353 5288 3639 5345 llarmonia
3669 5289 3850 5344 Evan-

2255 5384 2425 5455 gelica
2459 5390 2708 5437 vexatam
2741 5382 3028 5438 lectionem
3055 5381 3311 5445 retinuit,
3341 5397 3501 5453 quam
3528 5380 3716 5437 Graeca
3749 5396 3849 5438 ex-

2254 5481 2442 5538 hibent
2467 5497 2482 5546 ;
2509 5488 2562 5534 et
2590 5480 2642 5533 in
2667 5478 3070 5533 Commentario
3094 5476 3348 5533 historico
3370 5478 3634 5545 integram
3662 5476 3851 5547 explan

2258 5575 2405 5636 navit
2430 5588 2495 5628 ex
2521 5586 2748 5643 persona
2771 5570 2968 5625 Christi
2993 5570 3256 5640 apostolis
3281 5567 3676 5639 reSpondentis,
3701 5568 3850 5640 ipsos

2256 5665 2473 5739 quidem
2506 5679 2664 5738 posse
2696 5663 3126 5737 Hierosolymam
3156 5663 3256 5729 ire,
3289 5672 3347 5717 nt
3389 5660 3542 5716 initio
3586 5661 3707 5717 festi
3738 5660 3848 5717 illic
