3950 6176
130 175 180 231 55

881 169 1094 232 El’lST.
1136 169 1381 225 PillLlP.
1424 167 1792 236 GARBELLI,
1836 167 1924 224 DE
1962 165 2211 226 CODICE
2254 169 2599 227 HRIXIANO.

3316 171 3386 228 54

137 287 359 356 adessent,
384 288 484 344 scd
505 302 569 343 se
596 300 667 344 eo
696 285 924 342 nondum
950 285 1174 350 iturum,
1201 283 1346 356 quod
1366 292 1689 354 oportunum
1718 288 1774 348 Α
1796 281 1990 340 deesse
2018 282 2246 354 aliquid,
2276 284 2326 337 in
2352 300 2459 353 quo
2479 284 2548 340 de
2573 293 2827 342 movente
2855 293 3022 356 aquas
3042 287 3163 345 illas
3181 291 3388 346 mentio

143 382 218 438 sibi
241 391 439 453 tempus
465 382 594 437 illuc
621 381 790 436 eundi
818 380 1044 435 nondum
1075 379 1405 435 advenisset.

198 473 316 530 Nutu
339 488 460 528 vero
505 487 576 528 ex
621 470 937 543 Hieronymi
979 471 1098 527 loco
1140 480 1288 526 recte
1329 467 1690 540 conjeccrint,

151 566 394 638 antiquitus
436 565 638 621 lectum
670 566 788 628 οὐκ,
820 578 925 618 non
975 561 1144 626 οὔπω,
1188 560 1435 632 judicent
1472 558 1694 615 eruditi.

155 659 294 716 Verba
334 659 444 728 ejus
490 667 622 712 sunt
665 655 810 728 (Cit.
839 655 928 710 lib.
959 669 997 710 ιι
1040 653 1160 709 adv.
1208 652 1392 725 Pelag.
1425 669 1544 722 cap.
1575 651 1608 706 6
1634 649 1652 721 )
1679 665 1694 704 :

158 751 291 824 Negat
315 750 566 821 fratribus,
595 760 643 804 et
663 749 965 820 propinquis
989 749 1078 816 ,‘ire
1103 762 1158 802 se
1200 745 1267 800 ad
1304 745 1693 816 Scenopegiam.

157 846 212 902 Et
234 856 385 919 postea
411 847 657 917 scriptum
681 854 756 900 est
779 861 798 899 :
833 842 904 900 Ut
922 846 1104 916 :autem
1149 841 1492 895 ascenderunt
1513 841 1700 910 fratres

154 944 262 1014 ejus,
289 950 396 994 tunc
424 949 468 993 et
495 939 603 1008 ipse
624 936 857 992 ascendit
879 937 949 990 ad
976 933 1371 997 solemnitatem,
1396 948 1500 986 non
1529 931 1698 984 mani-

155 1039 278 1105 feste,
299 1036 378 1088 sed
406 1032 546 1101 quasi
567 1032 621 1086 in
647 1029 969 1097 abscondito,
1000 1042 1201 1084 ιτυιιυιι
1241 1041 1305 1082 ss
1343 1039 1598 1089 NBGM’I‘I‘,
1632 1037 1701 1078 ετ

159 1141 308 1193 rscrr,
331 1142 455 1190 quon
479 1139 630 1181 ratus
659 1137 976 1179 NIGAVERAT
1005 1122 1160 1176 latrat
1202 1118 1552 1190 Porphyrius.
1599 1114 1700 1169 In-

156 1218 453 1281 constantiw,
496 1233 556 1270 ac
622 1215 924 1269 mutationis
977 1219 1203 1276 accusat,
1257 1211 1486 1265 nesciens
1532 1207 1704 1262 omnia

156 1311 374 1366 scandala
411 1309 474 1362 ad
515 1322 722 1362 carnem
759 1321 866 1362 esse
909 1303 1198 1372 referenda.
1245 1301 1420 1372 IEque
1466 1300 1706 1370 profecto

155 1401 360 1472 negabat
382 1399 622 1455 Christus
647 1413 710 1455 se
735 1395 1069 1453 adscendere
1104 1395 1170 1450 ad
1211 1391 1564 1464 Scenopegia:
1597 1389 1706 1444 les-

156 1502 258 1548 tum
281 1491 515 1562 iadhibita
551 1489 815 1562 particula
845 1486 990 1545 οὔπω
1016 1484 1102 1543 ’π
1149 1485 1240 1541 illa
1285 1486 1406 1550 odit;
1439 1481 1579 1553 quod
1612 1493 1710 1535 nos

153 1603 250 1640 non
273 1603 411 1657 reugo
445 1603 531 1656 per
573 1602 666 1640 ora
695 1592 789 1638 aut
828 1599 929 1637 non
953 1597 1110 1654 vengo
1159 1591 1390 1649 utroque
1420 1575 1579 1632 modo
1611 1589 1710 1632 nc-

1795 375 1972 431 lieret.
1990 376 2100 430 Cur
2121 375 2299 444 itaque
2323 377 2680 446 praetermissa
2706 379 2954 451 pericopa
2983 379 3113 436 illa?
3131 384 3216 438 An
3238 383 3383 454 quod

1796 466 2085 542 παράδοξον
2115 466 2390 522 videret‘ur
2417 469 2591 539 angeli
2615 469 2910 528 descensus
2943 514 2958 539 ,
2988 483 3040 530 et
3065 476 3388 546 quotannis,

1795 571 1852 616 et
1881 559 2050 615 semel
2082 567 2312 626 tantum,
2343 566 2399 613 et
2425 574 2535 615 uno
2562 561 2846 618 dumtaxat
2873 579 2940 619 ex
2973 575 3052 621 tot
3089 555 3392 639 languenti-

1797 650 1899 707 bus
1929 649 1994 706 ad
2022 648 2270 705 sanitatis
2293 647 2613 707 beneficium
2645 669 2774 709 voca
2786 655 2876 710 to?
2897 657 2978 711 An
3006 657 3148 728 quod
3175 659 3255 715 rei
3282 669 3389 716 tam

1801 743 2046 814 insignis,
2076 753 2130 798 et
2159 740 2225 796 ad
2253 741 2430 812 gentis
2454 757 2567 799 sua:
2593 745 2820 816 gloriam
2852 747 3101 805 facientis
3128 749 3395 822 Josepltus

1801 853 1908 916 non
1939 839 2222 894 meminit?
2251 843 2332 897 An
2365 850 2494 893 vero
2522 837 2887 897 Tertullianus
2916 842 3033 913 ipse
3066 844 3212 899 male
3238 845 3395 902 feria-

1802 934 1870 987 tis
1896 932 2102 990 criticis
2132 934 2359 1005 hujusce
2389 935 2595 991 lacunae
2628 950 2814 992 ansam
2856 937 3126 1006 praebuit?
3171 936 3277 993 Nos
3317 937 3396 993 lo-

1802 1041 1923 1082 cum
1957 1027 2204 1084 dabimus
2250 1045 2278 1083 a
2319 1028 2552 1087 Kustero
2598 1030 2952 1099 prmteritum.
2993 1027 3182 1101 Igitur,
3227 1030 3399 1100 inquit

1804 1120 2170 1178 Tertullianus
2195 1124 2353 1195 (Adv.
2381 1123 2619 1191 Judwos,
2641 1141 2758 1196 cap.
2787 1124 2895 1194 i3)
2918 1164 2934 1190 ,
2963 1127 3204 1196 quoniam
3224 1125 3395 1179 adimo

1806 1219 2120 1270 contendunt
2149 1216 2324 1273 Judwi
2375 1218 2603 1272 nondum
2648 1217 2841 1272 venisse
2884 1216 3142 1272 Christum
3182 1234 3356 1272 eorum
3385 1258 3402 1284 ,

1807 1326 1954 1378 quem
2003 1319 2076 1364 tot
2119 1311 2303 1374 modis,
2337 1309 2734 1382 adprobavimus
2775 1311 2992 1376 venisse,
3039 1318 3404 1381 recognoscant

1808 1395 1982 1454 Judtri
2010 1403 2200 1456 exitum
2226 1418 2396 1469 suum,
2423 1417 2570 1472 quem
2591 1413 2704 1473 post
2729 1401 2999 1456 adventum
3026 1400 3217 1456 Christi
3263 1401 3402 1456 rela-

1815 1491 1916 1544 turi
1948 1491 2374 1563 prtecinebantur,
2408 1491 2469 1546 ob
2501 1493 2833 1560 impietatem,
2861 1509 2962 1563 qua
3001 1509 3114 1548 eum
3158 1493 3404 1562 despexe-

1814 1591 1956 1649 runt,
1988 1593 2036 1637 et
2065 1582 2449 1656 interfecerunt.
2505 1583 2712 1641 Deinde
2744 1583 3040 1654 interiectis
3067 1584 3188 1638 aliis
3214 1583 3284 1640 dc
3311 1599 3408 1639 vo-

149 1689 326 1750 gantes
357 1679 642 1736 eﬂ‘erimus.
687 1677 959 1734 Praeterea
987 1675 1080 1746 qui
1112 1674 1265 1729 locus
1293 1669 1610 1742 Porphyrio
1640 1683 1710 1724 ex
1745 1683 1792 1745 Β
1817 1673 2032 1730 catione
2052 1673 2325 1741 Gentium,
2359 1676 2426 1732 de
2447 1675 2785 1732 cessantibus
2809 1675 2950 1747 apud
2977 1676 3233 1746 populum
3260 1675 3410 1730 illum

149 1773 326 1827 vocula
354 1771 439 1827 illa
473 1774 567 1828 οὐκ
611 1769 892 1825 asserendi
922 1768 974 1822 in
1008 1764 1222 1822 Christo
1261 1761 1565 1820 mendacii?
1609 1760 1714 1816 nisi

152 1864 282 1934 quod
307 1865 528 1935 percitis,
560 1878 624 1919 ac
646 1861 974 1925 furentibus,
1004 1871 1360 1930 quiscumque
1377 1871 1438 1912 se
1455 1854 1712 1918 offerant,

153 1970 290 2010 arma
317 1967 454 2010 sunt.
477 1954 608 2011 Nam
637 1952 918 2024 sequentia
948 1952 1072 2022 quia
1091 1959 1289 2020 tempus
1310 1962 1480 2002 meum
1501 1959 1716 2001 nonnon

156 2059 222 2104 est
242 2050 505 2120 impletum,
525 2047 660 2104 satis
682 2056 872 2118 aperte
895 2044 1125 2099 innuunt
1141 2041 1378 2113 opperiri
1399 2055 1458 2094 se
1484 2049 1716 2107 tempus,

158 2152 209 2197 et
233 2141 400 2197 horam
421 2139 761 2197 ascendendi.
809 2135 1073 2208 Equidem
1104 2151 1211 2190 non
1254 2141 1382 2202 puto
1409 2143 1719 2202 perversum

157 2233 303 2301 illud,
330 2234 413 2290 sed
449 2249 604 2298 acre,
635 2248 700 2288 ac
741 2230 980 2286 vividum
1005 2237 1203 2284 caetera
1236 2225 1507 2296 ingenium
1539 2223 1612 2276 ita
1643 2219 1724 2274 la-

157 2336 294 2382 tuum
322 2327 493 2392 fuisse,
518 2337 578 2382 ut
609 2336 717 2380 tam
749 2322 1025 2379 imbecillo
1067 2327 1387 2392 argumento
1429 2316 1504 2371 ttti
1537 2314 1721 2368 volue-

163 2419 246 2474 rit.
275 2419 443 2491 Itaque
473 2418 799 2488 interpolato
828 2415 1018 2471 codice
1053 2427 1208 2468 usum
1254 2407 1614 2480 Porphyrium
1645 2406 1723 2461 le-

168 2511 296 2582 gisse
321 2528 416 2565 non
443 2511 630 2566 dubito
655 2511 752 2582 ἐγὼ
775 2512 875 2586 γάρ
898 2509 984 2562 οὐκ
1009 2504 1359 2574 ἀναϐήσομαι,
1403 2515 1504 2554 non
1541 2512 1724 2550 ascen-

170 2605 295 2670 dum,
343 2620 489 2674 quam
535 2602 828 2658 lectionem
871 2597 1205 2669 singularem
1243 2591 1465 2648 exhibet
1514 2587 1728 2643 laudata

171 2694 305 2751 Millii
330 2696 517 2760 editio;
548 2693 650 2748 nisi
677 2701 954 2756 veterem,
1027 2703 1090 2742 ac
1131 2683 1419 2758 genuinam
1469 2682 1731 2751 impostor

175 2788 256 2843 ille
273 2797 597 2860 corruperat;
634 2802 758 2842 nam
783 2783 1119 2854 lnterpolatis
1141 2777 1547 2849 exemplaribus
1577 2788 1731 2828 usum

178 2880 327 2938 fuisse
353 2883 535 2953 objccit
563 2881 640 2937 illi
669 2880 1028 2950 Hieronymus
1049 2872 1417 2947 (Comment.in
1445 2865 1734 2935 Mattlt.)jn

181 2973 323 3030 Marci
349 2975 458 3031 loco
487 2975 574 3029 12.
603 2973 763 3029 Certe
788 2973 830 3027 si
853 2977 1138 3026 contextus
1162 2963 1378 3020 adducti
1408 2962 1508 3016 loci
1529 2960 1736 3029 integer

1818 1768 2130 1825 caelestibus
2171 1769 2474 1836 beneﬁciis,
2501 1785 2628 1825 mox
2652 1769 2868 1826 subdit:
2913 1768 2980 1823 Et
3024 1769 3098 1823 ita
3141 1768 3413 1823 subtractis

1820 1861 2144 1916 charismatis
2174 1863 2452 1933 prioribus,
2479 1861 2589 1916 Lex
2608 1872 2654 1916 et
2679 1861 2956 1934 PrOpItettc
2977 1879 3136 1932 usque
3160 1863 3227 1917 ad
3245 1861 3413 1917 Joan-

1821 1968 1934 2006 nem
1965 1956 2188 2023 fuerunt.
2215 1949 2282 2006 Et
2311 1951 2523 2006 Piscina
2549 1951 2827 2007 Bel/naida
2853 1971 3011 2024 usque
3044 1953 3114 2008 ad
3142 1954 3416 2008 adventum

1824 2039 2016 2097 Citriin
2045 2043 2276 2098 curando
2304 2043 2671 2098 ittvaletudines
2699 2044 2761 2098 ab
2787 2044 2957 2100 Israel
2996 2045 3125 2100 desit
3153 2063 3184 2100 a
3225 2045 3417 2116 bene/i-

1823 2136 1942 2202 ciis,
1989 2144 2106 2190 cum
2134 2153 2196 2192 ea:
2222 2139 2601 2208 perseverantia
2623 2140 2818 2208 furoris
2861 2140 2942 2194 sui
2992 2155 3177 2194 nomen
3215 2138 3424 2194 Ilomitti

1826 2226 2289 2299 blasphemaretur.
2337 2230 2420 2284 An
2444 2271 2460 2297 ,
2487 2238 2548 2285 ut
2570 2228 2848 2298 diximus,
2881 2232 3070 2288 lectori
3111 2233 3252 2288 haud
3292 2235 3426 2288 satis

1828 2329 2057 2388 attento,
2081 2323 2296 2391 qualem
2325 2332 2474 2378 certe
2501 2321 2632 2378 Afer
2662 2325 2764 2379 iste
2783 2323 3079 2391 desiderat,
3125 2325 3304 2380 lucum
3339 2327 3421 2380 fa-

1829 2425 1956 2467 cere
1987 2413 2261 2482 potuerint
2289 2414 2448 2470 verba
2489 2413 2581 2470 illa
2608 2430 2767 2486 usque
2796 2415 2866 2470 ad
2895 2415 3169 2472 adventum
3193 2415 3386 2472 Cltristi
3409 2433 3429 2473 :

1830 2504 1986 2576 quasi
2017 2520 2127 2559 non
2163 2506 2304 2560 ultra
2347 2505 2666 2563 miraculum
2697 2506 2828 2562 illud
2876 2508 3225 2578 processerit,
3273 2509 3428 2565 sicuti

1833 2613 1940 2653 non
1967 2597 2106 2652 ultra
2131 2596 2354 2654 Joannis
2383 2599 2671 2656 adventum
2710 2599 2990 2672 prOpheta:
3038 2601 3181 2672 apud
3211 2600 3428 2656 Judmos

1834 2690 2116 2758 exstitere,
2165 2705 2266 2747 ceu
2311 2706 2500 2765 puram
2536 2692 2906 2763 conjecturam
2945 2693 2999 2748 in
3038 2693 3222 2750 medio
3262 2694 3430 2750 relin-

1841 2781 2082 2852 quimus.

1908 2869 2109 2928 Verum
2130 2879 2187 2928 et
2213 2872 2372 2936 hanc,
2394 2882 2448 2929 et
2470 2882 2698 2932 exteras
2725 2889 2943 2942 omnes,
2969 2885 3026 2932 et
3046 2874 3267 2932 dubium
3303 2875 3435 2933 illud

1841 2959 2056 3018 Kusteri
2083 2978 2152 3016 an
2182 2961 2406 3018 historia
2433 2963 2503 3019 de
2530 2965 2806 3023 Probatica
2834 2967 2889 3021 in
2928 2965 3157 3024 Joannis
3190 2969 3440 3041 Evange-

181 3065 512 3137 pcrpendatur
539 3065 744 3137 patebit
773 3064 1060 3119 lectionem
1096 3059 1235 3114 hanc
1261 3057 1408 3114 clare
1435 3049 1736 3123 Porphyrio
1764 3066 1812 3131 ρ
1841 3052 1978 3108 lium
2009 3053 2216 3108 intrusa
2259 3051 2442 3120 fuerit,
2483 3054 2761 3111 inﬁrmant
2796 3059 3019 3113 omnino
3047 3070 3105 3116 et
3134 3077 3255 3132 qua:
3300 3079 3442 3132 pra:-

183 3159 407 3214 tributam
431 3175 458 3212 a
487 3159 818 3229 Hieronymo
845 3154 1087 3224 ejusdem
1109 3151 1278 3207 verba
1303 3147 1587 3212 reddente,
1618 3155 1738 3198 ITU-

183 3265 280 3305 nol
304 3266 359 3306 se
383 3265 608 3307 NEGAVI‘I'
637 3249 792 3302 latrat
821 3244 1166 3316 Porphyrius.
1215 3241 1341 3296 Herc
1383 3238 1543 3293 latius
1585 3231 1743 3304 paulo

182 3341 458 3398 diduximus
497 3341 566 3396 ad
614 3339 869 3396 tuendam
911 3335 1197 3392 lectionem
1237 3328 1478 3400 argentei
1518 3324 1744 3389 codicis,

183 3452 324 3505 quam
352 3452 454 3492 non
496 3433 776 3506 Porphyrii
816 3429 1082 3486 calumnia
1112 3424 1490 3499 posteriorem,
1521 3419 1616 3478 sed
1657 3434 1750 3476 ve-

181 3527 442 3583 tustiorum
504 3524 895 3596 exemplarium
949 3518 1193 3593 primmvi
1248 3514 1562 3586 interpretis
1623 3519 1752 3567 ante

183 3616 572 3690 Hieronymum,
605 3616 775 3672 fuisse
805 3627 932 3668 vero
963 3608 1198 3667 similius
1227 3615 1376 3678 puto.

245 3709 454 3767 Joannis
482 3725 541 3777 v,
579 3709 651 3774 4,
683 3707 842 3764 deest
883 3706 936 3760 in
987 3701 1174 3760 codice
1201 3710 1390 3757 nostro
1429 3698 1636 3769 integer
1664 3693 1755 3750 ille

181 3801 322 3860 locus
344 3803 410 3860 de
448 3800 644 3872 angelo
687 3797 846 3854 statis
887 3792 1222 3866 temporibus
1268 3807 1300 3847 e
1342 3789 1483 3846 caelo
1531 3787 1758 3843 descen-

181 3894 360 3963 dente,
395 3895 464 3951 de
493 3893 733 3949 motione
758 3877 937 3960 aqua',
969 3897 1101 3953 cte.,
1148 3898 1334 3955 quem,
1366 3881 1536 3952 inquit
1567 3877 1760 3933 Kuste—

178 4003 266 4043 rus
296 3987 500 4058 (Prwf.
527 3985 598 4038 ad
629 3981 773 4037 seu.
804 3979 880 4035 Ν.
907 3979 974 4035 T.
1014 3978 1172 4033 Millii
1194 3975 1240 4048 ),
1268 3975 1398 4031 olim
1429 3973 1604 4029 dubiae
1637 3969 1762 4024 lidei

177 4095 207 4134 a
225 4078 541 4150 quibusdam
563 4075 807 4132 habitum
833 4072 1022 4139 fuisse,
1047 4086 1110 4126 ex
1129 4068 1404 4126 veteribus
1425 4081 1557 4122 mss.
1584 4061 1764 4133 colligi

180 4182 369 4241 potest,
405 4168 653 4226 adductis
694 4164 928 4224 subinde
976 4176 1166 4219 eorum
1207 4159 1488 4231 pluribus,
1534 4170 1669 4228 quos
1711 4155 1765 4209 in

178 4266 502 4322 bibliotheca
558 4261 701 4333 regia
753 4258 982 4316 Lutetia:
1035 4254 1326 4312 consuluit.
1377 4251 1499 4307 Mox
1548 4246 1701 4304 addit
1751 4262 1766 4300 :

180 4358 332 4426 Quod
358 4360 404 4413 si
430 4372 603 4412 versus
629 4355 720 4409 ille
762 4352 910 4407 initio
939 4369 974 4405 a
998 4347 1257 4405 codicibus
1300 4343 1375 4400 Ν.
1417 4343 1478 4398 Τ.
1507 4341 1697 4413 abfuit,
1723 4349 1770 4394 et

1845 3145 2043 3203 cedunt
2071 3155 2322 3201 vexatum
2353 3145 2496 3201 hunc
2542 3145 2746 3216 locum,
2794 3158 2851 3204 et
2878 3165 2999 3220 qua:
3020 3162 3352 3223 sequuntur,
3387 3164 3447 3210 nt

1846 3238 2110 3306 diximus;
2137 3253 2258 3309 quae
2289 3236 2530 3308 proiecto
2565 3239 2769 3308 omnia,
2798 3241 2844 3300 si
2870 3243 2954 3298 cui
2977 3254 3290 3318 suspectum
3323 3259 3444 3308 erat

1850 3331 2170 3387 miraculum
2202 3329 2356 3395 illud,
2384 3330 2648 3387 delevisse
2678 3333 2984 3403 oportebat.

1922 3423 2068 3479 Nihil
2095 3424 2276 3494 itaque
2301 3423 2504 3479 certius
2529 3439 2688 3494 quam
2713 3437 2804 3480 aut
2824 3427 3054 3497 aliquem
3079 3465 3097 3498 ,
3127 3432 3218 3502 qui
3247 3433 3349 3490 sibi
3375 3447 3444 3492 ex

1853 3514 2188 3586 Antigrapho
2242 3514 2521 3585 exemplar
2564 3515 2938 3588 describeret,
3005 3532 3098 3579 aut
3147 3525 3447 3596 lectorem,

1855 3606 2218 3678 scripturariis
2255 3607 2436 3676 operis
2463 3616 2796 3678 praeeuntem
2825 3625 2855 3664 a
2893 3614 3056 3669 tertio
3081 3629 3348 3676 commate
3385 3620 3452 3676 ad

1858 3701 2102 3770 quintum
2146 3697 2458 3755 fallentibus
2497 3700 2670 3757 oculis
2695 3741 2711 3767 ,
2740 3709 2796 3758 et
2833 3703 2913 3760 sic
2941 3711 3220 3775 prmterito
3257 3723 3454 3783 quarto

1859 3791 2210 3858 transiliisse,
2243 3791 2435 3846 eodem
2466 3801 2650 3862 postea
2677 3808 2863 3852 errore
2903 3797 2957 3852 in
2993 3799 3097 3855 alia
3117 3842 3133 3868 ,
3164 3810 3326 3874 atque
3351 3808 3454 3863 alia

1862 3883 2172 3955 apographa
2196 3893 2528 3940 transeunte.
2559 3883 2670 3941 Hac
2700 3886 2813 3959 ipsa
2843 3887 2913 3945 de
2932 3905 3094 3947 causa
3123 3895 3324 3952 notulis
3351 3899 3458 3955 cri-

1865 3977 2017 4041 ticis,
2051 3982 2144 4030 aut
2167 3975 2441 4032 asteriseis
2477 3977 2530 4032 in
2573 3979 2892 4048 quibusdam
2926 3984 3326 4056 exemplaribus
3350 3991 3460 4064 sig-

1867 4078 1989 4125 nata
2016 4070 2266 4139 pericope
2295 4069 2382 4125 illa
2410 4086 2424 4123 :
2457 4069 2510 4125 in
2537 4068 2656 4126 aliis
2695 4081 2787 4128 aut
2812 4073 2881 4128 ad
2908 4090 3058 4132 oram
3083 4117 3101 4145 ,
3126 4089 3220 4136 aut
3245 4071 3456 4140 summa

1867 4159 2041 4217 fronte
2085 4161 2301 4216 diverso
2346 4171 2622 4218 caractere
2665 4163 2935 4236 descripta
2961 4209 2977 4233 ,
3026 4179 3164 4226 teste
3207 4173 3458 4234 Kustero.

1870 4251 2098 4308 Privatis
2129 4253 2373 4320 scilicet,
2403 4253 2494 4324 qui
2532 4254 2732 4309 alicubi
2770 4260 3188 4326 praetermissam
3220 4265 3461 4326 oﬂ‘ende-

1874 4355 2024 4410 rant,
2052 4346 2104 4401 in
2130 4346 2443 4418 apographo
2469 4362 2604 4416 suo,
2639 4355 2700 4403 ut
2722 4359 3028 4420 suspectam
3047 4394 3066 4424 ,
3106 4370 3335 4416 censura
3370 4363 3464 4422 illa

179 4459 350 4520 postea
373 4451 580 4504 demum
606 4450 660 4501 in
686 4454 880 4501 textum
907 4441 1179 4512 Evangelii
1195 4437 1418 4494 Joannis
1443 4435 1686 4507 irrepsit;
1714 4434 1770 4488 id
1794 4446 1846 4508 ι)
1872 4436 2272 4493 denotantibus.

181 4545 366 4611 factum
387 4538 614 4610 oportuit
636 4546 758 4590 ante
777 4545 1004 4604 tempora
1023 4527 1356 4594 Tertulliani,
1379 4527 1569 4598 quippe
1588 4525 1674 4596 qui
1702 4523 1769 4577 ad

182 4635 311 4688 [tunc
335 4635 504 4688 locum
533 4627 757 4696 respexit
785 4625 875 4679 lib.
909 4623 973 4678 de
1000 4621 1267 4691 Baptisttto
1290 4661 1304 4684 ,
1339 4617 1425 4672 ubi
1455 4617 1550 4684 ait,
1593 4613 1768 4670 Pisci-

185 4741 295 4780 nam
324 4719 660 4780 Bethsaidam
693 4718 905 4789 angelus
935 4713 1272 4769 interveniens
1299 4707 1660 4765 commovebat.

252 4814 630 4873 Duriusculum
644 4824 774 4865 sane
786 4807 1073 4872 est,virum
1088 4802 1460 4860 doctissimum
1473 4800 1772 4865 dubitasse,

186 4928 248 4968 an
283 4916 432 4969 locus
473 4909 566 4964 ille
599 4907 652 4960 in
695 4900 1032 4973 autographo
1079 4896 1306 4954 Joannis
1347 4893 1618 4958 extiterit;
1647 4905 1771 4946 eum

190 5006 348 5061 series
375 5005 490 5074 ipsa
518 5001 744 5068 integra:
774 4994 917 5049 illius
939 4989 1208 5064 periocha:
1233 4987 1392 5044 aliter
1421 4985 1664 5042 suadeat.
1688 4981 1774 5038 Ad

190 5099 309 5167 quid
337 5099 478 5154 enim
513 5090 696 5164 priora
725 5088 816 5144 illa
847 5085 916 5142 de
957 5083 1234 5155 probatica
1263 5081 1499 5167 quinque
1531 5078 1774 5148 porticus

193 5189 412 5246 habente
441 5205 455 5242 :
483 5186 661 5256 deque
697 5177 1042 5237 multitudine
1073 5175 1466 5247 languentium,
1498 5172 1589 5244 qui
1620 5185 1773 5241 aqua:

193 5296 409 5351 motum,
435 5282 506 5338 ibi
530 5275 916 5350 expectarent?
939 5285 1048 5327 tum
1078 5268 1462 5340 subsequentia
1485 5266 1553 5321 de
1575 5264 1776 5320 misero

190 5381 302 5447 illo,
337 5377 560 5448 triginta
595 5374 706 5442 jam
755 5380 809 5425 et
840 5375 962 5423 octo
1001 5365 1070 5420 ab
1097 5363 1257 5419 anuis
1292 5359 1527 5425 inﬁrmo,
1560 5357 1672 5428 qui,
1699 5357 1780 5411 in-

195 5483 489 5546 terrogante
505 5467 728 5525 Christo
749 5479 817 5519 an
841 5461 1002 5518 vellet
1022 5474 1185 5515 sanus
1207 5455 1342 5522 fieri,
1368 5451 1644 5524 respondit
1669 5465 1778 5506 non

194 5566 380 5624 habere
408 5580 472 5620 se
499 5556 806 5621 hominem,
836 5568 863 5606 a
891 5566 1019 5623 quo,
1053 5549 1265 5605 turbata
1295 5561 1418 5602 cum
1442 5549 1590 5599 esset
1616 5555 1776 5612 aqua,

197 5664 246 5719 ia
287 5658 555 5738 piscinam
609 5645 1030 5708 immitteretur?
1083 5658 1203 5715 qua:
1258 5640 1500 5714 proiecm
1553 5637 1782 5694 innuunt

1947 4529 2055 4586 Sed
2085 4531 2226 4586 inter
2253 4546 2348 4600 ea,
2376 4546 2496 4602 qua:
2518 4532 2693 4589 critici
2732 4533 2800 4590 ad
2840 4535 2982 4595 hunc
3018 4537 3244 4602 Joannis
3287 4546 3465 4607 locum

1876 4621 2233 4680 observavere
2253 4663 2269 4690 ,
2305 4622 2441 4694 nihil
2463 4639 2616 4694 seque
2646 4625 2950 4684 mirandum
2974 4669 2992 4700 ,
3013 4646 3078 4688 ac
3102 4648 3466 4697 commentum

1876 4714 2010 4770 illud
2038 4729 2088 4768 v.
2121 4730 2170 4770 c.
2212 4713 2430 4770 Henrici
2474 4715 2830 4787 Hammondi,
2863 4736 2971 4792 quo
2995 4763 3011 4790 ,
3053 4734 3269 4784 retento
3307 4731 3495 4789 nihil~-

1880 4805 2094 4862 ominus
2131 4815 2386 4862 contextu
2415 4808 2624 4881 integro
2650 4812 2894 4882 ejusdem
2927 4817 3195 4887 periocha:
3216 4863 3233 4889 ,
3267 4824 3374 4881 vim
3402 4827 3471 4883 il-

1881 4899 1987 4954 lam
2019 4897 2244 4955 sanandi
2270 4911 2500 4970 :rgrotos
2522 4945 2538 4970 ,
2572 4903 2643 4959 ab
2681 4908 2932 4965 omnibus
2955 4909 3234 4986 hucusque
3274 4917 3473 4977 divina:

1881 4990 2135 5062 potentiae
2177 4991 2466 5061 tributam,
2509 4993 2560 5049 in
2603 4995 2893 5056 medicatas
2929 5015 3123 5060 cruore
3163 5009 3427 5077 pecudum
3455 5054 3472 5080 ,

1879 5099 2001 5155 quae
2038 5083 2150 5138 illic
2179 5083 2382 5155 ingenti
2411 5079 2638 5143 numero
2667 5088 2734 5144 ad
2763 5092 3030 5152 sacrificia
3061 5100 3435 5161 mactabantur
3455 5146 3473 5174 ,

1881 5192 2047 5247 aquas
2070 5178 2449 5271 transfundere
2500 5191 2730 5239 conatus
2782 5185 2884 5244 est.
2932 5187 3050 5245 Non
3085 5195 3278 5265 angelo
3310 5213 3476 5271 prop-

1884 5278 2029 5323 terea
2081 5269 2314 5336 Domini,
2351 5269 2449 5325 sed
2504 5273 2696 5330 nuntio
2748 5279 2984 5347 quodam
3028 5297 3059 5338 a
3105 5269 3479 5350 sacerdotibus

1887 5362 2052 5416 misso
2090 5377 2180 5418 eas
2205 5375 2617 5424 commovente:
2649 5379 2702 5423 ut
2736 5371 2942 5428 medica
2969 5374 3057 5432 illa
3100 5380 3181 5434 vis
3205 5386 3482 5455 sanguinis

1887 5468 2318 5525 quaquaversum
2364 5459 2846 5531 commisceretur,
2887 5481 3008 5536 qua:
3055 5467 3141 5525 hic
3184 5471 3254 5528 de
3293 5477 3482 5533 nuntio

1887 5548 2402 5616 comminiscitur,‘a
2431 5550 2621 5607 Grotio
2642 5563 2726 5610 est
2757 5564 3060 5625 mutuatus;
3097 5560 3238 5618 hunc
3266 5565 3384 5619 vide
3413 5568 3482 5623 ad

1887 5639 2110 5698 citatum
2135 5638 2359 5698 Joannis
2390 5639 2592 5699 locum.
2622 5642 2885 5716 Quodque
2911 5645 3071 5705 ﬁdem
3100 5661 3350 5723 superat,
3376 5671 3484 5718 uno
