3950 6176
522 156 592 214 35
1887 145 2428 210 pnowcouena.
2758 236 2769 241 _
2799 226 2818 241 _
3755 160 3838 218 56

529 276 804 326 dumtaxat
832 270 1141 339 quotannis,
1172 283 1200 322 e
1231 277 1305 322 tot
1327 267 1482 339 agris
1511 263 1601 335 qui
1633 264 1762 320 inibi
1795 264 2191 326 beneﬁciumA
2220 280 2256 318 ιι
2278 306 2290 326 ,
2329 263 2356 334 §
2398 265 2491 318 1:27
2530 261 2720 336 (allert
2763 266 2850 322 hic
2887 263 3076 334 Graeca
3103 263 3306 326 Laertii
3333 310 3348 336 ,
3376 285 3497 340 qua:
3538 270 3839 328 brevitatis

527 363 660 420 illud
694 363 1172 433 prmstolabantur,
1201 361 1252 414 in
1284 351 1517 415 salutare
1546 359 1818 412 lavacrum
1850 359 2114 414 introeun-

525 467 599 512 te.
633 455 795 524 Quasi
823 463 918 509 aut
945 469 1049 509 non
1090 453 1376 508 interesset
1403 451 1614 508 caeteris
1645 450 1806 505 etiam
1843 449 2117 520 prospice-

521 565 586 605 re
614 567 628 602 :
661 557 753 602 aut
780 547 989 603 medica
1019 545 1096 616 vis
1118 546 1210 600 uni
1240 555 1445 622 tantum
1471 543 1605 598 satis
1632 551 1777 598 esset
1803 541 2002 596 futura.
2033 540 2114 616 Ad

522 658 712 698 omnes
742 650 1000 713 praeterea
1031 639 1250 714 morbos
1284 619 1424 693 facto
1463 636 1704 692 remedio
1733 636 1865 690 illo:
1898 619 2118 690 claudo-

522 750 644 791 rum
700 733 946 798 scilicet,
1001 732 1317 799 aridorum,
1369 744 1680 796 caecorum,
1738 729 2113 802 aliorumque,

523 842 661 898 quos
691 827 742 881 in
775 824 1116 880 multitudine
1144 825 1230 880 illa
1271 822 1637 893 languentium
1677 822 1841 877 fuisse
1883 838 1979 890 par
2009 832 2114 890 cSt,

523 931 576 977 et
606 920 748 993 quod
786 921 1028 976 medicos
1071 933 1260 973 omnes
1291 916 1569 986 hucusque
1599 908 1771 970 latuit.
1806 916 1947 984 Quot
1970 916 2117 972 enim

521 1017 650 1071 czeci
675 1016 766 1088 (ne
787 1010 1139 1083 mgritudines
1161 1011 1294 1066 alias
1315 1011 1641 1085 inveteratas
1664 1022 2114 1076 commemorem,

524 1121 644 1176 qua:
671 1103 894 1159 medicis
926 1102 1087 1159 etiam
1117 1101 1444 1157 doctissimis
1475 1115 1690 1156 crucem
1722 1099 1888 1172 ﬁgere
1919 1097 2115 1168 solent)

525 1197 579 1251 in
608 1194 939 1265 principibus
978 1194 1195 1248 familiis
1235 1193 1472 1263 opulenti
1509 1183 1724 1263 gregem
1761 1205 1924 1244 unum
1952 1198 2007 1243 et
2038 1188 2117 1242 al-

525 1298 698 1345 terum
739 1286 1081 1342 maclandum
1113 1284 1420 1352 dedissent,
1453 1300 1484 1339 e
1529 1283 1766 1340 tenebris
1802 1281 1908 1336 illis
1951 1289 2007 1334 ut
2048 1278 2116 1334 ad

524 1381 704 1436 lumen
758 1380 1044 1450 pristinum
1094 1378 1273 1432 redire
1323 1377 1587 1446 possent?
1635 1374 1832 1444 Insigni
1873 1369 2117 1442 profecto

525 1474 774 1545 exemplo
796 1516 810 1540 ,
843 1489 1001 1542 quam
1042 1471 1196 1527 facile
1234 1469 1628 1526 excellentibus
1657 1478 1850 1522 czetera
1888 1465 2116 1538 ingeniis

527 1567 779 1624 illecebra
809 1563 1064 1620 novitatis
1093 1565 1350 1633 imponat.
1383 1561 1544 1617 Certe
1564 1601 1579 1626 ,
1609 1559 1937 1630 quicumque
1965 1572 2115 1612 com-

2219 357 2387 425 gratia
2433 355 2824 426 relinquimus,
2855 369 2910 426 ct
2949 360 3190 430 ejusdem
3225 361 3384 427 latina
3416 361 3656 434 damus).
3694 361 3840 418 Irri-

2220 447 2369 502 debat
2412 449 2579 518 enim,
2613 461 2657 506 et
2688 451 2843 505 libere
2885 452 3222 522 loquebatur;
3256 470 3416 524 quare
3452 470 3568 509 cum
3619 455 3838 514 adoles-

2220 557 2338 597 cens
2383 543 2623 598 adversus
2666 544 2814 598 illum
2861 563 3038 621 aspere
3087 548 3211 612 quid
3259 549 3512 616 dixisset,
3555 549 3837 618 respondit

2218 634 2425 704 quidem
2464 635 2622 703 nihil,
2664 637 2754 691 sed
2803 648 3010 708 sumpta
3061 643 3260 708 festuca
3309 641 3549 712 pingebat
3599 643 3837 715 figuram

2219 727 2488 780 muliebria
2531 730 2798 798 patientis,
2845 731 3002 785 donec
3031 731 3318 796 videntibus
3345 734 3578 793 omnibus
3621 736 3840 790 adoles-

2217 834 2334 874 cens
2355 861 2370 885 ,
2395 820 2650 877 intellecta
2691 803 3321 894 contumelia,abicessit.
3354 826 3512 883 Tanti
3540 838 3659 884 erat
3698 826 3837 884 Cle-

2220 912 2334 968 rico
2391 913 2681 970 lrustillum
2720 918 3076 986 eruditionis,
3107 936 3207 988 qua
3252 934 3384 983 salte
3431 929 3488 977 et
3526 923 3723 988 varia,
3779 930 3842 990 et

2219 1004 2543 1076 multiplici,
2577 1007 2751 1064 dicam
2783 1010 2978 1082 etiam,
3009 1011 3060 1063 in
3090 1010 3252 1066 rebus
3281 1011 3524 1079 plurimis
3552 1012 3839 1081 exquisita

2221 1095 2492 1166 pollebat,
2523 1114 2591 1153 uc
2633 1100 2868 1168 periret.
2909 1111 2968 1155 ut
3016 1101 3098 1156 ad‘
3125 1102 3505 1173 gravissimum
3537 1119 3841 1175 argumen-

2220 1198 2332 1243 tum
2361 1191 2537 1259 turpia
2570 1191 2668 1245 ista
2689 1232 2705 1258 ,
2730 1201 2784 1247 et
2806 1233 2823 1258 ,
2855 1193 2900 1248 si
2930 1208 3040 1263 quo
3059 1193 3166 1250 alio
3195 1196 3250 1250 in
3277 1195 3430 1262 loco,
3461 1206 3609 1260 certe
3636 1198 3690 1252 in
3727 1198 3840 1253 hoc

2217 1294 2430 1336 summe
2481 1281 2765 1359 inhonesta
2813 1284 3032 1340 adferre
3079 1300 3184 1340 non
3239 1286 3536 1352 erubuerit.
3595 1287 3841 1358 Papiam

2219 1383 2513 1442 pra’terea,
2548 1374 2723 1428 virum
2764 1376 3121 1446 apostolicum
3157 1376 3378 1447 ineptiis
3415 1376 3566 1434 hisce
3601 1392 3840 1456 operam

2217 1461 2465 1519 dedisse!
2500 1464 2679 1524 Mitius
2716 1475 2940 1534 tamen,
2969 1483 3128 1543 quam
3159 1481 3284 1538 cum
3315 1468 3464 1534 illum
3492 1478 3547 1524 et
3573 1484 3789 1526 vanum
3815 1511 3833 1538 ,

2218 1561 2274 1608 et
2295 1555 2644 1624 impostorem
2673 1557 2956 1614 traducere
2981 1572 3087 1614 non
3119 1547 3378 1628 dubitavit
3399 1558 3499 1631 (i).
3525 1559 3718 1628 Adde,
3749 1561 3832 1616 in-

524 1659 846 1717 mentarium
876 1658 1006 1736 illud
1045 1656 1362 1726 expenderit
1385 1697 1400 1722 ,
1430 1655 1670 1720 mecum,
1702 1660 1759 1706 ut
1797 1661 1924 1722 puto
1946 1692 1959 1715 ,
1990 1666 2115 1704 sen-
2147 1634 2196 1695 Β
2223 1648 2362 1718 signi
2408 1649 2572 1704 etiam
2617 1651 3059 1721 parachronismo
3081 1692 3100 1717 ,
3141 1655 3188 1706 si
3227 1652 3480 1724 Laertius
3529 1652 3664 1722 vixit
3703 1663 3842 1725 post

525 1753 640 1808 tict.
671 1751 926 1820 Quamvis
952 1749 1190 1806 Clericus
1211 1789 1226 1814 ,
1261 1748 1350 1818 qui
1383 1755 1458 1801 tot
1485 1746 1584 1799 alia
1611 1743 1664 1799 in
1692 1759 1858 1814 opere
1890 1742 1982 1796 illo
2016 1757 2116 1796 no-

525 1848 593 1901 tis
640 1845 845 1900 criticis
904 1843 1188 1898 illustravit
1239 1841 1419 1910 (Edit.
1463 1840 1627 1893 altera
1681 1835 1931 1908 Francof.
1980 1834 2119 1907 apud

526 1935 773 1992 Thomam
802 1931 1096 2006 Fritsclt.),
1137 1930 1428 2010 παράδοξον
1473 1929 1612 1984 istud
1658 1925 2022 1992 Hainntondi,
2065 1934 2120 1979 et

526 2030 768 2094 infirma,
798 2027 844 2082 si
885 2043 989 2099 qua
1030 2041 1280 2095 umquam
1307 2066 1320 2089 ,
1369 2030 1682 2094 argumenta
1723 2021 1787 2073 ad
1831 2019 1972 2075 idem
2021 2015 2121 2072 lub-

525 2121 775 2180 cicndum
803 2122 965 2176 allata
992 2120 1182 2174 tacitus
1211 2116 1554 2188 praeterierit.

596 2215 740 2269 Inter
766 2228 946 2269 meros
972 2209 1212 2282 argentei
1247 2207 1448 2264 codicis
1480 2217 1564 2261 est
1588 2205 1748 2260 etiam
1786 2202 2010 2274 insignis
2039 2200 2119 2256 al-

525 2315 607 2362 ter
644 2305 713 2361 de
753 2300 1114 2380 prietermissa
1144 2299 1370 2355 Joannis
1407 2313 1501 2352 vm
1549 2297 1808 2350 adulterae
1853 2293 2111 2370 historia;

525 2400 615 2470 qui
656 2409 832 2453 tamen
869 2404 954 2452 est
983 2393 1061 2448 illi
1091 2408 1212 2447 cum
1243 2388 1625 2446 vetustissimis
1669 2387 1941 2458 plerisque
1969 2398 2120 2438 com-

521 2492 721 2546 munis.
765 2488 873 2544 Nos
910 2487 962 2542 in
993 2485 1218 2540 materia
1248 2484 1346 2538 ista
1371 2524 1385 2549 ,
1417 2491 1605 2552 utpote
1645 2495 1675 2533 a
1706 2478 1834 2532 viris
1863 2473 2117 2530 doctissi-

524 2582 626 2636 mis
648 2580 759 2650 jam
790 2580 1051 2634 exhausta
1076 2617 1091 2642 ,
1125 2588 1294 2646 pauca
1325 2581 1530 2627 tantum
1559 2570 1693 2625 alias
1721 2567 2008 2623 observata
2034 2553 2120 2619 hic

521 2670 804 2726 addemus.

596 2763 748 2818 Mitto
787 2759 920 2815 illttd
965 2757 1138 2816 Grotii
1182 2754 1404 2828 (Adnot.
1435 2753 1503 2808 ad
1540 2753 1595 2808 It.
1628 2753 1666 2807 ι.
1696 2749 1927 2820 Ιοαη.),
1977 2747 2119 2802 haud

520 2859 771 2928 scriptam
819 2853 1027 2909 scilicet
1071 2868 1102 2907 a
1142 2851 1384 2917 Joanne",
1435 2848 1529 2904 sed
1576 2847 1644 2902 ab
1691 2847 1847 2916 ipso,
1895 2842 2120 2913 aliisque

519 2935 777 3020 apostolis
801 2949 918 3002 viva
942 2961 1072 3001 voce
1098 2935 1254 3016 saepe
1272 2945 1538 2997 narratam
1563 2983 1577 3004 ,
1605 2947 1861 2994 attextam
1885 2935 2114 2991 subinde

2223 1737 2455 1792 Marcum
2486 1740 2815 1820 Antoninum
2850 1749 2909 1810 ut
2945 1751 3098 1812 putat
3125 1741 3466 1818 Palmeriiu's,
3495 1744 3670 1814 magis
3691 1760 3840 1806 vero

2222 1830 2266 1884 si
2296 1846 2439 1884 anno
2465 1830 2681 1898 circiter
2702 1845 2800 1888 ccx
2829 1831 2954 1890 .lcsu
2977 1832 3208 1900 Clu-isti,
3236 1832 3424 1906 Severi
3472 1849 3616 1905 svu.
3650 1849 3835 1902 svnt,

2223 1915 2471 1983 ﬂoruisse
2496 1921 2781 1990 credatur,
2815 1932 2873 1999 ut
2910 1923 2980 1992 ait
3013 1905 3424 1999 Tilleutontius;
3465 1922 3620 1994 adde.
3644 1913 3841 1994 Mena-

2221 2011 2366 2081 gium
2396 2013 2447 2067 iu
2491 2012 2650 2068 Praei.
2681 2013 2748 2069 ad
2793 1999 2975 2072 Laert‘.
3008 2015 3202 2088 Papias
3246 2017 3392 2095 enim
3433 2017 3837 2092 quinquaginta

2221 2104 2286 2158 ad
2321 2108 2496 2160 minus
2518 2106 2672 2160 annis
2691 2146 2708 2173 ,
2740 2122 2805 2162 ex
2837 2106 2938 2162 hoc
2967 2109 3207 2176 calculo,
3237 2117 3600 2186 praemortuus
3619 2108 3835 2180 Lael-to

2235 2195 2413 2254 fuerit.
3113 2251 3146 2272 ,
3269 2261 3271 2264 .
3407 2255 3410 2266 .
3528 2252 3530 2254 -

2300 2290 2506 2347 Desunt
2543 2293 2704 2370 etiam
2751 2293 2802 2348 in
2835 2293 3020 2350 codice
3060 2295 3199 2361 alia,
3231 2312 3352 2367 quae
3393 2297 3444 2352 in
3484 2296 3714 2369 Vulgata
3742 2301 3836 2370 le:-

2221 2393 2452 2451 guutur,
2511 2393 2568 2438 ut
2614 2384 2804 2465 Matth.
2855 2403 3042 2454 xxvii,
3077 2388 3160 2443 8:
3212 2386 3434 2457 Propter
3473 2389 3569 2446 hac
3617 2401 3838 2454 vocatas

2223 2481 2295 2525 est
2323 2489 2446 2543 ager
2484 2473 2573 2527 ille
2609 2474 2932 2538 Ilaceldama
2953 2519 2967 2540 ,
2998 2478 3093 2546 ltoc
3123 2489 3198 2533 est
3241 2495 3364 2549 ager
3393 2482 3656 2551 sanguinis
3678 2498 3696 2534 :
3731 2497 3838 2538 co-

2223 2561 2326 2618 dex
2353 2606 2368 2630 ,
2427 2567 2698 2635 przeterita
2747 2569 2936 2624 vocula
2995 2553 3584 2646 Haceldama,uocatus
3607 2582 3680 2648 est
3703 2591 3838 2648 ager

2223 2657 2518 2728 sanguinis.
2548 2657 2683 2713 Tum
2713 2658 2952 2727 ejusdem
2982 2645 3168 2736 xum,
3197 2645 3302 2727 '55,
3334 2662 3543 2734 integra
3569 2645 3834 2738 pericope

2225 2745 2348 2812 illa,
2377 2758 2429 2800 ut
2470 2747 2768 2818 impleretur
2795 2750 2929 2819 quod
2972 2751 3165 2804 dictum
3212 2761 3284 2807 est
3332 2769 3422 2822 per
3468 2752 3834 2824 PrOphetam,

2222 2836 2516 2894 Diviserunt
2563 2843 2690 2910 sibi,
2729 2852 2834 2898 etc.
2863 2843 2948 2900 Uti
2997 2845 3157 2928 etiam
3206 2861 3330 2919 vttt,
3363 2846 3431 2914 9,
3477 2863 3597 2901 nam
3638 2858 3686 2903 et
3737 2825 3836 2924 cpe

2224 2929 2376 2987 homo
2414 2951 2529 2988 sum
2569 2937 2661 2990 sub
2693 2946 2941 3004 potestate
2971 2939 3313 3006 constitutus,
3349 2940 3548 2996 omissa
3597 2950 3748 3018 sunt,
3775 2944 3834 3001 in

523 3017 690 3098 fuisse
726 3056 755 3096 a
795 3040 958 3110 Papia
979 3081 994 3106 ,
1036 3038 1262 3108 aliisque
1298 3033 1521 3092 Joannis
1561 3029 1840 3102 discipulis
1877 3027 2116 3100 ejusdem
2147 3017 2191 3080 C
2225 3035 2412 3081 nostro
2432 3066 2448 3091 ,
2478 3028 2571 3080 sub
2601 3038 2846 3102 potestate
2874 3031 3217 3108 constitutus;
3245 3047 3362 3098 qua:
3390 3032 3570 3087 versio
3591 3017 3833 3092 Gothica

519 3133 810 3208 Evangelio
827 3126 849 3202 ζ
875 3143 928 3190 et
957 3132 1024 3186 ab
1048 3131 1284 3186 Ecclesia
1314 3129 1588 3201 probatam
1613 3144 1624 3179 :
1650 3123 1791 3197 quod
1811 3118 1941 3179 satis
1967 3131 2118 3177 certo

521 3225 834 3284 tomimonio
879 3231 1150 3280 constaret
1179 3223 1246 3275 ab
1289 3219 1548 3290 apostolis
1588 3217 1858 3270 traditam.
1893 3213 2023 3267 Nam
2065 3219 2120 3266 et

527 3321 677 3375 nullo
708 3299 930 3370 omnino
959 3313 1310 3366 fundamento
1340 3307 1526 3361 nititur
1551 3305 1861 3374 cenjectura
1894 3303 2032 3366 ista;
2065 3309 2121 3355 et

522 3423 607 3468 est
629 3412 792 3464 etiam
815 3419 905 3461 res
928 3402 1149 3474 periculi
1177 3401 1328 3471 plena
1346 3438 1362 3462 ,
1389 3398 1433 3453 si
1457 3396 1584 3468 quid
1603 3438 1618 3462 ,
1642 3411 1740 3450 ceu
1768 3391 2114 3456 canonicum,

522 3505 642 3560 addi
693 3519 724 3556 a
770 3497 991 3570 privatis
1036 3493 1484 3566 evangelistarutn
1538 3487 1781 3545 historiae
1833 3486 1960 3541 olim
2017 3499 2117 3556 po-

525 3601 695 3654 tuisse
725 3593 1027 3649 credamus.

597 3691 791 3746 Millius
821 3687 885 3742 ad
912 3685 1053 3740 hunc
1080 3683 1260 3739 locum
1279 3722 1294 3749 ,
1320 3676 1598 3761 memoria:
1622 3674 1808 3746 lapsu,
1837 3671 2113 3737 extitisse,

525 3783 730 3856 inquit,
762 3779 1042 3835 historiam
1080 3775 1220 3829 hanc
1260 3773 1312 3827 in
1354 3767 1650 3840 Evangelia
1677 3763 1970 3820 secundum
2013 3761 2119 3856 lle-

523 3840 698 3936 bricos
723 3895 736 3931 :
767 3883 822 3929 et
847 3871 1041 3930 exinde
1068 3868 1192 3924 huic
1215 3874 1404 3921 nostro
1433 3871 1667 3916 assutam
1697 3875 1726 3913 a
1749 3859 1911 3928 Papia
1938 3898 1952 3923 ,
1983 3840 2118 3912 te'ste

525 3973 791 4036 Eusebio,
821 3968 885 4024 ll.
911 3965 976 4021 Ε.
1001 3980 1088 4031 ιιι,
1117 3961 1210 4017 59.
1238 3958 1378 4014 Nihil
1401 3955 1544 4012 enim
1573 3953 1640 4009 dc
1663 3951 1767 4007 hoc
1807 3959 2118 4006 assumento

523 4065 663 4137 apttd
697 4061 982 4117 Eusebium
1001 4097 1016 4124 ,
1049 4053 1139 4126 qui
1170 4049 1428 4128 praeterea
1469 4062 1567 4118 pro
1594 4046 1816 4100 muliere
1845 4041 2116 4109 adultera,

524 4158 794 4214 heminam
822 4151 982 4206 aliam
1012 4146 1302 4202 multorum
1343 4139 1628 4196 criminum
1661 4152 1806 4193 ream
1838 4151 1944 4191 non
1971 4149 2120 4190 com-

525 4253 900 4305 ηιοιιιοιστιεδοι.

593 4338 833 4393 Clericus
861 4331 1086 4387 miratur
1113 4322 1508 4383 Hammondnm
1531 4361 1546 4386 ,
1573 4317 1744 4376 Grotii
1775 4317 2118 4386 conjecturas

2223 3116 2470 3171 similiter
2511 3119 2788 3186 praeteriit.
2821 3119 2928 3202 Sed
2955 3118 3196 3176 delectus
3228 3121 3357 3188 isti,
3400 3111 3833 3199 quorumpleri-

2221 3222 2328 3276 quc
2351 3207 2716 3286 antiquissimi
2739 3221 2898 3276 sunt,
2931 3218 3040 3266 tum
3071 3213 3161 3266 alii
3196 3213 3358 3272 etiam
3383 3214 3594 3280 erudito
3627 3217 3832 3286 lectori

2221 3298 2402 3350 statim
2429 3283 2717 3367 patebunt:
2750 3317 2857 3356 non
2888 3289 3047 3359 secus
3077 3315 3238 3376 atque
3275 3289 3649 3382 assumcntum
3688 3281 3832 3366 illud

2222 3389 2383 3445 Luca:
2411 3407 2494 3459 ιιι,
2528 3392 2596 3447 56
2618 3434 2631 3457 ,
2661 3402 2716 3449 et
2751 3409 2875 3472 xm,
2912 3397 3006 3462 l7,
3038 3381 3249 3470 aliaque
3279 3381 3607 3472 hujusmodi.
3659 3457 3662 3466 ,

2294 3481 2498 3537 Addam
2527 3485 2809 3540 lectionem
2833 3495 3092 3566 argenteo
3113 3488 3284 3544 codici
3313 3492 3832 3566 peculiaremULucm

2221 3591 2348 3640 XXI,
2375 3576 2464 3632 ‘25.
2499 3577 2720 3648 Vulgata
2746 3597 2759 3636 :
2796 3579 2861 3650 Et
2900 3559 2950 3633 in
2981 3581 3128 3636 terris
3154 3559 3388 3653 pressum
3436 3559 3686 3660 gentiam.
3713 3559 3831 3661 pra:

2219 3667 2522 3738 confusione
2550 3671 2744 3725 sonitus
2771 3672 2928 3726 maris
2949 3713 2964 3738 ,
2997 3683 3043 3725 et
3072 3683 3238 3738 motus
3261 3676 3516 3744 ﬂuctuum
3543 3692 3561 3731 :
3588 3687 3786 3746 uoster
3809 3699 3828 3738 :

2223 3759 2290 3815 Et
2318 3762 2368 3814 in
2395 3769 2531 3816 terra
2556 3779 2797 3832 occursus
2823 3766 3050 3834 gentium
3081 3747 3340 3842 nimietate
3360 3810 3376 3835 ,
3409 3779 3464 3823 ut
3489 3747 3686 3842 sonitus
3711 3791 3832 3830 ma-

2220 3855 2327 3918 ris,
2367 3864 2414 3909 et
2460 3866 2625 3909 motus
2671 3857 2968 3938 ﬂuctuum;
3009 3839 3170 3928 quam
3225 3861 3349 3915 olim
3393 3839 3713 3934 putaveram,
3745 3867 3828 3934 ad

2221 3947 2538 4020 Tertulliani
2583 3949 2758 4004 locum
2809 3949 2980 4022 (Adv.
3027 3950 3197 4007 Marc.
3242 3971 3331 4028 tv,
3369 3954 3830 4030 59)|adornat,asn

2220 4039 2407 4106 fuisse,
2437 4039 2526 4094 ubi
2553 4039 2628 4094 ait
2653 4057 2666 4092 :
2700 4039 2808 4096 Sed
2839 4052 3119 4124 monstrato
3149 4044 3331 4100 dehinc
3361 4057 3585 4120 tempore
3608 4051 3829 4119 excidii,

2221 4148 2336 4184 cum
2365 4133 2593 4216 ccrpisset
2615 4132 2798 4187 vallari
2829 4135 3129 4204 epercitibus
3162 4135 3516 4212 Hierusalem,
3541 4142 3689 4218 signa
3705 4145 3831 4214 jam

2221 4223 2389 4276 ultimi
2415 4223 2533 4290 linis
2569 4233 2776 4278 enarrat
2796 4267 2811 4290 ,
2843 4227 2965 4304 solis
3006 4236 3053 4282 et
3093 4227 3263 4304 latice,
3295 4231 3620 4304 siderumque
3639 4235 3832 4308 prodi—

2222 4314 2323 4386 gia.
2356 4313 2420 4368 Et
2460 4315 2516 4399 in
2567 4323 2701 4401 terra
2729 4317 3009 4402 angustias
3033 4320 3297 4386 nationum
3336 4321 3825 4398 obstupescentimn.

523 4441 766 4485 secutum
794 4465 810 4486 ,
843 4423 1120 4477 historiam
1166 4420 1304 4472 hanc
1345 4411 1629 4469 retinuisse
1674 4408 1777 4484 (1η
1807 4406 1936 4462 Not.
1967 4406 2035 4460 ad
2063 4407 2116 4460 h.

2227 4406 2414 4463 Vmor
2451 4397 2494 4463 At
2524 4397 2712 4464 soatru
2745 4391 2918 4488 ntus“
2943 4391 3309 4484 reucrusarts
3349 4391 3446 4484 pro
3476 4391 3832 4492 expectatione

526 4527 588 4588 l.,
619 4522 763 4589 Edit.
787 4534 944 4586 supra
973 4511 1164 4585 laud.).
1200 4512 1430 4582 lpsemct
1451 4515 1630 4559 tamen
1655 4503 1708 4558 in
1734 4508 2121 4571 utroquetcxtu

526 4611 832 4671 Harmonia:
873 4604 1214 4676 Evangelica‘:
1257 4597 1482 4656 retinuit
1513 4613 1526 4649 :
1561 4603 1673 4650 tum
1705 4591 1757 4647 in
1791 4600 2124 4670 commenta-

526 4709 607 4765 rio
648 4702 905 4759 historico
951 4700 1110 4754 latius
1149 4695 1450 4765 digestam,
1499 4689 1552 4743 in
1593 4686 1888 4742 canonibus
1939 4691 2122 4754 postea

525 4796 870 4870 Evangelicis
911 4792 978 4847 ad
1009 4789 1314 4864 exemplum
1345 4782 1586 4838 adduxit.
1633 4777 1738 4868 sed
1773 4776 2124 4870 potiorijure

525 4867 864 4951 mirabuntur
901 4882 1144 4955 prol‘ecto
1194 4891 1385 4934 omnes
1413 4915 1426 4937 ,
1475 4871 1566 4944 qui
1617 4870 1845 4939 legerint
1889 4867 2119 4922 adducta

527 4987 724 5044 ibidem
751 4999 779 5037 a
805 4980 1016 5036 Clerico
1055 4974 1120 5029 ad
1162 4969 1354 5028 versic.
1386 4969 1418 5023 ϐ
1441 5009 1456 5033 ,
1485 4965 1571 5020 ubi
1617 4963 1810 5018 dicitur
1849 4960 2008 5040 Jesus
2040 4961 2122 5014 in-

527 5080 758 5135 clinasse
794 5087 882 5135 se,
913 5079 966 5123 et
991 5054 1157 5139 digito
1197 5064 1252 5117 in
1285 5071 1432 5137 terra
1463 5055 1776 5130 scripsisse,
1805 5061 1911 5108 etc.
1946 5051 2120 5107 Verba

527 5172 646 5242 ejus
670 5175 831 5224 sunt:
869 5161 970 5230 Qui
1012 5162 1142 5213 hanc
1170 5153 1432 5209 historiam
1461 5149 1697 5204 adsutam
1727 5146 1808 5200 hic
1851 5162 1958 5200 esse
2003 5163 2120 5218 cen-

530 5238 681 5328 sent,
715 5259 912 5329 possint
936 5245 1185 5323 suspicari
1227 5243 1484 5316 Papiam,
1525 5250 1610 5297 aut
1657 5241 1816 5295 alium
1858 5238 1987 5293 harae
2017 5240 2120 5294 cir-

529 5351 890 5408 cumstantiam
917 5351 1202 5399 ntutuatam
1231 5337 1424 5407 cepisse
1459 5351 1522 5389 ex
1547 5350 1627 5399 eo,
1658 5330 1794 5403 quod
1823 5334 2042 5401 refertur
2063 5329 2126 5383 de

532 5443 831 5502 Menedemo
855 5483 869 5506 ,
901 5448 947 5493 et
976 5434 1114 5508 quod
1151 5433 1226 5486 ita
1253 5423 1429 5485 narrat
1457 5424 1712 5499 Diogenes
1756 5422 1994 5477 Laertius
2033 5423 2122 5478 lib.

2228 4502 2626 4574 impendentium
2656 4503 2932 4574 malorum.
2983 4505 3089 4562 Sed
3124 4506 3267 4563 unde
3307 4507 3527 4570 demum
3568 4524 3830 4574 manave-

2231 4595 2333 4659 rit;
2362 4602 2511 4648 certe
2546 4596 2846 4674 energetica
2873 4603 2990 4662 est,
3020 4611 3084 4650 ac
3129 4597 3265 4652 mire
3309 4598 3633 4674 exprimitur
3675 4579 3831 4670 mur-

2231 4701 2351 4739 mur
2386 4686 2662 4742 immensae
2689 4671 2837 4754 illius
2866 4686 3223 4742 multitudinis
3248 4688 3349 4744 sibi
3377 4663 3830 4760 invicemooccur-

2230 4778 2463 4832 santium
2503 4792 2614 4848 pra:
2664 4777 2938 4833 anxietate
2988 4779 3349 4848 impendentis
3397 4781 3611 4856 ruinae,
3656 4783 3858 4841 veluti-

2229 4879 2312 4926 est
2350 4870 2514 4925 maris
2543 4870 2750 4928 sonitus
2781 4869 3110 4952 ﬂuctuantis.
3575 4941 3578 4946 ι

2298 4961 2381 5016 Ειι
2412 4962 2505 5017 tibi
2534 4961 2712 5016 locum
2741 4963 2912 5032 alium,
2935 4965 3134 5036 egregii
3168 4965 3460 5038 Scriptoris
3479 4985 3672 5040 ,quem
3695 4985 3830 5030 con-

2229 5065 2310 5112 tra
2330 5055 2926 5136 Marcionemltvhw)
2980 5069 3134 5128 urget
3185 5060 3483 5130 argumenti
3525 5063 3694 5133 gratia
3720 5103 3738 5128 ,
3771 5075 3829 5119 at

2228 5157 2511 5219 propterea
2533 5147 2612 5203 sic
2644 5149 2834 5226 lectum
2869 5151 2920 5205 in
2949 5151 3351 5220 exemplaribus
3377 5166 3597 5228 suorum
3616 5162 3830 5225 tempo-

2231 5255 2348 5296 rum
2381 5239 2568 5310 liquet.
2597 5238 2780 5310 Neque
2815 5241 2958 5294 enim
3001 5239 3293 5310 objecisset
3323 5241 3607 5297 lectionem
3637 5244 3705 5298 ab
3738 5260 3830 5300 ar-

2233 5333 2476 5406 clietypis
2499 5334 2786 5390 abeuntem
2809 5351 2823 5398 ;
2848 5334 3010 5388 Luca:
3039 5335 3336 5404 prteserlim
3357 5350 3550 5404 ,qucm
3577 5317 3828 5408 apostata

2236 5427 2328 5482 ille
2357 5443 2468 5498 pra:
2511 5427 2725 5482 caeteris
2771 5426 3114 5496 evangelistis
3162 5427 3472 5499 selegerat:
3514 5405 3825 5503 longoque,

603 5541 683 5640 (ι)
722 5567 948 5622 Dissert.
1002 5560 1072 5619 de
1115 5559 1272 5617 Auct.
1323 5553 1736 5628 Evangeliorum
1779 5553 1847 5610 ad
1896 5552 2099 5611 calcem
2141 5551 2328 5610 Harm.
2375 5553 2475 5610 Ev.
2527 5552 2762 5610 Observ.
2810 5549 2881 5607 ad
2918 5548 3123 5607 Herod.
3171 5549 3263 5608 lib.
3304 5566 3361 5619 ι,
3408 5547 3675 5607 Chronol.
3716 5549 3790 5608 ad

537 5645 700 5704 ﬁnem
723 5648 855 5696 tom.
885 5647 966 5692 ιιι.
