3950 6176
154 141 214 200 37
899 137 1119 197 EPIST.
1159 136 1408 197 PHlLlP.
1449 136 1815 211 GARBELLI,
1850 136 1942 196 DE
1978 136 2228 198 CODICE
2263 138 2618 202 BRIXIANO.

156 256 370 326 quamvis
420 268 661 325 perverso
684 269 793 310 usu
822 256 1069 311 callebat.
1098 254 1273 311 Locus
1312 260 1395 310 est
1423 253 1582 308 Luca:
1608 268 1663 307 xt
1689 295 1704 317 .
1735 258 1788 317 Α
1815 252 2214 324 interpolationi
2242 298 2255 323 ,
2307 273 2487 327 mera,
2545 268 2601 316 et
2651 258 2867 330 quidem
2923 261 2979 318 in
2997 277 3058 320 re
3104 263 3229 320 lacti
3268 262 3414 337 haud

157 349 239 414 i3,
274 348 355 401 ubi
401 345 642 417 Vulgata:
664 345 873 412 Quanto
903 347 1064 418 magis
1094 344 1252 398 Pater
1294 359 1454 399 restcr
1494 344 1556 398 de
1585 343 1710 398 caelo

153 442 278 494 dabit
310 441 740 511 Spiritumsimtm
782 437 1074 511 petentibus
1113 453 1209 502 se;
1262 435 1437 491 codex
1483 443 1668 490 noster
1694 476 1710 502 ,

155 532 382 605 Spiritum
418 547 687 593 SANCTUI.
741 540 797 584 ut
836 530 1025 587 Graeca
1071 528 1238 587 ferme
1290 528 1468 583 omnia
1512 533 1712 602 Πνεῦμα

154 625 297 699 ἅγιον.
324 624 665 680 Tertullianus
686 665 702 688 ,
731 624 964 697 Agnosco
993 623 1149 697 igitur
1178 632 1223 677 et
1272 621 1483 693 Patrem
1501 659 1520 690 ,
1565 637 1711 692 quem

153 719 284 771 etiam
309 717 526 789 appellas
557 725 856 773 creatorem.
889 714 913 768 Ι
923 732 1013 788 pse
1055 725 1155 791 est,
1206 714 1292 784 qui
1317 712 1413 767 scit
1464 712 1591 783 quid
1610 711 1711 783 [ilii

152 810 391 883 postulent.
437 808 578 881 Nam
617 820 665 864 et
720 824 904 880 panem
954 794 1234 881 petentibus
1292 805 1355 859 de
1398 804 1524 858 caelo
1572 802 1712 889 dedit

152 911 395 975 manna,ct
408 917 610 971 carnem
635 899 1040 975 desiderantibus
1076 894 1243 953 emisit
1278 896 1712 967 Ortigontetram;

150 1010 236 1046 non
254 990 516 1063 serpentem
542 1009 637 1064 pro
664 980 803 1065 pisce
822 1032 837 1057 ,
854 982 973 1067 non
992 1040 999 1057 ,
1017 990 1271 1062 scorpium
1295 1006 1389 1059 pro
1412 1005 1523 1044 ovo.
1555 986 1710 1043 Illiu's

152 1092 300 1137 autem
320 1084 406 1136 erit
428 1088 527 1136 non
556 1084 683 1137 dare
704 1082 898 1136 malum
928 1098 1023 1153 pro
1045 1081 1209 1150 bono,
1243 1082 1399 1151 cujus,
1435 1090 1712 1161 utrumque

151 1179 229 1231 sit.
260 1176 487 1235 Ctrtcrnm
534 1177 677 1234 Deus
718 1178 1006 1233 Marcionis
1049 1195 1153 1233 non
1172 1178 1371 1271 {labens
1400 1179 1661 1248 scorpium
1690 1220 1707 1248 ,

153 1287 241 1324 non
264 1281 438 1339 poterat
458 1271 513 1325 id
536 1288 592 1326 se
613 1272 784 1328 dicere
808 1288 910 1325 non
942 1270 1185 1325 daturum
1202 1311 1218 1338 ,
1246 1272 1383 1343 quod
1424 1287 1528 1325 non
1558 1270 1712 1324 habe-

150 1359 250 1427 bat;
275 1364 354 1416 sed
377 1362 461 1417 ille
480 1364 569 1433 qui
597 1361 789 1437 habens
816 1372 864 1417 et
885 1362 1145 1440 scorpium
1172 1366 1275 1416 'non
1300 1361 1409 1415 dat.
1445 1360 1626 1429 Itaque
1663 1368 1712 1415 et

148 1454 372 1511 Senum]
384 1471 625 1513 saucruu
656 1458 702 1511 is
724 1454 898 1526 dabit,
928 1457 1069 1528 apud
1085 1473 1235 1527 quem
1256 1468 1329 1511 est
1352 1466 1398 1510 et
1429 1444 1532 1511 non
1551 1444 1711 1515 sane?

148 1562 253 1602 τηε.

1816 360 2033 415 semper
2079 345 2239 416 felix,
2271 348 2583 418 cenjvctura
2607 360 2710 405 est.
2756 352 2892 408 lllttd
2922 356 3100 421 enim,
3151 354 3298 427 quod
3342 356 3414 419 ad

1812 436 2144 491 secernenda
2173 437 2239 491 ab
2264 440 2555 509 adjectitiis
2578 445 2810 511 genuina
2832 485 2849 511 ,
2878 446 2933 499 in
2964 447 3170 503 criticis
3193 446 3414 519 judiciis

1813 524 2103 599 plurimum
2154 531 2333 595 valet;
2393 549 2590 605 nempe
2642 536 2687 590 si
2737 537 2877 593 ratio
2933 539 3077 593 tmlla
3125 538 3415 615 amovendi

1812 621 2012 692 aliquid
2044 638 2075 678 a
2097 632 2340 680 veterum
2379 624 2627 699 scriptis,
2676 629 2972 701 probabilis
3002 646 3136 691 vero
3176 628 3415 710 addendi

1813 710 1979 801 fuisse
1999 712 2281 783 videatur,
2312 731 2417 772 non
2442 731 2574 793 raro
2614 716 2803 775 fallere
2844 729 3041 801 potest.
3091 723 3227 799 Sunt
3254 724 3412 801 plura

1812 796 1881 858 ab
1924 806 2280 863 oscitantibus
2333 808 2567 866 librariis
2612 810 2888 881 praeterita
2942 796 3050 869 alia
3094 796 3413 879 dielantium

1812 895 2023 965 oculos,
2041 896 2145 950 alia
2166 913 2323 955 aures
2337 899 2720 973 excipientium
2736 899 2923 958 fallere
2947 890 3214 973 solebant,
3233 900 3416 977 cujus-

1815 987 1959 1043 modi
1987 990 2064 1045 rei
2095 991 2347 1063 exempla
2376 1008 2482 1048 non
2516 1009 2682 1064 pauca
2711 996 2763 1051 in
2792 980 2944 1073 .ms's.
2970 980 3106 1069 ipsis
3135 998 3200 1054 N.
3231 976 3307 1057 T.
3332 976 3411 1057 le-

1812 1076 2061 1151 géntibus
2087 1093 2415 1153 occurrunt,
2446 1082 2521 1141 uti
2545 1087 2859 1167 estlinsigne
2889 1088 3019 1150 illud
3052 1089 3211 1169 Joan.
3243 1108 3295 1159 v,
3327 1092 3409 1169 4η,

1812 1176 1956 1247 quod
2000 1178 2158 1248 paulo
2178 1190 2306 1235 ante
2350 1180 2791 1257 observabamns.
2827 1184 3114 1255 Propterea
3147 1186 3412 1243 incertum

1810 1272 2033 1325 omnino
2064 1264 2145 1326 est
2175 1271 2354 1327 deleta
2386 1289 2451 1328 ne
2498 1272 2701 1330 fuerint
2723 1276 2885 1332 verba
2915 1277 3037 1347 illa,
3067 1292 3133 1335 an
3183 1290 3411 1352 practer-

1812 1361 1975 1418 missa
2001 1364 2054 1418 in
2083 1364 2418 1437 antigrapbis
2438 1406 2453 1429 ,
2485 1366 2536 1422 in
2565 1367 2760 1438 quibus
2784 1369 3001 1427 desunt.

1884 1454 2076 1511 Obstat
2100 1458 2262 1513 etiam
2318 1460 2629 1530 conjectura
2669 1458 2821 1517 Millii
2861 1462 3003 1519 inter
3047 1464 3269 1522 criticas
3299 1464 3418 1524 ani-

1815 1546 2221 1604 madversiones
2274 1548 2408 1605 illa:
2467 1550 2639 1623 magis
2690 1556 2886 1625 nempe
2936 1563 3244 1629 suspectam
3292 1573 3416 1623 esse

204 1634 489 1711 Espendam
531 1640 626 1697 hic
671 1640 960 1723 lectionem
1004 1639 1165 1719 aliam
1208 1642 1449 1719 argentei
1508 1641 1711 1697 codicis
1741 1647 1787 1709 Β
1816 1639 2128 1705 lectionem,
2150 1658 2271 1711 quia
2299 1658 2327 1697 a
2359 1640 3051 1727 paucis‘codiCibusmuam
3078 1665 3197 1721 qua:
3228 1666 3258 1705 a
3289 1632 3415 1727 plu-

145 1733 370 1799 Luccetx,
396 1733 498 1797 54⁷,
524 1751 691 1805 quam
716 1718 932 1791 secutus
949 1749 1121 1790 necne
1143 1734 1301 1789 luerit
1322 1718 1705 1802 Tertullianns,

144 1825 419 1897 ambigitur.
451 1820 526 1882 Ea
552 1836 643 1882 est
677 1822 959 1891 :Domtnc,
992 1826 1068 1879 vis
1108 1825 1323 1881 dicimus
1354 1835 1407 1879 ut
1444 1827 1577 1897 ignis
1620 1827 1710 1881 de—

144 1920 322 1973 scendat
355 1919 415 1974 de
444 1920 608 1986 caelo,
662 1898 708 1975 et
754 1930 1016 1975 consumat
1055 1920 1209 1985 illos,
1242 1935 1391 1977 SICUT
1413 1937 1481 1976 ET
1508 1920 1710 1979 iter.th

145 2026 309 2066 rem:
339 2028 453 2086 qua:
489 2013 688 2068 ultima
721 2012 884 2068 verba
916 2013 972 2067 in
1010 2010 1253 2084 Vulgata:
1310 2014 1709 2084 exemplaribus

146 2102 334 2160 desunt.

204 2193 487 2252 Lectionem
506 2176 655 2252 hanc
674 2197 854 2273 omnia
868 2195 988 2253 fere
1004 2211 1137 2251 mss.
1169 2197 1499 2268 exemplaria
1522 2196 1710 2254 Graeca

144 2287 399 2357 exhibent,
422 2298 567 2346 teste
614 2290 785 2347 Millio
811 2291 878 2347 ab
900 2291 957 2344 h.
993 2292 1027 2358 l.
1047 2332 1063 2359 ,
1120 2300 1230 2346 tum
1261 2290 1466 2362 Syrus,
1500 2290 1671 2347 Arabs
1691 2331 1709 2359 ,

145 2377 376 2450 Ethiops,
433 2380 704 2437 Gothicus
750 2382 1074 2452 interpretes
1101 2423 1118 2448 ,
1165 2382 1447 2453 ipsamque
1489 2382 1709 2437 retinuit

147 2471 366 2531 Erasmus
391 2477 441 2532 in
474 2477 722 2533 editione
735 2475 798 2530 N.
819 2476 879 2530 T.
898 2492 955 2531 Α.
971 2490 1171 2533 noLvnt
1191 2516 1207 2542 ,
1231 2475 1371 2545 apud
1390 2476 1704 2535 Rovillium.

147 2566 202 2621 Et
224 2568 291 2624 sic
308 2570 496 2641 legisse
527 2570 925 2627 Tertullianum
948 2578 1228 2641 potaverat
1254 2569 1474 2625 Millius.
1502 2569 1603 2625 Ast
1619 2569 1707 2625 ubi

149 2657 203 2713 ad
222 2658 595 2734 Prolegomena
624 2661 843 2717 tandem
875 2660 1185 2729 descendit,
1212 2661 1266 2716 in
1292 2659 1560 2717 diversam
1588 2677 1709 2715 om-

147 2750 250 2805 nino
271 2754 589 2809 sententiam
617 2754 750 2808 abiit
775 2751 885 2823 (Ν.
911 2753 966 2820 4,
996 2752 1122 2824 18).
1151 2751 1323 2807 Verba
1352 2750 1468 2823 ejus
1495 2751 1707 2818 damus,

148 2852 301 2914 utpote
325 2862 440 2916 qua:
467 2848 539 2902 ad
568 2847 850 2902 criteriunt
881 2845 1103 2913 hujusce
1131 2844 1234 2898 loci
1282 2860 1386 2898 non
1411 2859 1600 2914 parum
1628 2843 1708 2899 fa-

147 2936 283 2990 ciant.
315 2920 622 3010 chuentia,
666 2938 871 3008 inquit,
904 2940 971 2999 ὡς
998 2940 1081 2993 καὶ
1122 2935 1286 3009 Ἠλὶᾳς
1329 2937 1569 3005 ἐποίησε,
1598 2951 1715 3008 quae

1812 1729 1965 1786 rimis
1998 1730 2337 1789 exhibentur.
2359 1730 2586 1791 Dillicile
2615 1736 2760 1792 enim
2790 1740 2873 1792 est
2901 1738 3108 1794 creditu
3123 1750 3202 1801 tot
3221 1758 3416 1798 exem-

1813 1823 1979 1891 plaria
2006 1865 2021 1888 ,
2058 1840 2163 1878 non
2190 1836 2297 1879 uno
2327 1824 2485 1903 loco,
2517 1840 2581 1881 ac
2610 1833 2850 1898 tempore
2872 1844 2991 1884 cum
3015 1830 3081 1887 ab
3095 1830 3416 1907 antiquariis

1812 1914 1878 1972 ad
1902 1917 2171 1988 publicum
2201 1931 2394 1985 usum,
2431 1920 2539 1973 tum
2583 1934 2615 1974 a
2665 1919 2990 1989 privatorum
3019 1922 3268 1999 pluribus
3304 1910 3411 1999 sibi

1810 2008 1947 2077 ipsis
1986 2017 2169 2079 parata
2190 2050 2206 2075 ,
2233 2025 2263 2087 e
2283 2019 2540 2081 corrupto
2590 2011 2844 2083 qtmpiatn
2877 2013 3085 2086 singula
3143 1998 3411 2087 prodiisse

1812 2102 1956 2173 quod
2013 2119 2044 2158 e
2084 2113 2271 2158 contra
2329 2104 2510 2173 paucis
2556 2105 2802 2161 accidere
2852 2106 3106 2163 facillime
3154 2088 3407 2180 poterat;

1813 2202 1924 2249 tum
1949 2194 2146 2266 Syrum
2166 2238 2181 2262 ,
2231 2194 2465 2250 Arabem
2491 2239 2506 2263 ,
2535 2195 2847 2267 Ethiopem
2872 2238 2887 2264 ,
2916 2197 3201 2255 Gothicum
3245 2200 3415 2259 inter-

1813 2286 2047 2355 polatis,
2097 2284 2185 2341 hic
2223 2286 2326 2341 loci
2355 2328 2370 2352 ,
2410 2289 2614 2342 [omnes
2679 2288 3012 2361 antigraphis
3057 2305 3203 2348 usos.
3256 2288 3410 2351 Adde

1811 2377 1999 2435 Graeca
2023 2375 2193 2434 ferme
2220 2378 2424 2447 omnia,
2450 2378 2654 2435 fatente
2670 2379 2859 2450 Millio,
2882 2379 2961 2438 sic
2982 2381 3189 2454 legere,
3213 2385 3409 2455 quibus

1813 2479 1994 2526 tamen
2043 2470 2111 2525 ab
2157 2471 2432 2526 adnotatis
2483 2487 2512 2526 a
2545 2472 2920 2542 Tertulliano,
2952 2475 3184 2545 aliisve,
3233 2494 3332 2535 seu
3375 2460 3410 2535 tt

1812 2559 2017 2616 Latinis
2071 2562 2472 2633 exemplaribus
2540 2562 2707 2620 verba
2727 2563 2819 2620 illa
2871 2565 3196 2637 irrepsisse,
3249 2568 3411 2641 pauci

1806 2653 1916 2709 sibi
1954 2654 2329 2723 persuadeant.
2363 2655 2535 2711 Rarus
2561 2657 2705 2713 enim
2730 2698 2746 2726 ,
2773 2666 2897 2715 cuin
2956 2659 3160 2717 Latiare
3189 2663 3405 2735 lingnm,

1810 2752 1925 2801 tum
1954 2747 2067 2802 At‘ri
2091 2747 2235 2804 illius
2260 2789 2275 2814 ,
2299 2747 2640 2823 aliorumque
2655 2765 2686 2807 e
2708 2754 2909 2810 nostris
2928 2755 3253 2827 scriptorum
3276 2772 3408 2816 usus

1806 2840 1952 2910 apud
1998 2840 2299 2900 Orientales
2331 2851 2460 2899 tunc
2491 2845 2748 2915 temporis
2779 2846 2896 2904 fuit.
2953 2847 3150 2906 Rarior
3191 2850 3409 2922 Vulgati

1812 2931 2127 3002 interpretis
2153 2975 2168 3001 ,
2197 2943 2288 2991 aut
2313 2928 2495 2992 verius
2530 2937 2713 2993 nullus
2738 2978 2753 3005 ,
2775 2952 2884 3010 quo
2933 2942 3155 2997 minime
3202 2941 3413 3016 indige-

146 3032 402 3085 scntcntiarn
420 3032 611 3087 Jacobi
642 3041 692 3085 et
718 3030 940 3085 Joannis
971 3039 1077 3085 tam
1110 3031 1382 3101 insigniter
1410 3031 1706 3096 illustrant,
1734 3021 1781 3085 C
1815 3023 1962 3079 baut.

145 3124 202 3175 ad
236 3127 501 3199 marginem
528 3124 653 3179 libri
680 3141 713 3179 a
740 3124 968 3179 studioso
984 3122 1206 3195 quodam
1253 3122 1520 3190 adscripta
1555 3121 1716 3193 fuisse

144 3220 452 3274 contnzentarii
495 3221 651 3284 loco,
691 3217 907 3288 indeque
949 3217 1216 3283 transiisse
1258 3216 1313 3270 in
1365 3231 1551 3286 corpus
1592 3231 1715 3269 con-

146 3315 319 3374 tectus,
340 3327 419 3364 res
446 3311 572 3380 ipsa
614 3307 824 3362 clamat.
859 3309 984 3374 Quis
1012 3309 1147 3362 enim
1175 3324 1333 3361 sanus
1364 3317 1467 3360 tam
1493 3306 1715 3377 insignia

147 3397 389 3455 deiecerit!
410 3401 564 3466 Ima,
596 3390 1020 3475 quodsententia:
1046 3399 1398 3469 apostolorum
1422 3396 1550 3469 lucis
1576 3396 1713 3451 haud

145 3511 295 3558 pamn
317 3495 655 3568 aﬂundercnt
670 3536 686 3562 ,
712 3486 917 3571 arrepta
943 3494 1081 3547 haud
1102 3493 1278 3552 dubito
1296 3493 1351 3553 in
1377 3500 1590 3567 iculum.
1611 3490 1717 3571 (ἐφη

148 3596 283 3641 teram
304 3606 332 3641 a
352 3587 684 3644 Tertulliano
708 3568 839 3641 lecta
860 3586 1019 3658 fuisse
1040 3584 1150 3640 lucc
1185 3584 1324 3656 quod
1349 3601 1440 3639 nos
1482 3584 1606 3638 olim
1662 3568 1715 3638 in

147 3680 255 3734 notis
265 3680 444 3736 nostris
454 3678 829 3751 a/jirmavintus
844 3720 860 3748 ,
884 3695 984 3732 non
1012 3679 1083 3732 ita
1103 3670 1415 3749 liquidumJ
1424 3677 1536 3757 llud
1554 3679 1719 3757 magis

147 3772 395 3827 mosimilc
434 3781 544 3839 est,
596 3773 887 3841 examinum
930 3767 1102 3836 Elite,
1148 3770 1213 3839 ab
1255 3771 1366 3843 ipso
1396 3754 1560 3847 lib.”
1591 3769 1710 3824 adu.

146 3858 430 3919 Harsionem
449 3905 466 3931 ,
492 3862 601 3929 25;
635 3863 852 3933 aliisque
883 3868 1111 3916 notatum
1131 3860 1201 3916 ad
1227 3858 1365 3915 hunc
1390 3859 1588 3927 locum,
1629 3877 1719 3916 oc-

145 3955 369 4010 casionem
388 3956 599 4012 dedisse
626 3956 749 4010 huic
779 3954 1179 4026 interpolationi.

202 4044 435 4105 Proiecto
465 4048 615 4115 haud
662 4046 795 4123 satis
826 4046 1085 4120 liquidum
1132 4047 1277 4101 itane
1308 4044 1361 4099 in
1407 4043 1717 4115 apographo

145 4135 281 4195 Luce
298 4141 487 4214 legerit
512 4139 908 4209 Tertulliaaus,
924 4154 993 4195 an
1017 4141 1247 4217 ipsemet
1261 4135 1393 4191 Eliaz
1407 4137 1714 4207 exemplum

144 4230 399 4288 addiderit.
427 4232 612 4289 Verba
643 4231 761 4302 ejus
786 4241 911 4287 sunt
937 4250 963 4309 :_
991 4230 1352 4303 Repraesentat
1401 4226 1613 4284 Creator
1640 4230 1719 4301 ig-

146 4324 262 4379 nium
276 4328 508 4399 plagam,
533 4324 694 4381 Helia
712 4326 1005 4397 postulante
1019 4367 1035 4394 ,
1048 4326 1104 4379 in
1123 4325 1214 4379 illo
1235 4323 1716 4399 Pseudopropheta.

1890 3116 2029 3181 Ast,
2056 3117 2203 3185 quod
2246 3131 2335 3172 me
2363 3118 2534 3188 magis
2562 3118 2773 3175 inducit
2800 3130 2857 3176 ut
2881 3121 3098 3178 credam
3124 3164 3139 3190 ,
3170 3124 3241 3179 ita
3269 3124 3410 3181 anti-

1816 3207 2002 3278 quitus
2031 3207 2232 3262 lectum
2256 3249 2272 3274 ,
2300 3218 2384 3264 est
2411 3202 2534 3264 iacti
2561 3210 2729 3280 ipsius
2749 3211 2965 3279 raritas,
2993 3226 3056 3269 ac
3076 3214 3411 3286 magnitudo.

1817 3297 2001 3369 ignem
2045 3298 2249 3355 scilicet
2273 3298 2342 3355 de
2392 3300 2532 3356 caelo
2562 3301 2615 3356 in
2646 3302 3097 3361 contumeliosum
3150 3304 3411 3378 oppidum

1819 3392 2024 3461 precari
2052 3392 2326 3462 apostolos
2353 3392 2493 3449 velle
2521 3434 2536 3460 ,
2560 3395 2811 3466 exemplo
2836 3396 2986 3452 nullo
3013 3400 3309 3469 praeuntc.
3334 3400 3415 3460 Ac

1818 3493 2103 3554 propterea
2148 3483 2637 3541 verosim'tllimum
2668 3496 2787 3554 est,
2819 3487 2950 3547 Elite
2993 3488 3129 3550 illud
3153 3531 3169 3556 .
3224 3502 3417 3562 utpote

1818 3576 2032 3647 insigne
2060 3576 2238 3645 adeo,
2268 3586 2436 3648 atque
2483 3580 2627 3636 inter
2651 3579 2870 3659 διδάξω
2900 3586 3170 3645 notoriam
3194 3588 3416 3647 Christo

1818 3667 2109 3729 adduxisse
2135 3712 2151 3736 ,
2181 3678 2240 3725 ut
2263 3669 2512 3735 eamdem
2539 3712 2555 3739 ,
2603 3688 2724 3744 quae
2746 3674 2874 3733 olim
2926 3679 3203 3748 propheta:
3245 3679 3369 3739 data
3388 3708 3411 3752 η,

1823 3770 2149 3832 potestatem
2179 3762 2427 3833 ipsismet
2448 3760 2671 3820 faceret.
2878 3808 2879 3811 η
3066 3761 3073 3768 ’

1889 3850 2041 3921 Quod
2072 3844 2253 3923 supra
2279 3852 2593 3911 dicebamus
2617 3896 2632 3921 ,
2689 3856 2843 3923 plura
2867 3857 2937 3914 ab
2980 3860 3413 3931 exscriptoribus

1819 3946 1920 4002 hac
1951 3946 2114 4002 illhac
2133 3946 2472 4018 praetermitti
2498 3947 2771 4018 potuisse,
2806 3952 3016 4009 monuit
3040 3969 3129 4011 me
3156 3954 3261 4012 loci
3281 3956 3419 4016 alte-

1820 4038 1934 4093 rius
1949 4036 2111 4094 Lucae
2136 4052 2208 4103 vt,
2237 4037 2308 4094 26
2327 4081 2345 4106 ,
2368 4038 2459 4094 ubi
2487 4038 2711 4110 Vulgata
2732 4056 2857 4099 cum
2878 4042 3084 4103 Graecis
3099 4043 3274 4104 ferme
3293 4063 3416 4106 om-

1820 4128 1982 4183 nibus
2013 4144 2027 4182 :
2055 4128 2357 4185 Secundum
2378 4128 2490 4186 lucc
2511 4132 2649 4186 enim
2679 4132 2936 4200 faciebant
2960 4136 3420 4211 pseudoprophetis

1819 4232 1991 4293 patres
2015 4237 2193 4277 eorum
2211 4262 2229 4290 ,
2254 4223 2532 4293 exemplar
2553 4233 2796 4280 nostrum
2811 4266 2829 4291 ,
2851 4227 3107 4297 faciebant
3133 4239 3184 4284 e't
3196 4233 3423 4303 prophe-

1820 4314 1906 4369 tis.
1953 4314 2019 4370 Et
2066 4316 2145 4370 sic
2201 4314 2420 4372 codices
2446 4316 2610 4388 aliqui
2653 4328 2780 4375 ante
2828 4318 3249 4395 Hieronymum,
3280 4333 3422 4383 teste

148 4415 563 4489 Agnoscejudicis
591 4418 921 4474 severitatem.
948 4413 996 4471 E
1024 4427 1205 4491 contra
1232 4414 1426 4471 Christi
1454 4417 1708 4471 lenitatem
1733 4412 1789 4473 D
1814 4407 2000 4463 Μὶιιὶο-
2046 4408 2115 4464 Et
2157 4409 2245 4466 Sict
2290 4410 2504 4481 legebat
2567 4409 2933 4471 Tertullianus
2974 4415 2995 4487 (
3022 4414 3139 4473 Lib.
3178 4432 3235 4475 tv
3298 4422 3422 4479 adu.

147 4505 421 4577 increpantis
444 4508 677 4575 capidem
704 4507 1196 4569 animadversionem
1221 4505 1535 4579 destinantes
1557 4506 1715 4560 disci-

147 4596 272 4665 βίοι
290 4616 435 4671 super
461 4598 614 4655 illum
660 4598 886 4653 uiculum
927 4596 1326 4675 Santaritarum.
1361 4595 1555 4663 Certe,
1588 4611 1711 4650 cum

151 4686 206 4761 ad
244 4688 502 4748 laudatam
531 4691 695 4748 Luca:
725 4686 1017 4761 pericopeu
1050 4688 1351 4759 respiceret
1385 4686 1479 4743 lib.
1505 4687 1572 4742 de
1610 4686 1711 4741 Pa-

154 4778 307 4837 tientia
328 4784 381 4848 3.
408 4782 541 4843 Elia:
567 4798 675 4840 non
698 4782 967 4838 meminit.
990 4779 1166 4836 Verba
1189 4781 1307 4850 ejus
1330 4778 1522 4835 damus
1538 4793 1568 4834 a
1589 4778 1711 4833 Mil-

152 4866 213 4926 iio
226 4890 317 4945 non
339 4876 623 4931 observata
644 4893 658 4928 :
680 4873 805 4929 Non
824 4885 1112 4944 peccatores
1124 4872 1146 4948 (
1160 4870 1332 4943 inquit
1345 4870 1712 4929 Tertullianus

157 4959 431 5025 deChristo
451 4970 682 5041 loquens
696 4954 740 5039 )l,
772 4985 873 5023 non
899 4966 1213 5022 Publicanos
1260 4976 1564 5037 aspernatus
1612 4976 1711 5021 est.

157 5050 261 5110 Non
292 5060 365 5114 illi
400 5062 577 5117 saltem
604 5060 800 5115 ciuitati
818 5098 836 5126 ,
862 5073 975 5130 qute
995 5074 1112 5113 eum
1160 5058 1387 5128 recipere
1434 5057 1670 5112 noluerat
1696 5097 1713 5123 ,

154 5144 290 5221 iratas
313 5163 419 5222 est;
441 5172 554 5210 cum
573 5154 731 5210 etiam
742 5134 983 5222 discipuli
1012 5160 1116 5205 tam
1135 5149 1502 5205 contumelioso
1527 5148 1718 5221 Oppido

155 5241 350 5300 caelestes
369 5249 499 5319 ignes
525 5245 889 5317 reprmentari
915 5244 1210 5300 voluissent.

212 5332 460 5394 Caterum
480 5320 640 5398 verba
672 5338 767 5393 illa
796 5354 826 5390 a
857 5336 1085 5406 quodam
1114 5334 1318 5392 codicis
1348 5334 1433 5389 sui
1484 5334 1713 5407 margini

156 5426 415 5502 Idsuipta,
435 5442 491 5487 ut
510 5429 935 5497 asseritblilli'us,
961 5430 1087 5486 inde
1131 5430 1183 5484 in
1207 5438 1516 5485 contextum
1533 5437 1711 5484 trans-

156 5518 299 5601 "nsse‘:
322 5526 529 5607 tumualb.
559 5505 685 5607 aliis
704 5527 868 5607 etiam
891 5524 1001 5603 ,uti
1031 5518 1179 5597 prius
1213 5520 1577 5601 Tertullianus
1597 5562 1614 5590 ,
1643 5521 1712 5595 ad

158 5606 306 5671 locum
352 5594 493 5677 anili.
520 5596 683 5679 Lucio
728 5594 913 5675 notata
937 5616 1281 5675 occasionem
1334 5615 1548 5674 dedisse
1585 5612 1713 5670 huic

1822 4499 1988 4557 Marc.
2011 4497 2053 4573 ).
2078 4500 2402 4560 observante
2417 4502 2631 4561 eodem.
2650 4504 2829 4565 Verba
2855 4507 2974 4579 eius
2994 4518 3156 4571 sunt:
3189 4512 3284 4570 γω
3300 4531 3421 4570 τινα

1817 4593 1958 4650 vobis
2010 4593 2360 4653 benediurint
2387 4595 2621 4654 homines
2645 4615 2666 4654 :
2689 4600 2967 4658 secundum
3016 4604 3127 4660 Iun
3162 4608 3424 4678 faciebant

1814 4695 1864 4749 et
1889 4686 2152 4758 prophetis
2166 4695 2337 4758 patres
2364 4687 2591 4744 illorum.
2611 4689 2788 4761 Eque
2809 4692 3020 4750 Creator
3056 4696 3423 4756 benedictionis

1810 4788 1863 4839 et
1886 4778 2057 4837 laudis
2081 4778 2325 4836 humanm
2352 4790 2627 4839 sectatores
2652 4784 2852 4841 incusat
2883 4800 2974 4857 per
3020 4787 3250 4845 Esaiam.
3311 4789 3424 4848 Po-

1814 4871 1967 4944 pulus
1988 4886 2131 4925 meus
2146 4911 2163 4939 ,
2185 4873 2274 4942 qui
2290 4887 2386 4951 cos
2409 4874 2580 4931 beatos
2602 4876 2776 4933 dicunt
2790 4920 2805 4945 ,
2827 4879 3078 4936 seducunt
3094 4896 3183 4937 uos
3197 4923 3214 4950 ,
3236 4893 3286 4939 et
3311 4885 3425 4942 vias

1812 4966 2003 5039 pedum
2029 4956 2628 5023 uestrorumdisturbant
2655 4966 2814 5041 (Esai
2838 5011 2854 5033 .
2879 4987 2964 5040 ιιι,
2988 4952 3113 5045 12).
3142 4973 3416 5045 Legenda,

1816 5073 1937 5129 quae
1965 5057 2032 5113 ad
2088 5056 2234 5119 hunc
2278 5057 2459 5116 locum
2487 5058 2707 5121 adducit
2745 5062 2979 5129 Millius;
3028 5073 3142 5121 tum
3198 5066 3422 5125 Erasini

1814 5151 2076 5223 judicium
2100 5192 2117 5217 ,
2143 5153 2235 5223 qui
2265 5153 2489 5222 putabat
2524 5153 2892 5213 diversitatem
2947 5156 3087 5216 hanc
3115 5160 3186 5217 ab
3236 5161 3422 5219 erudi-

1776 5238 1781 5241 ’
1813 5243 1927 5303 tulo
1951 5243 2185 5314 quodam
2225 5243 2280 5298 in
2306 5244 2524 5302 codices
2548 5245 2797 5313 primitus
2826 5247 3132 5320 irrepsisse.
3162 5251 3276 5323 Ego
3307 5268 3423 5312 non

1815 5335 2035 5401 dubito,
2065 5335 2324 5407 quidquid
2362 5345 2643 5407 peccatum
2683 5339 2757 5396 sit
2776 5340 3000 5398 librario
3051 5342 3277 5412 deberi,
3324 5348 3422 5418 qui

1814 5427 2316 5506 cumprsecedenti
2342 5437 2612 5509 commate
2635 5430 2709 5486 9.5
2726 5473 2744 5500 ,
2771 5431 2962 5507 eadem
3010 5434 3233 5493 omnino
3246 5437 3423 5494 verba

1815 5519 2073 5593 legisset,
2105 5528 2199 5601 aut
2349 5519 2765 5603 locireﬁnenda
2812 5523 3275 5603 censuit,_sicque
3314 5528 3424 5598 pri-

1818 5630 1933 5672 mas
1961 5614 2199 5689 syllabas
2242 5615 2299 5672 in
2342 5613 2797 5693 pseudoprophetis
2825 5615 3118 5691 praeteriit;
3150 5624 3285 5687 aut,
3322 5619 3428 5683 ιιμ
