3950 6176
524 173 594 233 39

1824 156 2415 237 .PRDLEGOMENA.
2496 148 2506 159 ’

3755 163 3828 222 60

522 292 1217 359 lentibusocnlis,comma
1246 289 1373 345 illud
1402 303 1501 360 pro
1530 288 1701 344 altero
1724 288 1919 344 iterum
1963 288 2109 357 legit.
2144 289 2189 348 Λ
2221 294 2329 356 pla,
2363 284 2484 354 quia
2531 284 2582 338 in
2630 281 2885 338 Africana
2928 281 3175 339 Ecclesia
3220 279 3323 337 soli
3373 279 3590 338 codices
3641 280 3830 337 Latini

524 381 687 440 Certe
715 383 781 437 ad
829 383 1101 438 laudatum
1134 382 1306 437 Esaia:
1354 382 1533 437 locum
1560 380 1863 449 respexisse
1911 380 2119 435 videtur

523 473 774 531 Salvator
805 486 1008 531 uoslcr.
1056 475 1125 530 Et
1153 473 1297 545 quod
1344 473 1474 527 olim
1506 472 1992 543 pseudoprophele
2021 471 2116 536 illi,

526 567 616 636 qui
649 566 832 623 videre
854 568 982 622 falsa
1004 609 1019 632 ,
1045 577 1097 623 et
1126 566 1375 621 divinare
1390 566 1587 636 populo
1612 565 1948 619 mendacium
1977 566 2121 619 diee-

526 658 758 726 bantur,
787 660 858 715 ita
883 660 1044 715 etiant
1068 674 1174 715 non
1204 659 1505 724 defuturos,
1529 658 1618 729 qui
1643 701 1657 726 ,
1688 658 1753 713 ad
1778 668 2121 713 contumaces

512 748 839 808 Judaaorum
868 752 1077 806 animos
1121 750 1519 816 obﬁrmandos,
1570 749 1706 805 bona
1734 758 1789 806 et
1839 751 2009 805 fausta
2057 750 2121 806 iis

527 861 785 917 oggerere
813 862 920 901 non
948 846 1291 910 desinerent;
1323 861 1459 916 quos
1485 853 1766 915 propterea
1791 843 2123 914 pseudopro-

528 939 705 1009 phetis
745 937 1083 995 assimilavit.
1118 938 1187 993 Et
1215 953 1378 1005 sane,
1411 937 1517 992 nisi
1562 937 1801 992 obstaret
1827 950 2123 991 consensus

526 1033 767 1086 omnium
800 1033 1077 1099 hucusque
1126 1029 1379 1085 codicum
1408 1070 1423 1093 ,
1458 1028 1744 1099 legendum
1799 1028 2073 1083 videretur
2104 1067 2119 1091 ,

528 1122 824 1177 Secundum
855 1123 963 1175 hare
983 1122 1114 1175 enim
1139 1122 1390 1193 faciebant
1412 1120 1866 1192 pseudoprOphetw
1896 1120 2123 1191 patribus

525 1215 754 1269 illorum.
784 1214 890 1271 Sed
920 1214 1023 1270 hoc
1046 1224 1101 1269 ut
1127 1216 1493 1286 conjecturam
1521 1213 1821 1283 simplicem
1848 1214 2056 1269 damus.

600 1327 839 1398 Longior
864 1326 986 1391 sim,
1016 1327 1062 1383 si
1087 1327 1389 1396 peculiares
1413 1326 1674 1381 lectiones
1696 1325 1832 1379 alias
1862 1326 1911 1378 in
1937 1325 2124 1380 codice

528 1430 714 1476 nostro
739 1435 769 1474 a
800 1419 1019 1490 Vulgata
1051 1420 1335 1484 abeuntes,
1372 1418 1661 1473 nonnullas
1713 1418 1871 1470 etiam
1927 1416 2123 1470 frustra

528 1526 559 1565 a
611 1511 740 1566 viris
786 1510 958 1566 doctis
1008 1511 1325 1565 sollicitatus
1374 1508 1683 1579 expendere
1744 1508 1831 1562 hic
1881 1524 2117 1575 pergam.

528 1600 829 1672 przesertim
848 1618 990 1667 cum,
1008 1616 1128 1671 quae
1143 1616 1243 1656 nos
1266 1599 1476 1654 adferre
1494 1614 1795 1669 possemus,
1828 1598 2121 1652 adtulerint

2227 377 2638 447 Evangeliorum
2668 376 3005 446 legebantur.

2294 469 2403 525 Cur
2430 469 2500 524 ita
2534 470 2764 524 senserit
2806 468 3069 538 Rigaltius
3098 467 3275 524 fateor
3304 482 3392 523 me
3420 483 3525 523 non
3568 466 3826 537 adsequi.

2223 560 2335 616 Nisi
2382 562 2428 616 si
2479 560 2616 617 forte
2647 562 2786 616 haud
2818 560 2932 616 ﬁeri
2963 562 3203 631 potuisse
3228 561 3608 627 arbitrabatur,
3643 568 3704 614 ut
3736 576 3826 615 ar-

2223 652 2456 724 chelypa
2485 654 2853 723 apostolorum
2899 652 2967 708 ad
3000 652 3318 709 Tertulliani
3358 667 3529 722 usque
3574 660 3825 721 tempora

2225 754 2596 815 superessent.
2631 743 2701 800 Ut
2739 744 2868 815 quid
2919 744 3064 800 enim
3106 743 3238 801 Afer
3267 745 3367 800 iste
3394 743 3463 800 ad
3493 743 3617 799 illas
3663 743 3824 799 dum-

2226 846 2372 893 taxat
2398 838 2672 894 Ecclesias
2694 845 3069 908 provocasset,
3099 838 3164 894 ad
3195 853 3329 909 quas
3350 837 3827 909 Apostolumscri—

2226 931 2402 999 psisse
2429 938 2766 1000 compertum
2800 930 2922 985 est?
2949 929 3032 984 An
3062 945 3169 985 non
3210 940 3265 985 et
3312 930 3455 1001 apud
3501 930 3635 986 alias
3688 944 3826 999 apo-

2226 1026 2431 1096 grapba
2498 1025 2866 1096 Epistolarum
2919 1026 3071 1083 Pauli
3123 1026 3469 1094 autltentica,
3528 1027 3575 1082 si
3630 1024 3830 1082 Graece

2225 1117 2464 1189 scripta?

2296 1209 2591 1275 Simonius,
2641 1219 2701 1265 ut
2744 1210 2798 1266 in
2849 1211 3121 1284 plerisque
3171 1211 3307 1268 locis
3352 1210 3601 1267 historia:
3649 1210 3826 1280 illius,

2228 1317 2328 1357 nec
2371 1302 2502 1357 satis
2532 1318 2759 1378 memor,
2790 1314 2845 1360 et
2875 1320 3061 1375 parum
3094 1304 3196 1360 sibi
3244 1304 3345 1374 ipsi
3389 1314 3648 1359 constans
3699 1319 3825 1359 cum

2225 1396 2467 1465 apprime
2501 1396 2727 1450 fidenter
2756 1396 2983 1451 dixisset
3021 1396 3122 1469 (Η.
3164 1396 3221 1452 C.
3256 1395 3416 1452 Parte
3445 1397 3485 1464 Ι,
3518 1398 3585 1468 t),
3637 1397 3829 1466 primis

2228 1485 2335 1541 illis
2365 1486 2621 1543 Ecclesiae
2654 1489 2988 1557 temporibus
3018 1489 3237 1544 difficile
3281 1490 3446 1543 fuisse
3489 1504 3651 1543 veros
3701 1505 3831 1559 apo-

2227 1580 2512 1648 stolorum,
2546 1591 2631 1635 aut
2678 1581 3066 1650 discipulorum
3114 1582 3278 1637 libros
3307 1583 3374 1637 ab
3418 1581 3486 1638 iis
3511 1598 3828 1650 secernere,

528 1671 760 1752 “mssa
810 1697 937 1763 alii,
1003 1711 1229 1764 quorum
1277 1709 1445 1764 opem
1499 1694 1768 1762 inspicere
1818 1692 1971 1747 nobis
2020 1707 2125 1746 ηοη
2157 1681 2204 1738 Β
2232 1688 2366 1742 quos
2396 1671 2637 1728 haeretici
2668 1674 2805 1727 ﬁctis
2835 1689 3021 1728 eorum
3073 1673 3384 1728 nominibus
3431 1672 3828 1741 inscribebant,

529 1785 699 1843 licuit.
731 1787 914 1858 Itaque
939 1787 1106 1841 satius
1133 1785 1239 1840 erit
1283 1785 1348 1839 ad
1392 1783 1765 1854 hujuscemodi
1796 1782 2125 1852 exemplaria

529 1895 843 1945 conversos,
893 1878 1033 1951 unde
1083 1893 1150 1934 ea
1204 1878 1418 1932 domum
1473 1875 1762 1933 lectionum
1815 1876 2068 1939 varietas,
2098 1891 2127 1929 a

530 1972 750 2044 quibus,
783 1981 871 2027 aut
899 1971 1112 2041 quando
1141 1970 1319 2025 invehi
1350 1979 1550 2040 ccepta,
1582 1978 1842 2039 quantum
1876 1968 2127 2038 equidem

530 2072 588 2120 et
616 2064 915 2119 obscuritas
955 2073 1278 2133 temporum,
1314 2073 1363 2117 et
1413 2062 1615 2132 ingenii
1647 2061 1790 2118 vires
1834 2062 2127 2132 patiuntur,

532 2156 853 2228 disquirere.
940 2149 944 2157 ’

605 2273 824 2328 Certum
854 2280 954 2337 est,
991 2282 1046 2325 ttt
1070 2281 1226 2327 antea
1257 2271 1590 2336 dicebamus,
1634 2269 1817 2326 divina
1861 2270 2134 2337 apostolo-

534 2379 655 2420 rum
711 2372 1079 2429 monumenta,
1129 2372 1185 2417 ut
1228 2379 1456 2433 quzeque
1508 2363 1813 2432 prodibant,
1861 2361 2134 2418 Ecclesias

532 2458 674 2524 illas,
702 2457 897 2526 quibus
927 2456 1100 2525 primo
1130 2456 1496 2520 innotuerant,
1548 2455 1604 2508 in
1651 2454 1868 2509 codices
1896 2469 2022 2508 suos
2050 2469 2135 2509 re-

535 2550 755 2615 tulisse;
790 2558 898 2604 tutn
930 2564 1115 2603 earum
1161 2547 1471 2617 apograplta
1523 2546 1885 2616 propioribus,
1930 2546 2135 2615 hasque

535 2646 763 2700 invicem
790 2642 911 2697 aliis
936 2644 1366 2697 communicasse
1397 2641 1670 2706 fidelibus,
1706 2650 1765 2695 ut
1793 2648 1988 2710 prazsto
2014 2653 2135 2696 esse

535 2744 760 2808 possent
789 2754 802 2791 :
840 2751 900 2791 ea
933 2735 1178 2805 profecto
1205 2750 1334 2791 cura
1375 2734 1669 2804 descripta,
1700 2750 1819 2804 quae
1848 2735 2135 2804 puritatem

535 2831 809 2886 nascentis
851 2831 1132 2896 Ecclesiae,
1181 2840 1345 2900 atque
1372 2844 1498 2896 una,
1530 2829 1859 2899 scriptorum
1885 2842 2139 2883 reveren-

538 2922 692 2989 tiam,
744 2922 1165 3000 dignitatetnque
1215 2922 1442 2978 decebat
1488 2940 1501 2975 :
1557 2921 1712 2989 viris,
1760 2932 1820 2977 ut
1867 2921 2014 2978 credi
2041 2936 2140 2992 par

534 3024 639 3082 est,
672 3015 738 3070 ad
768 3030 962 3071 munus
1007 3015 1139 3070 illud
1188 3015 1413 3071 delectis
1434 3057 1448 3082 ,
1480 3030 1705 3085 quorum
1734 3015 1802 3071 de
1831 3015 1936 3071 ﬁde
1967 3029 2031 3069 ac
2055 3014 2138 3070 di-

531 3107 750 3178 ligentia
779 3108 974 3178 ambigi
1008 3108 1228 3164 minime
1273 3116 1492 3178 posset;
1522 3115 1579 3162 et
1617 3108 1696 3162 sic
1724 3108 1995 3177 prioribus
2022 3122 2131 3162 ste-

535 3198 672 3253 culis
712 3200 765 3253 itt
797 3200 1005 3253 illarum
1035 3199 1291 3255 sacrariis
1319 3198 1623 3255 castissime
1651 3198 1857 3263 habita,
1903 3198 2134 3254 fortasse

538 3292 699 3347 etiam
728 3292 868 3361 apud
914 3292 1171 3359 privatos,
1217 3290 1308 3359 qui
1355 3290 1476 3359 plus
1519 3303 1732 3361 sapere,
1782 3304 1942 3360 quam
1972 3303 2135 3359 opor-

539 3391 700 3449 teret,
735 3381 971 3436 nondum
999 3380 1336 3437 didicissent.

611 3498 681 3553 Et
709 3512 842 3553 sane
869 3514 975 3553 non
1028 3498 1202 3553 solum
1236 3497 1377 3553 haud
1424 3498 1684 3565 proclive,
1716 3497 1809 3554 sed
1855 3514 2031 3570 neque
2058 3508 2140 3556 tu-

541 3598 655 3645 tum
689 3598 815 3645 tunc
843 3599 979 3656 erat,
1013 3590 1326 3661 quidquam,
1360 3591 1502 3661 quod
1527 3591 1596 3645 ab
1617 3591 1927 3665 archetypis
1957 3594 2142 3650 ditl'er-

537 3692 646 3748 ret,
680 3684 732 3737 itt
760 3682 1067 3755 apographa
1096 3683 1374 3740 intrudere
1406 3702 1418 3736 :
1467 3683 1574 3740 illis
1600 3683 1777 3740 adhuc
1811 3686 1952 3756 apud
1987 3687 2138 3758 prin-

542 3773 692 3844 cipes
716 3774 995 3830 Ecclesias
1021 3775 1386 3841 manentibus,
1417 3774 1485 3829 ad
1518 3790 1652 3846 quas
1680 3791 1981 3847 provocare
2011 3778 2141 3835 lice-

539 3875 647 3922 ret.
681 3865 834 3933 Quod
866 3864 1062 3922 fecisse
1091 3866 1301 3921 videtur
1328 3866 1690 3923 Tertullianus
1738 3867 1839 3941 (De
1866 3872 2134 3943 prazscrip.

542 3957 747 4013 Ila-ret.
778 3956 990 4027 xxxvn),
1041 3967 1096 4012 et
1141 3957 1358 4028 quidem
1404 3969 1653 4015 conserta
1699 3975 1819 4016 cum
1872 3960 2141 4019 haereticis

542 4067 741 4118 manu;
770 4052 859 4121 qui
891 4049 939 4105 si
970 4049 1268 4119 fefellisset,
1319 4060 1411 4106 aut
1451 4051 1727 4108 credulum
1773 4068 1894 4109 eum
1938 4054 2138 4121 ridere,

542 4152 634 4198 aut
680 4140 997 4198 mendacem
1044 4140 1325 4197 traducere
1369 4151 1637 4212 poterant.
1680 4143 1769 4197 Ait
1819 4144 1964 4199 enim
1992 4162 2005 4199 :
2038 4146 2145 4216 Age

530 4238 669 4308 jam,
700 4235 787 4305 qui
814 4234 951 4289 voles
980 4234 1330 4289 curiositatem
1360 4235 1541 4290 melius
1580 4251 1819 4290 exercere
1847 4237 1901 4289 in
1942 4237 2144 4306 negotio

541 4330 725 4384 salutis
752 4340 873 4393 tute,
904 4345 1145 4400 percurre
1175 4327 1437 4383 Ecclesias
1465 4329 1794 4398 apostolicus,
1836 4330 1979 4398 apud
2018 4345 2163 4400 quas.

2232 1764 2609 1821 deﬁcientibus
2672 1766 2946 1833 archivis,
3009 1767 3075 1822 ad
3125 1784 3244 1837 quae
3292 1784 3587 1838 provocare
3639 1768 3832 1826 ﬁdeles

2234 1867 2477 1927 possent,
2525 1874 2631 1913 non
2659 1861 2839 1930 ,multo
2871 1867 3055 1929 postea
3106 1859 3385 1915 intervallo
3429 1860 3729 1932 subjungit.
3777 1861 3830 1918 Si

2232 1949 2446 2018 quando
2475 1949 2737 2005 sectarius
2768 1950 2965 2020 aliquis
2992 1949 3114 2006 ﬁcta
3143 1950 3432 2021 Evangelia
3462 1951 3829 2021 opposuisset,

2234 2039 2353 2095 falsi
2381 2042 2685 2095 convictum
2715 2058 2743 2095 a
2775 2042 3047 2106 Patribus,
3091 2040 3156 2096 ad
3187 2057 3309 2097 vera
3360 2042 3446 2096 illa
3484 2043 3830 2112 provocanti-

2237 2132 2357 2194 Ιηις,
2391 2148 2509 2200 qua:
2558 2134 2607 2185 in
2654 2134 2909 2188 Ecclesiis
2960 2133 3290 2203 aposmlicis,
3323 2133 3546 2203 perinde
3574 2150 3641 2190 ac
3686 2135 3737 2190 si
3782 2136 3830 2189 in

2234 2225 2492 2290 archivis,
2522 2226 2896 2280 servabantur.
2930 2224 3007 2280 Iis
3052 2226 3176 2280 ιὀηι
3205 2227 3488 2280 convaincu
3517 2227 3580 2281 de
3605 2228 3661 2280 la
3688 2227 3833 2297 [ausa

2234 2320 2338 2372 sete
2363 2318 2449 2372 des
2480 2328 2637 2383 astes,
2662 2318 2788 2386 qtt’if
2804 2319 3093 2390 produisait
3124 2335 3250 2388 pour
3270 2318 3341 2373 les
3368 2322 3721 2387 VERITABLES,
3749 2321 3833 2391 qui

2236 2425 2289 2461 se
2319 2410 2666 2463 conservaient
2703 2409 2833 2463 dans
2887 2410 2959 2463 les
3002 2408 3205 2479 Eglises
3246 2411 3613 2481 apostoliqucs,
3665 2421 3713 2465 et
3752 2412 3832 2481 qui

2236 2501 2458 2554 tenaimt
2483 2501 2585 2554 liett
2615 2500 2916 2555 d’archives.
2949 2501 3086 2568 Quid
3118 2502 3296 2571 itaque
3322 2503 3439 2556 alia:
3467 2518 3573 2558 non
3604 2513 3830 2575 aposto-

2236 2593 2353 2648 licae
2399 2594 2487 2667 ubi
2534 2610 2669 2665 Opus
2712 2595 2893 2649 esset?
2938 2594 3072 2649 Tum
3121 2594 3262 2665 quod
3295 2596 3345 2649 in
3387 2594 3607 2662 Africm,
3647 2597 3830 2664 Italiae,

2237 2683 2558 2752 Galliarum,
2587 2684 2815 2755 aliisque
2853 2684 3160 2741 Occidentis
3202 2687 3457 2742 Ecclesiis
3503 2689 3554 2742 itt
3584 2687 3829 2744 Latinam

2238 2776 2473 2847 linguam
2525 2778 2783 2832 translata
2835 2778 3121 2849 Evangelia
3162 2779 3489 2850 legerentur,
3535 2797 3667 2837 num
3710 2798 3831 2851 pro-

2241 2879 2423 2936 pterea
2450 2886 2599 2937 vera,
2631 2881 2791 2941 atque
2815 2872 3122 2927 authentica
3143 2887 3263 2928 esse
3302 2872 3613 2929 desierant?
3639 2876 3830 2943 Quam-

2242 2964 2323 3018 vis
2370 2980 2475 3019 non
2526 2964 2593 3020 de
2643 2965 2971 3035 Evangeliis,
3020 2965 3117 3021 sed
3163 2965 3231 3021 de
3289 2966 3528 3023 Paulinis
3574 2967 3831 3039 Epistolis

2163 3050 2206 3113 C
2242 3058 2489 3128 loquatur
2518 3059 2649 3113 inihi
2676 3058 3061 3114 Tertullianus.

2310 3151 2493 3219 Itaque
2543 3161 2891 3218 superessent
2934 3151 3227 3207 etiamnum
3269 3152 3415 3208 illius
3441 3169 3556 3209 azvo
3585 3164 3831 3225 autogra-

2241 3241 2341 3310 pha
2374 3240 2619 3309 Apostoli
2651 3241 2702 3296 itt
2735 3244 3052 3303 memoratis
3104 3244 3386 3311 Ecclesiis,
3416 3261 3608 3312 necne,
3656 3246 3829 3316 profeo

2242 3342 2329 3386 cto
2354 3333 2471 3388 sine
2501 3333 2709 3389 idoneis
2740 3336 3123 3401 monumentis,
3157 3338 3210 3392 in
3241 3353 3299 3393 re
3337 3338 3481 3403 facti,
3510 3348 3568 3393 ut
3595 3338 3701 3396 hoc
3730 3348 3829 3407 est,

2241 3439 2401 3479 nemo
2447 3433 2651 3481 statuat
2696 3426 2955 3497 prudens.
3005 3428 3257 3487 Altamen
3297 3429 3441 3501 quod
3490 3433 3699 3488 servari
3743 3447 3832 3504 po—

2242 3516 2461 3580 tuerint,
2514 3518 2645 3573 nihil
2692 3528 2858 3574 velat.
2911 3520 3022 3575 lmo
3065 3520 3211 3590 quod
3258 3532 3507 3590 servata,
3554 3523 3716 3596 longe
3755 3530 3833 3579 est

2242 3613 2626 3669 verosimilius.
2674 3614 2731 3670 Si
2789 3615 2931 3669 enim
2977 3624 3055 3669 tot
3093 3628 3308 3686 ectypa,
3349 3632 3447 3672 cur
3491 3633 3597 3672 non
3647 3617 3833 3674 arche-

2245 3715 2407 3775 typa,
2460 3705 2603 3760 unde
2652 3706 3038 3761 manaverant?
3090 3706 3142 3761 in
3192 3708 3386 3778 quibus
3443 3717 3499 3764 et
3543 3710 3830 3765 maximum

2246 3796 2615 3852 Ecclesiarum
2665 3797 2866 3864 decus,
2912 3798 2978 3851 ad
3024 3814 3157 3869 quas
3206 3799 3343 3855 data:
3393 3799 3652 3871 Epistolas:
3704 3800 3829 3865 illm,

2243 3904 2362 3958 quae
2386 3902 2445 3943 se
2499 3889 2568 3943 ab
2596 3888 2857 3958 Apostolo
2903 3888 3148 3945 fundatas
3197 3890 3393 3946 merito
3434 3890 3828 3962 gloriabantur;

2245 3991 2299 4036 et
2345 3990 2540 4050 praesto
2587 3996 2804 4051 semper
2847 3981 3141 4036 auctoritas
3189 3992 3375 4037 contra
3423 3992 3740 4051 novatores,
3788 3981 3829 4037 si

2244 4072 2371 4143 qttid
2400 4073 2451 4128 in
2481 4073 2806 4143 apograpltis
2848 4073 3036 4129 dolose
3062 4074 3281 4140 addere,
3314 4074 3583 4142 omittere,
3619 4090 3833 4146 perver-

2247 4174 2360 4221 tere
2393 4167 2710 4221 niterentur.
2740 4164 2820 4221 Ac
2846 4176 3153 4236 propterea,
3202 4182 3309 4222 non
3337 4167 3460 4237 quia
3490 4167 3679 4224 Graece
3707 4167 3831 4224 scri-

2248 4265 2351 4326 plac
2396 4257 2447 4311 in
2494 4258 2855 4326 peculiaribus
2880 4257 2991 4313 illis
3033 4258 3313 4326 Ecclesiis,
3345 4274 3466 4313 nam
3496 4274 3649 4330 reque
3676 4260 3727 4314 itt
3761 4266 3832 4313 tot

2246 4347 2389 4414 aliis,
2424 4347 2519 4402 sed
2552 4350 2691 4418 quod
2718 4348 2997 4427 ἵδιὸχειραι
3022 4351 3152 4420 ipsae
3180 4350 3329 4405 Pauli
3364 4351 3619 4422 Epistola:
3648 4366 3832 4424 supcr-

542 4422 668 4491 ipsa:
696 4421 867 4475 adhuc
894 4421 1152 4475 cathedra:
1177 4420 1529 4491 apostolorum
1556 4421 1665 4473 suis
1693 4421 1819 4474 locis
1840 4421 2131 4491 prtesident,

2247 4439 2400 4494 stites
2424 4449 2623 4505 essent,
2658 4441 2725 4495 ad
2753 4441 2849 4497 has
2878 4443 3250 4512 provocaverit
3277 4443 3656 4500 Tertullianus.

541 4512 685 4583 apud
712 4528 836 4581 quas
862 4513 989 4583 ἱρείη
1017 4527 1373 4568 aerumna/5
1407 4512 1590 4566 litterae
1617 4526 1795 4566 eorum
1835 4515 2136 4583 recitantur,

541 4613 779 4660 sonantes
793 4621 981 4671 vocem,
999 4614 1045 4658 et
1066 4613 1491 4677 reprwsentantes
1518 4605 1703 4674 faciem
1718 4606 2138 4675 uniuscuiusque.

544 4695 799 4751 Proxima
846 4704 919 4750 est
967 4697 1056 4749 tibi
1088 4695 1325 4751 Achaia?
1355 4696 1508 4750 habes
1556 4694 1884 4750 Corinthum.
1933 4696 1993 4750 Si
2040 4714 2143 4753 non

544 4789 695 4860 longe
719 4805 772 4843 es
798 4806 831 4843 a
873 4788 1202 4855 Macedonia,
1232 4788 1386 4843 habes
1414 4788 1710 4860 Philippos,
1747 4790 1898 4845 habes
1922 4789 2143 4846 Thessa-

544 4883 786 4939 lonicam.
820 4883 881 4939 Si
910 4893 1051 4954 potes
1081 4886 1135 4937 in
1162 4883 1337 4937 Asiam
1375 4882 1602 4948 tendere,
1651 4882 1806 4938 habes
1851 4883 2135 4954 Ephesum.

544 4974 609 5031 Si
642 4985 811 5030 autem
854 4974 1026 5029 Italite
1064 4974 1296 5048 adjaces,
1330 4974 1572 5041 Romam,
1605 4976 1741 5029 unde
1768 4976 1913 5030 nobis
1941 4992 2139 5046 quoque

543 5067 822 5120 auctoritas
849 5076 1034 5137 prtesto
1060 5075 1152 5120 est.
1184 5064 1302 5120 Non
1328 5080 1416 5120 me
1447 5064 1581 5119 latet
1605 5079 1725 5133 qua:
1756 5064 1962 5120 fuerint
2000 5066 2139 5136 apud

545 5156 835 5227 Rigaltium
866 5155 1049 5227 (Notis
1076 5156 1138 5209 ab
1180 5156 1232 5209 It.
1264 5156 1348 5224 1.).
1384 5155 1602 5211 Litterae
1631 5154 1748 5210 ista:
1787 5156 2137 5226 authenticze,

543 5248 613 5304 ad
662 5262 794 5319 quas
842 5256 1102 5319 provocat
1147 5247 1537 5312 Tertullianus,
1586 5248 1765 5319 lingua
1807 5248 2015 5306 scilicet
2044 5267 2137 5307 ea-

543 5339 689 5407 dem,
723 5355 829 5411 qna
858 5340 1070 5396 fuerant
1095 5339 1164 5394 ab
1192 5339 1450 5410 apostolis
1476 5340 1820 5410 conscriptae.

617 5453 917 5521 Simonius,
970 5453 1256 5525 Rigaltium
1286 5461 1524 5521 secutus,
1556 5452 1656 5527 (11.
1687 5453 1745 5510 C.
1780 5453 1857 5510 N.
1892 5454 1952 5510 T.
1984 5455 2143 5512 Parte

544 5545 587 5602 l.
617 5548 714 5617 tv),
744 5547 886 5616 ideo,
937 5547 1130 5619 inquit,
1177 5562 1299 5604 cum
1345 5546 1412 5603 ad
1459 5546 1767 5603 authentica
1809 5547 2141 5618 exemplaria

545 5649 883 5715 provocaret,
911 5656 1018 5698 non
1046 5640 1148 5698 alia
1178 5640 1542 5712 intellexisse,
1589 5654 1751 5713 quam
1783 5638 1970 5697 Grmce
2000 5640 2137 5696 scri-

2319 4531 2400 4586 Ad
2447 4533 2730 4603 Evangelia
2780 4535 2920 4604 quod
2967 4545 3197 4606 spectat,
3246 4539 3492 4609 quamvis
3540 4537 3829 4605 Simonius,

2246 4623 2366 4679 loco
2411 4625 2824 4694 supralaudato,
2870 4638 3080 4683 servata
3133 4630 3188 4684 in
3216 4629 3483 4686 Ecclesiis
3525 4630 3830 4700 apostolicis

2245 4731 2432 4771 eorum
2491 4717 2782 4788 archetypa
2830 4720 3070 4777 sensisse
3113 4721 3380 4789 videatur,
3432 4737 3591 4778 nemo
3634 4731 3826 4788 tamen,

2246 4809 2389 4879 quod
2418 4809 2609 4876 sciam,
2645 4812 2871 4880 prtecise
2914 4812 2981 4867 ad
3010 4812 3225 4868 illorum
3258 4813 3474 4884 aliquod
3503 4812 3827 4885 provocavit,

2246 4913 2443 4974 praeter
2489 4903 2707 4959 Petrum
2753 4906 3178 4963 Alexandrinum
3210 4906 3263 4963 in
3294 4908 3597 4979 fragmento
3636 4908 3705 4965 de
3731 4907 3828 4962 Pa-

2246 4996 2452 5062 schate,
2482 4997 2549 5053 de
2572 5013 2678 5069 quo
2707 5009 2916 5069 postea.

2320 5091 2540 5157 Verum,
2592 5103 2884 5164 utcumque
2931 5109 2998 5150 ex
3044 5096 3147 5151 hoc
3195 5094 3313 5165 ipso
3350 5094 3491 5167 quod
3522 5094 3826 5167 primigenia

2170 5228 2173 5233 μ
2246 5183 2378 5239 Novi
2425 5183 2671 5240 Foederis
2719 5194 3066 5241 monumenta
3124 5186 3177 5241 in
3221 5186 3533 5256 apostolicis
3579 5183 3828 5242 Ecclesiis

2247 5284 2615 5343 servarentur,
2647 5276 2867 5333 difﬁcile
2895 5277 3057 5333 fuerit
3084 5279 3136 5332 in
3166 5292 3353 5333 eorum
3387 5278 3711 5350 apograpltis
3737 5274 3828 5331 ali-

2247 5368 2376 5440 quid
2404 5373 2721 5435 immutare;
2772 5370 2901 5425 nihil
2933 5382 3108 5426 tamen
3138 5371 3275 5426 adeo
3305 5371 3495 5428 efﬁcax
3540 5372 3607 5427 ad
3653 5379 3826 5427 custo-

2248 5461 2496 5516 diendam
2539 5463 2751 5518 illorum
2798 5464 3156 5533 integritatem
3191 5472 3317 5520 tunc
3348 5465 3607 5535 temporis
3633 5464 3749 5531 fuit,
3776 5467 3829 5515 ιιι

2249 5568 2377 5609 cura
2405 5552 2539 5623 ipsa,
2568 5564 2621 5609 et
2646 5554 2945 5610 reverentia
2987 5569 3263 5611 sacrorum
3303 5556 3571 5623 codicum,
3613 5569 3732 5612 cum
3774 5552 3829 5606 ﬁ-

2249 5644 2453 5701 delium
2484 5646 2827 5718 simplicitate
2854 5647 3163 5720 conjuncta.
3196 5650 3267 5707 Et
3291 5650 3389 5721 ita,
3421 5649 3667 5722 quamvis
3703 5662 3829 5707 nou-
