3950 6176
193 189 252 248 tt
943 187 1157 246 EPIST.
1201 145 1446 246 ptitur.
1489 171 1862 254 causam,
1903 123 2000 245 ori
2030 185 2278 247 comes
2315 189 2664 252 BRIXIANO.

3393 207 3464 264 42

195 299 313 356 nulli
351 298 401 355 in
425 297 531 355 suis
569 298 968 370 exemplaribus
993 301 1192 358 audere
1228 301 1431 372 aliquid
1459 300 1752 372 potuerint,
1783 304 1838 364 Α
1862 298 1967 355 tius
2011 301 2274 391 sumenda
2303 305 2417 359 sint
2447 304 2590 361 beati
2635 305 2930 378 Scriptoris
2968 309 3154 379 verba,
3203 311 3346 391 haud
3387 319 3459 374 ita

194 395 240 450 in
265 393 619 450 ecclesiasticis
649 401 830 451 tamen
859 394 914 451 id
943 395 1058 451 ﬁeri
1091 397 1354 466 potuisse,
1379 395 1754 451 difﬁcillimum

193 496 335 557 puto.
359 485 454 541 Aut
477 485 618 541 enim
651 486 901 557 privatim
925 503 955 543 a
977 489 1148 545 sacris
1179 489 1438 545 duntaxat
1468 489 1750 556 ministris,

193 588 277 635 aut
301 575 492 649 publice
517 593 548 633 a
578 578 896 646 lectoribus,
928 588 982 637 et
1006 581 1226 652 quidem
1255 582 1610 652 praesentibus
1640 583 1754 640 fere

200 688 389 744 semper
407 673 672 745 episcopis
693 673 1032 746 legebantur.

251 767 297 824 Si
319 766 433 838 quid
466 778 642 824 tamen
671 767 942 843 conjicere
970 767 1120 836 licet,
1159 784 1267 826 non
1297 767 1502 840 primo,
1542 769 1638 826 sed
1669 769 1748 824 al-

192 868 287 915 tero
327 858 547 915 fortasse
589 859 826 925 szeculo,
876 860 1146 917 incertum
1188 859 1634 932 praesumptione,
1681 875 1751 918 an

185 952 505 1019 credulitate,
556 967 847 1024 paucorum
901 953 1125 1010 seholiis
1175 955 1368 1011 tentari
1401 965 1578 1026 coepta
1625 971 1748 1012 eum

189 1047 482 1116 Grecorum,
516 1061 625 1104 tum
664 1047 982 1106 Latinorum
1012 1050 1258 1106 codicum
1288 1049 1472 1107 facies.
1506 1051 1631 1106 Mox
1655 1065 1751 1106 au-

190 1151 260 1197 cta
293 1143 339 1197 in
372 1142 480 1198 dies
515 1151 568 1198 et
614 1143 846 1210 litteris,
885 1151 941 1200 et
979 1143 1178 1200 divitiis
1224 1144 1488 1210 Ecclesia,
1526 1143 1750 1200 libertas

189 1233 338 1304 major
371 1235 590 1305 gliscere
614 1233 816 1306 'caapit.
880 1235 1115 1292 Eruditis
1154 1235 1467 1292 Graecorum
1516 1234 1750 1305 ingeniis

185 1329 462 1398 apostolicae
511 1330 561 1385 in
620 1331 913 1388 scribendo
973 1331 1369 1402 simplicitatis,
1428 1330 1746 1386 Latinorum

185 1435 296 1476 vero
315 1423 468 1487 illius,
496 1438 596 1493 qua
631 1423 792 1495 primi
834 1424 1182 1495 interpretes,
1217 1425 1281 1480 ad
1316 1425 1502 1496 populi
1527 1432 1745 1494 captum

179 1511 506 1581 ἰδιωτιΰοντες,
540 1515 621 1571 usi
655 1517 708 1571 in
753 1517 1135 1574 transferendo
1164 1517 1403 1582 fuerant,
1444 1519 1586 1574 male
1625 1535 1747 1589 per-

181 1604 327 1660 taesis.
353 1607 531 1664 Adhuc
561 1616 764 1673 tamen,
791 1609 844 1663 ni
874 1607 1055 1675 fallor,
1084 1610 1224 1664 intra
1253 1609 1582 1679 privatorum
1613 1624 1747 1666 can-

1857 391 2095 457 proclive
2129 389 2214 450 Qt
2242 395 2452 452 creditu
2483 397 2672 467 primis
2710 398 2817 456 illis
2856 401 2984 458 ﬁdei
3011 389 3348 476 temporibus
3381 418 3460 466 tot

1857 483 2094 553 privatos
2140 489 2465 561 interpretes
2497 495 2696 564 passim
2735 495 2924 564 fuisse,
2966 499 3124 571 longe
3155 517 3286 558 vero
3314 503 3459 558 difﬁ-

1853 576 2032 646 cilius,
2056 579 2103 636 si
2128 580 2197 636 de
2211 581 2423 640 Veteris
2452 585 2803 644 lnstrumenti
2825 591 3166 650 versionibus
3192 594 3338 666 loqui
3362 611 3457 652 vo-

1853 667 2038 736 luerit,
2070 673 2211 742 quod
2235 674 2303 732 de
2335 675 2470 732 Novi
2502 679 2667 735 etiam
2701 681 3036 741 Testamenti
3068 687 3457 759 interpretibus

1852 761 2144 821 dicendum
2174 776 2326 838 puto,
2351 785 2474 826 eum
2495 813 2510 837 ,
2540 775 2631 843 qui
2660 773 2726 830 ad
2743 775 2866 832 ﬁdei
2897 791 3294 838 sacramentum
3329 793 3458 840 tunc

1850 856 2227 928 vocabantur,
2275 863 2480 920 indocti
2518 877 2586 934 ut,
2618 867 2912 937 plurimum
2936 913 2951 938 ,
2997 888 3060 929 ac
3105 877 3335 946 populus
3369 895 3456 936 es-

1851 959 1992 1006 sent.
2021 953 2100 1009 Ac
2121 965 2407 1026 propterea
2440 975 2544 1016 non
2571 960 2640 1018 de
2659 962 2832 1032 primo
2847 968 3067 1034 sarculo,
3094 985 3157 1026 ac
3184 976 3452 1043 sequenti,

1852 1046 1946 1103 sed
1978 1047 2045 1104 de
2077 1049 2142 1104 iis
2173 1054 2507 1122 temporibus
2534 1056 2943 1128 intelligendum
2975 1062 3234 1118 existimo
3264 1066 3453 1122 lauda-

1853 1146 1964 1194 tum
1993 1140 2096 1195 viri
2127 1143 2456 1200 sanctissimi
2485 1146 2686 1213 locum,
2713 1166 2832 1221 quae
2861 1166 3022 1222 supra
3056 1157 3346 1228 tetigimus.
3383 1158 3449 1217 Ea

1848 1228 1929 1284 sic
1973 1229 2134 1286 etiam
2187 1233 2348 1290 latius
2391 1238 2687 1294 sumendos
2739 1240 3063 1312 interpretes
3123 1246 3281 1315 illos,
3339 1265 3447 1305 non

1850 1323 2005 1392 quasi
2049 1326 2328 1386 versiones
2356 1330 2598 1403 integras
2632 1333 2916 1403 cuderent,
2961 1338 3056 1394 sed
3097 1341 3260 1397 veluti
3287 1346 3447 1400 sebo-

1849 1416 2054 1484 liastas,
2087 1421 2177 1490 qui
2201 1421 2445 1479 locorum
2468 1425 2690 1498 aliquot,
2723 1437 2782 1484 ut
2812 1430 2912 1485 sibi
2937 1432 3070 1502 ipsis
3096 1434 3442 1507 videbantur,

1848 1511 2264 1579 emendatores,
2322 1524 2416 1572 aut
2471 1518 2834 1578 illustratores
2888 1536 3093 1582 essent.
3145 1529 3262 1586 Non
3322 1547 3445 1590 rare

1847 1603 2008 1659 etiam
2038 1604 2244 1663 Grates:
2271 1606 2468 1681 lingua:
2499 1613 2766 1684 imperiti;
2813 1626 2871 1671 ut
2892 1629 3174 1689 propterea
3198 1625 3342 1680 male
3362 1625 3446 1681 in-

175 1699 322 1755 eellos
345 1701 1106 1774 eoaetalicentia,intactisque
1131 1703 1524 1759 Ecclesiasticis
1551 1719 1740 1760 excm-
1768 1697 1814 1757 Β
1845 1699 2057 1756 tellecta
2085 1702 2241 1773 pejus
2281 1705 2598 1763 redderent.
2631 1707 2800 1779 Cujus
2845 1713 2921 1766 rei
2963 1713 3226 1783 liquidum
3271 1732 3449 1774 exem-

173 1793 406 1863 plaribus.
438 1797 632 1864 Donec,
681 1796 968 1853 ruentibus
1002 1798 1055 1853 in
1094 1797 1278 1868 pejus,
1322 1806 1460 1854 teste
1499 1799 1736 1856 Eusebio

172 1887 190 1958 (
219 1886 284 1941 Η.
307 1887 368 1942 E.
395 1903 503 1955 VIII,
528 1890 554 1943 1
579 1889 600 1961 )
626 1930 642 1958 ,
686 1905 810 1946 cum
838 1891 1042 1962 populi,
1077 1898 1188 1946 tum
1226 1891 1543 1947 antistitum.
1569 1894 1738 1949 mori-

170 1977 274 2045 bus,
297 1979 400 2036 Deo
421 1982 495 2037 sic
520 1982 889 2052 permittente,
920 1983 1144 2053 ingratae
1162 1983 1333 2039 vinea:
1358 1999 1471 2040 sure
1497 1984 1737 2041 horribi-

169 2072 328 2129 lisilta
354 2086 745 2146 persecuturum
778 2087 1073 2149 tempestas
1098 2077 1341 2134 incubuit
1370 2078 1457 2148 (Α.
1485 2078 1544 2133 C.
1577 2078 1731 2150 505).

186 2218 192 2223 ,
233 2167 371 2224 Tunc
391 2171 573 2240 prima,
597 2178 654 2226 et
679 2171 896 2243 quidem
939 2172 1236 2228 luctuosior
1269 2187 1550 2229 sacrorum
1580 2172 1732 2229 codi-

167 2274 269 2316 cum
318 2261 488 2320 clades
527 2264 649 2331 fuit,
690 2263 856 2334 jussis
909 2263 1109 2334 ubique
1140 2265 1566 2336 magistratibus,
1625 2280 1734 2321 non

165 2354 318 2410 solum
347 2354 604 2412 Ecclesiae
635 2355 874 2424 diruere,
916 2357 1012 2412 sed
1046 2373 1156 2428 prae
1185 2358 1398 2414 caeteris
1427 2357 1639 2414 divinos
1667 2358 1734 2414 li-

167 2445 271 2503 bros
293 2447 364 2503 ab
387 2449 650 2520 episcopis
675 2449 822 2520 ipsis,
858 2464 1153 2522 eorumque
1179 2451 1443 2508 ministris
1466 2453 1732 2509 acerrime

167 2542 392 2610 quasitos
428 2541 480 2596 in
511 2542 703 2612 plateis
743 2541 955 2612 publice
1001 2556 1183 2599 urere.
1216 2543 1360 2612 Quot
1409 2542 1636 2614 proinde
1677 2544 1731 2600 in

167 2632 338 2700 minis,
361 2643 510 2691 antea
539 2635 740 2702 caelati,
777 2633 1075 2704 perierint;
1109 2637 1242 2705 quot
1266 2635 1320 2690 vi
1359 2649 1424 2691 ac
1449 2635 1735 2692 tormentis

166 2729 361 2793 extorti,
387 2737 512 2800 quot
538 2744 570 2784 a
590 2729 786 2797 servis,
813 2729 879 2786 ab
908 2730 1138 2797 ancillis,
1170 2746 1200 2786 a
1225 2730 1515 2800 transfugis
1540 2730 1729 2799 delati,

169 2821 289 2888 quoti
307 2819 517 2877 demum
554 2827 702 2878 metu
731 2836 762 2876 a
794 2821 1064 2890 ﬁdelibus,
1092 2823 1200 2878 imo
1227 2837 1258 2878 a
1283 2822 1602 2893 praesidibus
1623 2823 1730 2878 Ec-

168 2914 456 2983 elesiarum,
498 2930 798 2988 eorumque
848 2915 1112 2972 ministris
1154 2917 1462 2973 miserrime
1505 2915 1728 2988 proditi,

168 3007 284 3064 unde
307 3009 620 3066 traditarum
663 3025 862 3066 nomen
901 3009 1151 3081 usurpari
1187 3019 1446 3081 emptum,
1487 3011 1732 3081 quicum-

1847 1789 1994 1860 plum
2027 1792 2178 1849 dabit
2215 1796 2366 1852 locus
2395 1801 2638 1870 argentei
2679 1801 2906 1869 codicis,
2954 1805 3040 1860 ubi
3073 1807 3318 1876 privatus
3357 1810 3450 1866 ille

1839 1895 1962 1936 cum
1985 1881 2180 1941 Latino
2205 1887 2540 1959 apograplio,
2556 1892 2882 1962 exemplaris
2907 1893 3080 1951 Graeci
3103 1898 3446 1958 collationem

1841 1975 2152 2046 instituens,
2203 1981 2367 2037 verba
2425 1982 2518 2040 illa
2561 1985 2722 2042 Luem
2769 2003 2844 2052 it,
2874 1989 2929 2056 4,
2958 1992 3011 2056 ἐξ
3051 1990 3190 2048 οἴκου
3233 1999 3318 2050 καὶ
3355 2006 3448 2058 τῆς

1838 2079 2064 2150 Πατριας
2094 2073 2276 2142 saeta,
2306 2073 2563 2141 reddidit,
2599 2080 2662 2132 de
2681 2078 2835 2134 domo
2859 2091 2904 2135 et
2936 2098 3129 2139 PATRIA
3159 2084 3350 2142 David.

1913 2164 2019 2218 Sed
2042 2180 2164 2235 quae,
2185 2167 2357 2238 magis
2385 2184 2472 2224 me
2502 2182 2721 2227 movent
2748 2183 2802 2228 ut
2843 2176 3083 2242 credam,
3117 2178 3301 2247 plures
3324 2182 3447 2236 illas

1836 2253 2058 2311 Latinas
2085 2258 2366 2315 versiones
2409 2259 2545 2316 nihil
2595 2263 2736 2318 aliud
2782 2264 2970 2332 fuisse,
3019 2282 3178 2336 quam
3212 2271 3445 2340 privato-

1836 2361 1978 2414 rum,
2011 2357 2070 2402 ut
2094 2348 2352 2418 diximus,
2381 2351 2498 2419 hac,
2533 2352 2692 2410 illhac
2719 2356 2770 2410 in
2798 2357 3083 2415 codicibus
3101 2362 3213 2416 suis
3237 2362 3446 2420 addita-

1837 2448 2042 2508 menta,
2074 2441 2185 2496 duo
2216 2444 2516 2513 praesertim
2541 2456 2684 2501 sunt.
2721 2447 2898 2504 Unum
2919 2491 2934 2516 ,
2958 2454 3070 2520 jam
3113 2453 3302 2523 primis
3333 2457 3444 2512 illis

1835 2533 1963 2590 ﬁdei
1994 2535 2324 2607 temporibus
2364 2552 2641 2594 sacrorum
2671 2553 3168 2613 monumentorum,
3206 2559 3263 2602 ut
3289 2565 3442 2620 qure-

1836 2641 1960 2698 que,
1984 2627 2052 2684 ab
2080 2629 2470 2700 apostolorum,
2507 2641 2601 2686 aut
2630 2633 3019 2703 discipulorum
3054 2641 3303 2694 manibus
3328 2643 3442 2698 exi-

1835 2725 2046 2782 verant,
2097 2719 2414 2788 adornatam
2461 2739 2488 2777 a
2521 2723 2781 2780 Romana:
2824 2727 3084 2785 Ecclesim
3133 2731 3441 2803 interpreti-

1835 2807 1935 2865 bus
1979 2811 2279 2868 versionem
2323 2813 2528 2880 ltalize,
2576 2831 2639 2872 ac
2692 2818 2918 2888 proinde
2969 2821 3164 2879 vicina:
3214 2826 3431 2895 Africae,

1834 2904 2061 2976 aliisque
2087 2907 2383 2964 occidentis
2410 2909 2663 2967 Ecclesiis
2691 2922 2889 2981 pra-sto
2919 2913 3106 2983 fuisse,
3139 2919 3281 2975 unde
3305 2920 3438 2977 lide-

1836 2998 1964 3055 lium
1993 3002 2177 3070 pietati
2206 3004 2602 3060 consuleretur.
2658 3008 2898 3064 Alterum
2929 3015 3248 3085 antigrapba
3277 3033 3306 3070 c
3341 3034 3436 3074 ve-

166 3113 248 3168 que
280 3101 630 3158 tristissimam
668 3101 816 3157 illam
856 3102 1116 3158 Ecclesia:
1145 3101 1339 3159 faciem
1377 3102 1432 3158 in
1469 3100 1728 3157 Historiis

1837 3092 2174 3158 tustioribus,
2206 3110 2327 3164 qua:
2357 3105 2483 3150 ante
2523 3097 2935 3170 Hieronymum,
2982 3065 3432 3177 atquerAugusti-

165 3197 431 3261 temporum
475 3193 697 3261 viderit,
740 3194 789 3250 is
830 3208 1014 3250 secum
1054 3201 1289 3264 reputet.
1331 3192 1462 3250 Inde
1499 3193 1724 3262 factum,

166 3280 327 3340 dirutis
353 3285 647 3353 Ecclesiis,
677 3301 973 3358 earumque
1011 3286 1419 3358 exemplaribus
1447 3294 1541 3342 aut
1579 3300 1728 3341 com-

164 3378 304 3434 bustis
325 3389 416 3435 aut
443 3379 599 3435 aliter
621 3379 979 3450 consumptis,
1007 3389 1255 3434 cessante
1293 3377 1509 3434 demum
1543 3391 1727 3448 perse-

164 3471 361 3538 cutione,
397 3481 456 3527 ut
481 3471 815 3543 privatorum
843 3470 1177 3542 apographa,
1207 3485 1435 3542 quorum
1469 3471 1724 3541 pleraque

164 3571 237 3617 aut
254 3563 404 3621 latere
435 3563 672 3630 facilius,
721 3573 812 3620 aut
850 3564 980 3621 ferri
1008 3565 1116 3619 alio
1142 3572 1448 3634 potuerant,
1491 3563 1544 3618 in
1577 3564 1724 3635 prio-

163 3669 256 3710 rum
276 3656 562 3713 subsidium
585 3656 820 3713 adbibita
850 3656 1064 3712 interim
1088 3671 1120 3711 a
1141 3656 1366 3712 notariis
1385 3655 1721 3712 ecclesiasti-

162 3748 222 3803 cis
243 3751 455 3818 fuerint;
511 3761 624 3807 tum
651 3765 682 3806 a
711 3749 954 3806 librariis
995 3760 1053 3804 ut
1088 3749 1326 3805 ﬁdelium
1357 3748 1540 3820 pietati
1563 3750 1721 3805 satis-

161 3839 300 3900 ﬁeret.
347 3845 406 3900 Et
440 3845 513 3900 ita
555 3860 585 3900 a
629 3843 888 3916 primaeva
937 3844 1029 3899 illa
1067 3843 1316 3899 codicum
1344 3843 1578 3915 puritate
1625 3843 1721 3900 de-

160 3934 342 4006 liexum,
368 3939 604 3998 Seboliis
630 3938 884 4008 subinde,
933 3938 1275 3995 librariorum
1301 3939 1601 4010 praesertim
1627 3947 1722 3996 aut

160 4027 437 4100 ignorantia,
457 4041 515 4088 ut
538 4031 798 4088 novitatis
828 4031 1086 4102 impulsu,
1108 4045 1250 4102 qum,
1274 4029 1502 4102 perinde
1522 4045 1587 4086 ac
1607 4045 1712 4086 cae-

162 4124 265 4180 teris
289 4127 571 4195 mereibus,
622 4127 852 4197 pretium
887 4124 1042 4182 libris
1066 4139 1267 4196 augere
1294 4124 1458 4193 solet,
1505 4125 1560 4180 in
1596 4135 1715 4182 tex-

161 4223 248 4271 tum
271 4220 495 4278 adscitis.

213 4308 282 4364 Ad
308 4327 362 4366 ea
399 4312 580 4384 itaque
611 4321 854 4382 tempora
899 4310 1242 4368 referendum
1282 4323 1482 4367 censeo
1513 4317 1714 4365 statum
1757 4312 1760 4320 ‘

161 4397 280 4457 illum
300 4403 598 4463 Latinorum
625 4405 1038 4477 exemplarium.
1057 4406 1110 4461 in
1132 4405 1327 4477 quibus
1350 4405 1517 4460 multa
1543 4403 1714 4460 fuisse

163 4507 184 4544 a
207 4497 383 4554 vitiosis
408 4500 799 4571 interpretibus
826 4501 969 4555 male
1006 4499 1214 4556 reddita
1233 4542 1247 4566 ,
1297 4515 1324 4554 a
1355 4507 1714 4570 praesumpto-

164 4585 276 4644 ribus
299 4591 553 4663 imperitis
578 4592 862 4649 emendata
893 4592 1222 4664 perversius,
1251 4607 1280 4647 a
1312 4591 1549 4648 librariis
1585 4590 1712 4647 dor-

165 4678 525 4741 mitantibusvel
554 4683 760 4749 addita,
783 4683 871 4740 vel
899 4691 1123 4750 mutata,
1149 4683 1314 4738 mixta
1343 4682 1562 4738 demum
1593 4696 1711 4738 om-

165 4769 230 4824 nia
251 4772 295 4828 in
320 4775 728 4850 Evangeliorum
760 4775 900 4832 serie
929 4776 1258 4846 querebatur
1287 4783 1478 4847 postea
1522 4774 1711 4830 lliero—

166 4873 316 4929 nimus
357 4868 504 4940 (Ep.
552 4869 621 4924 ad
670 4867 877 4939 Dum),
926 4877 1005 4923 tot
1043 4883 1204 4938 poene
1251 4867 1416 4924 fuisse
1458 4880 1710 4924 asserens

166 4960 436 5029 exemplaria
475 4973 609 5035 quot
659 4962 898 5019 codices.
953 4961 1082 5018 Inde
1111 4969 1228 5017 orta
1278 4961 1462 5031 opinio
1506 4960 1598 5015 illa
1640 4959 1709 5016 de

166 5045 362 5112 pluribus
400 5055 462 5112 Ν.
491 5057 555 5112 Τ.
592 5055 808 5112 Latinis
835 5054 1210 5121 versionibus;
1241 5069 1402 5125 quam
1434 5052 1711 5125 promovit

163 5137 204 5194 in
243 5148 391 5216 majus
437 5150 726 5223 Augustini
756 5151 911 5206 locus
949 5149 1086 5206 alter
1135 5147 1255 5222 (,De
1302 5146 1458 5202 Doct.
1510 5145 1706 5203 Christ.

162 5231 300 5309 ι-ιι),
330 5240 414 5297 ubi
453 5243 549 5313 ait,
571 5245 662 5315 qui
691 5242 1003 5314 Scripturas
1043 5257 1109 5299 ex
1158 5241 1385 5299 Hebraea
1431 5241 1609 5312 lingua
1652 5240 1708 5296 in

163 5323 365 5388 Grecam
395 5346 680 5405 verterant,
714 5336 991 5393 numerari
1022 5350 1217 5408 posse,
1275 5335 1496 5391 Latinos
1526 5342 1708 5389 autem

164 5417 439 5496 Ῐηιθῑρῑειθε
468 5433 614 5490 nullo
651 5433 837 5490 modo.
880 5432 952 5490 Ut
985 5433 1130 5488 enim
1157 5430 1375 5503 cuique,
1425 5428 1613 5501 primis
1645 5425 1709 5482 ﬁ-

165 5511 229 5570 dei
255 5526 591 5595 temporibus,
621 5527 675 5584 in
706 5543 900 5584 manus
921 5537 1146 5584 venerat
1180 5525 1350 5582 codex
1379 5524 1626 5588 Graecus,
1655 5530 1712 5579 et

167 5609 507 5681 aliquantulum
539 5621 807 5680 facultatis
830 5621 935 5678 sibi
964 5622 1250 5693 utriusque
1277 5621 1478 5691 linguae
1506 5617 1712 5673 habere

169 5697 426 5780 Videbatur,
451 5726 636 5770 ausum
669 5713 838 5770 fuisse
857 5712 1223 5786 interpretari.
1251 5711 1476 5782 Verum,
1501 5707 1608 5767 nisi
1633 5707 1712 5766 la-

600 5808 880 5870 l’nnor...
927 5805 1072 5868 XII.

1832 3199 1961 3238 num
2007 3184 2338 3253 ferebantur,
2391 3201 2680 3257 eXpressa;
2721 3195 2772 3244 in
2818 3193 3014 3260 quibus
3062 3196 3430 3256 additamenta

1828 3276 1919 3331 illa
1947 3276 2188 3348 quidem,
2239 3278 2332 3335 sed
2357 3278 2581 3346 fundus,
2622 3292 2784 3353 atque
2811 3282 3107 3361 ὶδιωτισμός
3147 3294 3432 3362 supralau-

1826 3370 1966 3427 datte
1986 3373 2253 3428 versionis
2278 3374 2716 3432 manifestissime
2739 3390 3022 3449 apparent.

1897 3463 2025 3518 Dixi
2055 3464 2400 3535 interpretes.
2423 3465 2753 3539 Nam,gquod
2785 3471 2850 3526 ad
2879 3481 2930 3528 te
2956 3474 3086 3530 olim
3109 3479 3422 3550 perscripsi,

1826 3554 1968 3612 haud
1999 3573 2198 3626 unum,
2239 3557 2602 3630 eumdemque
2643 3560 2835 3630 fuisse,
2884 3579 3005 3620 eum
3040 3569 3180 3624 ratio
3218 3581 3428 3642 tempo-

1825 3666 1943 3706 rum
1972 3651 2020 3706 si
2055 3667 2084 3706 a
2121 3652 2333 3721 primo,
2360 3653 2595 3708 Mattliaei
2617 3695 2632 3721 ,
2665 3656 2730 3710 ad
2760 3656 3138 3727 novissimum,
3173 3663 3424 3733 Joannis,

1823 3744 2210 3817 Evangelium,
2267 3747 2357 3818 qui
2409 3747 2732 3804 efﬁuxerant
2782 3751 2911 3805 anni
2963 3762 3246 3822 putentur;
3307 3765 3420 3814 tum

1821 3838 2058 3893 maxime
2086 3838 2286 3895 evincit
2317 3838 2444 3911 styli
2484 3839 2788 3907 diversitas,
2840 3852 2900 3897 ut
2928 3843 3183 3901 observat
3224 3847 3422 3907 Millius

1822 3931 1840 4001 (
1870 3930 2083 4003 Proleg.
2117 3947 2162 3999 ι,Δ
2181 3931 2250 3987 ad
2267 3931 2414 3987 Edit.
2443 3931 2542 3987 Eu.
2571 3933 2835 4006 Matt/1.);
2864 3951 2896 3992 e
2917 3953 3019 4008 qua
3047 3955 3155 3995 non
3179 3941 3311 3996 satis
3336 3952 3419 3997 at-

1823 4033 1968 4081 tente
1990 4025 2363 4092 Marzianazus,
2384 4039 2492 4081 non
2518 4040 2677 4082 secus
2699 4035 2860 4097 atque
2887 4045 2918 4085 e
2943 4029 3196 4088 dissimili
3223 4035 3422 4090 sectio-

1818 4135 1972 4188 num,
2003 4129 2057 4176 et
2081 4119 2441 4191 capitulorum
2473 4120 2526 4176 in
2559 4121 2839 4178 codicibus
2870 4124 3024 4192 faeie,
3054 4127 3238 4196 plures
3275 4129 3421 4185 Lati-

1819 4230 1917 4271 nas
1962 4215 2242 4271 versioues
2283 4215 2534 4271 asseruit.
2585 4215 2721 4270 Tum
2769 4226 2854 4272 est
2887 4233 3019 4273 vero
3058 4220 3316 4288 similius,
3363 4223 3418 4278 in

1817 4305 2063 4363 Ecclesia
2111 4315 2432 4362 casterarum
2487 4305 2729 4362 omnium
2786 4308 3029 4378 principe
3083 4325 3191 4365 non
3246 4328 3414 4372 unum

1817 4399 2099 4457 dumtaxat
2148 4400 2500 4491 interpretem
2557 4398 2827 4465 floruisse,
2879 4400 2978 4456 sed
3012 4401 3232 4472 plures;
3262 4415 3339 4470 ut,
3371 4409 3422 4465 sl

1817 4493 1939 4563 quis
1984 4493 2223 4559 illorum,
2265 4492 2350 4547 cui
2398 4491 2758 4548 transferendi
2805 4507 3002 4551 munus
3051 4496 3416 4570 incumberet,

1815 4595 1908 4641 aut
1935 4585 2269 4655 temporibus
2293 4584 2570 4654 exclusus,
2610 4593 2700 4639 aut
2719 4585 3038 4656 aegritudine
3061 4592 3411 4664 praepeditus,

1813 4687 1908 4734 aut
1927 4677 2144 4733 demum
2174 4685 2350 4732 morte
2381 4686 2684 4747 prteventus
2715 4693 2936 4734 vacuam
2965 4682 3301 4751 provinciam
3327 4703 3414 4742 re-

1814 4769 2085 4840 liquisset,
2119 4775 2318 4838 praesto
2359 4777 2506 4823 esset
2542 4766 2700 4835 alter,
2743 4769 2834 4839 qui
2876 4771 3123 4828 eamdem
3169 4787 3410 4833 curaret.

1779 4908 1783 4911 ι
1811 4866 1970 4932 Nam,
2006 4865 2151 4937 quod
2173 4865 2439 4921 Valtonus
2471 4865 2705 4921 asseruit
2745 4865 2999 4940 (Proleg.
3031 4885 3088 4934 κ,
3116 4868 3144 4941 §
3181 4871 3207 4926 1
3235 4871 3279 4943 ),
3311 4872 3416 4929 La-

1809 4963 1977 5018 tinam
2009 4975 2204 5031 nempe
2247 4959 2547 5015 Eeelesiam
2597 4960 2716 5016 sine
2754 4960 2942 5016 Latina
2971 4964 3223 5020 versione
3264 4975 3413 5024 stare

1813 5071 1919 5113 non
1946 5055 2212 5127 potuisse,
2256 5055 2329 5110 ita
2363 5052 2586 5110 evidens
2611 5069 2734 5110 esse
2759 5055 3014 5120 arbitror,
3044 5067 3104 5112 ut
3131 5059 3265 5114 nihil
3297 5077 3415 5116 ma-

1812 5149 1913 5221 gis.
1947 5148 2059 5218 Qua
2090 5147 2234 5203 enim
2266 5147 2446 5216 lingua
2486 5146 2536 5200 in
2567 5146 2866 5217 synaxibus
2906 5163 3186 5206 sacrorum
3215 5151 3411 5210 Libro-

1813 5256 1932 5296 rum
1977 5239 2136 5295 lectio
2167 5238 2234 5292 ad
2270 5237 2525 5308 populum
2566 5239 2741 5303 ﬁeret,
2783 5238 2885 5294 nisi
2917 5255 3011 5304 ea,
3062 5257 3183 5312 qua:
3228 5246 3414 5313 papuli

1815 5333 1994 5391 esset?
2036 5332 2114 5388 Ac
2137 5338 2447 5400 propterea,
2476 5329 2618 5398 quod
2653 5343 2929 5399 praeeunte
2955 5331 3170 5400 Grotio,
3201 5338 3412 5403 putavit

1816 5427 2015 5484 Millius
2047 5424 2067 5496 (
2094 5425 2263 5480 Adnot
2297 5424 2350 5476 in
2392 5421 2558 5477 Marc.
2594 5420 2637 5494 ),
2669 5423 2904 5494 linguam
2929 5425 3137 5480 scilicet
3164 5425 3411 5486 Graecam

1817 5521 2004 5576 Romae
2031 5527 2157 5572 tunc
2184 5515 2462 5586 temporis,
2489 5525 2648 5582 atque
2673 5513 2843 5570 Italia:
2869 5514 3190 5571 familiarem
3220 5516 3412 5585 fuisse,

1817 5609 2086 5669 somnium
2117 5606 2247 5662 mihi
2273 5614 2374 5662 est.
2413 5605 2491 5660 En
2521 5605 2669 5660 illius
2700 5605 2889 5672 verba,
2920 5605 3114 5676 quibus
3139 5604 3409 5664 laudatam

1816 5700 2036 5760 Valtoni
2061 5699 2378 5771 opinionem
2409 5711 2662 5755 eversum
2693 5697 2808 5751 ivit.

2824 5785 2870 5842 2
