3950 6176
493 215 565 273 ιδ
1894 195 2114 255 PROLE

2222 196 2408 256 MENA
2419 241 2432 253 .
3732 196 3800 255 ιι

570 326 771 399 Νενηρε
805 323 947 380 litiud
1003 329 1269 388 notarunt,
1313 318 1488 391 inquit
1523 315 1778 391 (Proleg.
1828 333 1882 369 n.
1915 315 2018 370 377
2042 314 2089 385 ),
2119 318 2168 378 A
2197 317 2378 373 sebius
2407 314 2506 386 (ll.
2528 314 2593 370 E.
2611 314 2823 386 ιιι,24);
2848 311 2912 370 'et
2930 314 3020 385 qui
3042 313 3274 384 Magistri
3296 313 3378 369 sui
3400 321 3678 383 praecepta
3696 314 3803 368 elo-

498 437 590 492 per
619 435 801 483 annos,
830 434 862 471 a
890 416 1191 488 [undatione
1213 414 1362 467 istius
1395 411 1661 474 Ecclesia,
1681 408 1749 463 ad
1778 407 2099 463 constitutio-

498 532 614 569 nem
642 528 799 582 usque
822 512 1030 564 canonis
1062 506 1116 562 Ν
1123 549 1134 562 .
1170 506 1229 560 Τ.
1258 511 1363 576 fere
1391 503 1783 574 quinquaginta,
1829 498 2098 567 nequidem

501 607 788 678 cogitatum
832 604 991 675 fuisse
1018 604 1080 654 de
1119 602 1325 670 scriptis
1355 597 1783 668 evangelistarum
1819 603 1865 647 et
1894 600 2099 663 aposto-

508 702 677 755 lorum
721 702 772 754 in
809 714 969 753 unum
1012 695 1347 766 colligendis;
1388 693 1549 746 multo
1580 692 1748 744 minus
1776 690 1839 741 de
1880 691 2097 756 transfe-

498 794 673 848 rendis
717 792 823 846 illis
860 793 914 845 in
952 790 1085 843 alias
1120 789 1365 857 linguas;
1414 797 1521 839 tum
1558 800 1675 837 vero
1717 782 1942 837 nascenti
1982 780 2100 832 huic

496 885 747 939 Ecclesite
772 884 1068 951 neutiquam
1094 896 1224 946 Opus
1249 879 1406 949 fuisse
1434 876 1621 930 Latina
1647 876 1895 930 versione.
1939 872 2101 925 Fide-

495 976 630 1031 libus
657 976 916 1038 nimirum,
940 974 1029 1043 qui
1042 976 1157 1044 jam
1182 971 1359 1025 Roma:
1376 969 1615 1040 agebant,
1645 968 1853 1021 advenis
1873 964 2096 1029 ludatis,

494 1066 786 1141 ﬁgyptiis,
820 1066 936 1118 aliis
965 1064 1144 1135 lingua
1170 1062 1353 1116 Crazca
1382 1061 1712 1131 familiariter
1736 1068 1858 1112 nota
1884 1065 2013 1121 erat,
2037 1072 2099 1109 ac

494 1160 651 1228 plane
677 1155 973 1210 vernacula.
1009 1154 1162 1220 Quod
1193 1154 1330 1207 idem
1355 1161 1403 1206 et
1431 1152 1494 1205 de
1520 1149 1938 1220 prouincialibus,
1969 1149 2100 1201 alia-

493 1266 708 1321 rumque
741 1248 1080 1317 quarumdam
1125 1246 1261 1299 orbis
1308 1246 1535 1317 partium
1573 1242 1882 1298 Christianis
1926 1240 2102 1294 dicen-

500 1344 645 1397 dum.
678 1339 877 1395 Notum
915 1340 1049 1395 illud
1076 1349 1241 1411 poeta:
1260 1353 1281 1393 :

593 1453 734 1504 Nunc
755 1459 888 1504 totus
909 1452 1075 1516 grains
1099 1452 1248 1503 habet
1269 1450 1403 1500 orbis
1426 1449 1666 1516 Athenas.

1500 1511 1724 1577 (Juven.,
1752 1512 1856 1562 Sat.
1884 1514 1994 1575 xv.)

572 1623 679 1680 Sed
707 1631 758 1677 et
787 1622 1138 1693 Hieronymus
1162 1621 1223 1675 de
1264 1619 1613 1673 Orientalibus
1660 1620 1819 1673 etiam
1846 1619 1928 1673 sui
1958 1615 2053 1672 wvi
2086 1630 2106 1669 :

512 1734 533 1769 ι
572 1714 824 1771 Sermone
853 1730 1019 1785 grtrco
1049 1714 1214 1768 omnis
1239 1713 1469 1778 loquitur
1500 1712 1750 1767 Oriensa

574 1808 695 1864 Scis
726 1806 853 1877 quid
881 1806 951 1861 de
975 1805 1365 1862 constitutione
1397 1804 1487 1859 illa
1525 1802 1762 1858 Canonis
1794 1806 2059 1859 senserim
2087 1818 2103 1869 ;

504 1916 673 1971 quam
696 1940 712 1967 ,
757 1900 904 1954 nullo
938 1908 1095 1962 teste,
1122 1898 1296 1953 serius
1323 1912 1481 1967 quam
1517 1912 1611 1965 par
1650 1907 1799 1963 erat,
1830 1898 2110 1953 distulisse

507 1994 736 2050 Militum
762 2008 867 2047 non
894 1992 1102 2048 dubito.
1136 1991 1311 2057 Nunc,
1337 1991 1481 2061 quod
1510 2008 1539 2046 e
1568 2007 1625 2046 re
1649 2002 1829 2046 nostra
1857 2001 1961 2055 est,
1990 1992 2111 2062 quis

501 2100 738 2154 unquam
767 2084 983 2148 credat,
1009 2101 1074 2138 ex
1100 2084 1231 2137 solis
1252 2082 1532 2137 dumtaxat
1554 2082 1778 2148 Judznis,
1812 2082 2107 2153 Egyptiis,

511 2177 744 2246 aliisque
788 2177 1153 2232 Orientalibus
1197 2185 1509 2231 nascentem
1574 2176 1759 2231 Roma:
1813 2176 2109 2231 Ecclesium

505 2271 854 2326 constitisse?
884 2268 1023 2337 Quid
1056 2269 1128 2323 ibi
1170 2268 1385 2323 l‘etrum
1410 2310 1423 2333 ,
1455 2270 1585 2338 quid
1630 2269 1854 2323 Paulum
1896 2269 2113 2323 biennio

516 2365 631 2430 illo,
666 2379 773 2433 quo
802 2362 971 2417 libera
1000 2364 1051 2416 in
1078 2362 1320 2417 custodia
1350 2362 1585 2427 mansit,
1618 2362 1793 2431 egisse
1829 2371 2110 2429 putemus,

510 2458 616 2513 nisi
645 2466 703 2511 ut
746 2456 1038 2523 omnibus,
1078 2456 1167 2525 qni
1209 2455 1275 2509 ad
1324 2454 1651 2509 audiendum
1696 2455 2108 2519 convenissent,

515 2549 857 2619 Evangelica:
891 2547 1149 2601 doctrina:
1186 2546 1366 2599 lumen
1406 2544 1786 2610 aﬁ'nnderent;
1828 2546 1941 2600 sive
1963 2544 2114 2600 Grie-

504 2642 622 2706 cis,
651 2642 766 2697 sive
808 2640 1089 2703 Barbaris,
1121 2640 1315 2707 quibus
1356 2654 1415 2694 se
1456 2639 1758 2694 debitorem
1806 2638 2101 2707 Apostolus

506 2733 817 2789 fatebatur?
864 2731 1016 2786 Adde
1045 2732 1343 2800 discipulos
1367 2774 1381 2796 ,
1415 2746 1590 2799 neque
1618 2746 1712 2785 eos
1744 2739 1985 2798 tantum,
2018 2730 2112 2785 sed

507 2842 540 2884 e
569 2826 832 2883 Gentibus
861 2840 1055 2881 recens
1078 2825 1144 2879 ad
1168 2823 1327 2879 ﬁdem
1353 2839 1671 2891 conversos,
1696 2825 2027 2895 ubicumque
2054 2839 2114 2879 se

509 2921 736 2975 offerret
756 2920 1001 2985 occasio,
1031 2918 1306 2983 eamdem,
1349 2920 1719 2989 apostolorum
1752 2919 1999 2987 exemplo
2020 2959 2035 2983 ,
2060 2919 2113 2972 in

508 3016 863 3070 familiaribus
888 3056 903 3079 ,
936 3012 1448 3078 contubernalibus,
1484 3012 1623 3066 notis
1649 3027 1831 3067 serere
1866 3023 2109 3083 satagen-

2200 407 2441 476 quentia:
2467 406 2803 460 ornamentis
2834 420 3109 475 exponere
3146 405 3263 461 οὔτε
3292 404 3513 472 ᾔδεσαν,
3542 404 3667 462 οὕτε
3700 408 3801 461 ἓνε-

2202 502 2434 570 χείρονν.
2465 498 2565 563 Qui
2596 499 2739 553 enim
2766 498 2819 551 iii
2846 498 3285 567 persuasibilibus
3308 498 3561 552 humana:
3586 498 3801 565 sapien-

2206 592 2294 645 tia:
2323 593 2502 645 verbis
2546 590 2841 659 prardicare
2878 588 3156 645 Christum
3182 632 3196 655 ,
3233 601 3287 645 et
3317 591 3459 645 hunc
3482 591 3800 645 cruciﬁxum

2202 686 2507 748 nescirent,
2533 686 2729 754 quibus
2758 684 3046 754 pigmentis
3068 685 3119 739 id
3143 685 3321 739 facere
3345 684 3801 755 aggrederentur?

2203 776 2272 830 Et
2299 778 2376 830 sic
2406 776 2761 841 expediebat,
2806 777 2980 846 inquit
3013 778 3274 831 Erasmus
3306 777 3484 848 (Edit.
3519 795 3554 833 v
3577 820 3592 843 ,
3624 777 3699 833 Ν.
3726 776 3765 831 Τ
3786 819 3798 841 ,

2202 886 2288 939 ap.
2324 870 2552 924 Froben.
2598 881 2646 923 et
2685 868 3059 941 EpiscOpium)
3083 913 3095 935 ,
3139 873 3419 943 apostolos
3454 888 3521 927 eo
3554 886 3805 927 Sermone

2204 965 2314 1030 uti,
2346 965 2435 1034 qui
2469 965 2731 1019 latissime
2777 966 3019 1033 patebat;
3055 974 3111 1019 et
3157 981 3186 1019 a
3232 966 3483 1020 litteratis
3514 966 3720 1035 pariter
3747 979 3805 1020 ac

2204 1056 2473 1110 illiteratis
2514 1057 2934 1127 intelligebatur.
2983 1057 3137 1123 Quod
3192 1069 3379 1127 postea
3418 1058 3484 1112 de
3536 1059 3806 1127 primavis

2205 1148 2598 1218 interpretibus
2626 1150 2862 1205 afﬁrmat
2881 1192 2895 1215 ,
2926 1150 3069 1205 idem
3100 1151 3307 1206 scilicet
3336 1151 3403 1206 de
3428 1151 3663 1206 istorum
3688 1167 3807 1206 ora-

2204 1242 2377 1307 tione,
2418 1257 2481 1297 ac
2504 1242 2571 1297 de
2599 1257 2853 1299 sermone
2873 1244 3173 1313 apostolico
3196 1245 3412 1307 valere;
3438 1260 3606 1315 quum
3629 1260 3807 1299 sermo

2206 1333 2483 1389 Romanus
2528 1334 2705 1390 adhuc
2743 1346 2891 1391 esset
2919 1337 3239 1405 promiscua!
3279 1336 3614 1391 multitudini
3658 1350 3805 1391 cont-

2206 1429 2408 1483 munis.
2440 1428 2518 1483 Ac
2544 1438 2832 1499 propterea
2860 1430 3025 1485 multa
3061 1431 3184 1485 illos
3215 1431 3268 1485 in
3303 1431 3685 1486 transferendo
3715 1432 3804 1485 tri-

2207 1520 2389 1578 buisse
2415 1522 2577 1591 vulgo
2602 1521 2911 1587 idiotarum,
2943 1523 3138 1593 quibus
3167 1538 3231 1578 ea
3259 1534 3367 1577 tum
3399 1524 3803 1580 scribebantur.

2279 1614 2431 1680 Quod
2467 1630 2598 1670 vero
2653 1632 2750 1685 pro
2815 1616 3073 1671 coronide
3124 1630 3189 1671 ex
3253 1617 3584 1688 llieroiiymo
3640 1616 3811 1671 attulit

2146 1713 2196 1774 Β
2222 1704 2417 1759 Millius
2437 1748 2450 1769 ,
2478 1722 2509 1762 e
2539 1716 2680 1761 tanta
2722 1708 3134 1763 adnotationum
3165 1724 3364 1775 messe,
3396 1725 3561 1780 quam
3589 1726 3621 1764 a
3648 1713 3810 1779 scrip-

2212 1802 2426 1856 toribus
2471 1802 2857 1858 ecclesiasticis
2902 1818 3111 1857 summa
3159 1803 3440 1873 diligentia
3480 1805 3809 1875 collegerat,

2216 1894 2269 1949 in
2303 1904 2436 1949 mstu
2474 1895 2566 1949 illo
2598 1910 2777 1949 rerum
2823 1895 2930 1950 alio
2967 1895 3234 1965 spectanti
3261 1906 3414 1951 extra
3457 1912 3644 1951 aream
3676 1897 3813 1953 exci-

2214 1988 2361 2043 disse
2400 1988 2747 2043 manifestum
2788 1998 2892 2044 est.
2942 1988 3085 2044 Nihil
3123 1990 3266 2044 enim
3295 1990 3534 2045 Orientis
3562 2006 3686 2045 cum
3715 1992 3811 2045 0c-

2212 2081 2426 2135 cidente
2475 2082 2717 2136 instituta
2748 2082 2901 2145 inibi
2933 2084 3268 2151 comparatio
3319 2082 3386 2137 ad
3434 2083 3608 2139 hocce
3652 2099 3806 2154 argu—

2216 2183 2457 2228 mentum
2490 2172 2671 2229 facere
2698 2183 2927 2244 poterat.
2961 2174 3149 2245 Neque
3175 2176 3392 2231 obstant
3421 2192 3542 2246 qua:
3575 2188 3813 2247 postmo-

2215 2269 2341 2323 dum
2372 2270 2600 2339 adjecit;
2627 2286 2735 2326 tton
2765 2270 2947 2325 statim
2970 2286 3000 2325 a
3029 2280 3278 2340 suscepta
3315 2271 3419 2325 ﬁde
3445 2272 3648 2327 Christi
3675 2315 3689 2339 ,
3718 2271 3807 2327 sed

2218 2371 2341 2431 post
2379 2378 2643 2416 annorum
2694 2364 3053 2432 complurium
3087 2364 3427 2419 intervallum
3458 2364 3815 2420 deliberatum

2218 2453 2289 2509 de
2320 2454 2766 2509 translationibus
2808 2454 3103 2510 Bibliorum
3132 2497 3146 2521 ,
3181 2464 3273 2509 aut
3314 2456 3505 2509 saltem
3556 2456 3814 2511 librorum

2217 2547 2425 2615 aliquot
2460 2547 2525 2602 N.
2554 2547 2616 2601 Τ.
2663 2547 2716 2603 in
2760 2562 2913 2602 usum
2947 2548 3223 2618 publicum
3256 2549 3633 2605 conﬁciendis.
3680 2550 3816 2603 Itali-

2216 2655 2337 2697 cam
2365 2656 2517 2701 vero.
2541 2656 2662 2694 cum
2693 2640 2833 2709 apud
2868 2642 3030 2696 italos
3052 2683 3067 2707 ,
3101 2650 3156 2695 et
3177 2642 3432 2710 auspiciis
3453 2683 3468 2706 ,
3498 2651 3556 2696 ut
3599 2643 3814 2696 omnino

2218 2733 2482 2789 credibile
2532 2743 2711 2803 putat,
2772 2734 3030 2789 Ecclesia:
3084 2734 3340 2789 Romame
3390 2734 3689 2804 prodierit,
3734 2734 3814 2787 vix

2218 2843 2341 2882 esse
2374 2836 2429 2881 ut
2458 2827 2602 2882 edita
2630 2839 2914 2883 censeatur
2936 2835 3062 2883 ante
3086 2838 3323 2897 tempora
3354 2828 3432 2882 Pii
3464 2845 3646 2899 papae;
3679 2827 3814 2898 quod

2218 2919 2265 2976 is
2289 2930 2435 2974 esset
2460 2928 2569 2973 tum
2602 2919 2917 2974 Latinorum
2946 2920 3191 2989 primus;
3230 2929 3287 2975 et
3308 2936 3394 2974 res
3416 2920 3681 2976 Ecclesiae
3705 2920 3817 2974 diu-

2223 3014 2331 3068 tius
2381 3014 2573 3083 paulo,
2608 3030 2706 3085 per
2754 3029 2926 3069 annos
2955 3014 3165 3069 scilicet
3203 3014 3515 3083 quindecim
3563 3014 3816 3070 adminis-

514 3118 615 3165 tes.
651 3108 811 3177 Qu0ti
858 3118 1143 3177 propterea
1167 3147 1181 3171 ,
1216 3122 1322 3160 non
1361 3121 1427 3160 ex
1472 3107 1587 3160 solo
1618 3106 1870 3172 Oriente,
1917 3106 1969 3160 in
1999 3120 2115 3159 am—
2142 3112 2187 3174 ο
2221 3118 2439 3163 trasset.
2474 3108 2609 3162 Nam
2639 3111 2820 3161 caeteri
2854 3109 3159 3177 pontiﬁces,
3199 3109 3407 3179 inquit,
3430 3124 3677 3180 eousque
3707 3108 3813 3163 fere

511 3204 758 3274 piissimo
800 3202 893 3255 illo
922 3200 1209 3255 Nationum
1256 3200 1466 3268 gurgite
1495 3200 1796 3253 caelestium
1823 3199 2119 3252 charisma-

513 3305 627 3351 tum
661 3296 952 3365 participes
974 3293 1130 3345 iacti?
1156 3293 1224 3343 At
1243 3291 1521 3360 Satyricus
1548 3290 1768 3343 diffusas
1799 3305 1895 3358 per
1918 3288 2117 3342 Orbem

519 3388 738 3445 Graecas
768 3386 974 3439 litteras
995 3380 1235 3451 scripsit.
1264 3382 1391 3434 Esto
1418 3400 1431 3435 :
1455 3382 1663 3450 poetica
1691 3381 1809 3435 licet
1834 3381 2115 3457 ὑπερϐολῇ.

519 3482 658 3538 Addi
700 3480 830 3550 quin
878 3479 1038 3532 etiam
1089 3483 1297 3544 poterat
1341 3475 1494 3529 locus
1542 3476 1681 3529 alter
1720 3473 1951 3545 (Satyra
2003 3476 2113 3541 vi),

514 3573 612 3630 ubi
665 3569 933 3640 putidulas
977 3567 1234 3637 quasdam
1281 3582 1378 3634 pro
1418 3567 1609 3619 nativis
1650 3566 1828 3619 anima
1874 3575 1928 3621 et
1971 3567 2118 3631 vita,

521 3664 706 3737 ψυχήν
746 3676 809 3716 ac
848 3666 965 3726 ζοήν
1006 3660 1316 3713 ell‘utientes
1363 3658 1588 3711 irridet:
1624 3657 1964 3711 Graecanicos
1996 3657 2121 3712 inde

523 3773 713 3815 earum
741 3754 1061 3813 concubitus
1083 3754 1226 3807 salse
1252 3750 1689 3805 comminiscens.
1729 3750 1795 3803 Et
1815 3759 1969 3805 erant
2001 3766 2122 3819 pro-

520 3852 665 3909 fecto
696 3850 881 3905 Romae
908 3844 1244 3917 grammatici
1279 3845 1492 3913 plures,
1538 3844 1627 3912 qui
1659 3842 1875 3897 Graues
1914 3844 2121 3897 litteras

518 3946 798 4003 docerent.
835 3943 1001 3996 Erant
1032 3950 1085 3993 et
1112 3939 1163 3992 in
1187 3937 1457 4006 opulentis
1480 3936 1817 4005 privatorum
1847 3935 2118 4001 domibus,

523 4056 752 4112 quorum
786 4037 939 4091 multi
990 4035 1180 4089 Graece
1227 4032 1490 4085 sciebant.
1543 4032 1741 4085 Demus
1798 4030 1899 4085 hoc
1947 4032 2121 4100 ipsum

526 4135 692 4190 Italim
722 4130 969 4195 urbibus,
994 4128 1184 4182 demus
1216 4124 1427 4189 Galliae,
1460 4125 1752 4179 Britannia:
1797 4143 1808 4177 :
1838 4126 1883 4178 si
1914 4126 2121 4193 placet,

520 4232 688 4288 etiam
741 4226 937 4282 Africae
978 4223 1190 4277 demus.
1234 4220 1370 4287 Quid
1415 4221 1565 4274 tum?
1602 4220 1671 4275 Ut
1702 4235 1802 4273 nos
1839 4219 2120 4283 Latinam,

526 4323 606 4377 sic
634 4322 758 4376 illos
785 4318 1026 4373 Graecam
1058 4315 1323 4386 linguam,
1356 4327 1462 4366 non
1493 4312 1793 4366 domestico
1824 4326 1945 4373 usu.
1968 4312 2062 4364 sed
2093 4325 2123 4363 a

527 4412 952 4484 prarceptoribus
981 4408 1187 4461 discere
1223 4407 1507 4473 Oportebat
1546 4427 1560 4462 :
1594 4407 1747 4475 cujus
1774 4407 1849 4459 rei
1876 4405 2122 4475 exempla

2222 3200 2395 3255 Graeci
2430 3200 2661 3255 fuerant.
2696 3200 2821 3255 11ωο
2849 3202 2992 3255 enim
3015 3201 3197 3255 omnis
3241 3201 3348 3255 duo
3389 3204 3692 3271 prtesertim
3729 3203 3811 3255 in-

2224 3293 2442 3347 ﬁrmant
2472 3312 2483 3345 :
2518 3310 2710 3360 unum,
2737 3295 2879 3365 quod
2912 3296 3139 3364 ipsemet
3168 3296 3477 3361 asserebat,
3513 3296 3658 3351 haud
3688 3310 3815 3365 opus

2224 3386 2394 3442 fuisse
2429 3388 2589 3442 latina
2618 3390 2869 3444 versione
2890 3432 2906 3455 ,
2939 3406 3113 3461 grmca
3145 3389 3346 3461 Lingua
3376 3391 3483 3460 jam
3530 3390 3718 3446 Roma:
3760 3403 3817 3443 ac

2224 3480 2645 3548 provincialibus
2680 3482 2928 3536 familiari
2952 3523 2965 3545 ,
3002 3482 3105 3535 nisi
3135 3484 3179 3537 si
3219 3482 3356 3537 forte
3398 3482 3537 3539 hanc
3577 3484 3655 3539 Pii
3691 3492 3819 3537 tem-

2224 3573 2449 3643 poribus
2490 3574 2776 3628 evanuisse
2815 3574 3179 3631 arbitrabatur
3210 3593 3221 3627 :
3252 3575 3394 3645 quod
3439 3586 3621 3631 tamen
3664 3588 3819 3644 expe-

2226 3665 2425 3720 rientia
2462 3667 2571 3735 ipsa
2605 3666 2825 3721 refellit.
2851 3666 3072 3737 Lingua:
3112 3669 3257 3722 enim
3289 3669 3610 3738 p0pu|orum
3637 3682 3818 3724 omnes

2228 3755 2391 3823 longo
2432 3773 2531 3810 usu
2574 3757 2889 3819 ﬁrmantur,
2925 3774 3101 3824 neque
3154 3770 3245 3813 aut
3296 3762 3467 3814 emori
3514 3762 3667 3827 illas,
3724 3759 3817 3815 nisi

2226 3864 2420 3905 everso
2468 3850 2683 3919 penitus
2710 3867 2889 3905 rerum
2936 3860 3077 3905 statu
3104 3892 3119 3915 ,
3161 3861 3255 3906 aut
3296 3854 3551 3921 paulatim
3583 3853 3820 3910 obsoles—

2227 3956 2387 4005 cere,
2436 3942 2535 3996 nisi
2567 3952 2875 3997 exterarum
2919 3942 3171 3997 Gentium
3212 3945 3483 4000 alluvione
3522 3945 3817 4015 contingit:

2227 4048 2459 4104 quorum
2506 4044 2755 4089 neutrum
2782 4076 2795 4098 ,
2824 4034 3052 4089 ﬂorente
3073 4076 3087 4097 ,
3119 4046 3175 4087 tit
3213 4045 3358 4101 erat,
3396 4037 3656 4107 imperio,
3686 4035 3820 4090 acci-

2229 4127 2376 4181 disse
2407 4136 2744 4194 comperttun
2790 4135 2893 4181 est.
2926 4127 3203 4191 Alterum,
3250 4127 3529 4196 pontiiiees
3571 4131 3640 4185 ad
3674 4128 3819 4184 Pium

2231 4233 2403 4287 usque
2433 4220 2603 4272 ferme
2634 4218 2887 4282 Grtecos,
2922 4229 3031 4272 tum
3066 4218 3209 4275 hunc
3248 4220 3560 4275 Latinorum
3598 4225 3820 4290 primum

2232 4311 2421 4365 fuisse.
2460 4311 2784 4365 Exeiderant
2828 4328 3022 4382 nempe
3065 4317 3180 4369 viro
3224 4315 3588 4371 eruditissimo
3630 4317 3822 4387 primus

2235 4414 2359 4472 post
2389 4404 2612 4458 Petrum
2660 4405 2858 4472 Linus,
2908 4418 3031 4475 post
3059 4406 3202 4461 buuc
3233 4408 3464 4465 fortasse
3497 4416 3659 4464 etiam
3707 4408 3822 4462 Cle-

530 4524 639 4564 non
680 4519 847 4575 pauca
880 4503 945 4554 ab
970 4500 1286 4567 antiquitate
1317 4510 1518 4568 priesto
1541 4507 1723 4552 essent
1743 4538 1755 4558 .
1801 4499 1843 4551 si
1873 4514 2009 4565 opus
2051 4500 2125 4551 fo-
2158 4502 2208 4561 D
2238 4504 2354 4563 tus,
2384 4507 2531 4552 certe
2557 4496 2750 4551 tet-tius
2775 4497 3028 4553 Clemens
3060 4500 3259 4554 Latini.
3289 4500 3355 4555 Et
3383 4502 3598 4571 quidem
3637 4503 3820 4557 Linum

528 4608 636 4659 ret.
684 4601 762 4651 Αιι
802 4596 941 4649 idem
974 4603 1254 4664 proliterea
1304 4594 1372 4646 de
1399 4593 1609 4647 caeteris
1651 4591 1901 4647 omnibus
1941 4592 2128 4646 dicen-

532 4694 697 4752 dum?
723 4690 860 4758 Quid
894 4693 1079 4757 ingens
1113 4689 1199 4740 illa
1230 4688 1281 4741 in
1312 4687 1444 4741 urbe
1469 4728 1482 4751 ,
1514 4690 1563 4740 in
1592 4687 1733 4755 agris
1756 4728 1769 4747 ,
1801 4702 1895 4755 per
1917 4686 2123 4739 Italiam

532 4801 818 4843 servorum
840 4780 1140 4835 colluvies?
1164 4782 1300 4846 Quid
1329 4781 1564 4849 prepolze
1584 4823 1597 4843 ,
1630 4780 1929 4844 institores,
1960 4780 2089 4833 lanii
2109 4823 2123 4845 ,

530 4878 700 4940 fabri,
736 4876 993 4937 fullones,
1042 4883 1254 4927 sutores
1300 4872 1591 4941 (ridiculus
1630 4873 1728 4924 sim
1753 4913 1767 4935 ,
1797 4873 1842 4926 si
1871 4881 1948 4926 tot
1981 4882 2129 4925 artes

530 4984 835 5040 operasque
880 4966 945 5019 ad
998 4979 1219 5018 cens-uin
1265 4978 1459 5015 vocare
1500 4962 1723 5029 velim),
1768 4979 1877 5014 uno
1919 4962 2124 5027 verbo,

531 5060 661 5132 quid
695 5068 839 5113 tanta
869 5058 1119 5111 viliorutn
1152 5057 1385 5123 eapitum
1415 5053 1703 5106 multitudo
1731 5054 1936 5117 Romae,
1967 5054 2017 5107 in
2041 5069 2122 5108 co-

529 5154 723 5218 loniis,
773 5153 824 5205 in
856 5148 1203 5215 municipiis,
1254 5146 1484 5213 ubique;
1534 5154 1642 5199 tum
1674 5155 1731 5199 et
1782 5146 2128 5201 honestorum

530 5246 845 5305 hominum,
873 5241 1069 5311 quibus
1114 5246 1261 5291 arcta
1308 5253 1396 5290 res
1424 5236 1571 5290 domi
1612 5237 1793 5290 esset?
1833 5238 1964 5291 Nunt
1993 5249 2045 5293 et
2076 5238 2132 5293 bi

530 5339 771 5396 dieculas
798 5338 851 5391 in
885 5334 1010 5389 ludo
1055 5333 1345 5391 triverunt,
1380 5346 1557 5399 graece
1599 5332 1742 5401 l0qui
1777 5340 1835 5385 ut
1878 5334 2125 5391 addisce-

526 5432 690 5489 rent?
718 5432 783 5485 Et
812 5441 988 5483 tamen
1020 5442 1084 5481 ex
1117 5427 1181 5479 iis
1208 5434 1265 5477 ttt
1307 5423 1595 5492 plurimum
1640 5426 1824 5494 primis
1856 5428 1962 5481 illis
2003 5430 2127 5485 ﬁdei

528 5522 867 5593 temporibus
896 5517 1184 5575 constabat
1226 5515 1499 5577 Ecclesia.
1549 5516 1759 5571 inﬁrma
1791 5520 1974 5573 mundi
2026 5522 2126 5576 eli-

526 5626 691 5689 gente
738 5617 848 5669 Deo
888 5622 949 5669 ut
991 5610 1311 5681 sapientiam
1358 5608 1540 5663 δίρρυιὶ
1572 5610 1945 5668 cool’underet.
1988 5612 2126 5670 Hinc

526 5711 721 5766 merito
758 5707 1033 5781 apostolos
1071 5711 1162 5765 τήν
1198 5705 1426 5778 γλῶτταν
1455 5702 1810 5768 ἰδιωτεύοντας
1846 5707 1987 5764 dixit
2018 5708 2123 5764 Eu-

2236 4590 2525 4644 duodecim
2557 4590 2715 4644 annis
2753 4606 2839 4645 res
2874 4592 3135 4646 Ecclesiae
3171 4594 3579 4650 administrasse
3615 4612 3645 4649 a
3680 4602 3821 4648 vete-

2236 4684 2386 4738 ribus
2412 4685 2689 4739 discimus.
2720 4686 2827 4739 (lur
2850 4686 3029 4755 itaque
3060 4702 3164 4741 non
3188 4688 3287 4741 sub
3316 4686 3419 4741 hoc
3439 4690 3637 4756 potius,
3668 4700 3820 4757 quam

2247 4789 2373 4847 post
2406 4791 2510 4831 tam
2540 4781 2720 4832 laxum
2758 4782 3016 4848 temporis
3038 4781 3269 4850 spatium
3308 4783 3567 4838 adornata
3606 4784 3705 4836 sub
3733 4780 3823 4835 Pio

2236 4883 2512 4923 sacrorum
2546 4870 2611 4924 Ν.
2640 4870 2702 4925 Τ.
2738 4872 2996 4928 librorum
3040 4874 3320 4927 translatio
3352 4873 3550 4929 fuerit?
3580 4874 3660 4929 An
3703 4873 3822 4928 dee-

2238 4974 2361 5018 rant
2392 4966 2623 5032 prirzcipi
2666 4967 2904 5020 omnium
2940 4968 3198 5021 Ecclesia:
3223 5009 3239 5029 ,
3291 4969 3342 5023 in
3394 4968 3822 5038 frequentissimo

2234 5057 2477 5126 gentium
2507 5076 2536 5111 e
2565 5062 2855 5127 provinciis
2878 5061 3088 5129 imperii
3114 5061 3179 5115 ad
3214 5060 3414 5117 Urbem
3440 5064 3664 5131 appulsu
3684 5102 3701 5127 ,
3730 5072 3820 5114 eo-

2237 5166 2356 5204 rum
2383 5191 2397 5217 ,
2444 5152 2603 5206 simul
2642 5168 2705 5208 ac
2748 5154 3059 5223 prodierant
3080 5197 3093 5217 ,
3122 5155 3432 5224 apographa
3461 5196 3477 5219 ,
3511 5168 3657 5211 utne
3688 5149 3818 5208 verti

2239 5247 2587 5302 commodum
2632 5251 2893 5317 possent?
2932 5252 3010 5304 An
3052 5249 3284 5304 fortasse
3314 5266 3422 5304 non
3463 5267 3633 5319 opus,
3671 5255 3822 5305 aucto

2238 5340 2292 5395 in
2323 5342 2438 5397 dies
2476 5342 2810 5397 credentium
2859 5359 3087 5399 numero
3112 5385 3126 5406 ,
3158 5354 3217 5397 ut
3269 5346 3642 5401 verterentur?
3687 5342 3822 5397 Neu-

2237 5442 2377 5487 trum
2417 5434 2679 5503 profecto,
2705 5438 2757 5489 ni
2789 5436 2962 5489 fallor.
3002 5435 3136 5500 Quas
3165 5436 3346 5491 omnia
3374 5436 3516 5493 dicta
3540 5437 3651 5493 sint
3670 5446 3821 5503 argu-

2234 5530 2401 5582 menti
2441 5528 2598 5596 hujus
2627 5529 2830 5597 gratia;
2865 5529 2914 5581 in
2941 5527 3085 5597 quod
3112 5528 3245 5584 olim
3276 5530 3493 5601 egregia
3522 5530 3673 5586 Iillii
3696 5528 3822 5583 Pro-

2234 5618 2515 5690 iegomena
2538 5622 2894 5677 observantes
2928 5636 3050 5677 cum
3082 5621 3497 5691 incidissemus,
3530 5624 3688 5680 dubia
3719 5618 3820 5692 pri—

2232 5728 2381 5771 mum
2420 5713 2597 5783 aliqua
2634 5714 2799 5771 cartis
2832 5714 3155 5782 inlevimus;
3186 5730 3329 5772 nunc
3359 5730 3485 5773 vero
3525 5731 3557 5772 θ
3596 5730 3657 5773 re
3697 5718 3815 5769 nata
