3950 6176
483 229 550 282 tv
1872 216 2420 278 PROLEGOMENA.
2820 290 2835 297 υ
3723 220 3792 277 ts

484 345 640 399 sione
664 348 879 398 utentes
920 340 1126 395 inducit
1167 338 1364 395 ibidem
1389 378 1406 406 ,
1435 336 1658 402 dicens,
1699 335 1943 407 quoniam
1973 335 2080 407 (in-
2104 338 2159 399 Α
2184 350 2319 388 rum.
2356 352 2375 385 ι
2428 331 2614 387 deinde
2655 339 2925 404 generatus
2966 332 3034 385 ad
3063 331 3320 398 e/fectum,
3360 350 3379 384 ‹
3416 330 3545 387 Cum
3587 342 3793 403 pararet

483 436 725 508 quium),
752 433 979 490 Venauu
998 447 1135 489 cano
1163 436 1357 503 factum
1384 442 1479 487 est.

555 549 663 606 Sed
686 548 874 604 nullibi
902 558 1007 603 tam
1032 556 1217 603 exerte
1238 546 1345 601 vim
1368 544 1574 600 voculae
1596 540 1759 615 Λόγος
1783 540 2083 611 expressit,

483 658 643 713 quam
667 639 881 695 laudato
908 654 1026 709 cap.
1058 639 1124 693 21
1156 636 1492 708 Apologetici
1514 677 1528 701 ,
1547 635 1654 690 ’ubi
1684 634 1751 690 de
1776 633 1976 689 Judaeis
2004 633 2087 688 lo-

482 753 700 809 quens:
755 735 918 800 Quem
960 734 1155 807 igitur,
1196 732 1403 802 inquit,
1456 728 1777 785 solummodo
1828 726 2085 781 hominem

481 837 917 903 prtesumpserant
960 829 1024 881 de
1064 826 1386 891 humilitate,
1432 823 1729 894 sequebatur
1756 821 1831 874 uti
1878 836 2085 891 magum

480 924 792 978 restimarent
841 921 906 975 de
946 925 1227 989 potestate,
1274 932 1392 971 cum
1430 915 1519 971 ille
1546 915 1800 970 daemonia
1847 912 1995 967 verba
2022 911 2086 966 de

480 1016 767 1070 hominibus
805 1019 1097 1076 excuteret,
1146 1025 1309 1065 cwcos
1349 1007 1717 1071 reluminaret,
1770 1004 2085 1075 paralyticos

477 1107 837 1176 restringeret,
872 1112 1098 1156 mortuas
1130 1102 1345 1171 denique
1374 1101 1524 1154 verba
1554 1098 1789 1152 redderet
1806 1097 1951 1160 vitw,
1977 1094 2084 1149 ele-

479 1207 653 1251 menta
680 1198 794 1265 ipsa
838 1194 1111 1266 famularet
1138 1236 1153 1260 ,
1184 1208 1507 1263 compescens
1540 1190 1825 1260 procellas,
1875 1197 1923 1241 et
1952 1190 2084 1256 freta

474 1291 799 1363 ingrediens;
828 1290 1101 1345 ostendens
1129 1304 1238 1343 sese
1276 1286 1438 1360 Λόγον
1484 1284 1618 1352 Dei,
1666 1284 1721 1337 id
1752 1292 1826 1338 est
1857 1281 2082 1337 Vunsuu

474 1384 610 1439 illud
638 1384 972 1455 primordiale
1016 1382 1449 1455 primogenitum,
1494 1378 1713 1443 virtute,
1760 1385 1807 1430 et
1864 1374 2083 1429 Ratione

475 1477 772 1532 comitatum
789 1518 803 1543 ,
832 1485 880 1530 et
899 1476 1086 1547 spiritu
1107 1474 1321 1547 fultum.

541 1592 623 1647 Ex
646 1592 730 1646 his
748 1631 763 1659 ,
788 1606 908 1662 quze
936 1589 1105 1645 fusius
1126 1588 1249 1643 data
1290 1600 1453 1657 opera
1494 1583 1777 1640 attulimus
1800 1624 1813 1650 ,
1845 1581 1978 1638 satis
2016 1579 2082 1635 li-

470 1693 637 1755 quet,
684 1698 792 1738 non
822 1682 963 1737 inter
1012 1680 1399 1744 translatbres,
1452 1678 1543 1748 qui
1590 1675 1899 1731 versionem
1937 1674 2079 1728 inte-

472 1869 864 1926 Tertullianum
888 1909 904 1935 ,
950 1882 1089 1938 quos
1114 1881 1276 1936 supra
1324 1864 1640 1920 dicebamus
1683 1860 1880 1917 vetusti
1909 1860 2079 1914 inter-

477 1964 647 2033 pretis
688 1963 839 2017 locos
878 1960 981 2016 hac
1034 1958 1160 2015 illac
1197 1957 1542 2013 sollicitasse.
1577 1955 1646 2011 Et
1683 1954 1903 2024 quidem
1932 1966 2083 2007 com-

465 2054 665 2126 pendio
683 2053 862 2119 nullo,
893 2052 997 2107 nisi
1026 2050 1285 2107 novitatis
1308 2093 1322 2117 ,
1354 2064 1513 2120 quam
1545 2048 1598 2103 in
1629 2047 1793 2103 rebus
1830 2045 1951 2101 istis
1976 2060 2081 2100 sae-

470 2162 538 2218 pe
600 2144 882 2213 inutilem,
935 2159 1045 2200 non
1088 2158 1213 2199 raro
1258 2142 1421 2197 etiam
1478 2138 1839 2211 periculosam
1898 2137 2080 2193 exitus

468 2239 864 2310 comprobavit.
913 2238 1066 2293 Adde
1092 2236 1257 2293 etiam
1286 2235 1429 2290 haud
1471 2236 1603 2290 satis
1629 2232 1914 2290 commode
1956 2231 2082 2287 Ser-

474 2351 676 2389 manem
704 2348 1017 2404 usurpasse.
1070 2331 1188 2387 Jam
1219 2332 1365 2387 enim
1392 2345 1501 2385 non
1545 2330 1772 2383 Verbum
1800 2326 1936 2393 Dei,
1981 2325 2079 2382 sed

486 2428 649 2483 Verba
678 2436 865 2484 essent
892 2426 1243 2497 intelligenda
1276 2443 1288 2477 :
1317 2440 1379 2480 ac
1407 2431 1692 2495 propterea
1711 2465 1727 2490 ,
1752 2437 1873 2477 cum
1902 2420 1955 2475 in
1986 2418 2080 2475 ad-

469 2521 631 2577 ducto
659 2523 779 2577 loco
805 2520 1068 2575 adversus
1094 2518 1359 2574 Praxeam
1382 2517 1523 2586 apud
1551 2530 1681 2571 suos
1706 2514 1761 2568 in
1786 2528 1884 2568 usu
1908 2513 2077 2569 fuisse

466 2615 542 2670 ait
566 2656 581 2677 .
615 2629 712 2684 per
740 2612 1145 2682 simplicitatem
1175 2608 1641 2680 interpretationis
1667 2607 1970 2663 Sermonem
1992 2605 2076 2658 di-

466 2724 580 2763 cere
598 2748 614 2776 ,
642 2714 794 2763 recte
814 2705 1059 2762 Clericus
1081 2744 1098 2773 ,
1148 2702 1396 2776 quamvis
1444 2701 1552 2758 fine
1577 2700 1684 2756 alio
1702 2741 1717 2767 ,
1744 2714 1841 2771 per
1869 2698 2080 2769 imperi-

464 2802 593 2856 tiam
615 2801 832 2871 adjecit.

532 2915 590 2970 ln
630 2913 824 2970 eodem
853 2928 1019 2970 censu
1041 2955 1056 2979 ,
1080 2911 1398 2967 Latinorum
1426 2908 1563 2964 alter
1588 2950 1603 2974 ,
1634 2905 1953 2978 praesultore
1975 2917 2075 2959 suo

465 3007 637 3062 nihilo
662 3005 1016 3070 constantior,
1042 3004 1216 3058 nihilo
1235 3003 1397 3057 etiam
1415 3000 1728 3071 castigatior
1758 2995 2073 3053 Lactantius

2189 426 2343 480 caelos
2368 424 2581 478 aderam
2610 424 2690 478 illi
2719 425 2894 478 simul.
2936 442 2955 476 ι

2258 520 2510 574 Nimbata
2537 528 2664 575 sunt
2694 518 2830 583 haec.
2864 527 2922 575 ut
2947 520 3204 591 pleraque
3233 520 3339 575 alia
3364 521 3590 592 hujusce
3620 522 3791 593 scrip-

2190 612 2344 678 toris,
2366 602 2491 681 qme
2524 611 2701 666 adhuc
2737 612 2911 667 lucem
2960 620 3278 683 expectant:
3311 612 3434 667 duce
3458 614 3678 670 scilicet
3707 630 3796 669 na-

2188 707 2424 762 tivitates
2452 706 2558 761 illte
2574 706 3080 774 Sermonis,conditi
3111 708 3343 777 primum
3371 708 3441 763 ad
3470 712 3792 779 cogitatum,

2186 800 2311 856 dein
2358 806 2600 872 generati
2644 802 2709 856 ad
2757 801 3029 858 etiectum.
3073 803 3179 858 Sed
3224 803 3382 860 facile
3426 820 3491 860 ex
3536 806 3628 871 iis,
3676 822 3797 876 qua:

2187 896 2510 964 praestruxit,
2546 903 2659 950 tum
2690 912 2755 951 ex
2786 895 3240 966 subsequentibus
3270 896 3539 966 castigare
3577 896 3793 965 eadem,

2187 995 2350 1056 atque
2376 985 2443 1040 ad
2472 1002 2663 1055 purum
2697 986 3018 1057 recolligere
3048 1002 3358 1057 possumus.

2259 1081 2562 1151 Antequam
2597 1078 2665 1134 ad
2694 1079 2798 1134 alia
2827 1079 3091 1135 Lactantii
3120 1095 3363 1151 pergam,
3390 1089 3473 1135 est
3493 1080 3793 1137 observata

2187 1171 2427 1243 dignum,
2459 1173 2604 1244 quod
2631 1174 2854 1244 scripsit
2881 1173 3115 1229 Hilarius
3139 1175 3283 1247 (Lib.
3307 1191 3342 1231 x
3370 1176 3433 1231 de
3464 1176 3639 1241 Trin.,
3666 1195 3793 1250 pag.

2186 1264 2294 1321 ⁸554
2317 1266 2441 1319 edit.
2471 1264 2715 1338 Veram),
2742 1267 3120 1323 haereticorum
3153 1270 3360 1339 aliquos
3386 1269 3640 1326 volentes
3675 1270 3800 1327 Uni-

2186 1359 2428 1428 genitum
2486 1358 2677 1425 Deum,
2725 1361 2816 1431 qui
2873 1362 2929 1416 in
2979 1362 3243 1432 principio
3284 1365 3428 1434 apud
3476 1363 3653 1420 Deum
3685 1373 3801 1421 erat

2188 1450 2329 1505 Deus
2369 1449 2630 1517 Verbum,
2678 1468 2786 1507 non
2841 1453 3235 1509 snbstantivum
3288 1457 3478 1524 Deum,
3524 1473 3675 1523 esse,
3703 1459 3797 1515 sed

2188 1536 2489 1598 Sermonem
2542 1544 2681 1599 vocis
2723 1546 2943 1611 emissae,
2997 1557 3074 1613 ut,
3124 1548 3267 1618 quod
3323 1548 3675 1619 loquentibus
3717 1559 3799 1605 est

2188 1649 2343 1690 suum
2370 1637 2619 1705 verbum,
2652 1636 2754 1693 hoc
2774 1639 2843 1693 sit
2870 1639 3016 1695 Patri
3046 1640 3161 1696 Dco
3185 1642 3394 1708 Filius;
3423 1654 3590 1716 atque
3621 1660 3690 1701 ex
3716 1645 3797 1701 his

469 1729 894 1849 gram’cuderint
912 1817 927 1843 ,
953 1774 1051 1830 sed
1078 1774 1219 1829 inter
1241 1772 1558 1828 scholiastas
1576 1769 1702 1825 illos
1733 1766 2080 1824 referendum
2102 1738 2159 1827 ,Β
2187 1729 2626 1849 ξῗξῖξδβξῗξξὶζ-
2645 1747 2761 1849 ¹¹Ῑᾞ
2773 1732 2997 1849 Βξίξῗ
3270 1738 3603 1849 ‘11Dlnilﬂetll.
3626 1753 3688 1795 se
3732 1754 3797 1796 ex

2188 1832 2344 1892 partu
2396 1823 2628 1895 Virginis
2673 1824 3001 1883 efficientem
3044 1830 3312 1897 extitisse,
3346 1832 3463 1900 sed,
3495 1844 3552 1889 ut
3589 1834 3644 1888 in
3676 1850 3798 1905 pro.

2185 1916 2359 1984 phetis
2410 1916 2637 1986 spiritus
2669 1920 2989 1988 prophetiae,
3050 1922 3119 1975 ita
3172 1922 3227 1977 in
3270 1924 3402 1980 'Jesu
3434 1924 3672 1982 Verbum
3702 1926 3796 1983 Dei

2183 2005 2353 2063 fuisse
2387 2007 2653 2065 dicentes.
2689 2010 2827 2065 Num
2872 2027 2937 2067 ex
2980 2014 3152 2068 vocali
3183 2014 3503 2072 Tertulliani
3550 2033 3618 2073 ac
3661 2018 3795 2074 Lac-

2183 2098 2337 2153 tantii
2368 2099 2638 2169 Sermone,
2670 2117 2826 2158 suum
2871 2103 3021 2158 illum
3066 2106 3202 2160 vocis
3229 2108 3439 2176 emissae
3466 2108 3795 2168 efﬁnxerant

2182 2199 2469 2247 novatores
2503 2192 2638 2248 isti?
2670 2196 2789 2265 quis
2819 2195 3069 2252 divinet?

2252 2284 2357 2340 Sed
2384 2285 2450 2340 ad
2482 2285 2820 2343 Lactantium
2848 2300 2905 2345 ut
2927 2290 3167 2359 redeam,
3190 2292 3301 2348 dixi
3329 2310 3436 2350 non
3460 2297 3636 2367 magis
3656 2298 3795 2355 hunc

2180 2392 2342 2447 quam
2383 2378 2776 2436 Tertullianum
2827 2383 2931 2438 sibi
2972 2393 3247 2440 constare.
3297 2386 3616 2446 Promiscue
3647 2391 3792 2448 enim

2179 2469 2404 2524 vocibus
2458 2470 2680 2525 Verbum
2707 2481 2762 2527 et
2792 2474 2976 2529 Sermo
3020 2492 3171 2541 usus,
3203 2477 3294 2532 ubi
3332 2479 3604 2551 integrum
3631 2482 3794 2539 Joan-

2179 2563 2262 2617 nis
2290 2563 2463 2618 Iocum
2503 2564 2774 2622 adducere
2802 2569 3004 2623 voluit:
3056 2569 3293 2627 Joannes
3322 2589 3541 2645 quoque,
3589 2578 3689 2645 ait,
3720 2578 3793 2632 ita

2177 2658 2424 2712 tradidit:
2453 2655 2474 2710 ἰ
2506 2657 2571 2713 In
2602 2661 2856 2732 principio
2895 2674 3002 2716 erat
3040 2664 3287 2733 Verbum,
3332 2678 3380 2721 et
3418 2667 3646 2724 Verbum
3683 2678 3794 2726 erat

2178 2750 2318 2822 apud
2348 2748 2537 2815 Deum,
2576 2761 2623 2807 et
2660 2751 2803 2808 Deus
2843 2764 2952 2810 erat
2991 2756 3237 2813 Verbum.
3283 2759 3355 2815 At
3396 2763 3603 2830 statim,
3636 2764 3792 2835 quasi

2177 2861 2313 2917 aqua
2345 2847 2447 2902 ista
2474 2862 2505 2902 e
2535 2847 2671 2913 rivo,
2710 2865 2819 2905 non
2845 2866 2916 2906 cx
2941 2850 3089 2908 fonte
3120 2853 3311 2910 bausla
3340 2857 3517 2912 minus
3545 2868 3788 2929 saperet,

2175 2938 2563 3010 semetipsum,
2596 2949 2758 3012 atque
2786 2958 2890 2997 una
2917 2944 3268 3015 interpretem
3300 2948 3583 3020 corrigens
3606 2991 3621 3017 ,
3658 2950 3784 3006 sub-

2173 3033 2349 3103 jungit
2373 3052 2384 3087 :
2416 3033 2522 3089 Sed
2550 3034 2731 3089 melius
2760 3034 2929 3090 (ἐνωεὶ
2949 3037 3109 3109 Λόγον
3138 3039 3334 3108 dicunt,
3360 3058 3512 3111 quant
3543 3060 3639 3099 nos
3665 3044 3792 3099 Ser-

466 3100 569 3204 ΐυξξ
594 3141 609 3167 ο
664 3098 768 3204 D’ei
789 3098 957 3204 mium
980 3110 1128 3204 “nunc.
1160 3094 1420 3204 Vf’b‘m'n’
1469 3092 1636 3204 23°10
1664 3091 2075 3204 semitm???
2101 3119 2146 3185 C
2180 3142 2403 3179 manem.
2428 3123 2591 3198 Λόγος
2622 3126 2756 3179 enim
2790 3136 2841 3181 et
2873 3128 3167 3185 SERIONEII
3195 3091 3451 3204 signiﬁi-at
3471 3175 3487 3201 ,
3512 3145 3560 3189 et
3590 3134 3791 3192 Rario-

460 3193 669 3262 pellans
696 3189 798 3263 (De
832 3189 967 3245 Vera
996 3188 1269 3260 Sapientia
1294 3187 1440 3253 tv,8,
1469 3185 1549 3257 9).
1572 3183 1706 3240 Cum
1734 3184 1878 3240 enim
1905 3181 2077 3237 dixis-

462 3294 567 3349 set,
601 3284 907 3339 Sermonem
936 3294 1061 3335 esse
1081 3278 1328 3347 spiritum
1361 3292 1484 3330 cum
1516 3290 1649 3330 voce
1671 3272 1875 3342 aliquid
1906 3269 2076 3341 signi-

466 3378 665 3432 ficante
695 3374 996 3444 prolatum;
1023 3372 1077 3425 in
1107 3372 1209 3425 hoc
1236 3380 1415 3424 tamen
1441 3367 1716 3438 angelicas
1743 3364 1990 3435 spiritus,
2021 3370 2077 3418 et

466 3468 709 3524 divinum
741 3466 891 3520 illum
935 3463 1258 3519 Sermonem
1288 3460 1505 3516 diﬂ'erre
1532 3460 1646 3526 ait,
1693 3456 1837 3528 quod
1868 3455 2075 3511 scilicet

464 3561 681 3631 spiritus
706 3557 936 3624 naribus,
956 3572 1045 3612 ore
1071 3571 1236 3611 sermo
1261 3553 1504 3624 procedat
1528 3568 1547 3606 :
1575 3549 1796 3621 angelos
1822 3558 2073 3619 propter-

469 3670 535 3713 ea
558 3670 624 3710 ex
652 3653 766 3709 Deo
790 3652 981 3708 tacitos
1024 3649 1252 3721 spiritus
1274 3648 1472 3705 exiisse
1496 3645 1682 3717 (bene,
1711 3642 1853 3714 quod
1880 3657 1990 3697 non
2003 3655 2071 3697 ex

460 3747 686 3805 naribus
718 3746 810 3802 Dei
844 3745 1068 3814 dixerit)
1099 3743 1224 3815 quia
1254 3756 1360 3797 non
1393 3739 1461 3795 ad
1487 3737 1790 3794 doctrinam
1832 3734 1928 3791 Dei
1958 3742 2070 3788 tra-

464 3839 698 3897 dendam
718 3880 735 3906 ,
768 3837 865 3894 sed
891 3837 958 3893 ad
987 3834 1350 3893 ministerium
1375 3831 1719 3887 creabantur.
1753 3827 1907 3884 illum
1940 3841 2070 3883 vero

464 3949 589 3989 cum
614 3948 735 3987 voce
756 3946 821 3986 ac
842 3946 968 3985 sono
993 3944 1060 3985 ex
1086 3927 1181 3982 Dei
1227 3940 1324 3982 ore
1374 3922 1707 3994 processisse
1728 3961 1744 3988 ,
1786 3920 1908 3992 quia
1937 3933 2070 3976 voce

464 4025 585 4096 ejus
610 4024 678 4079 ad
699 4023 960 4093 populum
988 4020 1163 4076 fuerat
1197 4033 1417 4075 usurus.
1461 4015 1781 4086 Clauditque
1819 4012 2069 4070 mirabile

464 4120 570 4175 hoc
592 4116 931 4174 ratiocinium
952 4157 967 4182 ,
1006 4113 1281 4185 inquiens.
1318 4129 1337 4163 t
1371 4109 1564 4166 Merito
1594 4108 1758 4181 igitur
1803 4107 1985 4163 Sermo
2011 4114 2067 4163 et

476 4213 695 4269 Verbum
721 4210 819 4267 Dei
846 4208 1065 4265 dicitur.
1098 4224 1116 4257 ι

531 4325 787 4382 Vocalem
828 4323 973 4377 hunc
1002 4321 1347 4385 Sermonem,
1376 4316 1535 4371 sicuti
1565 4314 1687 4381 alia,
1724 4328 1845 4385 quae
1876 4321 2062 4383 postea

459 4417 772 4483 afferemus,
824 4415 1077 4469 hauserat
1123 4426 1155 4466 e
1198 4408 1567 4472 Tertulliano;
1614 4405 1768 4475 cujus
1798 4404 2061 4476 insignem

2177 3230 2309 3280 neu,
2341 3214 2461 3283 quia
2490 3215 2581 3268 ille
2610 3224 2683 3270 est
2704 3231 2824 3284 vox,
2849 3227 2896 3272 et
2922 3221 3177 3290 sapientia
3199 3221 3319 3277 Dei.

2254 3305 2537 3361 Veteribus
2582 3308 2729 3364 bisce
2760 3310 3069 3367 scholiastis
3094 3316 3466 3372 accensendus
3492 3328 3576 3374 est
3606 3319 3777 3376 Joan-

2178 3412 2275 3453 nes
2300 3398 2564 3467 Clericus,
2602 3401 2691 3471 qui
2734 3411 3043 3476 utrumque,
3075 3408 3127 3461 in
3158 3409 3541 3467 additamentis
3569 3415 3690 3469 suis
3720 3413 3788 3468 ad

2175 3489 2381 3545 Novum
2430 3492 2650 3549 Henrici
2704 3495 3028 3554 Hammondi
3059 3500 3466 3559 Testamentum
3505 3506 3677 3577 (Edit.
3712 3508 3789 3562 al-

2174 3592 2285 3637 tera
2316 3582 2641 3657 Francafurt
2672 3587 2831 3643 1714.
2878 3608 2998 3663 pag.
3040 3592 3194 3664 591),
3226 3604 3466 3664 secutus,
3509 3613 3617 3653 non
3654 3598 3788 3654 Ver-

2174 3675 2314 3743 bum,
2354 3686 2448 3733 aut
2501 3677 2825 3749 Sermonem,
2875 3683 2972 3738 sed
3012 3683 3285 3740 Rationem
3311 3698 3527 3746 vertere
3552 3690 3783 3746 maluit:

2173 3766 2333 3825 Initio
2377 3782 2485 3827 erat
2532 3773 2723 3842 RATIO,
2779 3792 2937 3848 eaque
2979 3778 3150 3837 Ruto
3195 3791 3303 3836 erat
3337 3786 3478 3855 apud
3518 3783 3714 3856 Deum,
3739 3792 3786 3841 et

2170 3860 2312 3918 Deus
2336 3874 2445 3918 erat
2473 3882 2534 3919 ea
2562 3866 2760 3924 RATIO.

2245 3955 2357 4010 Cur
2384 3957 2459 4013 ita
2491 3960 2727 4015 senserit
2757 3961 2839 4016 vir
2867 3962 3109 4033 profecto
3149 3969 3416 4039 eruditus,
3442 3972 3537 4027 sed
3565 3974 3739 4029 audax
3764 4012 3780 4041 ,

2170 4054 2226 4101 et
2255 4047 2357 4103 sibi
2399 4049 2501 4121 ipsi
2528 4054 3001 4125 quamsatpissime
3042 4059 3204 4114 nimis
3232 4060 3538 4134 indulgens,
3564 4066 3784 4137 aperuit

2168 4138 2399 4209 ipsemet
2436 4144 2664 4212 epistola
2685 4146 2857 4203 altera
2878 4147 2945 4203 ad
2962 4148 3242 4220 lectorem,
3269 4157 3489 4224 prtetixa
3516 4157 3782 4214 Animad-

2168 4232 2511 4290 versionibus
2540 4238 2653 4293 suis
2694 4238 2748 4294 in
2785 4256 2919 4297 xvnt
2960 4244 3131 4312 prima
3185 4260 3455 4303 commata
3499 4251 3779 4323 Evangelii

2162 4322 2417 4417 ioannis;
2453 4328 2542 4385 ubi
2571 4338 2755 4388 tamen
2785 4332 3007 4405 fatetur,
3052 4353 3160 4393 non
3199 4339 3459 4409 defuisse,
3503 4345 3595 4414 qui
3626 4322 3777 4417 regre

2164 4409 2390 4508 ferrent,
2445 4421 2719 4483 Rationem
2763 4444 2794 4484 a
2838 4444 2898 4485 se
2934 4432 3097 4499 verti,
3147 4450 3252 4489 non
3291 4435 3634 4508 Sermonem,
3684 4447 3781 4495 aut

455 4512 701 4585 profecto
731 4511 909 4564 locum
938 4506 1202 4562 habemus
1224 4503 1487 4559 adversus
1508 4501 1769 4556 Praxeam
1807 4500 1950 4572 (cap.
1980 4498 2059 4569 7):
2090 4510 2146 4572 ι)
2178 4503 2420 4570 Verbum.

461 4606 530 4662 Ut
558 4605 801 4676 primunt,
830 4601 924 4669 ait,
964 4598 1107 4653 Deus
1132 4597 1291 4652 voluit
1321 4612 1402 4662 ea,
1429 4610 1544 4665 qua:
1571 4609 1689 4648 cum
1718 4592 1932 4663 Saphice
1959 4588 2066 4644 Ra-

455 4702 614 4764 tione,
646 4707 693 4752 et
722 4696 969 4752 Sermone
1012 4692 1339 4763 disposuerat
1364 4690 1504 4743 intra
1541 4703 1614 4754 se,
1649 4688 1704 4741 in
1724 4685 2058 4753 substantias,

450 4803 499 4850 et
540 4791 731 4860 species
777 4803 898 4842 suas
929 4785 1100 4849 edere,
1140 4785 1310 4855 ipsum
1341 4782 1565 4851 primum
1615 4779 1828 4847 protulit
1870 4792 2062 4832 sermo-

452 4902 591 4950 nem,
620 4882 885 4936 habentem
922 4880 976 4932 in
1019 4893 1073 4932 se
1110 4874 1407 4930 indiaiduas
1432 4888 1553 4927 suas
1590 4871 1865 4926 Rationem
1890 4879 1934 4925 et
1958 4869 2060 4925 So-

448 4980 645 5053 phiant,
702 4986 755 5030 ut
793 4991 883 5047 per
909 4975 1077 5045 ipsunt
1104 4972 1286 5041 ﬁerent
1314 4969 1579 5034 universa,
1612 4982 1703 5038 per
1729 4982 1881 5035 quem
1910 4973 2057 5021 erant

446 5072 690 5145 cogitata,
721 5078 873 5139 atque
911 5064 1199 5136 disposita;
1239 5063 1340 5116 imo
1387 5071 1433 5117 et
1476 5060 1613 5131 facta
1632 5062 1770 5131 jam,
1803 5066 2055 5128 quantum

443 5165 498 5219 in
524 5164 621 5217 Dei
638 5178 812 5216 sensu.
850 5158 964 5214 Hoc
991 5159 1124 5212 enim
1151 5156 1223 5211 eis
1254 5155 1453 5219 deerat,
1489 5162 1545 5207 ut
1573 5168 1749 5207 coram
1771 5167 1970 5223 quoque
1998 5151 2053 5206 in

442 5255 551 5309 suis
580 5253 863 5322 speciebus,
894 5259 1045 5321 atque
1081 5247 1377 5303 substantiis
1417 5254 1872 5317 cagnascerentur,
1904 5254 1950 5298 et
1977 5254 2051 5298 te-

445 5354 703 5402 nerentur.
735 5343 878 5399 Tunc
897 5344 1059 5416 igitur
1089 5342 1242 5397 etiam
1261 5340 1372 5409 ipse
1404 5337 1585 5393 Sermo
1605 5336 1857 5407 speciem,
1887 5344 1932 5389 et
1960 5351 2047 5389 or-

443 5450 623 5494 natum
649 5454 798 5492 suum
838 5437 1015 5503 sumit,
1039 5450 1233 5502 SONUI,
1268 5441 1318 5487 ct
1348 5445 1545 5496 VOCEI,
1577 5443 1695 5482 cum
1720 5426 1845 5479 dicit
1880 5426 2041 5495 Deus,

442 5533 566 5588 Fiat
596 5534 706 5587 lux.
732 5531 858 5587 Hinc
876 5546 973 5586 ss'r
1000 5542 1278 5584 NATIVITAS
1300 5537 1577 5580 PEBFECTA
1607 5518 1895 5583 Senuoms,
1921 5520 2045 5574 dum

436 5646 499 5683 cat
532 5628 638 5682 Deo
668 5627 917 5698 procedit,
944 5624 1186 5679 conditus
1214 5639 1247 5675 a
1274 5618 1385 5673 Deo
1415 5618 1638 5688 primum
1665 5613 1735 5667 ad
1761 5615 2045 5685 cogitatum

426 5726 477 5782 tu
498 5730 703 5782 nomine
732 5722 966 5796 Sep/tite,
1004 5740 1023 5775 t
1053 5718 1310 5775 Dominus
1332 5710 1565 5769 condidit
1594 5725 1671 5765 me
1697 5709 1900 5767 initium
1927 5712 2039 5768 via-

2243 4604 2344 4672 Qui
2375 4605 2577 4663 fuerint
2604 4610 2713 4677 isti,
2746 4620 2803 4667 et
2827 4630 2896 4671 an
2919 4617 3337 4674 vetustissimam
3365 4620 3569 4678 Latinae
3589 4623 3778 4694 Eccle-

2170 4694 2264 4751 siae
2288 4699 2614 4768 versionem,
2645 4703 2863 4773 scriptis
2891 4707 3004 4762 suis
3026 4714 3511 4782 propugnaverint,
3540 4715 3776 4784 ingenue

2170 4787 2342 4846 fateor
2372 4807 2460 4847 me
2487 4795 2717 4850 nescire.
2749 4797 2803 4852 Si
2832 4799 2960 4869 quid
3004 4811 3293 4872 propterea
3331 4805 3398 4860 ad
3426 4805 3593 4863 hocce
3614 4823 3776 4879 argu-

2170 4893 2407 4937 mentum
2433 4886 2684 4953 attulero,
2709 4889 2851 4958 quod
2881 4893 3030 4959 prius
3057 4895 3157 4964 ipsi
3189 4898 3549 4968 vulgaverint,
3579 4901 3773 4958 honori

2161 4973 2295 5027 mihi
2345 4986 2553 5032 vertam
2583 4979 2770 5035 eadem
2802 4997 2925 5038 cum
2958 4984 3133 5043 doctis
3160 4989 3417 5048 sensisse.
3451 4992 3547 5049 Sin
3572 4995 3733 5053 aliter
3753 5036 3768 5063 ,

2157 5080 2516 5137 quaecumque
2539 5084 2603 5125 ea
2631 5071 2849 5130 demum
2872 5076 3001 5144 sint,
3028 5093 3146 5135 mea
3175 5091 3357 5138 erunt.

2226 5159 2441 5217 Asserit
2488 5164 2672 5235 itaque
2701 5167 2940 5226 Clericus
2968 5172 3273 5244 ambiguam
3302 5190 3402 5245 per
3434 5191 3494 5233 se
3519 5193 3642 5236 esse
3676 5193 3772 5236 vo-

2150 5267 2271 5309 cem
2297 5255 2479 5329 Λόγος,
2506 5267 2562 5313 et
2589 5267 2695 5315 tam
2725 5260 2998 5318 Rationem
3041 5266 3182 5321 verti
3224 5282 3409 5337 posse,
3440 5286 3599 5341 quam
3636 5271 3768 5327 Ver-

2152 5345 2308 5413 bum;
2341 5350 2630 5421 statimque
2658 5354 2847 5411 addit:
2880 5357 2943 5413 Si
2970 5361 3225 5430 posterior
3246 5362 3557 5433 signiﬁcatio
3585 5367 3637 5421 in
3668 5366 3768 5421 0c-

2150 5441 2353 5497 cidente
2401 5445 2643 5514 obtinuit,
2696 5451 2759 5503 ob
2799 5454 2980 5506 veteris
3020 5454 3318 5525 interpretis
3346 5456 3523 5513 Latini
3549 5461 3765 5531 imperi-

2148 5534 2296 5603 tiam,
2322 5546 2411 5590 aut
2436 5539 2479 5592 si
2517 5542 2679 5595 mavis
2714 5543 2941 5598 inooiam
2973 5545 3165 5618 lingua:
3204 5547 3427 5617 Latiare,
3461 5549 3630 5607 Graeci
3656 5552 3764 5607 Pa-

2149 5634 2253 5679 tres
2281 5630 2477 5696 passim
2514 5634 2813 5699 ostendunt,
2844 5653 2960 5690 cum
2992 5637 3089 5692 hac
3117 5640 3182 5695 de
3206 5658 3263 5696 re
3289 5651 3469 5713 agunt,
3498 5660 3553 5699 se
3578 5645 3758 5701 Ratio-

2144 5736 2256 5774 nem
2287 5738 2389 5777 non
2421 5724 2609 5795 minus,
2642 5742 2797 5797 quant
2822 5728 3045 5789 Vanum!
3071 5734 3402 5790 intellexisse.
