3950 6176
181 291 247 350 49
939 288 1154 347 EPIST.
1195 285 1444 345 PHILIP.
1488 283 1861 353 GARBELLI,
1903 286 1992 344 DE
2021 285 2273 350 CODICE
2312 293 2666 358 BRIXIANO.
3390 299 3459 357 50

247 413 299 468 Si
329 426 447 468 vera
487 413 600 469 haec
627 420 776 478 sunt,
812 419 871 467 ut
913 419 1061 466 certe
1083 407 1388 474 verissima,
1419 405 1576 479 Λόγον
1605 420 1759 476 teque
1786 410 1840 469 Α
1865 408 2093 476 patiatur
2118 427 2197 466 me
2222 429 2323 467 non
2349 416 2804 479 incommodiorem
2826 441 3100 499 usurpare,
3134 423 3196 478 ob
3221 421 3459 477 doctissi-

192 504 390 558 Verbum
423 504 746 575 signiﬁcare,
773 521 836 559 ac
865 504 1226 568 Rationem,et
1249 500 1387 556 hanc
1411 514 1516 555 non
1547 499 1744 566 minus,

183 614 324 669 quam
349 599 465 652 illud
483 599 704 654 Graecos
729 599 917 655 Patres
939 598 1293 663 intellexisse,
1326 611 1446 668 qua:
1473 594 1752 650 fuitcausa

184 698 237 743 ut
260 699 509 744 vetustum
540 691 887 759 interpretem
919 689 1268 746 sollicitaret?
1314 691 1394 743 An
1425 688 1568 764 illius
1592 689 1752 760 impe-

179 782 286 835 ritia
313 783 508 850 (quam
553 797 741 837 vocem
785 781 1002 837 Clerico
1046 781 1312 837 excidisse
1360 795 1467 835 non
1515 777 1752 851 dubito)?

177 873 309 928 Haud
351 875 634 945 equidem;
666 877 974 932 rectissime
1003 876 1148 930 enim
1182 875 1366 943 vertit,
1400 875 1445 930 si
1474 874 1747 945 ejusdem-

172 979 273 1025 met
300 970 501 1024 calculo
530 972 663 1026 verti
705 971 775 1024 ita
819 980 1050 1040 poterat.
1098 969 1180 1024 An
1215 969 1396 1039 inopia
1430 968 1622 1038 linguae
1651 966 1753 1022 La-

177 1059 328 1114 tinze?
366 1061 571 1132 Nempe
611 1063 927 1134 mysterium
959 1061 1156 1116 fuerint
1182 1061 1505 1115 Christianis
1537 1061 1749 1116 illorum

175 1162 448 1224 temporum
493 1154 836 1210 inaccessum
889 1168 1054 1209 voces
1107 1152 1259 1206 Ratio
1290 1161 1344 1207 ct
1385 1152 1657 1225 Sapientia
1685 1153 1752 1208 ab

174 1246 378 1302 ethnicis
426 1248 792 1318 scriptoribus
820 1248 873 1302 in
903 1247 1102 1302 divinis
1139 1246 1338 1316 passim
1371 1245 1650 1314 adhibita),
1694 1254 1753 1300 ut

170 1347 428 1410 propterea
455 1340 639 1412 in0pia
668 1355 910 1412 pressus,
943 1339 1077 1395 nihil
1114 1338 1259 1394 aliud
1301 1346 1499 1409 praeter
1530 1336 1751 1393 Verbum

165 1433 340 1490 aﬂ'erre
368 1435 624 1504 potuerit.

230 1526 393 1598 Pergit
435 1527 636 1584 deinde
682 1526 1110 1599 inquienszlpsi
1138 1525 1336 1594 Latini,
1378 1527 1466 1598 qui
1497 1525 1752 1596 expende-

163 1631 271 1675 τινα
291 1639 450 1677 vocem
483 1621 747 1689 Grecam,
780 1623 1006 1692 fatentur
1029 1623 1202 1694 potius
1228 1621 1515 1676 ΒΑτιοΝΕιι
1536 1635 1641 1674 esse
1669 1620 1751 1674 in-

161 1714 485 1785 telligendam,
534 1732 692 1786 quam
737 1714 874 1786 quod
915 1713 1100 1768 Latine
1127 1713 1317 1767 dicitur
1352 1711 1606 1778 VERBUM;
1633 1727 1750 1766 cum

1851 513 2055 552 morum
2083 499 2298 558 Patrum
2324 504 2625 566 Grecorum
2651 527 2950 586 perpetuum
2979 534 3152 572 usum.
3186 515 3336 572 Sinat
3375 514 3455 566 in-

1853 599 1990 646 terea
2024 610 2107 648 me
2131 595 2270 650 illico
2304 599 2600 671 signiﬁcare
2629 622 2748 662 voce
2777 607 2970 672 RATIO,
2999 610 3134 679 quod
3160 609 3268 680 ipse
3299 621 3457 676 roga-

1853 692 1934 738 tus
1953 685 2078 756 quid
2103 686 2198 740 sibi
2223 687 2450 748 Vsnsuu
2479 695 2617 761 velit,
2649 700 2845 772 cegitur
2865 700 3068 754 tandem
3098 715 3276 755 vocare
3295 699 3455 753 inter—

1853 793 1975 830 num
2013 779 2343 849 SEBIONEM,
2387 785 2481 840 hoc
2531 799 2636 854 est,
2684 790 3205 847 RATIOCINATIONEI.
3261 790 3454 845 Audiat

1854 869 2068 941 denique
2089 872 2488 945 Tertullianum,
2515 880 2600 948 qui
2620 881 2693 935 ita
2719 883 2963 938 adversus
2977 882 3236 939 Praxeam
3259 899 3374 953 cap.
3394 882 3450 948 5,

1853 964 2088 1021 adducto
2119 969 2350 1026 subinde
2380 972 2524 1040 loco,
2553 991 2712 1045 quem
2754 992 2853 1032 nos
2884 993 3048 1048 supra
3077 979 3378 1034 retulimus.

1926 1056 2083 1112 Ludit
2108 1075 2209 1116 nos
2239 1062 2504 1133 Clericus,
2549 1081 2671 1124 cum
2713 1067 2986 1125 Rationem
3015 1081 3069 1126 et
3102 1071 3327 1126 Verbum
3357 1087 3456 1126 nu-

1854 1149 1949 1205 das
1989 1167 2150 1208 voces
2204 1157 2593 1229 expendendas
2641 1162 2904 1230 obtrudit,
2946 1181 3065 1234 quae
3117 1165 3270 1234 plura
3319 1166 3455 1220 citra

1853 1244 2210 1302 substantiam
2236 1249 2541 1320 signiﬁcare
2562 1266 2809 1324 possunt.
2836 1256 3030 1310 Divina
3053 1265 3177 1311 sunt
3204 1257 3372 1312 hocce
3401 1257 3454 1312 in

1852 1334 1993 1400 loco,
2029 1338 2224 1407 quibus
2254 1340 2320 1396 de
2364 1343 2595 1413 agimus.
2646 1347 2832 1402 Divina
2862 1349 3068 1404 scilicet
3116 1349 3290 1416 Ratio,
3334 1357 3390 1406 et
3425 1365 3456 1406 e

1854 1427 2077 1484 Ratione
2109 1431 2371 1500 Verbum;
2398 1437 2441 1491 si
2467 1440 2519 1492 ἓν
2544 1440 2692 1516 ἀρχῇ
2709 1440 2820 1511 jam
2851 1451 3137 1509 aeternum,
3185 1443 3297 1513 jam
3326 1445 3455 1498 sub-

1852 1523 2048 1578 stantia
2077 1539 2108 1579 e
2133 1524 2433 1583 substantia
2462 1544 2584 1584 cum
2611 1532 2948 1588 Tertulliano
2975 1534 3133 1607 (Adv.
3167 1533 3452 1603 Praxeam,

1853 1630 1970 1685 cap.
2000 1615 2081 1688 7),
2114 1627 2170 1674 et
2192 1620 2587 1680 substantivum
2611 1639 2732 1682 cum
2761 1627 2986 1696 Hilario,
3017 1638 3071 1684 et
3094 1629 3455 1685 consubstan-

1851 1711 1980 1767 tiale
2008 1725 2130 1766 cum
2163 1713 2424 1771 Ecclesia.

165 1821 251 1858 non
275 1806 412 1881 λόγον
439 1809 775 1885 «poemata,
802 1808 1006 1862 verbum
1043 1805 1322 1876 prolatum,
1355 1806 1443 1859 sed
1468 1803 1747 1860 ἐνδιάθετον

1925 1805 2006 1859 An
2058 1821 2190 1861 vero
2233 1807 2574 1866 incommoda
2609 1827 2742 1868 voce
2773 1829 2903 1870 usus
2953 1814 3116 1870 fuerit
3161 1815 3452 1886 interpres,

161 1898 368 1967 insitum,
415 1917 505 1955 seu
556 1903 848 1966 internum,
891 1917 992 1953 non
1036 1909 1300 1953 externum
1343 1915 1398 1952 se
1442 1897 1750 1952 intellexisse

163 1991 415 2046 dixerunt:
468 1992 616 2047 Nam
672 1993 796 2064 quid
852 2002 939 2062 est~
968 1993 1195 2048 VERBUM
1238 1992 1512 2059 internum,
1565 2000 1750 2061 prteter

165 2083 440 2154 Rsrtoxmt,
493 2103 591 2140 seu
640 2086 1163 2142 Rsrtocmartousu.
1212 2084 1474 2140 Prwterea
1513 2085 1749 2139 universa

166 2175 374 2230 Ecclesia
394 2167 719 2243 Christiana,
747 2177 927 2232 erca
957 2188 1002 2230 et
1030 2176 1239 2242 Latina,
1270 2177 1414 2249 λόγον
1440 2176 1615 2230 miscet
1632 2191 1749 2228 cum

160 2271 311 2344 σοφίᾳ,
335 2285 444 2340 qua
471 2271 658 2324 eadem
690 2280 762 2324 est
790 2286 904 2323 cum
935 2268 1201 2335 RATIONE,
1231 2267 1322 2324 sed
1352 2267 1749 2322 diversissimaa

168 2357 312 2415 Verbo
337 2362 565 2430 prolato.
599 2361 627 2414 l
636 2363 798 2434 gitur,
841 2362 1070 2432 quamvis
1095 2379 1126 2414 a
1152 2360 1518 2416 consuetudine
1537 2360 1748 2415 Latino-

161 2471 259 2509 rum
301 2457 532 2512 nonnihil
585 2457 902 2524 recesserim,
953 2457 1022 2510 ad
1064 2473 1251 2511 sonum
1293 2455 1432 2527 quod
1478 2457 1684 2524 attinet,
1716 2472 1748 2509 a

165 2551 225 2601 rei
227 2567 308 2618 psa
331 2567 654 2622 nequaquam
686 2551 808 2605 abii.

223 2643 427 2711 Quinam
453 2644 663 2700 fuerint
679 2644 855 2698 Latini
875 2643 982 2711 isti,
997 2643 1088 2714 qui
1106 2641 1478 2713 expenderunt
1500 2640 1744 2696 Grtecam

164 2749 329 2790 vocem
358 2739 547 2810 Λόγος,
583 2736 742 2791 facile
768 2746 851 2790 est
880 2737 1155 2805 conjicere
1181 2749 1250 2789 ex
1277 2734 1524 2790 adductis
1553 2749 1584 2789 e
1613 2733 1745 2788 Ter-

167 2829 384 2898 tulliano,
426 2840 598 2902 atque
661 2829 945 2885 Lactantio
996 2828 1430 2884 auctoritatibus.
1485 2827 1743 2896 Quamvis

168 2921 334 2974 mirum
360 2922 532 2977 videri
580 2921 776 2992 possit,
807 2930 1052 2976 exertum
1089 2920 1314 2990 hujusce
1345 2920 1548 2985 locum,
1581 2933 1741 2989 quem

169 3027 253 3068 nos
298 3017 644 3086 protulimus.
715 3014 984 3096 Clericum
1037 3015 1387 3085 praeteriisse,
1435 3029 1558 3068 cum
1612 3013 1748 3069 alios

167 3108 377 3178 ejusdem
407 3111 703 3181 scriptoris
733 3125 803 3166 ex
834 3109 963 3164 libb.
996 3110 1064 3165 de
1092 3109 1172 3163 Ira
1210 3109 1308 3164 Dei
1359 3116 1413 3163 et
1449 3107 1624 3162 Divin.
1657 3108 1749 3162 ln-

1851 1911 1974 1951 cnm
2024 1896 2188 1971 λόγον,
2229 1916 2336 1955 non
2379 1901 2693 1970 Rationem,
2742 1905 2836 1960 sed
2871 1905 3103 1963 Verbum
3154 1909 3454 1975 transtulit,

1846 1987 2094 2058 judicent
2133 1991 2355 2047 eruditi.
2406 1993 2581 2064 {Eque
2613 1996 2896 2053 Rationem
2946 2014 3010 2054 ac
3047 1999 3287 2056 Verbum
3315 2002 3456 2056 verti

1852 2083 2115 2152 potuisse,
2144 2091 2256 2138 tum
2290 2085 2394 2142 hoc
2413 2102 2520 2143 non
2551 2089 2730 2144 minus
2754 2105 2914 2160 quam
2945 2091 3088 2146 illam
3117 2091 3454 2148 intellexisse

1850 2176 2072 2233 Graecos
2099 2179 2286 2236 Patres
2314 2180 2490 2238 fassus
2532 2195 2618 2238 est
2654 2183 2930 2251 Clericus;
2978 2200 3040 2240 ac
3072 2194 3357 2256 propterea
3395 2201 3456 2241 se

1851 2273 2097 2327 nonnihil
2127 2288 2157 2327 a
2183 2273 2502 2330 Latinorum
2531 2277 2950 2345 consuetudine,
2985 2278 3053 2333 ad
3090 2292 3283 2334 sonum
3308 2279 3450 2350 quod

1849 2363 2078 2430 adtinet,
2113 2381 2220 2420 non
2254 2383 2385 2423 vero
2407 2383 2436 2423 a
2465 2385 2526 2425 re
2547 2369 2662 2440 ipsa
2686 2371 2904 2426 abiisse.

1923 2457 2077 2525 Quod
2107 2468 2293 2529 postea
2325 2461 2546 2518 Latinos
2577 2463 2855 2534 hucusque
2896 2479 3106 2528 omnes,
3137 2464 3253 2536 qui,
3284 2465 3456 2520 inter-

1851 2561 2060 2622 pretem
2102 2553 2296 2619 secuti,
2347 2555 2440 2610 Dei
2474 2553 2720 2624 Verbum,
2775 2572 2882 2612 non
2925 2558 3198 2613 Rationem
3240 2558 3449 2627 dixere,

1851 2643 2097 2699 indoctos
2128 2644 2381 2712 traducit,
2416 2661 2523 2702 non
2547 2649 2622 2702 ita
2647 2649 2969 2720 scripturum
3000 2649 3167 2706 fuisse
3197 2662 3349 2720 puto,
3380 2651 3448 2716 si,

1851 2735 2164 2791 subsidente
2190 2746 2348 2805 testu,
2379 2748 2435 2794 et
2463 2741 2835 2810 semetipsum,
2860 2749 2916 2796 et
2944 2756 3049 2795 una
3073 2749 3155 2797 tot
3175 2749 3444 2809 veterum,

1850 2829 2323 2902 recentiorumque
2381 2830 2728 2888 doctissimos
2782 2835 3040 2889 attentius
3099 2835 3447 2904 inspexisset.

1854 2919 1966 2975 Hoc
2017 2922 2358 2977 solummodo
2405 2923 2615 2991 dicam;
2643 2924 2786 2995 quod
2825 2927 3077 2980 omnibus
3120 2925 3172 2980 in
3214 2926 3316 2981 hac
3343 2927 3450 2981 vita

1852 3016 2173 3087 degentibus
2199 3018 2466 3075 familiare
2495 3029 2601 3086 est,
2635 3020 2777 3076 idem
2818 3019 3031 3078 Clerico
3077 3021 3362 3088 accidisse,
3395 3031 3454 3075 ut

1854 3126 2001 3180 saepe
2050 3111 2272 3166 humani
2317 3111 2520 3182 aliquid
2571 3121 2866 3182 pateretur.
2922 3115 2992 3168 At
3038 3113 3211 3168 Graeci
3259 3113 3449 3168 Patres

168 3201 266 3255 stit.
293 3203 602 3260 adduxerit.
621 3202 736 3258 Nisi
765 3205 809 3257 si
840 3202 1003 3268 forte,
1038 3201 1180 3272 quod
1206 3200 1429 3255 Verbum
1451 3201 1750 3278 προφορικὸν
1778 3211 1825 3276 C
1857 3218 1989 3258 voce
2017 3203 2166 3278 λόγος
2192 3217 2411 3274 semper
2442 3211 2566 3258 sunt
2595 3203 2697 3257 usi.
2748 3202 2940 3257 Mirum
2971 3217 3123 3269 sane,
3152 3217 3258 3273 qua
3290 3201 3452 3274 igitur

168 3311 228 3350 ex
271 3312 358 3352 ore
410 3297 511 3353 Dei
569 3311 692 3351 cum
725 3311 864 3363 voce,
913 3309 976 3350 ac
1002 3310 1130 3349 sono
1158 3293 1542 3364 procedentem
1573 3293 1752 3346 minus

168 3395 344 3443 attente
371 3389 778 3458 descripserat;
806 3402 928 3442 cum
961 3396 1139 3441 tamen
1182 3385 1332 3456 prius
1370 3401 1398 3439 a
1430 3385 1540 3440 Deo
1567 3394 1752 3441 mente

168 3489 483 3550 conceptum,
538 3479 789 3548 adeoque
833 3476 1116 3534 ἐνδιάθετον
1155 3476 1401 3532 dixisset.
1444 3474 1747 3543 Czeterum,

169 3571 288 3638 quod
313 3588 414 3627 non
445 3572 676 3628 verbum
706 3572 999 3643 prolatum,
1031 3572 1168 3637 sive,
1195 3568 1351 3640 quod
1375 3567 1656 3624 Haereticis
1683 3570 1751 3625 ab

168 3659 344 3718 Hilario
385 3665 712 3719 memoratis
758 3671 844 3718 est
891 3661 1235 3734 loquentibus
1286 3675 1441 3716 suum
1487 3659 1748 3728 Verbum,

169 3752 255 3810 hoc
279 3759 342 3811 sit
365 3759 516 3814 Patri
543 3757 659 3812 Deo
686 3756 850 3824 ﬁlius,
884 3758 978 3812 sed
1024 3757 1270 3824 insitum,
1304 3757 1604 3828 ingenitum
1640 3756 1752 3811 Deo

173 3845 371 3904 Verbum
411 3853 536 3922 ejus
563 3850 924 3922 unigenitum,
959 3858 1012 3904 et
1043 3851 1360 3921 sapientiam
1388 3849 1584 3915 Patris,
1609 3862 1753 3903 sem-

168 3958 248 4009 per
289 3944 630 4001 intellexisse
680 3954 734 3999 et
762 3944 1007 4000 Graecam
1063 3954 1117 3998 et
1147 3943 1395 3998 Latinam
1451 3942 1749 3998 Ecclesiam

165 4036 267 4104 quis
291 4054 522 4109 unquam
556 4037 859 4093 dubitavit?
883 4037 953 4091 At
978 4036 1105 4106 quid
1135 4038 1204 4090 sit
1234 4035 1457 4090 Verbum
1480 4035 1750 4089 internum

165 4131 337 4195 quaerit
386 4131 656 4185 Clericus.
705 4128 874 4183 Recte
918 4127 1084 4198 quod,
1133 4143 1255 4180 cum
1307 4127 1579 4180 Rationem
1631 4140 1753 4180 esse

165 4218 357 4288 dixerit,
390 4223 748 4291 semetipsum
781 4237 811 4275 e
839 4219 1061 4288 vestigio
1093 4219 1435 4288 recolligens,
1477 4234 1566 4272 seu
1593 4218 1754 4271 ratio-

166 4313 449 4369 cinationem
501 4315 716 4385 adjecit.
761 4313 926 4369 Sicuti
964 4314 1111 4367 enim
1143 4312 1356 4367 interna
1391 4310 1627 4365 hominis
1658 4325 1750 4362 ra-

170 4407 423 4464 tiocinatio
469 4419 555 4464 est
603 4411 852 4463 humana:
887 4409 1086 4461 mentis
1115 4405 1367 4470 verbum,
1395 4405 1466 4458 ita
1493 4405 1616 4476 (nos
1645 4404 1750 4457 mi-

171 4503 262 4556 seri
285 4504 462 4558 divina
494 4504 618 4568 ista,
650 4513 812 4572 atque
839 4499 1407 4570 incomprehensibilia
1437 4499 1537 4552 nisi
1565 4495 1752 4551 huma-

1852 3297 1978 3362 alia,
2011 3297 2116 3350 nisi
2157 3295 2370 3362 Graca,
2404 3295 2638 3351 Verbum
2671 3295 3076 3366 exprimerent?
3125 3295 3231 3351 Sed
3262 3311 3449 3367 parum

1853 3389 2033 3445 fuerat
2070 3388 2282 3445 Clerico
2329 3405 2361 3445 e
2398 3399 2667 3444 commate
2716 3389 2809 3444 illo
2844 3388 3082 3445 Verbum
3131 3390 3446 3456 extrudere,

1855 3483 1958 3538 nisi
1995 3492 2050 3537 et
2097 3497 2317 3537 sensum
2361 3483 2711 3553 evangelista:
2757 3482 3120 3538 sollicitasset.
3155 3483 3342 3555 Itaque
3383 3483 3452 3537 ad

1851 3573 1942 3628 illa
1972 3589 2090 3639 sua,
2123 3572 2287 3628 Initio
2330 3584 2439 3628 erat
2471 3572 2650 3639 Ratio,
2685 3583 2968 3644 postquam
2992 3574 3240 3640 dixisset,
3286 3575 3453 3630 verba

1854 3671 1907 3724 iv
1929 3670 2076 3742 ἀρχῇ
2103 3684 2210 3722 non
2250 3683 2371 3724 esse
2407 3668 2688 3724 referenda
2713 3669 2778 3724 ad
2803 3677 3177 3739 argumentum
3208 3669 3350 3723 illius
3389 3669 3453 3723 li-

1853 3761 1960 3828 bri,
1994 3761 2138 3830 quod
2171 3771 2254 3816 est
2280 3761 2656 3830 Evangelium.
2688 3759 2877 3814 Omnes
2910 3759 3271 3814 Grammaticas
3296 3760 3457 3814 ratio-

1854 3869 1965 3918 nes,
1988 3853 2186 3922 inquit,
2220 3853 2438 3908 suadent
2459 3854 2690 3923 pt'oxime
2725 3854 3044 3924 sequentium
3069 3853 3335 3906 uerborum
3361 3869 3456 3922 po-

1856 3954 2110 4011 testatem,
2153 3953 2197 4000 et
2228 3945 2413 3999 seriem
2443 3945 2666 4012 spectari
2689 3946 2859 4014 potius
2898 3953 3154 4015 oportere.
3192 3941 3294 3997 Hic
3333 3959 3453 3998 vero

1857 4037 2082 4106 sequitur
2110 4035 2277 4110 λόγος,
2308 4043 2356 4090 et
2381 4035 2554 4089 omnia
2579 4035 2642 4088 ab
2670 4051 2728 4088 eo
2756 4039 2913 4108 facta,
2949 4047 2997 4091 et
3027 4037 3272 4090 mundum
3302 4035 3365 4089 ab
3395 4051 3452 4089 eo

1855 4129 2046 4199 factum
2077 4130 2149 4183 ait
2195 4129 2526 4200 evangelista,
2555 4143 2670 4197 quia
2715 4129 2987 4184 ostendunt
3010 4129 3094 4199 agi
3134 4129 3198 4182 de
3225 4129 3453 4182 omnium

1855 4239 2026 4278 rerum
2053 4237 2244 4289 mmo,
2275 4238 2366 4276 seu
2407 4221 2471 4274 de
2498 4222 2754 4275 creatione
2781 4221 2989 4275 Mundi.
3028 4220 3199 4290 Hujus
3227 4219 3449 4274 ratioci-

1859 4316 1930 4369 nii
1968 4314 2191 4369 fundum
2237 4313 2678 4370 commodaverat
2716 4313 2794 4369 illi
2839 4313 3059 4369 Grotius
3087 4314 3192 4384 (Ad
3217 4311 3376 4366 Joan.
3408 4329 3449 4381 ι,

1857 4405 1934 4477 1),
1983 4407 2136 4477 cujus
2189 4407 2352 4462 verba
2407 4416 2533 4461 sunt
2580 4425 2592 4461 :
2634 4407 2709 4462 Ἐν
2772 4409 2938 4485 ἀρχῇ,
3004 4407 3330 4476 desumptum
3387 4423 3452 4462 ea:

1857 4496 2037 4552 Graeco
2082 4496 2355 4553 Geneseos.
2418 4497 2622 4553 Deinde
2666 4509 2786 4568 post
2832 4499 2981 4567 plura
3009 4539 3024 4564 ,
3069 4513 3192 4568 qua:
3239 4498 3452 4554 erudite

174 4595 243 4648 nis
282 4596 565 4652 aﬁ'ectibus
598 4595 777 4650 metiri
815 4612 920 4649 non
952 4590 1282 4662 possumus),
1313 4591 1383 4645 ita
1412 4591 1628 4658 inquam
1657 4603 1748 4644 ρο·
1775 4593 1826 4652 1)
1850 4591 2066 4658 adtulit,
2097 4590 2237 4646 Noto
2266 4602 2435 4645 autent
2462 4591 2752 4662 Scriptura:
2777 4592 2887 4646 loco
2914 4592 3119 4646 uerbum
3145 4593 3265 4647 inde
3283 4608 3453 4664 sump-

175 4697 355 4743 teterna
380 4701 604 4746 ueterum
635 4688 849 4742 Rationi
880 4685 1224 4742 Ratiocinatio
1252 4687 1337 4738 est
1373 4681 1592 4737 Verbum
1621 4681 1750 4736 illttd

179 4777 488 4838 Tcrtulliano
525 4783 860 4856 primordiale
883 4823 897 4848 ,
931 4779 1326 4852 primogenitum
1369 4785 1425 4832 et
1455 4777 1548 4831 Dei
1577 4775 1752 4845 Spirio

179 4881 264 4937 tus,
293 4888 341 4931 et
365 4878 460 4933 Dei
496 4877 695 4940 Virtus,
722 4886 774 4930 et
803 4875 1093 4945 Sapientia,
1125 4881 1181 4929 et
1209 4873 1300 4927 Dei
1332 4869 1523 4926 Filius.

241 4966 424 5023 Verum
456 4973 505 5024 in
535 4971 622 5036 iis,
654 4985 774 5039 quae
803 4983 899 5039 pro
930 4967 1191 5022 coronide
1223 4965 1462 5037 epistolis
1492 4965 1634 5020 illius
1670 4974 1754 5020 at-

183 5055 286 5112 tulit
310 5057 565 5126 Clericus,
596 5061 804 5132 (pat‘cat
833 5060 962 5113 tnihi
1008 5058 1268 5114 memoria
1302 5058 1556 5125 hominis,
1582 5073 1611 5111 a
1646 5073 1754 5128 quo

183 5155 418 5207 nonnulla
447 5155 702 5210 didicisse
731 5168 818 5208 me
841 5152 1036 5224 lateor)
1070 5152 1331 5223 majorem
1355 5151 1616 5224 profecto,
1647 5167 1750 5206 non

181 5240 340 5298 dicam
367 5245 775 5314 humanitatem,
822 5257 913 5301 aut
942 5247 1344 5310 verecundiam,
1397 5245 1490 5301 sed
1535 5245 1754 5300 modes-

185 5337 296 5391 tiam
327 5339 615 5396 desideres.
649 5341 830 5410 Pcrgit
861 5340 1003 5395 enim
1033 5340 1221 5396 dicens
1255 5361 1267 5396 :
1299 5339 1360 5395 Si
1385 5341 1499 5410 quis
1524 5339 1754 5412 objiciat,

186 5443 292 5484 race
312 5447 469 5488 unto
487 5435 783 5504 qualitatem
805 5435 1139 5506 potiusquam
1156 5449 1262 5487 rem
1283 5435 1503 5504 signari,
1523 5432 1760 5487 ostendat

187 5535 344 5574 vocem
371 5525 588 5580 Venno!
615 5525 862 5594 aptiorem
890 5541 994 5580 esse
1014 5525 1082 5579 ad
1103 5525 1500 5596 signiﬁcandam
1526 5524 1760 5578 substan-

193 5613 323 5680 tiam,
351 5627 398 5671 et
423 5621 646 5689 spondeo
664 5635 773 5686 me,
802 5635 1109 5689 quaecunque
1130 5619 1261 5684 dixi,
1293 5619 1465 5688 palam
1496 5627 1758 5672 revocatu-

192 5721 333 5774 rum;
363 5721 443 5764 aut
472 5715 516 5768 si
531 5713 859 5768 incommoda
886 5728 1004 5766 uoce
1028 5712 1102 5765 uti
1143 5711 1240 5764 sibi
1269 5711 1422 5766 licere
1449 5718 1668 5775 censeat,
1696 5710 1758 5763 ob

201 5793 524 5873 anoauu,
571 5820 854 5867 annuaque
912 5819 1252 5860 INDOC'I'ORUI
1304 5803 1761 5868 consuetudinem;

1855 4694 1962 4737 tum
2003 4701 2066 4738 ea:
2104 4685 2354 4739 sententia
2398 4685 2542 4738 illius
2584 4685 2683 4737 loci
2714 4683 3106 4757 intelligendum
3147 4694 3249 4741 est.
3286 4683 3449 4740 Mosis

1856 4775 1958 4829 loci
1999 4777 2246 4829 sententia
2273 4776 2382 4829 haec
2411 4785 2526 4829 est:
2551 4792 2666 4829 cum
2698 4778 2922 4844 primum
2969 4778 3158 4832 creavit
3190 4777 3329 4832 Deus
3354 4793 3452 4831 ete-

1857 4866 1985 4935 lum,
2008 4877 2055 4920 et
2080 4876 2290 4934 terram,
2326 4876 2463 4921 terra
2494 4877 2625 4934 erat,
2654 4878 2760 4924 etc.
2793 4868 2934 4942 Ergo
2971 4871 3022 4925 iv
3048 4872 3194 4947 ἀρχῇ
3225 4879 3318 4936 est,
3341 4885 3455 4924 cum

1857 4962 2084 5031 primunt
2115 4977 2289 5014 rerum
2310 4961 2616 5014 uniuersitas
2643 4965 2789 5033 erepit
2815 4964 2999 5017 creari.

1930 5056 2146 5111 Divinat
2179 5055 2402 5111 Grotius
2431 5069 2553 5110 cum
2581 5055 2747 5110 verba
2787 5059 2838 5112 ἐν
2866 5059 3014 5133 ἀρχῇ
3053 5072 3084 5111 e
3126 5055 3327 5112 Genesi
3362 5055 3458 5111 de-

1859 5157 2072 5219 sumpta
2120 5149 2316 5204 idoneo
2362 5157 2505 5203 teste
2554 5148 2706 5204 nullo
2761 5151 3078 5219 pronuntiat
3111 5167 3123 5203 :
3155 5149 3332 5219 quasi,
3365 5164 3461 5202 vo-

1856 5241 1974 5296 lens
1999 5241 2340 5312 Evangelista
2364 5248 2624 5296 :cternam
2655 5241 2816 5296 Verbi
2841 5244 3246 5311 generationem
3272 5252 3457 5298 osten-

1861 5333 2013 5398 dere,
2053 5332 2245 5388 alienis
2290 5331 2358 5386 ad
2403 5332 2508 5388 hoc
2564 5332 2748 5388 verbis
2799 5333 3084 5404 indigeret.
3128 5333 3264 5401 Quid
3312 5337 3457 5390 enim

1861 5425 2180 5500 proclivius,
2222 5425 2268 5480 si
2308 5427 2360 5481 in
2403 5427 2674 5497 principio
2713 5429 2954 5482 existens
3000 5427 3181 5482 dicere
3220 5427 3460 5494 volebat,

1861 5538 2022 5593 quam
2087 5523 2138 5577 ἓν
2166 5523 2315 5599 ἀρχῇ
2343 5518 2467 5580 ὄντα
2496 5521 2627 5577 illud
2667 5521 2950 5576 asserere?
2979 5519 3132 5588 Quod
3160 5534 3306 5584 vero,
3349 5536 3461 5575 non

1863 5620 1932 5674 de
1961 5618 2148 5672 mundi
2175 5618 2472 5684 creatione,
2515 5616 2609 5671 sed
2650 5615 2719 5671 de
2755 5615 3104 5685 generatione
3133 5613 3294 5668 Verbi
3337 5624 3463 5684 agat

1865 5710 2274 5776 inibiJoannes,
2306 5709 2378 5764 ita
2415 5708 2644 5765 evidens
2673 5715 2778 5770 est,
2821 5715 2879 5760 ut
2919 5705 3114 5759 mirum
3143 5703 3310 5757 videri
3336 5719 3464 5773 pos-

1867 5805 1937 5858 sit
1964 5803 2137 5858 virum
2180 5811 2373 5857 caetera
2405 5799 2624 5853 doctum
2669 5797 2837 5852 hocce
2879 5797 2930 5849 in
2973 5795 3092 5848 loco
3121 5803 3274 5847 extra
3317 5795 3470 5850 oleas
