3950 6176
504 262 563 317 !il
1917 252 2449 309 PROLECOMENA.
3740 246 3804 300 ΗΞ

504 374 706 445 vagari.
733 374 917 444 Neque
943 374 1087 427 enim
1118 370 1249 424 satis
1276 368 1368 421 init
1391 366 1865 436 divinoScriptori
1892 367 2097 433 dicere,
2130 372 2175 429 A
2207 367 2508 435 exemplar,
2558 365 2653 421 sed
2688 364 2836 434 plura
2890 378 2997 433 pra:
3041 364 3285 419 manibus
3333 363 3588 417 habuisse
3624 364 3804 417 dicen-

504 469 557 523 in
589 468 855 537 principio
892 465 1124 520 Verbum
1156 462 1353 527 luisse;
1400 470 1456 515 et
1500 461 1642 530 apud
1675 461 1865 527 Deum,
1895 468 1950 514 et
1977 474 2101 513 cum

506 564 617 618 Deo
648 563 833 617 Deum.
888 559 993 615 Sed
1023 572 1210 613 rursus
1237 556 1501 611 inculcat:
1530 554 1644 609 Hoc
1679 564 1784 608 erat
1825 556 1878 607 in
1910 554 2102 622 princi-

505 659 593 726 pio
617 656 755 722 apud
775 653 964 720 Deum,
990 651 1131 721 quod
1160 650 1364 720 pariter
1394 648 1591 716 repetit
1624 650 1789 717 lipist.
1821 646 1863 713 Ι,
1894 662 1934 713 ι,
1957 646 2016 700 ‘0
2042 644 2100 705 ἦν

504 754 593 807 ἀπ’
615 755 807 827 ἀρχῆς.
839 749 919 803 Ac
957 760 1269 819 propterea,
1300 744 1441 815 quod
1472 743 1654 799 dicere
1690 744 1885 813 pergit,
1916 742 2100 797 omnia

504 858 602 913 per
634 844 807 911 ipsum
856 842 1017 905 facta,
1062 848 1116 895 et
1159 839 1275 893 sine
1322 838 1438 907 ipso
1485 836 1617 891 nihil
1658 852 1843 891 eorum
1879 834 2098 901 factum,

500 950 621 1005 qua:
650 946 795 999 sunt,
822 950 851 987 a
884 934 1053 1003 prima
1086 932 1201 995 illa,
1244 946 1402 1001 quam
1448 940 1712 983 assertam
1740 928 1929 993 voluit,
1961 928 2099 981 veri-

499 1035 632 1089 tate,
666 1026 818 1094 quasi
850 1040 877 1078 a
908 1023 1055 1078 fonte
1085 1024 1250 1088 rivus,
1282 1032 1521 1076 emanat.
1567 1020 1675 1075 Sed
1712 1035 1873 1074 nemo
1905 1020 2099 1073 melius

500 1117 792 1193 παράδοξον
824 1116 960 1170 istud
996 1114 1189 1176 Grotii,
1233 1129 1392 1183 quam
1440 1113 1659 1167 Grotius
1701 1113 1813 1180 ipse
1844 1110 2101 1165 emenda—

501 1213 595 1265 vit.
657 1212 789 1263 Cum
838 1210 982 1264 enim
1029 1208 1203 1276 plura,
1248 1208 1534 1276 exquisita,
1586 1214 1641 1258 ut
1686 1219 1830 1273 saepe
1876 1205 2101 1270 assolet,

500 1303 809 1357 eruditione
857 1303 1172 1355 adnotasset
1201 1298 1267 1353 ad
1311 1300 1479 1367 prima
1530 1298 1641 1364 illa,
1674 1295 1751 1353 Ἐν
1795 1300 1940 1372 ἀρχῇ
1982 1295 2040 1356 ἦν
2075 1295 2101 1351 ὁ

498 1396 669 1471 λόγος,
721 1396 998 1451 coiicludit
1043 1393 1261 1448 tandem
1310 1409 1322 1444 :
1379 1392 1634 1461 Rejicitur
1685 1390 1767 1443 hic
1816 1407 1847 1441 a
1898 1388 2101 1442 Joanne

502 1488 862 1544 Gnasticorunt
910 1488 1232 1560 ﬁgmentum,
1288 1488 1377 1556 qui
1423 1488 1478 1539 ix
1518 1494 1609 1545 τῆς
1654 1492 1935 1562 προαρχής
1984 1491 2099 1552 post

501 1582 663 1635 multa
684 1580 874 1634 sa’cula
901 1591 1075 1633 natum
1105 1586 1219 1633 νοῦν
1246 1578 1471 1631 aiebant.
1503 1576 1702 1631 Deinde
1728 1593 1790 1629 ex
1814 1582 1899 1630 νοῦ
1925 1586 2102 1627 natum

500 1682 759 1747 μονογενῆ,
804 1682 846 1726 et
868 1673 930 1725 ab
956 1688 1013 1724 eo
1032 1668 1195 1745 λόγον.
1222 1670 1341 1723 Vim
1367 1670 1609 1723 veritatis
1635 1668 1775 1722 illius
1806 1668 1976 1721 Sensit
2004 1682 2098 1737 pa-

2206 462 2335 515 dum
2382 462 2472 527 sit,
2520 460 2661 514 unde
2706 458 2928 513 totidem
2971 459 3243 513 variantes
3287 458 3660 514 desumerent.
3700 458 3805 515 Sed

2206 554 2341 608 nihil
2371 554 2593 619 certius,
2628 567 2788 620 quam
2833 566 3109 606 sacrorum
3140 550 3454 617 Librorum,
3495 550 3635 605 Novi
3664 566 3803 619 prac-

2204 648 2388 702 scrtim
2420 646 2661 701 Frederis
2706 648 2855 701 locos
2880 646 3201 715 plerumque
3241 660 3272 699 e
3317 644 3591 699 memoria:
3638 660 3804 715 penu,

2202 741 2492 811 aliquando
2522 741 2683 795 etiam
2731 740 3105 802 tumultuario,
3142 749 3196 792 ut
3227 753 3312 792 res
3356 739 3497 808 ipsa,
3543 750 3636 791 aut
3670 747 3808 792 tem-

2206 852 2305 905 pus
2332 836 2556 901 ferrent,
2593 834 2848 889 Ecclesiae
2883 834 3071 887 Patres
3113 831 3393 886 adtulisse.
3430 831 3540 886 Nisi
3588 832 3630 885 si
3667 831 3808 887 forte

2206 928 2271 982 ad
2298 938 2566 982 assertum
2604 925 2824 996 aliquod
2856 926 3188 994 probandum
3233 926 3457 996 praecisa
3499 929 3636 979 sacri
3663 924 3807 979 Tex-

2207 1029 2291 1074 tus
2324 1023 2645 1073 auctoritate
2674 1033 2810 1086 Opus
2843 1018 2999 1073 foret.
3037 1017 3191 1072 Tunc
3216 1019 3357 1072 enim
3389 1026 3598 1083 exacte,
3630 1032 3694 1071 ac
3715 1031 3809 1085 per

2208 1122 2386 1179 partes
2417 1110 2711 1165 ellercbant
2736 1127 2749 1175 ;
2784 1110 2925 1179 quod
2960 1114 3010 1164 in
3040 1109 3266 1164 laudatis
3295 1110 3566 1179 aliquibus
3594 1108 3811 1164 Tertul-

2206 1201 2332 1256 liani
2366 1202 2496 1255 locis
2534 1201 2975 1255 observabamus.

2277 1297 2345 1352 At
2368 1297 2553 1351 Latina
2579 1296 2916 1365 antigrapha,
2943 1296 3103 1349 etiam
3126 1294 3442 1359 vetustiora,
3473 1296 3526 1348 in
3557 1293 3811 1362 pluribus

2207 1388 2483 1443 diil‘erunt.
2537 1390 2683 1441 Esto.
2742 1386 2878 1441 Num
2929 1385 3113 1441 Cra'ca
3157 1387 3223 1439 ab
3266 1386 3415 1441 hisce
3459 1385 3813 1441 varietatibus

2208 1484 2411 1537 libera?
2444 1482 2592 1535 llaud
2636 1481 2906 1551 equidem.
2942 1479 3126 1550 Neque
3156 1480 3311 1534 aliter
3340 1496 3458 1533 esse
3486 1478 3696 1549 potuit;
3731 1479 3812 1544 si,

2205 1573 2483 1630 Clemente
2517 1574 2881 1629 Alexandrino
2904 1583 3136 1638 tcste,ul
3164 1572 3626 1627 observatllillius
3647 1570 3814 1641 (Pro-

2206 1672 2330 1741 leg.,
2359 1687 2409 1722 n.
2443 1668 2603 1737 287),
2631 1670 2739 1737 jam
2772 1682 2876 1721 non
2928 1666 3213 1721 defuerant
3250 1668 3315 1722 τὰ
3347 1673 3446 1721 τῶν
3492 1666 3815 1739 May/sitio»:

501 1769 634 1821 riter
666 1767 717 1818 in
741 1775 1009 1819 Commate
1037 1765 1284 1833 sequenti
1321 1762 1471 1825 οὗτος
1503 1760 1560 1821 ἦν
1588 1765 1639 1817 ἂν
1668 1765 1815 1837 ἀρχῇ
1846 1762 1973 1834 πρὸς
2012 1764 2099 1816 τὸν

2216 1763 2574 1821 μετατιθέντες.
2609 1758 2763 1827 Quod
2796 1759 3046 1813 licentius
3081 1759 3248 1811 multo
3278 1774 3303 1809 ιι
3337 1757 3581 1827 pluribus
3613 1759 3815 1810 iactum

503 1861 643 1915 Θεὸν.
688 1859 886 1929 Repetit
927 1859 1041 1923 hoc,
1076 1857 1345 1927 inquiens,
1389 1858 1507 1925 quia
1546 1856 1711 1909 Deum
1724 1858 1839 1926 jam
1872 1855 2102 1919 vocavit;

504 1952 597 2004 hoc
613 1952 786 2005 volens
824 1952 897 2004 ita
924 1948 1090 2003 Deum
1115 1966 1222 2004 esse
1258 1950 1667 2018 intelligendum,
1696 1958 1749 2001 ut
1769 1959 1814 2001 et
1840 1948 1971 2001 illud
2000 1963 2104 2000 ma-

502 2055 643 2107 neat,
692 2045 849 2114 fuisse
884 2060 999 2097 eum
1042 2044 1185 2111 apud
1236 2042 1417 2096 Deum.
1466 2041 1531 2094 Id
1572 2051 1645 2095 est
1701 2050 1755 2094 ut
1810 2057 1913 2094 non
1952 2040 2105 2109 fuerit

502 2137 528 2192 ὁ
552 2135 699 2211 λόγος
724 2153 870 2190 omne
900 2135 953 2189 id
977 2134 1115 2207 quod
1138 2145 1209 2189 est
1234 2135 1396 2189 Deus.
1429 2134 1788 2205 Hypostaseon
1815 2134 2101 2187 distinctio-

505 2247 617 2283 nem
650 2230 918 2302 Origenes,
948 2239 995 2283 et
1026 2238 1140 2299 post
1168 2245 1282 2281 eum
1309 2230 1399 2282 alii
1424 2244 1684 2282 vocavere.

572 2323 629 2377 Si
675 2323 791 2377 haec
830 2323 1176 2391 expendisset
1214 2320 1480 2388 Clericus,
1514 2323 1880 2389 grammaticre
1926 2321 2097 2391 leges,

503 2428 640 2483 quas
670 2415 753 2468 vel
780 2414 976 2468 invitas
1004 2414 1071 2467 ad
1103 2415 1282 2468 locum
1308 2414 1467 2468 istum
1498 2414 1785 2482 pertraxit,
1812 2412 2106 2482 prmteriis-

506 2518 611 2561 set.
648 2508 763 2561 Sed
787 2507 862 2561 illi
888 2516 1147 2561 statutum
1180 2516 1314 2573 erat,
1347 2508 1740 2577 evangelistam
1767 2506 1832 2560 ad
1863 2506 2106 2561 Philonis

505 2593 845 2660 aliorumque
877 2592 1274 2647 Platonicorum
1323 2595 1485 2647 verba
1532 2593 1909 2661 respicientem
1942 2592 2104 2645 indu-

505 2700 653 2739 cere.
695 2688 773 2738 An
812 2684 1059 2739 lelicibus
1109 2685 1386 2754 auspiciis,
1436 2686 1679 2755 legentes
1720 2686 1955 2740 videant.
1991 2685 2107 2741 Hoc

504 2791 670 2829 unum
698 2775 916 2841 addam,
949 2777 1003 2830 in
1030 2777 1281 2831 versione
1324 2777 1414 2830 illa
1447 2793 1540 2831 sua
1572 2777 1858 2831 obscuram
1883 2778 2106 2832 omnino

505 2865 801 2932 Clericum,
848 2868 1172 2938 dubiamque
1216 2868 1517 2925 reddidisse
1569 2868 1941 2938 Hypostaseon
1989 2870 2106 2925 dis-

506 2964 843 3019 tinCtionem.
878 2965 941 3018 Et
963 2963 1194 3019 fortasse
1226 2965 1325 3019 hoc
1349 2966 1610 3026 sentiens,
1640 2979 1760 3018 cum
1793 2964 2102 3031 Rationem,

506 3066 562 3111 ut
586 3056 809 3112 VERBUM
833 3058 1106 3127 explicare
1128 3060 1309 3122 vellet,
1335 3057 1815 3113 [lniocm/t'rtoms
1841 3058 2105 3112 vocabulo

2208 1855 2396 1910 scribit
2443 1852 2704 1922 Origenes
2736 1851 2935 1906 lloniil.
2972 1867 3063 1904 vui
3099 1850 3148 1903 in
3182 1848 3366 1903 Matth.
3405 1847 3591 1920 (cujus
3629 1848 3813 1901 locum

2210 1948 2366 2001 nobis
2397 1946 2761 2001 commodavit
2806 1944 3067 1998 Erasmus
3118 1943 3330 1997 laudata
3378 1941 3693 2012 praefatimie
3746 1940 3815 1995 ad

2210 2041 2353 2097 Edit.
2372 2057 2421 2093 v.
2447 2039 2507 2093 N.
2539 2038 2651 2111 T.).
2681 2039 2855 2094 Verba
2882 2038 3025 2093 illius
3050 2048 3176 2092 sunt
3203 2057 3217 2092 :
3245 2036 3470 2091 Multam
3497 2037 3631 2090 enim
3659 2034 3816 2102 diffe-

2208 2137 2426 2189 rentiam
2461 2135 2593 2187 inter
2619 2132 2935 2203 exemplaria
2962 2132 3245 2185 invenimus
3262 2171 3277 2197 ,
3302 2132 3405 2184 sive
3435 2145 3525 2199 per
3550 2130 3817 2201 negligen-

2209 2230 2334 2282 tiam
2363 2228 2722 2292 scribentium,
2757 2227 2861 2280 sive
2900 2242 2963 2279 ea:
2989 2225 3271 2277 temeritate
3298 2222 3639 2293 quorumdam
3659 2262 3675 2287 ,
3708 2223 3817 2277 sive

2210 2330 2421 2391 prapter
2445 2333 2565 2386 eos,
2592 2319 2676 2388 qui
2724 2318 2991 2389 negligant
3031 2315 3302 2370 emendare
3354 2315 3683 2384 Scripturas,
3737 2313 3819 2367 vel

2209 2422 2418 2484 prapter
2447 2428 2555 2476 eos,
2579 2413 2688 2481 qui,
2719 2411 2857 2481 quod
2893 2412 3020 2479 ipsis
3044 2408 3263 2475 videtur,
3294 2408 3347 2460 in
3380 2407 3819 2461 emendatidribus

2210 2506 2287 2558 vel
2320 2504 2601 2574 adjiciunt,
2639 2503 2717 2557 vel
2744 2504 3056 2557 subducunt.
3092 2501 3229 2554 Hinc
3255 2499 3389 2553 nihil
3419 2498 3635 2563 mirum,
3660 2498 3731 2565 si,
3764 2500 3819 2554 in

2210 2612 2269 2651 re
2296 2596 2521 2665 alicujus
2550 2594 2810 2649 momenti
2839 2593 3169 2647 variantibus
3211 2591 3356 2645 inter
3390 2607 3449 2646 se
3483 2590 3818 2661 exemplari-

2210 2689 2311 2743 bus
2330 2733 2344 2756 ,
2373 2690 2437 2743 ad
2466 2689 2749 2765 ἀδιόρθωτα
2774 2687 2950 2743 Graeci
2983 2688 3082 2751 ipsi
3116 2700 3407 2755 provocare
3437 2684 3715 2747 solebant;
3751 2698 3816 2739 ea

2212 2781 2460 2846 scilicet,
2484 2797 2602 2849 qua:
2628 2782 2680 2833 in
2707 2779 2845 2834 male
2879 2779 3098 2833 feriatos
3120 2777 3502 2833 emendatores
3534 2791 3640 2830 non
3676 2776 3816 2831 inci-

2210 2872 2438 2927 dissent.
2473 2871 2554 2927 Ad
2586 2872 2699 2927 haec
2731 2882 2908 2926 tamen
2932 2913 2946 2937 ,
2974 2871 3195 2926 fallente
3222 2870 3515 2935 memoria,
3562 2884 3668 2922 non
3715 2870 3816 2924 ad-

2210 2967 2366 3020 vertit
2394 2966 2631 3018 animum
2663 2965 2919 3018 Erasmus
2949 2964 3086 3031 ipse,
3116 2962 3331 3033 quando
3361 2964 3413 3015 iii
3444 2960 3631 3016 eadem
3663 2975 3713 3029 pi
3733 2977 3811 3013 az-

2211 3058 2409 3113 fatione
2434 3058 2695 3125 SllSplCill‘i
2725 3072 2783 3111 se
2816 3056 2910 3120 ait,
2937 3055 2982 3109 si
3006 3056 3131 3125 quid
3159 3064 3421 3109 mutatum
3451 3064 3534 3109 est
3571 3054 3624 3109 in
3653 3054 3813 3109 Cra:-

506 3154 794 3219 expressit.
822 3151 990 3205 Immo
1022 3152 1073 3205 in
1103 3152 1647 3207 Animadversinnum
1680 3168 1899 3206 suarum
1934 3154 2104 3205 altera
2135 3139 2180 3200 C
2213 3167 2395 3205 corum
2443 3152 2591 3205 libris
2613 3191 2627 3216 ,
2661 3150 2711 3203 id
2742 3166 2772 3203 a
2803 3151 3007 3204 Latinis
3035 3149 3433 3218 exemplaribus
3476 3147 3642 3203 fuisse
3680 3163 3815 3217 pro-

510 3246 613 3297 hoc
656 3245 830 3310 ipsum
880 3244 1111 3296 adducto
1144 3244 1381 3297 Platonis
1426 3244 1543 3297 loco
1590 3259 1621 3297 e
1662 3242 1867 3296 Timam
1911 3244 2109 3297 contir-

511 3341 650 3397 tnat;
709 3334 796 3386 tibi
849 3333 1196 3402 philosophus
1241 3334 1331 3387 ille
1372 3334 1532 3409 Λόγον
1576 3333 1814 3403 appellat
1852 3342 1942 3389 τοῦ
1978 3341 2108 3390 Θεοῦ

508 3428 779 3500 lor/mntis;
814 3426 952 3493 quod
986 3426 1123 3481 idem
1173 3437 1275 3493 est,
1318 3428 1397 3497 (ut
1422 3429 1532 3495 jam
1564 3428 1825 3498 diximus)
1874 3445 1935 3483 ac
1963 3429 2108 3483 Vsa-

511 3534 619 3573 Bttit
646 3518 841 3571 divina:
887 3520 1104 3583 mentis,
1140 3535 1236 3588 per
1276 3522 1570 3575 essentiam
1618 3520 1865 3590 equidem
1908 3521 2105 3590 Rnto,

512 3623 565 3666 at
593 3628 687 3682 per
718 3612 1031 3683 hypostasin
1063 3614 1309 3669 Vsaaun.

584 3706 765 3761 Satius
789 3710 967 3778 itaque
996 3708 1168 3763 fuerat
1206 3707 1498 3775 Clericum,
1538 3725 1661 3763 cum
1694 3709 1899 3764 Latinis
1930 3710 2108 3765 omni-

513 3800 612 3854 bus
646 3808 911 3855 vetustum
952 3803 1299 3871 interpretem
1346 3804 1518 3871 sequi.
1551 3818 1710 3872 quam
1755 3806 2102 3874 evangelista:

515 3894 713 3956 locum,
749 3908 910 3948 sensu
937 3895 1052 3963 ipso
1082 3894 1241 3948 aliter
1270 3894 1545 3961 exigente,
1584 3893 1664 3949 sic
1694 3906 1927 3951 vertere.

588 3986 692 4042 Sed
712 3987 822 4055 jam
860 3988 1113 4055 sepositis
1154 3987 1462 4042 scholiastis
1507 3989 1677 4054 hisce,
1734 4005 1964 4059 quorum
2010 4006 2107 4046 ne-

513 4094 617 4147 que
659 4080 901 4133 exactior
948 4093 1111 4148 opera
1169 4080 1221 4133 in
1274 4079 1563 4135 reddendis
1604 4081 1769 4134 divini
1813 4081 2111 4153 Scriptoris

516 4169 717 4233 verbis,
750 4186 925 4239 neque
954 4170 1292 4225 commodior
1338 4172 1530 4236 evasit,
1563 4171 1627 4225 ad
1660 4172 2011 4241 multiplicem
2048 4174 2111 4228 il-

516 4266 620 4321 lam
668 4266 1021 4334 interpretum
1063 4265 1260 4319 seriem
1313 4265 1551 4330 rediens,
1602 4282 1739 4337 quos
1785 4266 2007 4322 lltietius
2056 4268 2109 4323 in

517 4357 901 4412 ecclesiasticis
946 4356 1302 4425 scriptoribus
1342 4358 1616 4413 invenisse
1662 4358 1764 4413 sibi
1798 4360 2107 4429 videbatur,

519 4465 627 4505 non
658 4448 887 4504 verebor
911 4450 1202 4514 afﬁrmare,
1233 4451 1390 4506 aliter
1420 4451 1569 4505 illum
1602 4467 1888 4507 sensurum
1921 4455 2107 4519 fuisse,

520 4543 564 4598 si
588 4552 961 4611 argumentum
995 4543 1098 4597 hoc
1121 4544 1382 4598 maturius
1408 4554 1810 4613 pertractasset.
1844 4547 1952 4616 Ego
1978 4563 2110 4602 sane

520 4650 640 4690 cum
673 4636 913 4704 argentei
941 4635 1144 4691 codicis
1172 4637 1339 4691 nostri
1372 4636 1718 4693 collationem
1748 4653 1871 4693 cum
1894 4638 2112 4694 Tertul-

519 4728 681 4792 liano,
713 4743 775 4782 ac
806 4727 1075 4799 Cypriano
1122 4732 1510 4795 instituissem;
1544 4732 1685 4801 quod
1717 4733 1855 4787 inter
1886 4732 2111 4789 Latinos

519 4820 815 4887 scriptores
843 4822 907 4874 ad
937 4837 999 4875 ea
1039 4823 1291 4877 Ecclesia:
1324 4833 1565 4893 tempora
1621 4825 1840 4893 prOpius
1883 4826 2111 4881 accede-

521 4921 663 4975 rent,
706 4914 902 4983 quibus
930 4916 1143 4983 puriora
1177 4925 1416 4971 veterum
1455 4917 1805 4985 interpretum
1837 4918 2110 4984 exetnpla-

521 5007 599 5058 ria
628 5020 749 5059 eSse
775 5005 1092 5071 debuerant,
1128 5006 1261 5060 locis
1280 5006 1552 5071 omnibus,
1580 5022 1715 5073 quos
1746 5007 1825 5060 illi
1846 5024 1910 5061 ex
1935 5008 2113 5060 Evan-

520 5098 676 5168 geliis
721 5098 1077 5164 adduxerant,
1129 5110 1338 5153 mature
1370 5100 1676 5169 perpensis,
1711 5101 1930 5154 l'undum
1985 5103 2113 5157 mihi

521 5192 755 5259 aliquem
791 5206 1009 5259 parasse
1039 5192 1313 5261 putabam,
1342 5192 1483 5246 unde
1524 5194 1781 5247 lectiones
1809 5192 1935 5248 dieti
1968 5194 2117 5249 codi-

524 5284 603 5338 cis
638 5284 849 5337 illorum
896 5286 1216 5339 auctoritate
1244 5284 1463 5339 ﬁrmare
1494 5300 1728 5354 possem.
1762 5288 1859 5340 Ast
1892 5288 1979 5342 ubi
2021 5288 2119 5342 ali-

525 5377 741 5447 quando
766 5377 880 5432 dies
918 5377 1022 5432 diei
1054 5378 1246 5443 illuxit,
1279 5378 1469 5432 falsum
1499 5394 1605 5441 me,
1657 5389 1709 5434 et
1736 5379 1955 5435 fundum
2001 5383 2119 5437 nul-

523 5470 631 5524 lum
660 5480 869 5526 certum
900 5470 1085 5525 labore
1118 5471 1210 5524 illo
1240 5472 1483 5525 mihimet
1517 5487 1863 5542 comparasse
1903 5476 2116 5531 tandem

523 5567 779 5635 cognovi.
816 5565 890 5619 lta
923 5564 1141 5619 easdem
1170 5565 1453 5635 pericopas
1486 5565 1587 5635 (uti
1635 5566 1976 5623 observatum
2009 5569 2117 5641 est)

524 5658 664 5713 haud
694 5659 881 5714 iisdem
908 5658 1108 5723 verbis,
1145 5668 1199 5713 et
1228 5674 1369 5713 nunc
1400 5658 1666 5728 pluribus,
1710 5661 1870 5716 modo
1899 5664 2119 5733 paucio-

525 5755 698 5823 ribus,
731 5752 997 5818 ederunt;
1047 5763 1105 5809 ut
1131 5761 1424 5825 propterea
1454 5767 1562 5809 non
1596 5769 1782 5822 unum,
1823 5755 2122 5813 alterumve

2212 3245 2433 3309 fectum,
2468 3254 2819 3315 posteaquam
2857 3244 3097 3297 Romana
3132 3243 3371 3298 Ecclesia
3414 3242 3580 3311 carpit
3620 3240 3816 3295 absor-

2214 3339 2340 3393 bere
2379 3339 2665 3394 Grteciam.
2697 3338 2811 3406 Qua
2852 3338 3161 3408 suspicione
3188 3338 3319 3391 nihil
3343 3337 3582 3406 proiecto
3613 3337 3811 3392 levius.

2214 3429 2381 3485 Sicuti
2415 3429 2678 3484 inﬁrmius
2716 3422 2851 3483 nihil
2882 3430 2979 3495 iis,
3014 3445 3134 3498 qua:
3186 3428 3252 3482 de
3300 3429 3516 3498 antiqua
3557 3428 3817 3483 versione

2213 3522 2412 3577 ibidetn
2441 3533 2781 3577 commentus
2813 3532 2917 3586 est,
2955 3523 3203 3592 inquiens
3236 3539 3248 3575 :
3286 3522 3392 3576 Sed
3436 3522 3567 3574 hanc
3614 3524 3811 3593 recepit

2216 3616 2449 3670 Ecclesia
2483 3617 2737 3671 Romana.
2766 3614 2849 3671 Ne
2876 3617 2931 3669 id
2956 3616 3163 3686 quidem
3191 3617 3491 3686 simpliciter
3516 3632 3688 3668 verum
3716 3626 3813 3669 est.

2217 3711 2477 3775 Observet,
2509 3712 2595 3781 qui
2628 3712 2777 3774 volet,
2809 3711 2933 3779 quid
2965 3711 3097 3779 legat
3122 3710 3335 3762 ecclesia
3370 3707 3643 3772 Romana;
3668 3726 3813 3761 com-

2212 3807 2371 3877 periet
2402 3806 2565 3859 multa
2592 3806 2875 3858 dissonare.
2917 3803 3043 3857 Hazc
3086 3818 3319 3857 vmsrua
3363 3817 3545 3857 rursse
3594 3801 3817 3856 GALLO-

2212 3913 2346 3961 auu,
2368 3912 2499 3966 qua,
2533 3912 2689 3966 quum
2708 3898 2820 3965 jam
2843 3895 3049 3949 truderet
3076 3894 3296 3963 inﬁnin
3324 3893 3603 3961 varietatis,
3639 3893 3818 3946 locant

2212 3990 2451 4043 obtinuit.

2284 4082 2354 4135 Et
2386 4096 2570 4136 rerum
2609 4078 2858 4149 equidem
2895 4086 2998 4143 est,
3027 4077 3078 4132 in
3104 4086 3183 4132 tot
3217 4075 3620 4146 exemplaribus
3648 4074 3713 4129 Ν.
3746 4077 3817 4131 Τ.

2213 4190 2333 4245 qua:
2362 4182 2485 4243 post
2522 4174 2794 4227 inventam
2837 4172 3247 4243 typographiam
3280 4171 3557 4241 prodiere,
3591 4170 3819 4227 differre

2212 4268 2441 4322 invicem
2495 4265 2750 4336 plurima.
2800 4264 2906 4319 Sed
2936 4281 3039 4333 qua
3079 4266 3147 4320 de
3183 4281 3343 4320 causa
3367 4304 3381 4329 ,
3421 4264 3689 4334 ipsemet,
3723 4266 3819 4333 qui

2214 4358 2415 4427 pluries
2444 4357 2641 4423 edidit,
2670 4356 2809 4411 scire
2854 4366 3085 4425 poterat.
3129 4356 3334 4426 Nempe
3381 4372 3448 4411 ex
3493 4356 3821 4413 disersitate

2213 4450 2480 4516 codicum,
2510 4450 2577 4505 ad
2602 4458 2830 4520 quarum
2862 4450 3018 4504 tidem
3048 4452 3417 4520 exigebantur.
3451 4450 3655 4505 Horum
3679 4468 3821 4507 vero

2137 4529 2189 4589 Π
2216 4545 2518 4610 diversitas,
2551 4561 2657 4598 non
2681 4559 2747 4598 ex
2772 4544 3123 4612 interpretum
3157 4542 3443 4609 varietate,
3468 4542 3561 4597 sed
3586 4558 3649 4596 ex
3677 4543 3809 4607 illis,

2216 4652 2352 4706 quos
2380 4635 2675 4705 Origenes,
2717 4644 2772 4691 et
2813 4646 2931 4705 post
2972 4635 3112 4690 hunc
3148 4636 3504 4707 Hieronymus
3534 4637 3819 4691 metnorite

2216 4732 2517 4801 prodidere.

2288 4824 2439 4891 Quod
2468 4834 2646 4878 autem
2677 4823 2774 4889 ait,
2804 4822 2971 4879 videri
2995 4824 3320 4889 versionem,
3354 4823 3421 4878 de
3443 4838 3543 4893 qua
3576 4820 3816 4892 agimus,

2216 4918 2384 4973 fuisse
2428 4918 2737 4982 Gallorum;
2770 4935 2903 4987 quos
2957 4920 3166 4989 praedes
3210 4920 3278 4974 de
3334 4919 3677 4988 possessione
3712 4919 3817 4973 ista

2216 5018 2512 5064 conventus
2542 5010 2799 5065 Erasmus
2838 5010 3062 5066 daturus
3091 5012 3278 5066 fuisset
3315 5026 3418 5064 non
3446 5010 3625 5064 video.
3667 5008 3819 5064 Feli-

2218 5106 2366 5161 citati
2418 5105 2713 5161 Galliarum
2771 5116 3120 5163 monumenta
3163 5106 3499 5178 antiquitatis
3549 5106 3820 5163 debemus

2222 5200 2486 5269 plurima,
2531 5199 2646 5254 haec
2682 5202 2839 5266 inter,
2868 5201 3030 5256 etiam
3084 5202 3145 5256 N.
3201 5202 3265 5256 Τ.
3306 5201 3643 5272 apographa,
3694 5217 3821 5271 qua:

2226 5292 2536 5364 Hieronymi
2564 5302 2777 5347 mtatem
2808 5304 3195 5358 antevertunt;
3228 5295 3376 5363 plura
3406 5294 3657 5361 dehituri,
3690 5296 3823 5362 nisi,

2225 5395 2347 5455 post
2377 5387 2602 5453 primam
2636 5387 2777 5441 illam
2807 5386 3013 5441 cladem
3034 5429 3049 5452 ,
3080 5395 3156 5440 tot
3183 5386 3308 5454 alia,
3340 5404 3461 5457 qum
3490 5389 3693 5441 servari
3721 5403 3822 5457 po-

2226 5487 2473 5543 tuerant,
2506 5478 2709 5533 tristior
2751 5478 2919 5531 altera
2966 5488 3303 5547 occupasset.
3337 5479 3467 5547 Qua:
3498 5486 3676 5532 tamen
3710 5478 3825 5535 illic

2223 5579 2531 5640 Supersunt,
2556 5570 2775 5624 easdem
2800 5570 2978 5633 vices,
3013 5586 3076 5626 ac
3097 5571 3278 5627 Italica
3300 5612 3315 5638 ,
3348 5586 3505 5641 passa
3543 5582 3697 5635 sunt,
3725 5586 3828 5625 va-

2225 5664 2489 5718 riantibus
2521 5663 2733 5718 scilicet
2766 5664 3020 5719 obnoxia.
3054 5665 3321 5721 Cancrum
3350 5682 3414 5721 ex
3455 5666 3641 5721 eodem
3672 5666 3830 5725 fonte

2227 5755 2431 5821 omnia,
2462 5770 2657 5825 nempe
2679 5756 2938 5814 Romanae
2965 5758 3225 5817 Ecclesiae
3253 5758 3566 5831 primigenia
3589 5759 3675 5814 illa
3700 5774 3835 5817 ver-
