3950 6176
185 259 240 313 53
981 259 1199 318 EPIST.
1244 258 1489 317 PHILIP.
1531 258 1882 320 GARBELLI
1920 261 2010 320 DE
2047 263 2300 321 CODICE
2339 265 2685 324 BRIXIANO.
3400 275 3469 330 Μ

187 374 329 441 sione,
352 392 471 446 qua:
491 392 557 432 ex
579 375 812 448 imperii
836 391 902 432 ac
921 375 1200 446 religionis
1229 375 1361 433 sede
1386 375 1439 430 in
1458 374 1769 432 Occidentis
1794 377 1848 440 Α
1875 378 2209 449 autographa
2240 379 2450 451 aliquot
2489 380 2624 438 Novi
2651 382 2896 441 Fmderis
2935 395 3285 446 monumenta
3304 424 3319 455 .
3361 387 3466 444 alia

191 473 467 542 provincias
493 487 553 528 se
578 473 694 528 late
722 472 1031 528 diffuderat.

256 566 347 623 Cur
371 569 508 623 inter
541 583 603 623 se
632 568 925 634 diﬂerant,
958 582 1021 622 ex
1058 576 1208 636 parte
1246 566 1500 621 diximus.
1532 564 1770 620 Diversi-

197 671 336 718 tatem
381 667 514 718 hanc
563 663 633 718 ad
675 662 994 718 statuendas
1025 672 1104 718 tot
1131 662 1268 718 alias
1311 662 1586 718 versiones
1624 661 1767 717 haud

201 757 310 811 Satis
329 770 461 819 esse,
496 772 606 810 non
639 757 761 811 sine
792 756 1036 810 veritatis
1065 755 1248 826 specie
1269 754 1623 824 conjeeimus.
1659 752 1770 808 Difo

201 847 351 902 ferunt
379 847 518 903 inter
558 863 620 902 se
667 847 856 903 Graeca
906 847 1188 918 profundte
1233 846 1585 916 antiquitatis.
1635 842 1766 900 Ver-

200 939 360 994 siones
386 955 448 994 ex
473 939 573 994 hoc
606 939 789 1006 plures
821 939 874 994 in
901 939 1164 994 Orientali
1206 939 1446 994 Ecclesia
1483 940 1649 994 factas
1674 952 1765 993 sa-

203 1047 294 1087 nus
337 1047 480 1086 nemo
532 1031 908 1087 allirmaverit.
958 1032 1015 1087 Si
1064 1033 1359 1102 primorum
1406 1032 1764 1100 interpretum

203 1135 402 1193 ectypon
427 1123 637 1193 aliquod
666 1139 862 1192 purum
893 1124 1256 1193 intactumque
1285 1139 1345 1179 se
1371 1123 1620 1187 sisteret,
1649 1121 1764 1201 col:-

208 1217 322 1272 latis
357 1218 563 1273 invicem
593 1260 606 1284 ,
638 1235 761 1288 qua:
789 1228 1120 1286 supersunt,
1151 1219 1429 1273 veritatem
1461 1219 1600 1272 hanc
1631 1217 1762 1273 faci-

201 1309 296 1364 lius
335 1311 753 1381 adsequeremur.
800 1310 907 1366 Sed
953 1318 1073 1378 post
1117 1309 1485 1366 infelicitatem
1534 1310 1756 1365 illorum

200 1413 502 1472 temporum,
547 1405 701 1474 cujus
753 1404 1082 1460 mentionem
1120 1404 1378 1468 fecimus,
1408 1420 1546 1459 nova
1577 1404 1762 1460 clades

197 1505 373 1566 ectypa
401 1497 597 1566 puriora
628 1497 964 1552 intervertit.
1006 1498 1067 1552 D.
1117 1498 1442 1570 Hieronymo
1484 1498 1756 1566 videlicet,

197 1598 403 1656 argente
437 1589 677 1653 Damaso,
708 1589 773 1643 N.
803 1589 867 1644 Τ.
900 1589 1164 1644 librorum
1203 1590 1443 1644 instituta
1471 1591 1754 1646 correctio.

189 1675 333 1733 Hanc
371 1680 554 1734 etenim
603 1681 818 1745 Statim,
870 1695 933 1735 ac
980 1681 1186 1750 vulgari
1236 1682 1433 1750 coepit,
1482 1695 1607 1736 cum
1655 1681 1759 1735 viri

184 1771 366 1826 summi
413 1782 519 1828 toto
568 1773 704 1828 orbe
740 1772 1053 1829 Christiano
1081 1774 1496 1830 celeberrimum
1529 1791 1750 1841 nomen,
1782 1776 1830 1837 B

182 1878 246 1920 ac
273 1865 474 1934 proinde
500 1867 804 1937 expectatio
827 1868 1040 1939 ingens,
1068 1878 1177 1923 tum
1211 1870 1392 1938 Operis
1417 1869 1752 1939 magnitudo,

182 1964 264 2020 et,
292 1973 400 2026 quae
447 1958 543 2013 fuit
585 1974 804 2028 semper
831 1961 1079 2015 humanis
1109 1960 1341 2031 ingeniis
1388 1961 1546 2028 illex,
1578 1963 1755 2032 gratia

181 2048 434 2118 novitatis,
465 2052 850 2108 commendare
882 2054 1136 2123 primum,
1172 2053 1369 2109 deinde
1391 2070 1496 2109 non
1530 2054 1755 2124 privatis

179 2139 378 2206 solum,
403 2142 488 2198 sed
513 2143 772 2199 Ecclesiis
800 2144 932 2213 ipsis
963 2152 1020 2198 ut
1044 2145 1096 2200 in
1129 2146 1300 2216 pretio
1325 2155 1473 2203 esset
1510 2146 1748 2204 efﬁcere.

179 2230 314 2299 Quid
350 2234 466 2289 inde
501 2237 784 2304 evenerit,
837 2236 996 2292 facile
1046 2247 1131 2293 est
1174 2238 1440 2293 divinare.
1503 2238 1752 2303 Conferri

178 2335 400 2393 ereptum
428 2344 543 2382 cum
576 2327 805 2384 vetustis
831 2331 1234 2399 exemplaribus
1273 2346 1465 2387 recens
1494 2347 1653 2402 opus.
1684 2331 1754 2388 Et

179 2417 266 2472 alii
296 2419 492 2490 quidem
539 2421 699 2477 avide
741 2426 985 2492 arripere
1007 2463 1020 2486 ,
1051 2423 1245 2479 eﬁ‘erre
1274 2423 1542 2490 laudibus,
1573 2426 1746 2495 sequi.

181 2508 279 2562 Alii
309 2527 455 2576 vero,
485 2515 692 2584 antiqui
726 2515 896 2570 moris
945 2524 1183 2578 tenaces.
1235 2516 1420 2572 mirari
1476 2517 1748 2572 hominem

181 2601 268 2669 qui
303 2603 432 2670 quod
475 2621 537 2659 eo
589 2621 764 2677 usque
791 2607 991 2662 lectum
1020 2608 1087 2661 ab
1118 2608 1367 2662 omnibus
1395 2607 1566 2663 fuerat
1589 2624 1751 2665 revo-

179 2705 296 2748 care
330 2696 391 2752 ad
432 2699 682 2755 incudem
723 2701 930 2769 primus
958 2715 1022 2755 ac
1051 2701 1316 2772 reﬁngere
1374 2702 1556 2758 vellet.
1603 2702 1751 2758 Non-

183 2788 304 2842 nulli
323 2791 470 2846 etiam
491 2802 683 2847 contra
705 2793 826 2858 niti,
850 2809 1131 2861 spernere,
1161 2795 1372 2848 auctori
1400 2794 1502 2865 ipsi
1531 2795 1748 2852 obtrec-

190 2885 308 2932 tare.
338 2879 508 2952 Neque
533 2885 677 2941 enim
701 2884 926 2941 defuere
957 2883 1288 2956 Hieronymo
1311 2887 1703 2943 obtrectatores
1731 2906 1744 2941 :

189 2983 282 3025 nee
303 2970 514 3029 deerunt
542 2991 778 3047 unquam
813 2976 1092 3046 praeclaris
1118 2977 1370 3047 ingeniis,
1422 2993 1540 3048 quae
1585 2988 1750 3035 urunt

183 3065 443 3135 splendore
477 3085 595 3138 suo,
624 3080 1068 3142 prmgravantque
1095 3083 1240 3128 artes
1271 3071 1407 3127 infra
1431 3087 1490 3128 se
1520 3074 1742 3143 positas.

1873 486 2002 526 vero
2057 488 2120 527 ex
2161 475 2509 544 autographis
2552 477 2656 545 ipsi
2702 489 2892 550 ectypa
2941 495 3150 537 summa
3211 483 3315 540 ﬁde
3367 483 3466 540 de-

1871 564 2076 632 scripta
2106 580 2215 634 pra:
2247 567 2418 622 oculis
2438 567 2708 627 habebant
2734 572 2861 629 dum
2892 585 3191 634 verterent.
3218 579 3316 632 Ast
3342 576 3468 632 Hic-

1870 667 2148 726 runymus,
2181 656 2308 712 dum
2341 657 2519 715 fontes
2559 664 2788 730 quierit,
2818 681 2884 720 ex
2914 681 3103 722 eorum
3153 668 3345 724 rivulis
3365 707 3379 732 ,
3409 679 3466 725 et

1869 747 2083 816 quidem
2132 751 2394 806 incertum
2437 768 2504 808 an
2538 757 2684 809 omni
2713 772 2776 812 ex
2821 770 2971 828 parte
3003 762 3173 831 puris,
3206 772 3328 832 post
3354 773 3466 818 tre-

1868 848 2076 906 centos,
2109 848 2165 894 et
2184 841 2419 912 amplius
2446 859 2621 902 annos
2661 848 2784 903 inde
2815 851 3155 906 manantibus
3183 852 3466 921 adtingere

1867 938 1951 985 est
1977 945 2227 997 coaetus;
2261 937 2401 1004 quod
2443 937 2516 991 ita
2557 938 2802 994 Latinam
2841 942 3145 999 versionem
3189 946 3464 1015 corrigere

1865 1039 1925 1079 se
1947 1040 2103 1094 posse
2126 1029 2370 1084 securius
2394 1031 2773 1089 arbitraretur.

1937 1161 2018 1216 An
2051 1165 2160 1230 pari
2185 1165 2476 1222 securitate
2516 1167 2748 1236 idipsum
2776 1178 3038 1240 praestare
3069 1181 3281 1242 poterat
3311 1173 3467 1228 adbi-

1868 1254 1992 1310 bitis
2035 1257 2464 1314 Occidentalium
2495 1261 2817 1317 codicibus?
2856 1263 3025 1318 Immo
3055 1267 3268 1336 majori.
3304 1277 3360 1322 ttt
3383 1267 3461 1322 vi-

1865 1363 1983 1402 sum
2013 1359 2094 1403 est
2126 1348 2294 1405 Millio
2318 1350 2552 1424 (Proleg.
2587 1371 2640 1407 n.
2667 1355 2790 1420 85-5,
2822 1366 2866 1408 et
2893 1355 3079 1428 seqq).
3112 1359 3167 1413 Si
3197 1361 3340 1414 enim
3366 1375 3461 1414 ve-

1865 1441 1994 1494 ritas
2019 1441 2193 1496 fuerat
2217 1445 2509 1512 qtuerettda
2534 1445 2602 1500 de
2641 1446 2884 1516 pluribus
2921 1491 2935 1516 ,
2994 1465 3091 1503 cur
3125 1465 3230 1506 non
3271 1451 3338 1506 ad
3363 1450 3462 1505 hos

1864 1537 2040 1606 potius
2064 1554 2225 1608 quam
2258 1539 2324 1594 ad
2351 1540 2571 1595 Graecos
2603 1557 2662 1596 se
2693 1545 2960 1598 convertit
2986 1585 3000 1609 ,
3052 1545 3146 1615 qui
3180 1545 3350 1601 nihilo
3381 1562 3466 1603 se-

1862 1632 1977 1686 cius
2001 1648 2063 1688 ac
2089 1632 2289 1699 Latini,
2320 1651 2415 1689 seu
2449 1646 2899 1706 priesumptorum
2947 1637 3185 1704 licentia,
3210 1654 3271 1693 ac
3298 1650 3467 1695 teme-

1862 1727 2022 1782 ritate
2046 1769 2059 1791 ,
2093 1730 2204 1782 sive
2233 1729 2577 1783 librariorum
2625 1741 2788 1801 atque
2813 1746 3100 1800 aperarum
3133 1731 3342 1786 incuria
3370 1747 3464 1803 pa-

1860 1837 1976 1876 rum
2007 1821 2276 1893 castigati.
2294 1832 2348 1878 et
2370 1840 2651 1894 perperam
2671 1827 2902 1882 correcti
2935 1826 3286 1896 prodierant?
3307 1827 3462 1896 Quod

1857 1915 2000 1970 enim
2053 1916 2119 1972 de
2173 1916 2381 1972 Latinis
2430 1918 2645 1974 dicebat
2699 1917 3094 1993 Hieronymus,
3161 1930 3238 1976 tot
3288 1921 3460 1978 ferme

1857 2009 2186 2080 exemplaria
2211 2009 2378 2065 fuisse
2421 2021 2552 2081 quot
2593 2011 2807 2067 codices
2833 2053 2848 2078 ,
2895 2021 3052 2068 aucta
3101 2012 3358 2070 videlicet
3394 2016 3445 2070 in

1857 2101 2050 2170 majus,
2083 2109 2142 2155 ut
2168 2117 2274 2156 non
2303 2117 2430 2157 raro
2451 2104 2672 2168 assolet,
2701 2118 2912 2159 summa
2936 2146 2950 2171 ,
2982 2103 3088 2159 hoc
3109 2104 3176 2160 de
3205 2108 3269 2161 its
3297 2105 3458 2161 ltttel-

1857 2196 2128 2266 ligendum
2155 2214 2259 2251 non
2283 2185 2492 2264 dubito,
2524 2197 2615 2268 qui
2647 2199 2806 2269 vulgo
2841 2195 3170 2255 ferebantur.
3203 2193 3337 2255 Nam
3367 2216 3458 2256 se-

1855 2303 1951 2343 cus
1981 2289 2049 2344 de
2075 2290 2466 2344 vetustioribus
2508 2281 2793 2346 dicendum
2818 2333 2832 2359 ,
2880 2289 2970 2362 qui
2999 2292 3054 2346 in
3096 2290 3310 2347 scriniis
3352 2292 3458 2348 Ec-

1854 2383 2142 2438 clesiarum
2171 2398 2459 2452 superesse
2513 2384 2690 2438 adhuc
2719 2394 3000 2454 poterant;
3050 2402 3112 2439 ex
3138 2386 3318 2454 quibus
3341 2387 3461 2440 dili-

1853 2487 2056 2548 genter,
2090 2478 2166 2531 ait
2197 2477 2415 2543 Millius,
2443 2477 2655 2530 invicem
2685 2478 2888 2532 collatis
2923 2477 3143 2545 restitui,
3192 2489 3239 2534 et
3263 2481 3330 2532 ad
3351 2479 3459 2550 pri-

1853 2586 2061 2623 ma’vam
2108 2569 2450 2640 integritatem
2513 2572 2740 2625 revocari
2791 2571 3038 2641 potuisset
3094 2569 3288 2626 Italica
3340 2587 3454 2625 ver-

1853 2664 1948 2715 sio.
1985 2662 2090 2718 Sed
2114 2663 2224 2732 jam
2250 2673 2441 2718 caetera
2469 2663 2614 2719 illius
2643 2665 2805 2720 verba
2837 2675 2896 2719 ut
2947 2666 3090 2719 lectu
3119 2664 3283 2736 digna
3312 2707 3328 2732 ,
3362 2680 3456 2720 ne-

1851 2771 1957 2826 que
1983 2773 2079 2810 nos
2101 2757 2308 2827 integra
2342 2756 2445 2812 huc
2489 2756 2723 2824 adferre,
2756 2774 2932 2827 neque
2971 2774 3085 2824 eos,
3119 2760 3206 2828 qui
3231 2757 3455 2830 praecla-

1852 2863 1968 2900 rum
2012 2864 2146 2917 opus
2188 2864 2293 2902 non
2334 2849 2583 2918 legerint,
2632 2849 2956 2920 expendisse
3003 2847 3224 2920 pigebit.
3271 2849 3456 2921 Pergit

1852 2937 2034 3006 itaque
2063 2939 2340 3011 inquiens:

1933 3076 2102 3130 Verbo
2154 3077 2321 3130 dicam
2350 3116 2364 3141 ,
2423 3077 2542 3132 libri
2601 3078 2691 3148 qui
2742 3077 2838 3132 hac
2913 3087 3063 3132 tetate
3113 3076 3455 3146 ferebantur,

186 3155 301 3212 Pars
319 3176 438 3216 vero
465 3162 718 3227 maxima,
751 3165 1115 3219 Ecclesiarum
1151 3166 1472 3233 praesertim,
1507 3166 1742 3222 medium
1772 3159 1816 3221 C
1851 3172 2003 3224 etiam
2063 3169 2475 3238 priestanlissinti
2496 3209 2510 3234 ,
2583 3172 2772 3240 quique
2839 3169 3134 3239 interpolati
3193 3178 3337 3226 erant
3393 3180 3442 3224 et

187 3248 311 3305 inter
352 3264 598 3326 utrosque
641 3266 831 3311 tenens
886 3259 990 3312 iter
1029 3256 1212 3329 (quod
1253 3267 1338 3312 est
1386 3258 1634 3329 equidem
1694 3261 1745 3316 in

189 3341 328 3397 rebus
352 3347 566 3413 agendis
587 3363 732 3417 saepe
763 3349 892 3403 utile
918 3393 928 3410 ,
968 3364 1113 3419 saepe
1147 3356 1328 3404 tamen
1360 3350 1742 3419 periculosum,

190 3442 234 3486 et
274 3433 475 3510 fallax),
542 3455 720 3510 neque
783 3440 1075 3496 editionem
1137 3441 1403 3511 integram
1469 3442 1743 3513 amplecti,

190 3541 336 3599 neque
378 3547 593 3601 prorsus
638 3533 907 3602 rejicere;
949 3533 1042 3589 sed
1094 3549 1216 3603 quae
1252 3545 1344 3587 aut
1397 3535 1618 3604 purius,
1652 3546 1747 3591 aut

189 3620 374 3688 melius,
397 3634 485 3678 aut
508 3625 726 3680 demum
758 3625 968 3695 plenius
997 3625 1258 3680 adtulisse
1286 3626 1592 3692 videbatur,
1626 3627 1744 3684 loco

187 3714 324 3771 motis
349 3717 639 3786 primorum
687 3719 1044 3788 interpretum
1078 3719 1256 3775 verbis
1276 3759 1290 3782 ,
1321 3721 1373 3772 itt
1401 3721 1618 3776 codices
1657 3737 1743 3778 re-

183 3802 323 3862 ferre.
351 3807 478 3864 Hinc
510 3808 709 3863 factum
747 3818 831 3873 ut,
862 3807 988 3878 quid
1019 3823 1152 3864 nova
1173 3849 1190 3876 ,
1221 3809 1348 3879 quid
1383 3818 1540 3864 vetus
1577 3810 1743 3866 editio

184 3897 384 3966 ferrent,
413 3918 701 3958 secernere
729 3902 953 3958 difﬁcile
986 3912 1109 3974 post
1135 3919 1243 3959 non
1278 3903 1503 3958 ntultum
1537 3913 1744 3975 tempo-

182 3991 245 4045 ris
269 3992 451 4060 fuerit;
485 4010 630 4049 nunc
661 4011 789 4049 vero
821 3994 982 4050 etiam
1014 3995 1360 4066 desperatum
1395 3997 1618 4053 omnino
1649 3999 1739 4053 sit.

181 4079 262 4151 ita,
283 4085 393 4140 dum
422 4089 646 4144 vetuStis
675 4089 1008 4156 novitatem,
1042 4089 1301 4144 obsoletis
1323 4091 1587 4157 nitorem,
1618 4107 1741 4146 om-

180 4177 310 4235 nibus
351 4183 571 4252 gratiam
615 4183 744 4240 dare
771 4199 829 4238 se
856 4193 1077 4256 putant,
1121 4199 1311 4240 recens
1357 4186 1486 4240 illud
1527 4186 1737 4254 vinum,

180 4282 230 4324 ac
253 4272 479 4340 fervens,
520 4283 673 4331 utres
711 4285 921 4332 veteres
942 4317 957 4343 ,
989 4274 1043 4330 in
1071 4291 1208 4346 quos
1250 4275 1584 4344 refuderant,
1618 4293 1738 4348 pes-

179 4377 275 4420 sum
306 4367 474 4434 dedit;
510 4368 814 4425 calentibus
843 4369 1040 4438 ubique
1076 4369 1417 4425 librariorum
1449 4372 1648 4426 scholis
1682 4381 1738 4427 ut

181 4471 291 4514 nova
308 4462 626 4531 exemplaria
649 4462 1018 4533 quaerentibus
1041 4472 1239 4534 prtesto
1266 4478 1388 4518 esse
1404 4474 1642 4533 possent.
1668 4465 1738 4520 Et

1848 3263 1996 3317 mixti
2021 3303 2035 3327 ,
2093 3277 2156 3315 ne
2197 3262 2495 3331 Origeniani
2539 3261 2786 3332 quidem,
2846 3261 3114 3332 cwlerique
3177 3262 3445 3332 probatio—

1847 3373 1928 3412 res
1960 3396 1975 3422 ,
2018 3355 2087 3409 ad
2131 3371 2349 3425 quorum
2396 3354 2552 3423 [idem
2590 3372 2656 3410 ea:
2705 3355 2971 3409 occasione
3035 3365 3278 3426 provocat
3323 3355 3448 3411 Ilie-

1849 3463 2093 3518 ronymus
2128 3487 2142 3511 ,
2173 3447 2236 3500 ab
2265 3447 2569 3500 assumentis
2607 3447 2822 3516 aliisque
2860 3447 2995 3501 vitiis
3024 3447 3290 3502 uacabant.
3334 3448 3449 3504 Soli

1849 3540 1986 3607 puri,
2018 3547 2066 3593 et
2096 3539 2410 3592 immaculati
2431 3550 2596 3605 erant,
2624 3541 2711 3607 qui
2735 3556 2799 3594 ea:
2822 3539 3158 3612 autographis
3179 3543 3440 3612 apostolo-

1845 3646 1958 3683 rum
1987 3631 2295 3684 manabant:
2349 3631 2571 3699 proximi
2599 3631 2737 3699 illis,
2798 3632 2912 3686 licet
2938 3671 2954 3697 ,
2984 3632 3124 3686 haud
3161 3635 3236 3687 ita
3277 3635 3394 3702 puri
3426 3667 3443 3701 ,

1847 3739 1972 3793 quos
1998 3724 2261 3792 aliquanto
2283 3734 2395 3794 post
2444 3724 2858 3779 constitutionem
2889 3723 3113 3780 Cononis
3151 3723 3227 3780 Ν.
3256 3723 3322 3780 Τ.
3356 3726 3446 3781 dc-

1844 3815 1997 3869 scribi
2041 3816 2344 3886 contigerat.
2369 3815 2438 3869 Et
2486 3833 2552 3872 ea:
2596 3833 2775 3870 eorum
2828 3817 3004 3888 aliqua
3045 3803 3287 3886 expressa
3335 3829 3446 3874 erat

1846 3909 2012 3962 uersio
2050 3906 2254 3963 Italica.
2305 3907 2445 3962 Adeo
2484 3917 2537 3962 ut
2571 3950 2587 3975 ,
2640 3908 2707 3962 ad
2749 3910 2916 3981 ipsam
2958 3909 3326 3964 emendandum
3379 3927 3444 3967 ea:

1847 4001 2048 4068 erco,
2073 4003 2370 4057 consulendi
2393 4007 2563 4071 [orent
2585 4004 2805 4070 codices,
2831 4004 2876 4058 si
2901 4005 2988 4070 qui
3007 4014 3258 4070 extarent,
3299 4006 3446 4060 sinti-

1844 4095 1916 4151 les
1945 4095 2072 4161 illis,
2119 4097 2187 4150 ad
2237 4113 2457 4166 quorum
2503 4105 2698 4150 textum
2734 4101 2906 4168 fuerat
2940 4099 3245 4167 composita.
3292 4098 3442 4162 Quod

1841 4198 2011 4241 autem
2035 4187 2127 4241 Itos
2154 4204 2256 4240 una
2287 4204 2404 4242 cum
2447 4188 2566 4241 aliis
2593 4188 2804 4242 istorum
2834 4197 3116 4258 temporum
3163 4187 3444 4258 interpola-

1840 4283 1944 4335 rint
1975 4282 2136 4352 magis
2161 4282 2429 4353 magisque
2459 4281 2658 4335 librarii
2685 4290 2801 4334 ante
2827 4280 3074 4335 clnculum
3113 4278 3438 4350 Hieronymi,

1840 4378 2035 4445 frustra
2065 4388 2130 4430 ea:
2157 4386 2443 4445 temporum
2473 4375 2812 4444 posteriorum
2860 4372 3053 4429 Grcecis
3099 4374 3301 4429 institui
3328 4378 3440 4446 eius

1838 4467 1892 4519 in
1921 4468 2176 4537 integrum
2205 4467 2598 4522 restitutionem.
2641 4464 2770 4520 Cum
2809 4467 2942 4520 enim
2968 4483 3001 4521 a
3023 4467 3258 4534 lectione,
3282 4481 3439 4538 quam

183 4553 372 4620 septimo
388 4555 499 4624 jam
522 4555 724 4609 saeculo
749 4555 948 4625 passim
970 4555 1022 4609 itt
1048 4554 1328 4610 occidente
1351 4555 1730 4623 obtinuerant;
1761 4553 1814 4612 D
1838 4561 2089 4630 referebat
2118 4561 2224 4615 lucc
2246 4560 2431 4624 versio,
2466 4559 2682 4613 abierint
2709 4557 2850 4612 haud
2886 4575 3005 4612 raro
3036 4559 3154 4614 libri
3188 4562 3440 4616 recentio-

183 4646 395 4712 sepOsitis
443 4647 868 4714 vetustioribus,
913 4663 976 4701 ac
1013 4647 1242 4702 subinde
1291 4650 1568 4719 neglectis,
1611 4667 1733 4722 quae

187 4749 334 4804 postea
364 4744 531 4799 serior
557 4753 692 4798 aetas
712 4784 724 4806 ,
761 4753 818 4796 ut
859 4742 1144 4812 plerasque
1175 4743 1306 4798 alias
1338 4753 1579 4800 veterum
1611 4762 1731 4801 mo-

187 4842 518 4888 numentorum
547 4833 811 4904 reliquias
830 4876 844 4898 ,
882 4833 1267 4888 indoctissimis
1297 4835 1527 4890 librariis
1552 4836 1617 4890 ad
1646 4853 1731 4892 re-

187 4926 353 4994 pagula,
383 4928 663 4995 fasciolas,
695 4926 910 4984 indusia
939 4927 1456 4998 compingendornm
1486 4930 1730 4986 codicum

182 5021 372 5084 paranda
411 5021 688 5078 deservire
728 5021 881 5077 vidit.
917 5021 1012 5077 Hic
1048 5021 1172 5078 linis
1196 5022 1395 5078 Italicae
1441 5023 1728 5093 versionis,

179 5109 248 5166 hic
269 5115 426 5170 exitus
464 5117 599 5181 fuit;
653 5131 764 5170 non
810 5115 1119 5186 Hieronymi
1166 5117 1355 5185 culpa,
1392 5117 1486 5172 sed
1528 5126 1732 5186 tempo-

176 5219 268 5260 rum
297 5225 308 5260 :
336 5219 387 5263 ut
416 5224 696 5280 parcamus
744 5209 971 5278 ingeniis
997 5249 1012 5274 ,
1042 5225 1162 5278 quae
1194 5225 1293 5264 nec
1325 5211 1458 5264 satis
1485 5211 1727 5278 provida,

174 5310 230 5364 et,
257 5317 403 5372 quam
435 5319 528 5372 par
556 5311 722 5366 esset,
755 5301 996 5357 faciliora
1023 5341 1040 5368 ,
1073 5318 1238 5357 novas
1267 5319 1504 5371 merces,
1534 5304 1729 5375 quibus

173 5405 295 5447 suum
323 5393 562 5465 profesto
590 5405 864 5450 constaret
894 5396 1145 5465 pretium,
1171 5397 1264 5452 sed
1296 5412 1416 5452 cum
1443 5398 1600 5452 avitis
1628 5402 1730 5453 nti-

173 5487 287 5543 nime
312 5489 695 5559 comparandas
718 5531 734 5556 ,
760 5489 846 5545 his
885 5489 1015 5559 ipsis
1041 5492 1362 5546 antetulere.
1393 5490 1545 5557 Quod
1573 5492 1724 5547 dixe-

171 5579 267 5636 rint.
298 5580 607 5653 Hieronymi
638 5581 910 5652 egregium
948 5591 1140 5638 caetera
1183 5597 1318 5652 Opus
1357 5597 1480 5637 cum
1526 5583 1726 5638 Roma-

172 5689 235 5731 m
266 5675 516 5732 Ecclesia:
564 5677 918 5747 interpretum
972 5675 1309 5746 antigrapltis
1338 5677 1476 5732 haud
1508 5694 1726 5749 compa-

171 5769 253 5825 rari
292 5783 471 5842 posse,
515 5784 698 5842 nemo,
733 5779 793 5826 ut
816 5774 983 5841 puto,
1009 5768 1219 5828 inficias
1251 5769 1432 5828 iverit.
1462 5769 1544 5829 Illi
1583 5772 1726 5832 enim

1835 4670 1934 4719 res,
1966 4663 2097 4707 certe
2115 4669 2216 4722 quo
2245 4653 2456 4724 prapius
2482 4654 2539 4706 in
2585 4668 2645 4706 ea
2670 4652 2981 4706 recensendo
3021 4653 3090 4706 ad
3119 4653 3211 4707 Iros
3227 4653 3434 4707 accedi-

1835 4753 1936 4811 tur,
1963 4759 2021 4797 eo
2056 4746 2217 4814 magis
2259 4742 2503 4796 Italicam
2530 4760 2564 4797 a
2587 4743 2891 4815 primigenia
2916 4760 3010 4798 sua
3039 4745 3293 4815 scriptura
3319 4746 3438 4800 red-

1835 4838 1924 4892 des
1954 4837 2208 4902 alienam;
2249 4854 2340 4892 nec
2365 4837 2670 4906 reformabis
2709 4839 2876 4903 ipsant
2903 4878 2917 4904 ,
2949 4838 3036 4892 sed
3068 4839 3236 4907 potius
3267 4847 3437 4893 trans-

1837 4932 2083 5002 forntabis
2117 4932 2172 4985 in
2201 4947 2378 4985 novam
2409 4933 2582 4986 nescio
2610 4949 2763 5000 quam
2787 4971 2801 4997 ,
2829 4949 2860 4987 a
2887 4934 3108 5004 genuina
3130 4943 3294 4988 vetere
3321 4932 3436 4987 Ita-

1836 5024 1937 5077 lica
1959 5026 2161 5095 penitus
2187 5025 2582 5096 discrepantem.
2636 5025 2808 5082 Sensit
2850 5035 2984 5079 certe
3001 5027 3115 5094 jam
3162 5027 3217 5081 in
3254 5026 3434 5083 limine

1837 5119 2005 5185 operis
2032 5116 2374 5188 Hieronymus
2395 5119 2641 5188 grandem
2673 5157 2687 5185 ,
2725 5117 3042 5192 Latinisque
3078 5119 3294 5173 auribus
3335 5121 3434 5176 nti-

1837 5212 1970 5264 nime
1997 5213 2281 5280 ferendam,
2315 5228 2429 5281 qua:
2457 5229 2521 5267 ea:
2549 5213 2859 5266 accuratiori
2881 5211 2950 5266 ad
2974 5213 3176 5268 codices
3204 5229 3324 5268 suos
3350 5229 3432 5268 re-

1836 5305 2074 5358 censione
2101 5305 2416 5374 contigisset,
2454 5314 2620 5359 textus
2651 5305 2826 5360 Latini
2855 5306 3230 5369 mutationem;
3260 5306 3437 5372 reique

1838 5397 2194 5466 magnitudine
2223 5437 2237 5460 ,
2266 5408 2311 5451 et
2361 5397 2590 5464 periculo
2613 5397 2910 5462 deterritus,
2941 5397 3231 5466 tempestive
3259 5399 3434 5450 retulit

1838 5490 2037 5559 pedem,
2075 5501 2118 5544 et
2150 5491 2200 5543 in
2233 5491 2386 5554 alias,
2417 5508 2604 5557 easque
2634 5489 2774 5543 haud
2823 5505 3006 5556 parum
3055 5488 3281 5542 saniores
3305 5486 3431 5538 abiit

1833 5586 2076 5640 rationes.
2115 5583 2313 5650 Nempe
2341 5584 2612 5638 emendata
2639 5601 2670 5636 α
2708 5599 2762 5637 se
2793 5580 3094 5650 Evangelia,
3119 5593 3181 5630 ne
3209 5577 3428 5630 multum

1833 5694 1862 5732 a
1881 5677 2115 5732 lectionis
2163 5675 2363 5731 Latina:
2390 5674 2756 5730 consuetudine
2785 5672 3130 5740 discreparent
3154 5706 3168 5728 ,
3201 5667 3275 5720 ita
3293 5666 3431 5719 cala-

1833 5789 1916 5828 mo
1942 5781 2246 5840 temperasse
2267 5787 2342 5839 se,
2369 5770 2461 5838 ait,
2489 5777 2546 5824 ut
2572 5767 2653 5822 his
2685 5772 2900 5831 tantum,
2925 5776 3038 5832 quia
3061 5771 3267 5813 sensum
3290 5753 3432 5813 vide-
