3950 6176
502 269 571 324 55
1908 260 2438 321 PROLEGOMENA.
3729 273 3790 331 56

499 391 687 445 bantur
712 402 931 461 mutare,
963 390 1203 447 correctis
1222 431 1238 456 ,
1268 388 1466 458 reliqua
1496 402 1701 441 orauere
1734 394 2012 457 pateretur,
2039 393 2095 437 ut
2123 388 2176 448 Α
2199 395 2302 439 seu
2330 384 2687 453 mangonibus
2717 386 2959 443 librariis
2984 389 3348 451 clarissimum
3379 394 3529 453 Petri
3561 395 3789 453 Alexan-

530 493 731 541 uerunt.

530 493 731 541 uerunt.

503 485 533 555 Ῑ
577 576 843 631 Iudicium
870 576 973 631 hoc
1020 577 1170 632 Millii
1212 575 1463 647 quamvis
1488 575 1541 629 in
1571 572 1824 629 omnibus
1866 572 2097 643 probare

500 681 612 723 non
634 669 833 738 possim
860 668 989 740 (scis
1020 668 1164 723 enim
1196 668 1323 738 quid
1352 667 1420 722 de
1455 665 1839 723 constitutione
1878 664 1966 719 illa
1997 661 2100 719 Ca-

501 764 661 818 nonis
680 762 990 831 senserim),
1027 764 1077 815 in
1106 763 1174 816 iis
1197 771 1402 828 tamen,
1432 776 1552 832 quas
1577 759 1645 815 de
1671 759 2005 815 emendanda
2029 759 2095 813 ad

498 855 722 911 Latinos
742 855 957 910 codices
979 855 1198 926 antiqua
1216 856 1467 911 versione
1487 854 1763 918 disseruit,
1786 863 1840 908 et
1867 861 2111 919 rectum,.

500 958 556 1004 et
582 948 1072 1002 luculentissimum
1105 958 1253 1017 puto.
1281 948 1506 1011 Verum,
1539 947 1605 1000 ad
1646 961 1800 1016 quos,
1859 945 2093 1012 inquies,

499 1042 568 1107 si,
599 1040 922 1111 Augustino,
951 1034 1013 1095 ac
1045 1040 1373 1113 Hieronymo
1402 1040 1649 1107 testibus,
1681 1039 1817 1093 adeo
1837 1046 1991 1093 erant
2012 1038 2097 1092 in-

498 1134 749 1204 terpolati
776 1149 985 1198 omnes,
1020 1150 1085 1189 ac
1116 1136 1264 1189 mixti
1289 1134 1314 1187 ?
1344 1134 1458 1189 Non
1489 1148 1744 1204 reponam
1780 1133 1865 1186 hic
1887 1148 2006 1203 quae
2028 1132 2095 1187 ad

497 1235 873 1295 argumentum
924 1224 1067 1280 istud
1096 1224 1407 1280 adtulimus.
1459 1224 1694 1293 ldipsum
1742 1223 2096 1293 questusjam

495 1317 676 1372 fuerat
703 1317 996 1388 Origenes:
1030 1327 1086 1373 et
1135 1326 1315 1373 tamen
1353 1332 1459 1372 non
1508 1317 1733 1372 deerant
1794 1315 2100 1384 prteceden-

496 1409 633 1464 tium
677 1410 997 1465 saaculorum
1052 1410 1385 1479 exemplaria
1414 1452 1427 1474 ,
1480 1408 1544 1463 ad
1594 1424 1713 1479 qua:
1742 1423 1839 1463 sua
1871 1410 2099 1479 ipsemet

497 1502 697 1571 exegit.
733 1501 876 1557 Idem
905 1501 974 1557 de
1002 1502 1207 1557 Latinis
1236 1500 1545 1558 dicendum.
1590 1502 1701 1557 Non
1750 1518 1871 1571 qua:
1900 1502 2097 1570 passim

497 1596 567 1649 ab
596 1595 851 1649 omnibus
883 1595 1199 1651 terebantur
1218 1636 1232 1660 ,
1268 1594 1362 1650 sed
1388 1609 1450 1651 ea
1479 1603 1633 1649 erant
1659 1593 1949 1666 qumrenda
1980 1609 2099 1665 qua:

495 1702 526 1741 a
550 1688 883 1758 privatorum
916 1687 1131 1743 licentia
1160 1696 1392 1753 secreta,
1422 1704 1552 1758 pura
1600 1690 1773 1759 magis
1802 1730 1817 1753 ,
1845 1696 1901 1744 et
1939 1687 2103 1743 fonti-

2201 474 2347 530 drini
2377 491 2605 545 nomen,
2640 486 2699 534 ut
2725 480 2984 551 splendor
3023 486 3189 541 merci
3222 528 3238 554 ,
3268 502 3332 544 ac
3386 489 3618 560 pretium
3647 501 3789 546 acce-

2209 567 2384 623 deret.

2269 662 2474 719 Auctor
2512 675 2689 722 tamcn
2734 667 2988 725 Cbronici
3036 671 3386 730 Alexandrini
3436 686 3492 732 et
3521 686 3784 734 servatum

2200 753 2401 825 Ephesi
2423 772 2493 812 vn
2516 759 2737 827 saeculo,
2767 770 2821 815 et
2842 776 2870 814 a
2905 761 3151 819 fidelibus
3185 766 3237 821 in
3260 768 3612 824 veneratione
3634 769 3783 826 babi-

2199 855 2312 901 tum
2344 849 2615 918 prodidit;
2645 852 2788 922 quod
2824 854 3067 922 profecto
3101 858 3293 914 mirum
3315 902 3331 927 ,
3364 877 3458 916 seti
3494 862 3655 925 fama.
3685 865 3791 919 sive

2200 950 2281 994 tot
2351 942 2650 999 illustrium
2719 946 3035 1004 Graecorum
3101 954 3497 1010 consuetudine
3564 958 3793 1014 nescisse

2199 1032 2610 1107 Hieronymum.
2652 1039 2793 1094 Nihil
2840 1042 2983 1097 enim
3015 1045 3193 1100 minus
3218 1063 3269 1101 iv
3298 1063 3457 1117 quam
3481 1066 3557 1104 vtt
3592 1051 3793 1107 sarculis

2199 1137 2387 1183 notum
2440 1129 2621 1185 fuerit.
2654 1131 2951 1196 Prteterea.
2982 1136 3259 1194 Adultera:
3291 1138 3575 1197 historiam
3626 1144 3677 1198 in
3711 1159 3794 1199 ve~

2200 1221 2361 1275 tustis
2384 1222 2659 1293 plerisque
2685 1239 2807 1280 cum
2855 1227 3095 1296 Grmcis,
3129 1240 3240 1285 tum
3281 1231 3487 1288 Latinis
3526 1234 3794 1291 codicibus

2200 1314 2458 1370 omissam
2483 1358 2499 1383 ,
2551 1327 2645 1372 aut
2689 1319 2862 1374 obelis
2894 1331 3132 1377 notatam
3157 1364 3172 1389 ,
3201 1340 3361 1395 quam
3392 1324 3554 1383 facile
3583 1338 3639 1383 et
3665 1329 3791 1399 ipsi,

2202 1414 2256 1459 et
2285 1405 2405 1461 aliis
2437 1406 2629 1463 fuisset
2658 1409 2723 1463 ad
2772 1412 3050 1485 archetypi
3084 1414 3245 1471 ﬁdem
3274 1418 3528 1488 exigere?
3556 1420 3686 1476 Cum
3726 1431 3795 1476 ta-

2204 1513 2330 1554 men
2358 1516 2388 1555 e
2422 1510 2498 1557 tot
2526 1503 2880 1575 scriptoribus
2907 1520 3068 1577 ante,
3098 1520 3150 1566 et
3177 1521 3300 1582 post
3333 1513 3483 1569 illum
3518 1514 3572 1570 id
3620 1516 3794 1572 fecerit

2202 1608 2385 1650 nemo.

2275 1692 2540 1764 Quidquid
2572 1692 2641 1750 de
2670 1694 2771 1751 hac
2802 1712 2864 1752 re
2890 1699 2984 1764 sit,
3012 1700 3223 1757 etiamsi
3265 1704 3560 1773 periissent
3600 1706 3792 1763 arche-

494 1780 599 1836 bus
633 1781 887 1850 pr0piora
912 1795 1034 1835 esse
1061 1780 1383 1835 debuerant.
1414 1781 1527 1836 lloc
1546 1796 1678 1835 vero
1700 1779 1843 1835 haud
1889 1779 2111 1837 difﬁcile
2141 1783 2187 1843 B
2217 1792 2340 1856 typa
2360 1826 2373 1851 ,
2421 1800 2531 1839 non
2572 1797 2719 1843 esset
2748 1802 2848 1844 cur
2871 1792 3216 1850 miraremur.
3247 1795 3426 1852 Pauca
3451 1808 3648 1865 erant,
3696 1811 3796 1856 tum

498 1872 741 1927 futurum
773 1881 892 1928 erat
931 1874 1089 1929 beato
1118 1873 1380 1946 Scriptori
1406 1915 1422 1941 ,
1461 1876 1506 1930 si
1538 1875 1774 1930 triennio
1814 1875 1909 1930 illo
1932 1916 1948 1943 ,
1993 1890 2102 1946 quo

496 1967 687 2023 110mm
711 1967 982 2035 substitit,
1012 1970 1265 2039 antiquos
1296 1970 1557 2041 principis
1578 1969 1839 2025 Ecclesiae
1859 1970 2095 2037 codices,

498 2061 743 2132 aliosque
771 2078 866 2132 per
894 2061 1101 2118 Italiam
1131 2078 1162 2119 e
1194 2064 1432 2119 tenebris
1477 2072 1664 2120 erutos
1708 2064 1977 2134 iuSpicere
2006 2078 2101 2118 vo-

499 2154 712 2211 luisset.
744 2157 1065 2214 Incredibile
1091 2158 1238 2213 enim
1266 2158 1490 2214 omnino
1520 2167 1604 2214 est
1635 2200 1651 2225 ,
1697 2159 1751 2212 in
1795 2172 1978 2213 earum
2013 2172 2101 2213 se-

497 2250 745 2303 cretariis
764 2250 1041 2320 exemplar
1062 2250 1268 2306 nullum
1292 2266 1323 2307 e
1339 2250 1723 2307 vetustioribus
1744 2249 2097 2320 superfuisse.

498 2340 726 2396 Servata
757 2340 972 2396 fuerant
999 2342 1066 2397 ad
1118 2342 1367 2413 Origenis
1396 2358 1567 2414 usque
1612 2352 1825 2398 aetatem
1857 2343 2098 2413 superio-

495 2447 615 2487 rum
647 2440 949 2503 temporum
970 2432 1159 2489 Graeca
1183 2451 1195 2487 :
1222 2449 1320 2489 cur
1339 2449 1444 2490 non
1469 2434 1610 2505 apud
1634 2444 1848 2489 nostros
1873 2434 2099 2489 Latina?

497 2525 579 2579 An
609 2527 788 2580 minor
810 2526 1042 2583 fortasse
1064 2527 1397 2583 nostratibus
1444 2543 1722 2584 sacrorum
1750 2527 2096 2583 Voluminum

497 2632 651 2684 cura,
677 2632 837 2689 quam
868 2617 1115 2673 Grarcis?
1143 2633 1250 2675 non
1296 2628 1444 2690 puto.
1474 2622 1545 2674 At
1586 2620 1863 2690 perierant
1912 2619 1965 2672 in
2019 2626 2098 2673 tot

498 2711 759 2769 Ecclesiae
779 2712 1178 2768 calamitatibus
1216 2714 1507 2784 archetypa
1533 2713 1647 2784 ipsa
1674 2757 1688 2781 ,
1723 2728 1844 2783 qua;
1890 2712 2096 2782 majore

496 2804 739 2874 profecto
770 2819 898 2859 cura
950 2805 1210 2860 custodiri
1264 2820 1360 2875 par
1404 2805 1615 2860 fuerat:
1661 2815 1865 2875 quanto
1913 2804 2095 2876 itaque

494 2896 668 2967 magis
714 2906 905 2968 ectypa
946 2898 1105 2967 primi
1151 2898 1443 2954 alteriusve
1487 2897 1720 2952 saeculi?
1760 2912 1935 2968 coque
1972 2911 2090 2952 am-

492 2988 676 3059 plius,
707 2989 850 3060 quod
897 2991 1018 3045 trita
1036 2990 1148 3060 jam
1188 2999 1351 3062 atque
1402 2991 1644 3048 obsoleta
1682 2993 1922 3063 proclive
1975 3000 2097 3050 erat

496 3082 795 3137 recentium
823 3091 1104 3138 venustate
1132 3083 1417 3152 vilescere,
1438 3099 1501 3139 ac
1530 3084 1867 3155 parvipendi.

2207 1876 2349 1947 apud
2379 1891 2605 1947 paucos.
2637 1878 2754 1947 Quo
2776 1891 2956 1936 autem
2989 1886 3331 1955 pretiosiora,
3362 1904 3428 1944 eo
3451 1891 3616 1945 etiam
3648 1892 3699 1946 in
3731 1901 3800 1947 tot

2208 1967 2575 2025 Ecclesiarum
2604 1974 2863 2027 {erumnis
2906 1973 3011 2030 huc
3054 1976 3182 2031 illuc
3217 1976 3454 2036 fortasse
3501 1982 3797 2037 translata:

2202 2076 2301 2116 seu
2327 2102 2344 2128 ,
2378 2071 2436 2117 ut
2458 2063 2691 2118 laterent
2720 2066 2965 2121 securius
2990 2108 3006 2135 ,
3051 2068 3102 2123 in
3143 2070 3514 2140 penitioribus
3557 2074 3690 2129 locis
3713 2073 3799 2128 ab-

2201 2167 2420 2221 sconsa,
2456 2171 2578 2211 mox
2621 2157 2734 2213 fato
2765 2159 2965 2216 functis
2991 2202 3006 2228 ,
3040 2172 3133 2217 aut
3160 2164 3266 2219 alio
3292 2166 3652 2236 migrantibus
3675 2209 3691 2236 ,
3717 2169 3797 2239 qui

2200 2248 2551 2316 caelaverant,
2584 2253 2864 2307 memoria:
2896 2254 3172 2310 hominum
3202 2258 3501 2326 subtracta,
3555 2263 3661 2316 situ
3691 2270 3798 2316 tan-

2201 2338 2325 2395 dem
2371 2357 2594 2412 :evoque
2637 2344 2849 2400 absumi
2893 2347 3200 2416 Oportebat.
3236 2350 3310 2405 De
3352 2353 3567 2424 ectypis
3598 2354 3796 2409 illorum

2200 2432 2413 2489 diversa
2443 2436 2657 2505 penitus
2697 2438 2854 2493 ratio.
2880 2438 3115 2495 Plurima
3147 2453 3299 2498 erant
3327 2485 3342 2509 ,
3373 2453 3429 2499 et
3453 2446 3597 2517 apud
3627 2446 3791 2517 plurio

2201 2539 2342 2580 mos.
2368 2525 2468 2581 Ubi
2497 2534 2672 2582 cretus
2716 2528 2954 2585 fidelium
2980 2572 2995 2597 ,
3044 2532 3114 2587 ibi
3138 2533 3333 2589 divinze
3376 2536 3668 2608 Scriptum
3702 2538 3786 2593 :in

2200 2616 2446 2672 ecclesiis
2467 2660 2481 2683 ,
2512 2618 2566 2673 in
2595 2619 2844 2676 domibus
2874 2623 3205 2693 privatorum
3224 2667 3238 2690 ,
3271 2626 3324 2681 in
3353 2628 3487 2684 urbe
3508 2671 3523 2696 ,
3558 2631 3611 2685 in
3641 2630 3793 2701 agris.

2201 2707 2472 2765 Praeterea
2488 2726 2593 2767 non
2613 2712 2752 2767 idem
2774 2714 2969 2785 ubique
2986 2719 3378 2788 persecutionis
3394 2731 3581 2791 aestus,
3598 2726 3683 2796 qui
3698 2724 3788 2779 ab-

2198 2797 2489 2858 sumeret:
2526 2819 2701 2874 neque
2730 2806 2784 2860 in
2816 2806 2969 2862 Italia
2995 2817 3053 2863 ut
3080 2810 3133 2864 in
3155 2809 3335 2867 Africa
3358 2855 3373 2879 ,
3400 2823 3567 2885 atque
3586 2815 3795 2872 Oriente

2199 2902 2307 2948 tam
2332 2893 2569 2951 fervens.
2594 2897 2758 2953 Multo
2782 2899 2959 2955 minus
2982 2901 3036 2956 in
3049 2901 3255 2969 Galliis,
3281 2905 3694 2963 ubiChristiana
3716 2923 3795 2963 res

2197 2987 2299 3042 sub
2318 2989 2622 3045 milissimis
2641 2992 2974 3063 principibus
2999 2992 3338 3064 Constantio,
3364 3013 3427 3054 ac
3447 3000 3795 3056 Constantino

2197 3084 2459 3152 pacatior.
2489 3084 2572 3137 Ab
2601 3083 2685 3137 his
2716 3084 2848 3139 locis
2878 3086 3107 3155 petenda
3135 3098 3295 3145 erant
3323 3091 3582 3162 primteva
3612 3108 3791 3150 exem-

569 3174 803 3230 Periisse
833 3175 1163 3245 autographa
1193 3176 1563 3245 apostolorum
1610 3185 1955 3233 monumenta
1982 3177 2092 3247 jam
2124 3177 2168 3237 C
2201 3171 2369 3241 plaria
2401 3188 2417 3225 ε
2452 3187 2558 3241 non
2606 3172 2853 3230 defutura
2880 3176 3122 3246 profecw
3143 3220 3158 3246 ,
3204 3182 3248 3236 si
3280 3182 3472 3238 sedulo
3498 3201 3796 3256 quaereren-

496 3274 623 3320 ante
649 3265 1041 3336 Hieronymum
1072 3306 1088 3331 ,
1121 3275 1213 3320 aut
1265 3268 1355 3321 ubi
1387 3268 1769 3324 delitescerent
1797 3309 1813 3335 ,
1856 3269 2098 3339 ignotum

496 3357 687 3422 fuisse,
714 3357 765 3410 id
796 3358 1051 3413 evincere
1083 3357 1297 3413 videtur
1320 3401 1336 3427 ,
1366 3360 1511 3431 quod
1543 3376 1703 3416 nemo
1730 3361 1875 3415 inter
1922 3360 2099 3415 eccle-

496 3449 748 3505 siasticos
779 3450 1072 3519 scriptores
1093 3458 1151 3505 ut
1177 3450 1353 3507 adhuc
1374 3453 1726 3524 superstitum
1750 3453 2058 3507 meminerit
2080 3470 2095 3508 :

498 3556 662 3597 nemo
690 3542 850 3597 etiam
907 3543 973 3597 ad
1016 3543 1103 3598 illa
1136 3546 1510 3614 provocaverit
1547 3564 1564 3602 :
1618 3555 1845 3615 excepto
1882 3545 2101 3602 Tertul-

498 3633 668 3700 liano,
701 3650 857 3704 quem
878 3636 1063 3692 smculi
1093 3639 1233 3693 tertii
1263 3639 1452 3704 initiis,
1478 3639 1740 3693 adversus
1766 3639 2095 3696 Marcionem

499 3741 621 3781 cum
645 3727 929 3796 scriberet,
961 3730 1026 3783 ad
1051 3730 1200 3784 Pauli
1234 3730 1504 3798 Epistolas
1529 3772 1544 3797 ,
1575 3730 1731 3800 quasi
1755 3732 1806 3785 in
1832 3730 2098 3788 Ecclesiis

501 3819 655 3890 ipsis,
684 3821 750 3876 ad
773 3836 907 3892 quas
930 3822 1069 3877 datae
1102 3821 1350 3890 fuerant,
1381 3832 1632 3878 extantes
1655 3826 1966 3893 respexisse
2001 3825 2100 3882 ob-

496 3914 1204 3970 servabamus.Scientiane
1232 3913 1379 3981 facti,
1424 3931 1490 3969 an
1537 3914 1678 3970 fama
1735 3926 1892 3972 tenus
1924 3960 1939 3984 ,
1996 3934 2092 3974 seu

496 4007 641 4077 quod
672 4008 742 4060 ita
765 4006 1050 4073 crederet,
1093 4007 1380 4062 incertum.
1410 4005 1543 4062 Cum
1574 4009 1792 4065 aliunde
1823 4009 1967 4066 haud
1998 4012 2099 4067 im-

496 4096 781 4167 probabile
810 4098 881 4151 sit
910 4112 1094 4151 earum
1124 4098 1334 4168 aliquas
1366 4140 1382 4163 ,
1433 4099 1480 4154 si
1504 4100 1681 4156 minus
1728 4117 1918 4158 omnes
1951 4147 1966 4172 ,
1999 4120 2093 4160 su-

500 4190 789 4257 perfuisse.
847 4189 1096 4246 Nondum
1154 4192 1299 4246 enim
1346 4194 1398 4248 in
1448 4194 1658 4250 divinas
1707 4196 2013 4268 Scripturas
2064 4214 2095 4255 a

498 4281 943 4350 persecutoribus
969 4282 1186 4348 acriter,
1223 4290 1281 4337 ut
1315 4295 1518 4353 postea,
1550 4288 1818 4342 saevitum.

576 4372 651 4427 De
680 4373 993 4443 Evangeliis
1022 4376 1282 4430 memoria
1314 4377 1457 4431 nulla
1484 4420 1500 4446 ,
1535 4378 1637 4434 nisi
1665 4380 1890 4436 incertis
1917 4397 2093 4439 rumo«

499 4462 651 4517 ribus
678 4462 852 4530 fulta,
884 4464 974 4520 ubi
1020 4481 1083 4522 ea
1137 4467 1303 4524 divini
1360 4470 1665 4541 Scriptores
1719 4472 2091 4543 reliquissent:

2204 3271 2314 3317 tur.
2339 3261 2507 3334 Cujus
2528 3266 2608 3321 rei
2634 3280 3007 3340 argumentum
3029 3273 3162 3328 satis
3188 3275 3410 3333 evidens
3431 3291 3559 3335 sunt
3586 3281 3790 3337 codices

2203 3355 2593 3424 vetustissimi,
2624 3360 2714 3429 qui
2745 3360 2919 3418 adhuc
2946 3374 3188 3434 perstant
3218 3383 3231 3419 :
3262 3383 3399 3438 quos
3423 3368 3571 3428 inter
3600 3373 3797 3444 Argeu-

2203 3455 2322 3503 teus
2352 3458 2557 3517 noster,
2589 3452 2822 3524 aliique,
2848 3470 3081 3527 quorum
3110 3467 3245 3515 artas
3275 3475 3585 3535 nongentos
3606 3475 3661 3521 et
3688 3480 3795 3520 am-

2203 3539 2343 3611 plius
2390 3556 2564 3598 annos
2592 3558 2893 3604 enumerat.
2930 3548 3083 3606 Unde
3110 3551 3383 3622 conjicere
3413 3566 3568 3612 certo
3608 3572 3793 3629 possu-

2200 3650 2343 3701 mus,
2376 3635 2587 3693 facilius
2610 3640 2780 3695 multo
2806 3640 2974 3697 fuisse
3001 3653 3057 3697 ut
3086 3644 3244 3713 primi
3270 3662 3333 3702 ac
3362 3650 3589 3705 secundi
3621 3649 3791 3705 szeculi

2200 3729 2536 3799 apograpba,
2568 3747 2781 3787 summa
2803 3733 2909 3790 fide
2933 3737 3028 3805 (ut
3049 3734 3258 3793 ferebat
3284 3739 3649 3798 Ecclesiarum
3676 3751 3794 3797 tunc

2200 3821 2462 3890 temporis
2492 3822 2656 3892 cura)
2688 3838 2719 3877 a
2747 3826 2974 3883 notariis
3003 3827 3307 3901 descripta,
3341 3841 3541 3902 quarto
3572 3843 3794 3891 exeunte

2200 3925 2573 3985 superessent.
2608 3916 2675 3971 Et
2704 3918 2779 3973 ita
2821 3919 3010 3976 borum
3044 3923 3285 3979 subsidio
3316 3941 3423 3981 non
3455 3943 3520 3985 ea
3569 3936 3793 3985 tantum—

2200 4009 2366 4065 modo
2390 4026 2554 4081 quam
2588 4012 2936 4070 librariorum
2986 4018 3269 4073 oscitantia
3303 4031 3357 4075 et
3384 4021 3714 4092 privatorum
3738 4022 3795 4076 li-

2199 4103 2382 4158 bertas
2409 4117 2797 4175 corruperant,
2830 4108 3148 4180 primigenia
3178 4111 3311 4168 Novi
3339 4113 3587 4172 Foederis
3630 4127 3795 4172 trans-

2198 4195 2349 4260 latio,
2384 4198 2478 4251 sed
2506 4199 2704 4269 corrigi
2731 4200 2894 4255 etiam
2926 4212 3175 4272 poterant
3202 4203 3389 4261 Grmca
3421 4207 3571 4265 illius
3599 4209 3790 4273 aetatis,

2198 4303 2320 4358 quae
2343 4288 2509 4345 nihilo
2531 4291 2711 4347 secius
2737 4306 2799 4348 ac
2826 4293 3015 4349 Latina
3039 4311 3067 4349 a
3093 4297 3330 4353 fontibus
3350 4300 3618 4358 abierant.
3648 4300 3792 4360 Adde

2200 4385 2378 4440 locum
2402 4386 2514 4455 jam
2546 4387 2750 4443 nullum
2801 4398 2880 4445 tot
2914 4391 3368 4450 obtrectatoribus
3395 4396 3642 4453 relictum
3687 4397 3747 4452 iri
3774 4439 3788 4463 ,

2196 4478 2286 4548 qui
2309 4477 2702 4535 emendationis
2747 4482 3039 4538 novitatem
3073 4484 3215 4541 ferre
3243 4501 3350 4542 non
3384 4497 3664 4557 poterant,
3697 4488 3790 4544 ob-

498 4552 724 4609 Joannis
760 4556 805 4609 si
837 4556 1022 4613 demas
1045 4602 1061 4627 ,
1096 4561 1239 4631 quod
1290 4562 1488 4631 Ephesi
1536 4565 1799 4635 scriptum
1820 4606 1837 4632 ,
1893 4567 1946 4621 in
2000 4568 2088 4623 illa
2116 4564 2350 4643 Djectis
2388 4570 2595 4626 scilicet
2628 4573 2679 4628 in
2714 4574 2902 4629 faciem
2927 4618 2941 4639 ,
2969 4591 3092 4647 qua:
3116 4576 3331 4634 illorum
3358 4552 3605 4638 socordia
3635 4552 3787 4638 eous-

498 4646 663 4701 etiam
711 4646 955 4705 Ecclesia
1009 4662 1283 4708 servatum
1339 4654 1505 4711 fuisse
1563 4669 1669 4711 non
1720 4657 1942 4714 dubium
1993 4669 2096 4716 est.

500 4739 794 4812 Quousque
823 4752 1024 4811 tamen,
1066 4746 1187 4817 quis
1214 4746 1468 4804 divinet?

570 4832 830 4901 Quamvis
858 4837 1004 4892 enim
1032 4836 1383 4895 Casaubonus
1408 4842 1551 4897 Petri
1577 4841 1929 4899 Alexandrini
1956 4844 2097 4918 frag-

498 4944 742 4986 mentum
772 4932 840 4987 de
864 4932 1127 4989 Paschate
1156 4935 1225 4990 ab
1252 4935 1463 4992 Audrea
1486 4937 1768 4993 Termario
1794 4950 2097 4997 mercatore

499 5021 694 5078 (ἓιπῐξεο
722 5035 912 5079 nactus
932 5023 1024 5098 (In
1051 5028 1189 5081 Ann.
1212 5027 1409 5083 Baron.
1442 5028 1631 5083 Exerc.
1662 5047 1774 5095 xvr,
1803 5032 1919 5098 12),
1946 5034 2097 5088 velut

496 5113 709 5185 insigne
755 5117 1025 5186 quoddam
1073 5118 1413 5174 celeberrimi
1468 5120 1611 5174 illius
1659 5121 1915 5177 Ecclesiae
1982 5126 2096 5196 epi-

495 5208 645 5274 sc0pi
675 5222 739 5261 ac
770 5209 1022 5279 martyris
1053 5224 1189 5279 opus
1240 5212 1568 5280 suspexerit,
1617 5222 1777 5284 atque
1815 5216 1887 5271 ita
1919 5231 1972 5271 tv
1996 5233 2099 5273 Stc-

494 5298 620 5352 culo
654 5299 1046 5369 autograpbum
1081 5302 1429 5373 evangelista:
1459 5303 1658 5374 Ephesi
1683 5319 1961 5376 superstes
1991 5325 2089 5380 pu-

495 5391 724 5457 laverit;
756 5402 995 5448 attamen
1026 5394 1200 5449 virum
1234 5396 1661 5453 eruditissimum
1694 5400 1881 5457 fefellit
1906 5416 2092 5459 aucto-

495 5482 572 5537 ris
601 5498 822 5551 nomen,
856 5485 1081 5555 reliquis
1125 5486 1263 5541 haud
1303 5491 1435 5545 satis
1477 5492 1772 5562 expensis:
1809 5495 2013 5549 scilicet
2062 5511 2090 5549 a

495 5576 658 5633 Petro
682 5579 852 5651 (Vita.
883 5578 1041 5633 Joan.
1076 5581 1189 5635 Art.
1221 5581 1278 5653 8)
1317 5584 1549 5654 quodam
1595 5601 1648 5639 vr
1671 5595 1762 5641 aut
1789 5603 1860 5641 vn
1894 5588 2092 5644 saeculo

495 5672 861 5742 conscriptum
890 5713 903 5735 ,
941 5683 999 5727 ut
1052 5675 1301 5730 observat
1342 5676 1741 5733 Tillemontius.
1792 5679 1902 5734 Nisi
1951 5680 2090 5737 forte

494 5765 1019 5838 pscudcpigraphum
1047 5768 1435 5837 usurpantibus
1463 5769 1580 5824 sive
1623 5770 1888 5839 scriptore
1919 5772 2037 5842 ipso
2068 5802 2084 5841 ,

2203 4678 2309 4733 que
2340 4664 2585 4735 neglecta
2608 4664 2893 4735 jacuerant
2914 4708 2931 4733 ,
2962 4669 3395 4741 castigatioribus
3438 4674 3787 4746 interpretum

2203 4756 2413 4826 ectypis
2436 4798 2451 4823 ,
2491 4756 2559 4811 ad
2600 4772 2831 4828 quorum
2864 4759 3023 4816 fidem
3072 4776 3207 4833 opus
3245 4777 3402 4821 suum
3434 4765 3790 4840 Hieronymus

2201 4849 2493 4918 exegisset.

2276 4941 2381 4997 Sed
2414 4942 2496 4997 vir
2517 4945 2788 5001 maximus
2815 4946 2977 5003 rebus
3000 4948 3151 5006 hisce
3176 4960 3270 5007 aut
3290 4967 3399 5008 non
3425 4954 3681 5022 adtentis,
3704 4959 3789 5007 aut

2202 5033 2527 5104 posthabitis
2550 5076 2565 5100 ,
2591 5036 2926 5105 publicorum
2949 5040 3114 5095 etiam
3143 5043 3392 5100 codicum
3420 5044 3558 5102 facie
3584 5057 3787 5117 permo-

2199 5134 2305 5191 tus,
2336 5128 2477 5197 quod
2508 5130 2655 5199 paria
2685 5131 2737 5186 in
2769 5132 3022 5189 omnibus
3052 5137 3231 5191 omnia
3260 5152 3382 5193 esse
3403 5139 3785 5200 arbitraretur,

2201 5235 2265 5276 ac
2295 5233 2582 5293 prapterea
2617 5225 2783 5280 tutius
2812 5234 2959 5281 ratus
2990 5227 3055 5281 ad
3084 5230 3349 5300 originem
3382 5234 3615 5300 reverti,
3644 5231 3788 5287 Crat.

2201 5330 2287 5381 ea,
2320 5331 2439 5385 qua:
2463 5315 2540 5370 illi
2569 5325 2770 5387 praesto
2790 5328 2967 5384 erant,
2998 5319 3256 5377 adhibere
3273 5323 3482 5380 maluit.
3503 5325 3622 5393 Quo
3647 5336 3781 5379 com-

2200 5409 2421 5480 pendio,
2445 5424 2475 5463 e
2500 5409 2715 5465 laudata
2764 5411 2830 5466 ad
2863 5412 3150 5469 Damasum
3181 5415 3408 5485 epistola
3439 5418 3662 5489 intelligi
3691 5430 3776 5486 po-

2199 5511 2321 5558 test.
2358 5502 2621 5559 Videlicet
2646 5506 2929 5569 correctis,
2964 5522 3085 5576 qua:
3112 5522 3332 5565 sensum
3364 5523 3604 5568 mutasse
3642 5510 3785 5566 vide-

2199 5594 2415 5659 bantur,
2449 5603 2644 5650 crctera
2672 5611 2777 5651 non
2806 5596 3014 5667 adtigit.
3046 5598 3231 5671 Neque
3262 5602 3419 5659 aliter
3436 5604 3681 5660 accidere
3708 5602 3781 5657 illi

2198 5695 2428 5755 poterat.
2474 5685 2856 5743 Difficillimum
2898 5690 3080 5759 enim,
3114 5709 3183 5750 ne
3227 5694 3402 5750 dicam
3451 5694 3781 5768 impossibile

2196 5783 2317 5832 erat
2341 5810 2356 5843 ,
2394 5777 2657 5834 institutis
2686 5777 2754 5834 ab
2780 5794 2848 5835 eo
2876 5782 3175 5840 rationibus
3197 5825 3212 5851 ,
3242 5786 3478 5857 antiquae
3519 5782 3779 5843 versionis
