3950 6176
121 270 173 326 57
920 269 1134 329 EPIST.
1179 268 1423 327 PHILIP.
1463 268 1832 343 GARBELLI,
1875 271 1965 330 DE
2002 271 2250 334 CODlCE
2288 275 2641 337 BRIXIANO.
3329 286 3400 343 58

124 400 289 447 statuta
333 391 404 446 ad
447 406 647 462 purum
680 392 956 464 redigere.
1001 393 1116 450 Non
1146 394 1322 449 solum
1353 393 1478 465 quia
1507 391 1699 449 Graeca
1725 395 1779 458 Α
1803 391 1964 451 laude
1993 396 2226 452 celerius
2251 397 2505 455 absolvit.
2539 399 2610 456 Et
2629 399 2833 457 utinam
2867 414 2936 458 ne
2965 409 3181 461 mature
3201 401 3406 460 nimis:

123 487 243 558 ipsa,
268 486 449 557 quibus
477 485 769 552 utebatur,
803 487 963 558 longo
993 495 1071 541 tot
1099 501 1366 542 annorum
1408 484 1700 542 intervallo
1801 489 1990 558 immo,
2010 489 2152 561 quod
2174 489 2511 559 dicebamus,
2536 493 2813 552 utLatinis
2836 510 2866 551 e
2885 495 3135 566 penitiori
3165 496 3399 567 antiqui-

124 595 150 634 a
195 581 407 634 fontibus
433 578 709 635 distracta
734 621 751 647 ,
801 578 1042 635 sordium
1082 579 1318 650 aliquid,
1363 587 1422 633 ut
1475 577 1700 649 putabat
1802 589 1913 638 tate
1953 583 2295 640 manantibus
2332 586 2660 656 apograpbis
2695 587 2748 644 id
2793 588 2860 646 ab
2890 589 2982 644 illo
3011 589 3394 659 praestitutum.

124 673 323 739 Millius,
364 682 762 729 contraxerant
794 689 808 727 :
837 671 934 728 sed
965 673 1128 728 etiam
1153 673 1276 742 quia
1306 686 1414 727 non
1455 669 1698 742 syntaxis

124 766 286 824 eadem
311 809 325 832 ,
359 780 465 821 nou
497 765 857 836 simplicitas,
902 780 1043 833 non,
1075 780 1214 836 quos
1256 763 1526 820 delicatuli
1560 777 1696 834 prte-

123 870 395 929 sumptores
424 868 812 924 extruserant,
837 857 1092 915 idiotismi
1123 843 1361 929 priorum
1393 868 1692 929 temporum

123 953 310 1009 reatitui
353 961 636 1022 poterant,
668 951 772 1007 nisi
812 950 992 1006 latinis
1016 993 1031 1017 ,
1072 967 1195 1023 qua:
1221 950 1473 1022 propiora
1523 950 1695 1006 inter-

123 1058 317 1116 pretum
337 1044 535 1100 saeculo
565 1054 754 1100 essent
779 1087 795 1112 ,
823 1045 1106 1101 consultis.

189 1138 390 1204 Verum,
419 1138 487 1206 si,
510 1153 636 1209 quae
669 1137 1001 1209 Hieronymo
1026 1146 1142 1192 erat
1168 1135 1294 1191 vitae
1310 1136 1470 1204 ratio,
1503 1145 1694 1192 exacte

121 1231 480 1304 perpendimus
503 1272 521 1297 ,
549 1230 843 1286 fatebimur
871 1229 1202 1300 provinciam
1247 1227 1384 1284 hanc
1411 1241 1512 1284 nec
1539 1243 1691 1284 com-

124 1327 322 1381 modam
347 1325 451 1392 illi,
487 1339 664 1396 neque
708 1324 1023 1395 expeditam
1057 1333 1183 1379 tunc
1212 1323 1472 1393 temporis
1513 1321 1689 1379 conti-

119 1421 275 1490 gisse.
299 1417 416 1474 Erat
439 1419 670 1472 Damaso
706 1418 775 1472 ab
804 1416 1188 1473 ecclesiasticis
1205 1415 1454 1487 epistolis
1481 1433 1494 1470 :
1518 1415 1692 1486 iisque

119 1521 173 1566 et
202 1509 590 1580 frequentibus,
622 1519 678 1566 et
702 1509 1146 1580 gravissimarum
1173 1509 1315 1569 serie
1355 1524 1536 1565 rerum
1588 1509 1692 1564 im-

118 1604 322 1672 plicitis.
349 1604 649 1660 Erantcum
683 1603 926 1673 pluribus
955 1617 1096 1658 nunc
1140 1616 1324 1658 coram
1351 1645 1366 1669 ,
1396 1602 1556 1657 modo
1594 1617 1690 1672 per

117 1696 314 1752 litteras
332 1697 593 1768 implenda
623 1695 975 1752 humanitatis
996 1695 1197 1751 officia.
1232 1696 1508 1751 Distentus
1548 1710 1688 1766 prae-

1798 673 2068 742 Quantum
2097 675 2296 733 Italica:
2316 678 2554 734 versioni
2580 679 2712 737 lucis
2738 698 2802 738 ac
2826 681 2972 749 fidei,
2993 691 3249 754 quantum
3271 699 3398 739 eru-

1797 767 2020 824 ditionis
2049 771 2320 840 expectari
2354 781 2603 842 poterat,
2635 773 2681 829 si
2721 773 2998 831 obsoletos
3046 775 3397 848 interpretum

1799 863 1992 918 modos
2015 905 2032 930 ,
2056 879 2119 920 ac
2144 865 2364 936 genium
2392 865 2665 922 illustrare
2690 867 2953 924 voluisset
2975 869 2999 923 l

1867 953 2008 1010 Num
2048 971 2180 1013 vero
2217 957 2506 1028 desperata
2556 959 2780 1014 omnino
2817 959 2930 1030 jam
2961 959 3035 1014 sit
3061 958 3399 1030 primigenia:

1796 1049 2063 1104 versionis
2101 1050 2156 1105 in
2203 1051 2468 1122 integrum
2517 1051 2813 1116 reStitutio,
2857 1053 3058 1108 clamat
3104 1067 3192 1108 res
3235 1053 3394 1123 ipsa:

1795 1142 2089 1199 subtractis
2144 1143 2307 1213 longo
2354 1158 2471 1200 arvo
2521 1144 2778 1200 subsidiis
2819 1143 2966 1210 illis,
3005 1160 3237 1215 quorum
3289 1158 3394 1216 ope

1796 1239 2042 1309 praestari
2092 1238 2146 1295 id
2199 1239 2470 1310 quondam
2529 1239 2768 1310 potuisse
2831 1255 2942 1294 non
2991 1239 3354 1294 dubitat-imus

1795 1332 2200 1403 exemplaribus
2243 1332 2616 1403 scilicet,qua:
2665 1333 2917 1404 propiora
2953 1331 3263 1405 archetypis
3307 1345 3394 1386 es-

1792 1434 1936 1481 sent.
1992 1425 2064 1480 At
2117 1434 2414 1496 supersunt
2451 1424 2745 1481 etiamnum
2786 1441 2818 1482 e
2847 1425 3234 1482 vetustioribus
3283 1440 3390 1480 non

1794 1531 1986 1586 pauca,
2020 1532 2250 1588 quorum
2273 1526 2402 1572 aetas
2431 1516 2598 1582 inille,
2627 1525 2682 1571 et
2709 1517 2944 1587 amplius
2969 1530 3143 1572 annos
3169 1529 3392 1570 enume-

1791 1617 1897 1666 rat.
1930 1610 2062 1665 Esto
2098 1628 2110 1663 :
2139 1609 2390 1681 quamvis
2419 1623 2522 1679 ego
2543 1653 2556 1676 ,
2593 1605 2700 1663 nun
2751 1623 2857 1679 quo
2893 1608 3098 1664 smeulo
3127 1615 3345 1664 exarata
3372 1649 3388 1672 ,

1791 1705 1885 1762 sed
1914 1721 1944 1762 e
1974 1721 2204 1776 quorum
2255 1715 2558 1776 temporum
2603 1703 2942 1775 autigraphis
2971 1701 3242 1772 descripta
3273 1699 3391 1758 fue-

116 1801 261 1846 terea
284 1790 621 1847 familiaribus
644 1791 960 1863 perpetibus
981 1791 1196 1857 studiis,
1221 1807 1250 1846 a
1279 1791 1475 1862 quibus
1501 1790 1685 1846 divelli
1715 1790 1763 1850 B
1790 1799 1920 1865 rint,
1949 1795 2347 1854 observandum
2382 1811 2490 1865 prce
2515 1795 2730 1851 caeteris
2762 1802 2967 1866 putem.
3001 1795 3102 1849 Ast
3135 1793 3252 1848 haec
3292 1807 3388 1849 ea-

116 1883 322 1938 minime
347 1892 578 1952 poterat:
595 1893 706 1938 tum
728 1882 961 1938 Datnaso
985 1883 1124 1954 ipso,
1139 1882 1367 1954 aliisque
1392 1883 1682 1938 identidem

115 1976 434 2045 petentibus,
474 1986 532 2030 ut
561 1975 776 2031 Veteris
803 1975 1137 2031 Testamenti
1189 1976 1338 2031 locos
1367 1985 1460 2031 aut
1486 1976 1688 2032 obscu-

115 2082 205 2123 ros
229 2068 495 2137 illustrare,
526 2079 618 2123 aut
642 2067 933 2138 explanare
953 2067 1202 2125 difficiles
1226 2068 1412 2125 vellet.
1439 2068 1686 2126 Accede-

117 2159 210 2214 bat
237 2161 476 2216 institutio
503 2162 795 2217 multorum
813 2202 830 2230 ,
860 2175 997 2232 quos
1021 2170 1260 2232 spectata
1290 2177 1500 2217 morum
1541 2163 1684 2218 inte-

118 2253 274 2323 gritas
295 2294 309 2317 ,
333 2253 679 2310 humanarum
728 2269 908 2310 rerum
949 2265 1323 2326 contemptus,
1355 2257 1686 2327 paupertatis

117 2360 295 2415 amor,
319 2348 652 2415 abstinentia,
687 2348 984 2415 humilitas,
1013 2351 1355 2418 castimonia,
1387 2361 1531 2417 tum,
1563 2366 1685 2422 qua:

119 2439 314 2495 czeteris
346 2440 484 2497 illius
513 2442 803 2497 virtutibus
851 2442 1129 2499 all‘undere
1155 2443 1588 2514 quodammodo,
1629 2454 1687 2502 et

119 2534 185 2588 ab
213 2535 274 2590 iis
297 2536 522 2592 vicissim
552 2535 720 2592 decus
749 2536 982 2592 mutuari
1013 2536 1319 2602 videbatur,
1343 2538 1564 2593 scientia
1589 2553 1678 2594 re-

119 2642 232 2682 rum
269 2627 552 2685 divinarum
596 2629 965 2685 adtraxerant.
1011 2630 1076 2686 Et
1127 2630 1343 2700 quidem
1394 2630 1585 2685 horum
1628 2631 1681 2686 iu

121 2732 273 2774 censu
307 2734 336 2776 e
373 2721 704 2792 principibus
749 2721 966 2776 familiis
1012 2722 1362 2776 nobilissima:
1409 2722 1674 2793 virgines,

121 2821 313 2879 nuptm,
355 2813 525 2868 viduae
565 2831 578 2867 :
613 2813 702 2880 qui
738 2829 962 2880 omnes,
994 2813 1358 2884 pulcherrimo
1404 2814 1684 2870 ebaritatis

120 2903 370 2973 exemplo,
390 2907 627 2962 consiliis
653 2906 722 2961 ab
746 2906 891 2978 ipso,
920 2905 1412 2973 exhortationibus,
1444 2922 1684 2978 praecep-

123 2995 207 3059 tis,
237 3006 285 3052 et
304 3013 500 3066 coram,
532 3011 586 3056 et
611 3002 813 3072 scripto
843 3001 910 3056 ad
956 3001 1332 3073 perfectiorem
1371 3002 1683 3058 christiana:

119 3087 234 3143 vitae
253 3100 435 3147 statum
461 3091 903 3149 eil‘ormabantur.

181 3181 439 3242 Clauserat
467 3187 684 3244 demum
713 3205 964 3246 curarum
985 3204 1179 3260 agmen
1212 3189 1502 3244 liberrima:
1538 3203 1675 3245 sem-
1708 3154 1755 3219 Ο

119 3291 208 3346 per
251 3280 417 3350 urbis,
446 3283 499 3337 in
530 3298 634 3353 qua
678 3284 857 3340 aiebat
897 3285 1169 3356 Augustus
1195 3293 1446 3355 oportere
1485 3284 1684 3340 liberas

121 3366 304 3439 linguas
333 3386 471 3438 esse,
503 3373 785 3441 dicacitas,
808 3389 872 3430 ac
915 3375 1131 3431 licentia
1157 3393 1170 3430 :
1195 3367 1526 3447 Hieronymo
1554 3389 1680 3430 cor-

119 3474 283 3533 ruptos
302 3466 442 3522 illius
471 3483 671 3534 mores,
698 3484 761 3524 ac
783 3469 1012 3525 invicem
1037 3470 1458 3540 redarguentem
1490 3469 1682 3526 inclita

116 3556 213 3626 jam
248 3560 364 3616 vitia
406 3561 679 3618 hominem
732 3580 837 3619 non
885 3564 1201 3620 lerentibus.
1232 3565 1299 3620 Et
1327 3572 1683 3635 praecesserat

117 3648 296 3706 dudum
315 3694 330 3719 ,
362 3669 482 3725 qua:
500 3697 516 3722 ,
549 3664 606 3709 ut
633 3669 887 3724 proceras
914 3657 1138 3712 arbores
1167 3657 1414 3727 ingentes
1443 3656 1678 3725 umbrae,

115 3740 186 3797 sic
207 3754 291 3798 aut
314 3748 540 3802 fortuna)
569 3748 898 3819 benignitate
922 3790 938 3815 ,
988 3759 1078 3804 aut
1106 3749 1394 3820 splendore
1418 3751 1682 3807 virtutum

117 3834 329 3906 insignes
365 3839 509 3894 viros
554 3841 707 3911 sequi
737 3841 875 3897 solet
902 3883 915 3906 ,
954 3841 1152 3896 invidia
1181 3859 1195 3896 :
1228 3857 1348 3912 quae
1375 3840 1428 3897 in
1457 3842 1680 3898 livorem

116 3938 296 3996 postea,
327 3939 487 4001 atque
517 3932 700 3988 odium
731 3933 927 4003 erupit.
960 3933 1096 3989 Hinc
1117 3935 1401 4000 coitiones,
1436 3935 1682 3992 etdicte-

117 4018 186 4073 ria
233 4021 281 4074 in
309 4021 502 4092 ipsum,
533 4032 590 4079 et
653 4025 848 4095 probra
894 4026 1070 4090 clam,
1121 4026 1294 4097 palam
1330 4042 1346 4081 :
1376 4041 1478 4082 nec
1521 4028 1682 4098 vulgo

119 4120 345 4180 tantum,
387 4116 482 4172 sed
526 4118 843 4189 urgentibus
890 4128 1112 4174 strenue
1164 4135 1301 4189 opus
1329 4121 1678 4192 symmystis,

119 4219 237 4273 quos
270 4209 436 4278 pudor
465 4211 635 4283 magis
671 4227 736 4268 ac
766 4211 1042 4268 silentium
1084 4213 1387 4280 decuisset,
1419 4214 1464 4269 si
1491 4228 1682 4283 sapere

120 4301 434 4364 potuissent:
465 4319 711 4375 quosque
754 4314 1038 4375 propterea
1084 4305 1275 4361 beatus
1320 4307 1550 4376 scriptor
1581 4307 1681 4360 im-

123 4394 406 4450 mortalibus
461 4395 665 4467 ingenii
712 4397 794 4451 sui
845 4399 1210 4454 monumentis
1275 4397 1680 4454 commendatos

123 4483 302 4553 Voluit,
331 4498 388 4542 ut
441 4489 689 4560 profecm
727 4498 1058 4555 meruerant,
1095 4490 1416 4560 posteritati.

179 4576 228 4632 lu
251 4580 336 4635 illo
359 4583 538 4653 itaque
559 4597 740 4638 rerum
759 4597 1117 4653 curarumque
1137 4591 1269 4637 a-stu
1287 4581 1541 4652 jactatus,
1559 4596 1681 4638 avo-

124 4676 347 4740 catusque
371 4673 582 4728 animus
606 4674 696 4744 qui
725 4684 908 4744 posset
934 4674 1154 4744 longum
1177 4688 1316 4744 opus
1336 4715 1350 4739 ,
1386 4677 1674 4740 minutum,

126 4759 353 4830 ingratum
381 4768 543 4822 etiam
570 4767 792 4838 adgredi
817 4808 833 4834 ,
864 4782 928 4823 ac
967 4766 1269 4840 perficere?
1308 4766 1412 4822 Sed
1441 4782 1542 4822 nec
1565 4767 1676 4835 jam

126 4849 350 4926 integrum
374 4859 446 4914 illi
475 4870 592 4914 erat
627 4873 808 4914 moras
833 4866 1053 4914 nectere
1078 4858 1131 4913 in
1156 4867 1328 4925 tanta,
1357 4868 1414 4914 et
1440 4857 1672 4924 Damasi,

125 4949 195 5016 qui
220 4965 342 5020 opus
381 4953 721 5022 injunxerat,
763 4962 819 5008 et
871 4951 1230 5024 complurium
1272 4953 1680 5023 expectatione,

121 5040 196 5108 qui
219 5045 459 5099 uberrimi
491 5045 693 5116 ingenii
734 5044 943 5101 fructus
969 5046 1058 5101 vix
1085 5045 1343 5116 quaesitos
1390 5044 1682 5115 decerpere

121 5133 352 5191 solebant.
405 5136 544 5193 Tum
591 5137 736 5209 quod
785 5138 1027 5193 maxime
1077 5147 1133 5193 et
1172 5137 1540 5193 emendatoris
1572 5179 1587 5203 ,
1627 5147 1682 5193 et

119 5227 481 5284 emendationis
519 5229 806 5296 intererat,
837 5238 896 5284 ut
923 5229 1102 5284 verbis
1127 5243 1343 5294 sensus,
1378 5229 1572 5300 hisque
1601 5229 1684 5285 in-

119 5318 261 5374 vicem
286 5330 557 5378 constaret
583 5323 806 5392 veritas,
841 5332 989 5378 ratus
1015 5323 1271 5379 adhibitis
1311 5339 1343 5380 a
1373 5338 1432 5379 se
1457 5323 1672 5392 mediis,

121 5413 312 5478 perinde
349 5429 414 5469 ac
459 5413 611 5477 aliis.
640 5414 888 5485 priestari
934 5413 1090 5471 facile
1126 5430 1287 5487 posse
1317 5435 1330 5468 :
1359 5410 1674 5471 distractum

120 5516 367 5575 propterea
395 5523 494 5580 per
515 5515 594 5563 tot
615 5507 1006 5580 exemplarium
1038 5509 1292 5582 ambages
1317 5509 1452 5578 iter,
1488 5511 1541 5566 in
1571 5525 1679 5581 quo

121 5597 276 5658 sistere
298 5601 612 5669 identidem,
641 5613 697 5658 et
725 5611 1001 5674 prterupta
1024 5604 1228 5659 viarum
1269 5605 1481 5661 munire
1516 5618 1678 5675 opor-

120 5691 250 5760 tebat,
277 5711 370 5764 per
392 5695 714 5767 compendia
737 5693 1054 5751 Graecorum
1080 5695 1352 5766 codicum,
1375 5697 1490 5768 pari
1521 5697 1673 5767 equi-

123 5783 214 5842 dem
238 5786 523 5858 legentium
546 5788 801 5857 utilitate,
834 5788 956 5846 licet
987 5787 1129 5846 haud
1159 5789 1276 5862 pari
1315 5791 1458 5863 apud
1488 5805 1678 5848 omnes

1707 4545 1758 4606 D

1786 1893 1909 1948 dem
1938 1907 2045 1963 quo
2073 1892 2245 1961 magis
2274 1909 2303 1947 a
2333 1891 2573 1949 fontibus
2602 1901 2811 1948 remota
2835 1933 2850 1957 ,
2887 1905 2956 1947 eo
2981 1889 3179 1957 etiam,
3229 1889 3385 1961 plus,

1789 1985 2054 2048 minusve.
2085 1995 2171 2039 aut
2211 2001 2238 2038 a
2267 1985 2499 2041 librariis
2536 1987 2676 2041 male
2706 1983 2912 2052 habita,
2943 1995 3038 2039 aut
3064 1983 3386 2040 scholiasta-

1788 2093 1907 2133 rum
1968 2077 2244 2132 licentiam
2295 2091 2473 2147 passa.
2509 2077 2649 2145 Quid
2690 2077 2884 2148 igitur?
2919 2075 3385 2146 Compendiumne

1786 2185 1855 2225 ex
1882 2169 1948 2224 iis
1990 2169 2218 2231 nullum.
2265 2169 2369 2224 nisi
2398 2167 2628 2224 fortasse
2659 2168 2889 2240 pretium
2919 2167 3072 2236 illud,
3103 2166 3247 2239 quod
3277 2165 3382 2222 hu-

1781 2263 2084 2335 juscemodi
2117 2263 2484 2318 monumentis
2533 2261 2827 2319 conciliare
2858 2261 3151 2331 antiquitas
3201 2260 3386 2316 solet?

1786 2355 1959 2411 Immo
1983 2355 2142 2428 longe
2169 2354 2536 2426 praestantius.
2559 2352 2616 2410 Si
2645 2354 2787 2409 enim
2813 2352 3030 2424 egregie
3054 2352 3288 2408 locatam
3314 2351 3384 2407 ab

1788 2446 2017 2504 eruditis
2046 2463 2270 2518 operam
2301 2447 2577 2512 ducimus,
2605 2461 2710 2518 qua
2742 2445 3000 2518 profanos
3053 2445 3388 2514 scriptores,

1785 2551 1883 2597 seu
1915 2540 2108 2609 injuria
2137 2548 2463 2610 temporum,
2495 2543 2612 2596 sive
2651 2537 3076 2608 antiquariorum
3109 2535 3383 2608 negligeno

1788 2635 1860 2690 tia
1908 2635 2154 2705 pluribus
2189 2634 2243 2688 iit
2293 2633 2426 2689 locis
2454 2648 2700 2699 mancus,
2745 2631 3089 2702 luxatosque,
3120 2645 3224 2700 ope
3249 2642 3384 2684 mss.

1785 2729 2032 2786 codicum
2079 2727 2145 2784 ad
2195 2729 2480 2800 pristinum
2532 2737 2733 2782 statum
2791 2740 3049 2783 revocare
3101 2724 3380 2790 nituntur;

1785 2832 1989 2894 quanto
2018 2820 2348 2876 laudabilius
2376 2821 2703 2890 insumptam
2737 2818 3044 2889 putabimus
3092 2831 3211 2872 eam
3236 2857 3252 2882 ,
3282 2829 3386 2886 qua

1787 2929 2068 2971 sacrorum
2118 2913 2187 2969 N.
2230 2913 2295 2969 Τ.
2350 2913 2612 2968 librorum
2666 2913 2917 2983 princeps
2965 2909 3148 2965 Italica
3181 2907 3386 2974 versio,

1786 3007 2069 3070 adhibitis,
2089 3021 2210 3078 quae
2237 3005 2532 3062 etiamnum
2551 3005 2754 3074 vigent,
2778 3001 3126 3074 apograpltis,
3142 3000 3187 3054 si
3208 2999 3387 3054 minus

1787 3116 1854 3157 ex
1901 3100 2134 3169 integro,
2176 3106 2232 3152 at
2259 3097 2452 3152 saltem
2509 3110 2702 3164 magna
2752 3109 2818 3149 ex
2865 3102 3014 3162 parte
3043 3091 3110 3146 ad
3151 3088 3384 3145 nativam

1787 3193 2228 3264 simplicitatem,
2277 3190 2676 3261 puritatemqne
2743 3184 2990 3241 revocari
3039 3183 3382 3240 commodum

1786 3283 2011 3357 potest?
2057 3283 2142 3340 An
2189 3297 2302 3338 non
2346 3280 2398 3336 id
2429 3282 2602 3352 ipsum
2655 3293 2686 3333 a
2735 3279 2868 3333 viris
2914 3277 3018 3332 illis
3057 3275 3385 3332 doctissimis
3437 3312 3446 3348 ,_

1785 3378 2112 3450 priestitum.
2140 3377 2257 3448 qui,
2279 3384 2339 3431 ut
2365 3374 2592 3445 Vulgata
2620 3382 2803 3429 nostra
2843 3379 3102 3443 quantum
3129 3369 3380 3442 equidem

1787 3472 1908 3528 ﬂeri
1939 3479 2148 3542 poterat
2189 3469 2378 3542 purior
2421 3469 2694 3535 ederetur,
2751 3481 2910 3521 curas
2957 3481 3172 3535 omnes,
3223 3473 3383 3535 atque

1786 3564 2108 3621 industriam
2135 3562 2452 3618 contulere?
2475 3560 2618 3617 Nihil
2644 3560 2882 3630 profecto
2906 3557 3072 3613 aliud.
3109 3557 3381 3613 Vetustio-

1785 3658 1937 3716 ribus
1988 3657 2157 3722 enim,
2205 3671 2327 3724 quae
2359 3654 2590 3709 inveniri
2638 3659 2951 3722 potuerant,
2998 3648 3334 3720 antigrapltis
3363 3691 3378 3715 ,

1784 3760 1948 3821 atque
1970 3764 2075 3804 una
2124 3747 2223 3804 SS.
2247 3747 2470 3802 Patrum
2505 3745 2639 3800 locis
2660 3743 3075 3815 diligentissime
3102 3741 3379 3812 inspectis;

1784 3850 1898 3898 tttm
1927 3857 2049 3897 cum
2096 3840 2300 3897 Grazcis
2331 3838 2574 3895 melioris
2607 3846 2748 3892 notm
2796 3835 3202 3907 exemplaribus
3231 3847 3382 3888 com-

1786 3936 2067 4006 paratione
2101 3934 2258 4000 facta,
2286 3933 2428 4005 quod
2474 3933 2601 3987 olim
2646 3931 2699 3987 in
2730 3931 3028 4001 primorum
3057 3926 3378 3984 saeculorum

1785 4029 2047 4086 Ecclesiis
2080 4027 2281 4083 lectum
2329 4024 2498 4080 fuisse
2540 4023 2823 4078 videbatur
2843 4063 2858 4086 ,
2889 4021 2991 4076 hoc
3021 4033 3230 4074 summa
3272 4016 3381 4072 fide

1784 4122 2041 4178 exhibere
2058 4120 2234 4175 conati
2253 4126 2396 4174 sunt.
2419 4117 2643 4172 Fatente
2659 4125 2941 4186 propterea
2961 4112 3127 4167 Millio
3142 4110 3378 4182 (Proleg.

1785 4213 2000 4285 n.379),
2031 4213 2084 4268 in
2123 4213 2224 4266 hac
2277 4213 2391 4281 ipsa
2423 4209 2564 4263 haud
2594 4211 2842 4277 exiguam
2888 4206 3138 4275 genuina:
3180 4201 3380 4256 Italica:

1785 4315 1995 4376 partem
2045 4317 2356 4375 superesse.
2407 4300 2591 4370 Neque
2619 4297 2918 4364 dubitabat,
2970 4294 3121 4365 quin,
3173 4291 3378 4349 eisdem

1785 4397 1979 4453 mediis
2004 4397 2283 4460 adhibitis,
2312 4391 2442 4450 olim
2469 4390 2741 4460 expectari
2767 4387 2966 4458 aliquid
2999 4384 3232 4456 amplius
3260 4399 3384 4455 pos-

1785 4501 1888 4547 set.
1920 4490 2178 4546 ludicatis
2205 4488 2348 4544 enim
2376 4485 2672 4557 .codicibus
2712 4483 2938 4552 aliquot,
2969 4481 3060 4550 qui
3089 4480 3141 4534 in
3171 4478 3384 4534 Britan-

1786 4587 1874 4642 nia
1905 4583 2207 4654 Galliisque
2238 4590 2542 4645 servantur,
2575 4587 2685 4633 tuttt
2710 4576 2937 4646 Vulgata
2970 4577 3110 4646 ipsa,
3141 4573 3384 4646 hujusce-

1786 4678 1926 4733 modi
1952 4675 2156 4746 quidem
2202 4682 2671 4735 monumentorum,
2721 4669 2916 4739 inquit.
2979 4676 3221 4721 accurate
3250 4666 3384 4720 inter

1784 4788 1859 4836 se,
1874 4780 2053 4825 etcum
2073 4778 2212 4824 textu
2228 4765 2409 4822 Graeco
2422 4765 2807 4819 commissorum
2824 4762 3142 4818 adminiculo
3155 4761 3384 4816 revocari

1786 4864 2062 4921 etiamnum
2109 4877 2261 4932 posse
2294 4860 2496 4914 videtur
2535 4857 2765 4912 maxime
2802 4873 2866 4912 ea:
2909 4864 3052 4926 parte
3092 4852 3230 4909 Itala
3276 4853 3385 4909 lucc

1787 4958 1989 5029 qualem
2017 4972 2129 5011 eam
2161 4953 2349 5010 dedere
2393 4953 2548 5024 primi
2578 4951 2912 5026 Interpreies.
2963 4953 3227 5006 Asserens
3256 4948 3387 5003 sub-

1786 5050 1944 5115 inde,
2008 5053 2112 5105 hoc
2157 5063 2216 5104 se
2267 5047 2454 5103 labore
2503 5043 2862 5112 adsecutum,
2914 5060 3036 5114 quae
3083 5043 3136 5097 in
3188 5041 3386 5113 pleris-

1785 5159 1889 5216 que
1915 5141 1982 5198 N.
2013 5141 2078 5197 Τ.
2111 5141 2243 5196 locis
2274 5139 2475 5195 fuerint
2504 5138 2672 5209 ipsius
2718 5135 2862 5191 Italae
2885 5135 3115 5207 genuina
3141 5150 3156 5199 ;
3190 5143 3245 5188 et
3264 5133 3385 5202 qui-

1784 5236 1886 5293 bus
1915 5234 2119 5291 Graecis
2170 5233 2363 5288 Latina
2411 5232 2510 5286 ista
2560 5230 2960 5301 responderint.
3011 5227 3146 5297 Quid
3194 5237 3382 5298 postea

1783 5329 2030 5386 dicturus
2057 5328 2123 5394 si,
2156 5341 2278 5397 qua:
2311 5333 2368 5380 tu
2417 5332 2766 5380 monumenta
2810 5324 2860 5377 in
2897 5323 3072 5377 lucem
3119 5321 3256 5376 lianc
3284 5335 3381 5390 pu-

1784 5423 1984 5480 blicam
2014 5419 2232 5486 eti'eres,
2258 5427 2369 5472 tum
2396 5432 2516 5489 quae
2563 5419 2792 5472 fortasse
2837 5415 3014 5471 adhuc
3041 5413 3376 5482 inexplorata

1783 5514 2128 5576 delitescunt,
2156 5519 2248 5566 aut
2277 5525 2444 5581 penes
2470 5509 2692 5580 ignavos
2713 5507 2971 5564 harumce
2997 5506 3374 5574 antiquitatum

1787 5605 2042 5661 dominos
2071 5604 2212 5659 inter
2234 5602 2498 5658 librorum
2523 5601 2846 5672 quisquilias
2869 5596 3174 5654 miserrime
3195 5597 3378 5666 jaceut

1786 5699 2060 5766 inspicere
2114 5698 2421 5770 potuisset?
2472 5696 2585 5766 Ego
2632 5693 2877 5764 profecto
2923 5685 3212 5758 indicium]
3236 5684 3377 5740 istud

1785 5792 2079 5864 scriptoris
2122 5791 2331 5861 inclyti,
2365 5791 2610 5860 atquein
2641 5785 2804 5841 rebus
2848 5784 2995 5838 hisce
3024 5776 3388 5835 infinitzclec~
