3950 6176
508 248 579 303 .‘59
1898 241 2433 303 PROLEGOMENA.
3733 243 3807 297 (ἶο

509 364 703 432 tionis,
732 365 1032 436 amplector
1068 364 1159 431 ita,
1196 372 1251 417 ut
1285 378 1350 417 ne
1395 362 1675 417 minimum
1704 362 1921 433 quidem
1947 360 2102 416 dubi-
2128 362 2184 424 Α
2208 360 2401 414 mirum
2438 360 2579 431 quod
2611 363 2807 417 veteris
2838 362 3079 435 Vulgata:
3106 374 3160 420 et
3203 363 3397 420 Italicae
3444 378 3641 420 nomen
3682 372 3804 418 tan-

512 465 641 521 tem,
684 458 811 528 quin
844 456 942 511 viri
973 456 1137 524 docti,
1192 455 1238 511 si
1284 455 1653 511 adornandum
1700 456 1839 510 hanc
1866 464 2104 527 spartam

516 547 691 603 studia
749 567 843 605 sua
889 549 1137 605 conferre
1179 550 1474 621 aliquando
1512 552 1714 616 velint,
1763 562 1912 606 recte
1958 550 2107 606 illum

519 642 757 695 sensisse
802 643 1005 711 experti
1058 640 1371 697 fateantur.
1414 642 1672 709 Quamvis
1724 642 1950 696 fortasse
2000 659 2108 697 non

518 733 765 798 deerunt,
794 735 883 805 qui
934 734 1151 789 inutiles
1177 735 1287 804 jatn
1336 735 1533 788 nostris
1573 734 1721 788 hisce
1753 735 2106 804 temporibus,

516 841 673 879 curas
707 826 838 881 istas
884 826 1001 882 fore
1050 827 1422 882 arbitrentur:
1456 844 1619 899 quum
1670 828 1882 883 scilicet
1929 828 1991 882 Ν.
2042 827 2105 882 Τ.

514 922 818 975 versionem
864 920 1121 975 Ecclesia:
1149 937 1357 986 Omnes,
1408 932 1517 976 tum
1553 923 1765 993 privati,
1797 922 1851 978 in
1887 921 2110 992 Vulgata

513 1030 624 1083 pra:
655 1015 826 1067 oculis
865 1013 1114 1067 habeant.
1162 1014 1335 1085 Ignari
1382 1030 1575 1085 nempe
1623 1016 1760 1069 hanc
1792 1015 1959 1085 ipsam
2004 1029 2111 1069 non

517 1108 763 1162 dissimili
796 1123 923 1161 cura
956 1106 1288 1162 elaboratam
1326 1125 1339 1161 :
1373 1124 1436 1163 ac
1466 1120 1747 1179 propterea
1780 1108 2028 1162 relictum
2058 1108 2109 1161 in

525 1213 629 1255 tam
670 1202 850 1271 ampla
896 1218 1073 1257 messe
1102 1202 1334 1268 aliquem
1368 1204 1645 1273 spicilegio
1696 1203 1909 1267 locum;
1938 1217 2113 1272 neque

518 1295 585 1348 ab
615 1293 716 1349 hoc
744 1296 961 1349 exclusa
996 1299 1335 1365 sequentium
1362 1306 1577 1350 artatum
1602 1297 1845 1367 ingenia,
1876 1311 1982 1365 quo
2012 1295 2112 1349 mi-

518 1400 638 1451 nus,
673 1387 715 1439 si
745 1401 848 1456 qua
883 1386 1114 1441 fortasse
1142 1387 1196 1441 in
1238 1391 1464 1442 vetustis
1492 1389 1768 1443 eodicibus
1801 1388 2111 1452 inveniant,

521 1478 662 1533 unde
703 1480 1123 1549 pulcherrimum
1158 1496 1292 1549 OptlS
1340 1482 1613 1535 illustrare
1642 1480 1834 1535 alicubi
1866 1481 2112 1549 possint,

518 1573 731 1627 inventa
762 1573 949 1629 eadem
975 1573 1171 1644 publici
1196 1574 1332 1643 juris
1357 1574 1576 1628 faciant.
1604 1575 1813 1628 Paucis.
1840 1575 1896 1627 Si
1922 1576 2118 1629 acriter

517 1667 791 1734 expensis,
830 1676 989 1735 atque
1020 1667 1251 1721 invicem
1276 1677 1481 1722 attente
1507 1668 1718 1722 collatis
1750 1667 2115 1723 monumentis

2212 462 2321 506 tum
2350 453 2598 507 audiatur
2623 455 2762 525 apud
2790 470 2976 510 omnes
3005 458 3097 527 qui
3121 457 3188 512 de
3206 457 3605 525 Scripturarum
3625 465 3802 511 trans-

2209 545 2497 600 lationibus
2520 546 2725 602 Latinis
2754 563 3060 603 sermonem
3098 552 3411 615 instituunt,
3439 564 3561 606 eum
3600 549 3805 604 nullum

2210 639 2385 695 adhuc
2410 642 2691 711 exemplar
2715 643 2935 711 hujusce
2957 644 3207 697 editionis
3235 643 3489 712 prodierit
3510 646 3561 697 in
3592 644 3803 709 lucem;

2213 732 2394 785 nullus
2441 744 2681 787 veterum
2726 736 3050 803 scriptorum
3114 744 3417 789 accuratam
3460 736 3593 790 satis
3636 736 3707 790 de
3751 750 3811 790 ea

2214 830 2457 884 notitiam
2491 832 2723 898 posteris
2753 830 3058 885 tradiderit.
3090 831 3169 885 Ad
3202 831 3505 900 hujusmodi
3535 846 3665 900 ergo
3692 831 3809 884 abi-

2213 922 2413 991 gendas
2445 922 2692 976 tenebras
2737 925 2843 975 duo
2885 926 3245 978 vetustissima
3280 932 3473 992 praesto
3514 938 3655 978 nunc
3684 933 3815 979 sunt

2214 1014 2573 1081 exemplaria,
2606 1030 2726 1083 qua:
2766 1016 2817 1068 in
2866 1017 3210 1070 monasteriis
3252 1016 3452 1070 nostris
3489 1028 3815 1070 conservata

2217 1121 2383 1175 usque
2418 1109 2467 1159 in
2496 1107 2638 1161 diem
2671 1120 2991 1177 praesentem
3025 1110 3375 1163 delituerunt.
3420 1110 3619 1163 llorum
3658 1109 3818 1165 codi-

2217 1214 2335 1251 cum
2367 1200 2632 1267 suhsidio,
2666 1203 2753 1256 vix
2799 1203 2997 1273 aliquid
3025 1202 3169 1273 quod
3196 1205 3472 1275 antiquam
3520 1217 3573 1259 et
3621 1204 3816 1261 Italam

2218 1292 2453 1347 Matthcei
2503 1294 2907 1350 translationem
2954 1306 3183 1366 spectat,
3230 1297 3397 1351 latere
3444 1311 3545 1351 nos
3588 1302 3816 1368 poterit.

2218 1385 2353 1453 Quid
2383 1386 2527 1441 enim
2558 1388 2694 1442 scire
2723 1388 2877 1443 nobis
2906 1405 3012 1443 non
3038 1389 3184 1454 licet,
3214 1389 3429 1460 quando
3460 1406 3641 1444 rerum
3675 1391 3825 1458 ipsa-

2221 1497 2338 1534 rum
2368 1493 2422 1536 et
2452 1482 2741 1536 verborum
2792 1484 2990 1537 oculati
3038 1495 3202 1538 testes
3242 1484 3586 1539 accedimus?
3616 1483 3825 1539 Verum

2221 1581 2278 1625 ut
2306 1573 2512 1627 facilior
2537 1590 2600 1627 ac
2622 1576 2924 1644 expeditior
2950 1576 3029 1629 via
3053 1586 3195 1629 esset
3218 1576 3282 1629 ad
3310 1575 3647 1645 percipienda
3672 1592 3827 1647 qua:—

2220 1682 2453 1737 cumque
2499 1670 2738 1737 ignorata
2784 1679 2910 1724 ante
2954 1670 3165 1723 fuerant
3207 1670 3349 1724 circa
3381 1679 3619 1725 veterem
3669 1670 3829 1725 Itali-

518 1759 790 1821 omnibus,
825 1776 943 1830 qua:
974 1771 1028 1815 et
1051 1760 1160 1830 jam
1191 1772 1349 1827 nota,
1386 1771 1442 1816 et
1474 1778 1615 1816 nunc
1651 1763 1881 1831 primum
1915 1777 1945 1816 e
1968 1770 2122 1816 tene-
2151 1761 2199 1820 B
2226 1774 2453 1828 eamque
2486 1761 2913 1827 translationem,
2957 1762 3468 1832 Prolegomenorum
3510 1774 3831 1819 nostrorum

518 1851 629 1906 bris
656 1862 809 1906 eruta
845 1853 1135 1922 prodibant
1158 1898 1171 1919 ,
1206 1870 1331 1908 mox
1362 1870 1390 1908 e
1423 1856 1649 1924 singulis
1678 1855 1888 1909 delecru
1915 1863 2123 1911 mature

522 1943 723 2011 habito,
761 1943 823 1997 N.
856 1943 918 1999 Τ.
952 1944 1120 1999 editio
1153 1946 1545 2013 institueretur,
1588 1964 1693 2001 non
1732 1947 1949 2013 dubito,
1992 1947 2120 2017 quin

520 2033 702 2089 Italica
732 2047 912 2090 nostra
947 2039 1141 2093 nativis
1167 2040 1417 2095 distincta
1459 2040 1734 2095 coloribus
1769 2040 2010 2111 dignosci
2044 2040 2122 2095 fa-

522 2126 721 2182 cillime
752 2138 935 2199 posset
969 2130 1149 2185 :baud
1190 2132 1439 2202 equidem
1486 2135 1676 2189 eadem
1710 2138 1930 2187 omnino
1976 2134 2123 2203 pnri-

524 2228 662 2287 tate,
700 2232 862 2292 atque
914 2223 1232 2278 castimonia
1277 2225 1533 2295 przedita,
1561 2241 1664 2295 qua
1697 2225 1822 2280 olim
1867 2225 2119 2291 incessit,

523 2312 643 2383 quis
671 2316 816 2369 enim
851 2315 952 2370 hoc
982 2317 1206 2385 speret?
1230 2327 1467 2372 attamen
1509 2318 1575 2383 si,
1601 2334 1736 2387 quos
1764 2319 1921 2388 longo
1951 2333 2122 2371 δωρη-

524 2406 696 2462 lormn
730 2408 963 2463 decursu
1008 2411 1302 2477 contraxit,
1336 2426 1554 2480 rues-os,
1580 2410 2120 2481 maculasque,judi-

523 2499 665 2553 cium
690 2502 936 2555 criticum
961 2503 1225 2573 deterget,
1255 2521 1359 2558 non
1383 2504 1704 2572 deformem,
1735 2522 1838 2558 non
1866 2506 2118 2573 luridum,

526 2594 618 2648 sed
648 2606 805 2650 aetate
835 2597 950 2667 ipsa
981 2598 1370 2662 venerabilem,
1399 2614 1573 2668 neque
1599 2597 1870 2666 indignam
1903 2599 2119 2668 prima:-

525 2693 604 2744 vis
637 2691 763 2756 illis,
794 2708 823 2745 e
853 2692 1046 2761 quibus
1074 2694 1335 2759 manavit,
1364 2691 1627 2757 fontibus,
1654 2692 2001 2747 haberemus.
2036 2692 2123 2746 Iu-

526 2790 672 2836 tcrea
703 2798 821 2847 nos,
852 2784 925 2837 mi
969 2784 1285 2850 Blanehine,
1319 2787 1565 2855 quamvis
1614 2783 1786 2839 serior
1814 2786 1952 2839 votis
1991 2795 2123 2839 aetas

525 2875 591 2930 ad
627 2876 791 2932 hocce
817 2878 1124 2933 convivium
1148 2878 1455 2943 adduxerit,
1483 2879 1727 2933 l:etemur
1748 2879 1834 2935 vel
1858 2880 1958 2934 hoc
1982 2880 2118 2949 ipso,

527 2976 668 3047 quod
702 2993 876 3047 neque
898 2977 1164 3049 asymboli
1192 2978 1543 3043 accessimus,
1578 2992 1675 3031 nec
1700 2978 1851 3032 vacui
1884 2984 2123 3032 reverte-

526 3088 665 3126 mur.
690 3072 992 3127 Adtulimus
1022 3073 1164 3127 enim
1198 3072 1500 3127 rariSsimas
1532 3070 1728 3142 dapes;
1754 3086 1927 3141 eoque
1956 3070 2120 3124 etiam

2226 1858 2380 1926 quasi
2413 1857 2591 1913 claves
2621 1857 2809 1913 lectori
2841 1858 3053 1913 tradere
3099 1868 3350 1929 prompto
3396 1858 3576 1913 animo
3617 1858 3835 1915 studui-

2225 1966 2363 2006 mus.

2738 2065 2969 2122 CAPUT
3008 2065 3292 2122 PRIMUM.

2224 2194 2291 2233 DE
2317 2193 2545 2241 ANTIQUA
2588 2194 2833 2234 VULGATA
2871 2195 2939 2233 ΕΤ
2976 2194 3187 2233 ιτριιιωι
3228 2191 3488 2232 νειιςιοιιε
3528 2188 3836 2233 ωνιιιΑιιωι

2808 2284 3234 2325 εειιιρτυιιλιιωι.

2224 2398 2264 2453 I.
2301 2396 2469 2450 Multa
2498 2398 2706 2450 nomina
2733 2396 2951 2449 obtinuit
2980 2397 3119 2467 apud
3152 2406 3339 2449 reteres
3372 2393 3576 2450 Patres.
3599 2395 3665 2450 II.
3707 2395 3840 2450 Non

2240 2506 2247 2511 ‘
2295 2506 2426 2542 unus
2470 2488 2569 2557 fuit
2622 2497 2820 2553 auctor,
2864 2505 2952 2541 seu
2996 2489 3243 2559 interpres
3294 2488 3519 2556 antiqua?
3552 2486 3838 2559 Vulgum;

2295 2582 2383 2635 scd
2432 2591 2675 2650 quotquot
2722 2590 2839 2633 sunt
2897 2582 3158 2650 anonymi.
3191 2580 3277 2634 Ill.
3330 2580 3663 2652 Exemplaria
3717 2588 3839 2656 ejus

2294 2676 2469 2729 multis
2493 2675 2852 2728 additamentis
2878 2676 3128 2745 permixta
3158 2685 3322 2729 erant.

2293 2788 2334 2843 I.
2364 2787 2651 2858 Antiquam
2678 2798 2989 2843 sanctorum
3021 2788 3316 2843 Bibliorum
3357 2788 3601 2843 Latinam
3646 2798 3839 2846 trans-

2225 2880 2481 2935 lationem
2545 2879 2727 2933 multis
2793 2880 3067 2950 variisque
3134 2880 3440 2935 nominibus
3513 2880 3838 2953 insignitam

2224 2974 2387 3029 fuisse
2429 2989 2589 3029 neruo
2639 2984 2721 3029 est
2764 2973 2857 3044 qui
2907 2975 3149 3028 nesciat:
3186 2984 3552 3030 verumtamen
3594 2976 3838 3032 citatum

2225 3072 2424 3140 passim
2480 3069 2794 3137 Hieronymi
2848 3068 3211 3122 testimonium
3276 3068 3578 3123 Comment.
3633 3069 3686 3123 in
3762 3072 3840 3128 Is.

527 3166 898 3235 pretiosiores,
925 3182 1031 3236 quo
1057 3168 1325 3235 perituras
1355 3165 1663 3236 aliquando,
1694 3173 1927 3219 aeternas
1947 3178 2122 3230 nunc,
2151 3154 2197 3217 C
2230 3177 2279 3215 c.
2309 3176 2461 3226 xux,
2489 3170 2620 3213 tom.
2642 3175 2716 3223 tv,
2748 3174 2855 3230 quo
2890 3159 3115 3233 Vulgata
3142 3160 3299 3214 editio
3320 3162 3537 3227 dicitur,
3562 3161 3653 3214 diu
3681 3177 3713 3214 a
3746 3180 3839 3219 me

524 3269 577 3313 et
606 3259 671 3311 ad
713 3260 931 3313 ultimos
972 3275 1144 3329 usque
1174 3270 1430 3328 nepotes,
1478 3274 1598 3313 cum
1632 3258 1829 3313 litteris
1863 3258 1992 3325 ipsis
2015 3299 2030 3323 ,
2068 3267 2125 3310 ut

526 3366 808 3420 superesse
837 3350 1067 3421 possint,
1100 3349 1400 3406 effecimus.
1437 3350 1717 3405 Laudabili
1758 3359 2039 3419 praeterea,
2070 3347 2123 3403 ni

525 3441 704 3507 fallor,
753 3444 1005 3511 exemplo
1057 3442 1300 3497 felicibus
1353 3453 1499 3498 trans
1546 3442 1711 3510 Alpes
1760 3444 2012 3513 ingeniis,
2069 3443 2122 3496 in

526 3535 757 3603 iilipsum
790 3543 846 3587 ut
891 3534 985 3587 niti
1018 3534 1187 3588 velint
1216 3553 1227 3588 :
1254 3535 1590 3603 depromptis
1618 3550 1683 3588 ex
1714 3535 1971 3604 opulento
2010 3550 2122 3587 am-

528 3626 771 3696 plissimo
816 3641 955 3695 penu
1008 3636 1085 3680 tot
1126 3624 1343 3681 ferculis
1389 3626 1543 3693 aliis,
1595 3626 1736 3679 unde
1787 3625 2124 3699 splendidius

525 3718 732 3785 multo,
770 3728 933 3788 atque
982 3719 1385 3773 ornatissimum
1428 3718 1647 3789 epulum
1696 3726 1913 3787 paretur
1945 3726 2125 3787 poste-

524 3810 693 3866 ritati.
726 3811 867 3879 Quid
897 3827 1024 3865 vero
1074 3826 1172 3866 nos
1203 3827 1234 3866 e
1273 3812 1519 3866 convivio
1552 3810 1841 3865 redeuntes
1870 3814 2125 3877 compeni

525 3906 599 3961 dii
640 3915 878 3973 maneat,
930 3904 1103 3960 dicam
1155 3906 1343 3960 libere.
1400 3903 1826 3959 Pulclterrimum
1882 3902 2122 3957 honestis

525 4001 721 4054 animis
758 4000 1061 4069 praemium,
1086 4015 1208 4052 eum
1238 3997 1441 4068 optima
1463 3996 1763 4059 voluntate,
1794 3994 2122 4049 conscientia

525 4100 675 4147 recte
703 4090 849 4146 facti.
886 4091 998 4147 lloc
1036 4102 1281 4146 nostrum
1310 4098 1413 4145 est.
1446 4088 1640 4153 Favor,
1671 4096 1726 4143 et
1762 4088 1932 4157 gratia
1981 4090 2121 4156 apud

523 4199 708 4256 requos
736 4182 992 4239 harumce
1022 4200 1198 4238 rerum
1236 4183 1594 4238 aestimatores
1614 4222 1628 4246 ,
1662 4191 1720 4234 ut
1748 4180 1977 4251 quisque
2001 4172 2121 4237 illo-

525 4292 644 4332 rum
676 4277 933 4340 senserit,
958 4288 1141 4330 sunto.
1178 4275 1306 4331 Vale
1334 4274 1646 4344 plurimum.

597 4370 862 4425 Pontivici
886 4387 917 4425 v
946 4370 1123 4426 Nonas
1156 4368 1505 4440 Septembres
1534 4382 1677 4421 anno
1706 4366 1919 4422 Domini
1961 4367 2117 4423 1739.

663 4526 1196 4588 DISSERTATIO
1230 4526 1453 4588 JOAN.
1491 4527 1983 4590 MARTIANAY

521 4672 576 4711 IN
636 4671 937 4711 νιιιδιυκειί
1000 4672 1256 4713 ΙΤΛιΙϐΑΙ
1314 4674 1597 4714 ενΑιιοειιι
1649 4673 1928 4715 SECUNDUM
1981 4675 2118 4718 ΠΑΤ-

595 4763 817 4811 τιιιειιιι,
866 4763 1139 4803 DESCRIPTI
1182 4765 1248 4803 ΒΧ
1293 4765 1448 4807 σου».
1506 4766 1819 4807 CORBEIENSI
1876 4767 1947 4808 ΕΤ
1992 4767 2116 4808 ΒΑΝ·

592 4857 929 4897 GBBHANENSI
958 4860 1007 4897 IN
1048 4859 1150 4898 HAG
1191 4859 1443 4900 EDITIONE
1482 4861 1550 4901 AD
1576 4860 1905 4903 INFEBIOREI
1930 4861 2115 4906 0οδυὸ-

594 4950 701 5001 ουε
729 4951 934 4993 ΡΛΩΙΝΒ
966 4952 1168 4992 ιιιευιι
1196 4953 1487 4994 ιιιιδιιεεδιε.

1128 5095 1524 5140 PROOEMIUM.

600 5200 673 5255 De
721 5202 938 5271 antiqua
984 5202 1233 5258 versione
1282 5204 1503 5275 Vulgata
1558 5218 1611 5261 et
1651 5206 1833 5262 Italica
1862 5207 2119 5279 frequens

524 5309 703 5348 sermo
734 5302 817 5348 est
843 5295 980 5364 apud
1009 5296 1273 5364 eruditos,
1317 5301 1405 5370 qui
1453 5300 1756 5355 divinarum
1808 5301 2115 5372 Scriptura-

525 5404 641 5443 runt
669 5388 846 5442 studio
867 5390 1109 5445 nonnihil
1141 5390 1490 5458 incumbunt;
1522 5394 1712 5449 crebra
1743 5410 1954 5465 quoque
1976 5394 2117 5465 apud
2168 5422 2171 5425 λ

522 5482 764 5547 criticos,
811 5498 1086 5537 Sat-rarum
1135 5484 1464 5540 Litterarum
1518 5487 1900 5555 inquisitores,
1961 5486 2119 5556 hujus

524 5575 792 5629 versionis
839 5573 1034 5630 Italicae
1080 5576 1321 5629 mentio:
1363 5576 1458 5630 sed
1503 5580 1668 5631 altum
1717 5579 1915 5648 ubique
1958 5579 2119 5633 silen-

522 5671 654 5724 tium
685 5670 752 5724 de
778 5670 985 5737 origine
1006 5667 1274 5739 ejusdem,
1306 5668 1373 5723 de
1400 5669 1564 5739 stylo,
1604 5670 1671 5723 de
1710 5669 1907 5725 additis
1933 5672 1983 5724 in
2031 5686 2117 5738 ea,

524 5762 611 5819 vel
640 5758 876 5830 demptis
905 5759 1107 5815 incuria
1144 5758 1455 5831 interpretis
1494 5770 1587 5817 aut
1615 5761 1980 5820 librariorum.
2008 5761 2118 5822 Nec

2229 3251 2426 3306 frustra
2476 3252 2673 3307 ibidem
2718 3253 3081 3321 conquisitum
3126 3268 3189 3307 ex
3238 3253 3377 3308 libro
3406 3254 3643 3307 secundo
3673 3268 3841 3310 com-

2226 3344 2614 3400 mentariorum
2670 3344 2723 3398 in
2751 3358 2869 3413 cap.
2901 3362 2997 3400 xut
3046 3346 3279 3400 Mattlnei
3313 3347 3564 3418 supplere
3593 3362 3842 3406 necesse

2227 3438 2410 3491 habui.
2442 3437 2570 3490 Nam
2602 3438 2686 3490 hic
2724 3437 2826 3491 loci
2870 3439 2948 3492 sic
2980 3439 3141 3493 habet
3174 3440 3532 3511 Hieronymus
3559 3457 3571 3492 ε
3608 3439 3746 3509 Legi
3784 3444 3840 3498 in

2225 3530 2487 3585 nonnullis
2529 3528 2809 3593 codicibus,
2842 3540 2889 3584 et
2917 3531 3175 3583 studiosus
3221 3532 3379 3584 lector
3432 3534 3563 3601 [orte
3605 3535 3842 3602 reperiet

2227 3621 2455 3691 idipsum
2473 3637 2490 3684 ;
2537 3622 2591 3675 in
2613 3638 2671 3675 eo
2701 3622 2811 3675 loco
2839 3622 2923 3676 ubi
2954 3639 3046 3675 nos
3076 3624 3362 3693 posuimus,
3393 3635 3440 3676 et
3470 3622 3697 3693 Vulgata
3727 3624 3838 3680 ha-

2227 3717 2305 3772 bet
2334 3718 2511 3784 editio,
2546 3728 2603 3772 ut
2649 3718 2965 3789 impleretur
3008 3720 3149 3789 quod
3187 3720 3390 3787 dictum
3443 3730 3527 3775 est
3553 3734 3651 3789 per
3690 3720 3844 3778 Pro-

2229 3812 2442 3881 phetam
2472 3812 2764 3877 dicentem,
2798 3814 2867 3866 ibi
2896 3813 3166 3880 scriptum,
3196 3824 3301 3868 etc.
3335 3814 3610 3884 Vulgatam
3661 3815 3843 3884 igitur

2226 3906 2516 3961 editionem
2557 3908 2787 3961 Matthaei
2818 3920 2975 3964 vocat
3027 3909 3385 3979 Hieronymus
3428 3924 3544 3962 eam
3593 3912 3844 3967 transla-

2227 3997 2425 4051 tionem
2476 3999 2718 4065 latinam,
2763 4015 2883 4069 qua:
2931 4010 3056 4054 ante
3101 4016 3250 4054 suam
3281 4011 3490 4054 mtatent
3545 4001 3847 4061 obtinebat

2227 4091 2601 4145 auctoritatem
2630 4093 2678 4145 in
2725 4092 2987 4147 Ecclesiis
3029 4092 3454 4148 Occidentalium
3485 4091 3845 4150 Christiano-

2227 4197 2381 4248 rum;
2415 4199 2641 4253 qquue
2688 4194 2931 4254 tempore
2961 4183 3209 4255 Gregorii
3245 4185 3416 4255 Magni
3449 4184 3843 4246 Translationis

2236 4272 2432 4327 Veteris
2462 4291 2656 4329 nomen
2703 4276 2843 4341 tulit,
2889 4287 3199 4347 comparata
3228 4292 3378 4333 nova:
3410 4278 3631 4333 editioni
3658 4296 3840 4350 quam

2226 4365 2341 4435 ipse
2389 4366 2748 4440 llieronymus
2800 4368 3057 4423 Ecclesia:
3106 4370 3493 4437 procurandam
3559 4374 3839 4442 suSCepit.

2224 4459 2458 4514 Consule
2510 4462 2793 4530 epistolam
2836 4461 3081 4531 Gregorii
3141 4462 3314 4534 Magni
3362 4463 3430 4517 ad
3485 4462 3840 4535 Leandrum,

2144 4538 2201 4600 Ῑ)
2223 4567 2341 4621 cap.
2373 4554 2429 4618 5,
2460 4554 2701 4624 Exposit.
2732 4555 2920 4609 Moral.
2952 4557 3002 4609 in
3032 4555 3135 4615 Job
3162 4558 3457 4625 praefixam.

2297 4648 2499 4704 Prater
2544 4649 2659 4705 haec
2706 4652 2923 4704 nomina
2980 4651 3214 4722 I'ulgatrc
3260 4653 3497 4707 editionis
3535 4661 3589 4707 et
3624 4652 3843 4713 Veteris

2223 4740 2626 4808 Translationis,
2656 4744 2803 4799 aliud
2831 4744 3007 4799 eidem
3039 4745 3247 4809 tribuit,
3278 4755 3333 4800 et
3366 4746 3579 4816 quidem
3607 4746 3841 4818 insigne

2222 4850 2286 4890 ac
2324 4834 2580 4905 Speciale,
2625 4836 2815 4890 beatus
2840 4834 3198 4906 Augustinus,
3248 4837 3342 4891 lib.
3376 4853 3413 4891 ιι
3455 4837 3523 4891 de
3569 4837 3837 4895 Doctrina

2221 4927 2528 4982 Christiana
2557 4944 2676 4997 cap.
2710 4929 2774 4983 15
2804 4946 2815 4981 :
2846 4927 2913 4982 In
2956 4929 3081 5000 ipsis
3111 4940 3302 4995 autent,
3347 4931 3538 4999 inquit,
3570 4930 3840 5001 interpre-

2221 5019 2501 5073 tationibus
2530 5018 2666 5073 Itala
2689 5020 2885 5073 caeteris
2918 5024 3225 5091 prteferatur
3255 5036 3414 5073 :nam
3450 5030 3521 5073 est
3552 5022 3838 5079 verborum

2222 5116 2447 5168 tenacior
2489 5130 2606 5168 cum
2638 5113 3001 5186 perspicuitate
3042 5115 3323 5171 sententitv.
3358 5112 3489 5167 Erat
3534 5113 3694 5183 igitur
3741 5116 3835 5171 in-

2222 5208 2542 5276 terpretatio
2572 5207 2818 5277 quaedam
2852 5208 2993 5277 apud
3034 5207 3254 5260 Latinos
3282 5222 3401 5277 qua:
3429 5204 3568 5259 Itala
3596 5205 3835 5263 diceba~

2224 5307 2333 5364 tur,
2365 5298 2654 5354 verberoni
2682 5308 2865 5366 tenax,
2910 5310 2963 5353 et
3004 5299 3283 5369 persliicua
3321 5299 3637 5365 sententiis;
3668 5299 3837 5357 ideo-

2225 5408 2329 5461 que
2360 5392 2502 5446 illam
2531 5394 2746 5447 czeteris
2773 5391 3201 5460 anteponendam
3243 5401 3428 5445 Censet
3464 5388 3835 5459 Augustinus.

2225 5483 2361 5552 Quid
2394 5500 2521 5538 vero
2546 5499 2721 5539 causa:
2768 5482 2931 5538 fuerit
2970 5491 3028 5537 ut
3057 5480 3197 5536 Itala
3223 5480 3518 5547 diceretur,
3552 5498 3659 5536 non
3691 5489 3839 5543 satis

2225 5581 2566 5651 exploratum
2597 5581 2892 5645 habemus;
2932 5580 3035 5634 etsi
3073 5594 3193 5635 eam
3225 5577 3327 5633 hoc
3353 5578 3571 5631 nomine
3602 5577 3837 5648 insigni-

2226 5681 2334 5724 tam
2388 5672 2549 5725 velint
2597 5670 2791 5725 eruditi
2843 5669 3118 5735 homines,
3187 5668 3327 5740 quod
3381 5670 3493 5739 ipsa
3542 5678 3842 5732 uterentur

2229 5761 2348 5818 Itali
2378 5761 2590 5831 Patres,
2620 5761 2967 5822 Ambrosium
3004 5763 3147 5832 dico,
3176 5760 3538 5820 Gaudentium
3569 5760 3839 5824 Brixien-
