3950 6176
128 290 175 345 tn
700 265 717 278 '
1110 282 1567 345 DlSSElt'I‘ATiO
1602 279 1889 340 tosnms
1926 281 2359 344 manus“.
3334 280 3405 340 cs

131 422 243 472 sein,
266 404 635 462 Chromatium
666 404 1102 475 Aquileiensem,
1149 402 1388 459 Leonem
1429 401 1700 470 stagnum,
1727 407 1782 468 Α
1807 397 2009 455 multos
2037 398 2202 455 fuisse
2227 399 2484 467 diximus,
2516 412 2622 455 non
2664 412 2852 471 parum
2879 398 3090 455 confert
3121 397 3401 469 multiplex

132 510 178 558 et
200 500 318 556 alios
342 498 560 566 multos,
599 498 703 569 qui
734 496 988 554 doctrina
1034 511 1097 552 ac
1141 508 1355 552 morum
1399 493 1703 563 integritate

136 597 396 653 ﬂoruerunt
419 597 471 648 in
501 592 781 649 Ecclesiis
810 588 1203 648 Romanorum.
1242 590 1355 645 Hoc
1393 588 1439 643 si
1480 588 1552 643 ita
1594 595 1701 653 est,

137 700 188 746 ut
214 688 642 746 verisimillimum
671 702 799 742 esse
826 686 914 741 vix
942 686 1132 740 doctus
1156 681 1504 749 iniiciabitur,
1526 680 1702 735 nullus

139 784 422 853 relinquitur
449 779 757 852 suspicioni
783 778 872 835 vel
897 775 1212 833 dubitationi
1238 775 1411 840 locus,
1451 772 1578 840 quin
1605 785 1702 842 ge-

138 876 324 931 nuinam
353 874 657 929 habeamus
690 873 743 928 in
775 871 977 926 nostris
1003 883 1134 924 mss.
1165 864 1564 936 exemplaribus
1581 877 1704 919 ver-

136 969 319 1025 sionem
373 967 605 1033 Italam;
632 968 763 1035 quia
804 964 1042 1021 recitatis
1085 962 1375 1031 Scriptura:
1422 957 1704 1014 sententiis

143 1061 268 1131 apud
277 1061 375 1130 jam
386 1060 558 1116 dictos
571 1058 735 1114 Italos
754 1059 963 1123 Patres,
976 1072 1042 1112 ex
1054 1069 1209 1126 a‘quo
1221 1051 1509 1123 respondet
1528 1058 1706 1106 textus

145 1154 470 1227 Evangelicus
494 1163 806 1219 nostrorum
838 1149 1108 1206 codicum.
1141 1150 1208 1204 At
1236 1148 1303 1202 de
1331 1145 1417 1202 his
1445 1145 1603 1201 inira.

208 1246 450 1302 Caeterum
494 1261 563 1301 ne
606 1244 754 1316 quod
797 1242 1106 1298 suboriatur
1148 1240 1562 1311 ambigunm’ex
1606 1250 1705 1292 no-

142 1338 277 1392 mine
324 1335 582 1411 Vulgum,
630 1335 1027 1391 animadvertat
1073 1335 1241 1389 lector
1287 1331 1562 1387 studiosus
1607 1328 1708 1385 du-

140 1430 322 1500 plicem
349 1444 462 1484 esse
492 1427 794 1484 Versionem
828 1427 1137 1499 Vulgatam;
1174 1425 1448 1496 antiquam
1474 1423 1702 1490 scilicet,

143 1537 258 1591 qua:
298 1521 642 1592 usurpabatur
680 1530 807 1575 ante
861 1526 1073 1574 atatem
1118 1516 1459 1588 llieropymi‘;
1502 1525 1557 1570 et
1602 1514 1704 1570 ho-

141 1612 366 1667 diernam
390 1623 647 1679 nostram,
690 1627 789 1667 usu
830 1597 1111 1680 receptam.
1148 1610 1199 1664 in
1231 1608 1470 1663 Ecclesia
1513 1606 1704 1662 catho-

150 1703 270 1759 lica.
312 1704 453 1759 Prior
493 1712 765 1759 auctorem
812 1701 1000 1757 habuit
1044 1714 1407 1771 anonymum;
1441 1697 1707 1767 posterior

1806 493 1933 549 illud
1955 505 2129 565 genus
2156 494 2626 564 capitulationnm,
2670 508 2735 549 ac
2781 495 3084 549 sectionum
3113 499 3401 548 contextus

1805 589 1966 654 sacri,
1999 589 2141 659 quod
2172 589 2225 645 in
2270 588 2500 644 diversis
2554 588 2848 644 Bibliorum
2887 586 3163 644 codicibus
3215 599 3402 641 manu-

1806 682 2023 749 scriptis
2048 680 2317 752 hodieque
2344 689 2612 751 superest.
2638 680 2827 751 Neque
2850 692 2980 735 vero
3008 678 3264 735 credibile
3294 684 3399 746 est,

1806 774 2060 830 eumdem
2085 775 2436 845 interpretem
2465 772 2698 828 Mattbtei
2725 788 2775 828 v.
2800 788 2853 844 g.
2881 783 3112 843 quatuor
3137 780 3228 826 attt
3248 770 3406 843 quiti-

1806 884 1913 939 que
1943 868 2120 923 modis
2145 867 2375 923 diversis
2401 881 2613 921 sacrum
2645 873 2957 922 contextum
2998 866 3231 922 divisum
3271 864 3403 920 reli-

1806 961 2018 1033 quisse;
2049 969 2103 1017 et
2129 976 2272 1017 nunc
2299 962 2351 1016 in
2377 961 2450 1018 28
2476 962 2768 1028 sectiones,
2802 975 2945 1016 nunc
3000 962 3052 1015 in
3092 959 3184 1028 88,
3233 959 3317 1017 vel
3348 959 3403 1015 in

1811 1056 1912 1113 H7
1942 1064 2122 1127 partes
2151 1056 2496 1127 dispertitum
2529 1057 2788 1112 voluisse.
2838 1056 2990 1111 Sicut
3028 1071 3159 1126 ergo
3187 1054 3403 1111 diversa

1808 1158 1935 1205 sunt
1972 1163 2172 1221 genera
2210 1159 2453 1205 veterum
2499 1150 2803 1205 sectionum
2830 1148 3073 1219 ejusdem
3117 1157 3403 1203 comextus

1808 1243 1969 1307 sacri,
2002 1257 2066 1297 ac
2110 1241 2271 1312 plane
2296 1241 2511 1298 diversa
2536 1242 2756 1311 antiqua
2783 1241 3013 1314 capitula
3040 1254 3134 1297 seu
3166 1253 3405 1297 summa-

1810 1337 1886 1391 ria
1920 1336 2137 1406 praeﬁxa
2169 1346 2480 1390 sanctorum
2524 1335 2820 1391 Bibliorutn
2866 1333 3266 1404 exemplaribus
3292 1347 3407 1388 ma-

1808 1430 2141 1501 nuscriptis;
2194 1430 2266 1485 ita
2310 1429 2491 1485 varios
2533 1444 2596 1484 ac
2638 1427 2880 1484 diversos
2924 1429 3088 1483 fuisse
3134 1427 3406 1498 interpre-

1810 1531 1890 1578 tes
1913 1521 2133 1576 Latinos
2161 1522 2494 1592 antiquiores
2517 1521 2741 1578 omnino
2769 1519 3175 1576 concedendum
3206 1528 3310 1574 est.
3372 1548 3373 1553 π

1878 1614 2146 1671 Praeterea
2175 1629 2281 1670 non
2304 1614 2444 1671 iden.
2467 1615 2644 1686 stylus
2666 1622 2771 1679 est,
2802 1612 2897 1669 sed
2923 1612 3211 1669 dissimiles
3245 1625 3395 1681 pror-

1807 1721 1902 1763 sus
1922 1707 2145 1777 phrases
2173 1706 2421 1777 leguntur
2448 1694 2507 1761 in
2530 1707 2645 1776 ipso
2668 1712 2921 1761 contextu
2950 1703 3184 1773 antiquce
3210 1702 3406 1772 Vulga-

143 1805 195 1849 et
234 1795 471 1850 hodierna
516 1795 826 1865 Hieronymi
870 1793 1040 1861 ipsius
1070 1790 1229 1847 finitis
1258 1800 1363 1857 est,
1388 1791 1541 1859 juxta
1570 1788 1702 1844 alla-

1813 1810 1878 1853 ta!
1914 1818 1928 1855 :
1957 1815 2021 1854 ac
2051 1813 2462 1870 nonnumquam
2491 1799 2631 1853 inter
2654 1812 2714 1853 se
2743 1797 2879 1852 adeo
2899 1796 3115 1850 diversa
3142 1801 3268 1849 sunt
3293 1793 3412 1863 ejus

148 1898 249 1941 tam
278 1901 304 1940 a
332 1887 474 1941 nobis
503 1886 619 1956 ejus
638 1884 1065 1957 descriptionem
1097 1883 1149 1939 in
1188 1880 1585 1952 prolegomenis
1625 1879 1707 1935 di-

148 1979 277 2033 vina:
299 1977 623 2034 Bibliotheca:
650 1991 822 2048 nuper
844 1977 1021 2032 editae.

215 2069 282 2123 ll.
305 2070 471 2139 Neque
498 2079 677 2125 tamen
701 2086 767 2125 ex
795 2084 862 2125 eo
878 2070 999 2140 quis
1021 2068 1272 2139 opinetur
1299 2066 1511 2123 unicum
1541 2064 1706 2121 fuisse

148 2166 363 2233 antiqua
385 2162 964 2235 Vulgatminctorem,
1012 2162 1148 2217 sicut
1196 2170 1387 2216 auctor
1429 2158 1706 2216 hodiernae

149 2267 333 2310 nostra:
357 2257 531 2312 unicus
576 2264 661 2312 est
703 2255 878 2327 (libris
920 2255 1194 2311 nonnullis
1217 2250 1481 2325 exceptis)
1512 2252 1705 2309 Hiero-

154 2367 366 2422 nymus:
404 2353 521 2408 huic
563 2353 710 2408 enim
756 2353 995 2421 opinioni
1042 2366 1103 2408 ea
1153 2351 1421 2405 obsistunt
1470 2364 1590 2416 quae
1636 2347 1706 2404 de

154 2444 292 2498 vario
327 2444 816 2516 interpretationum
864 2458 1063 2515 genere
1106 2443 1326 2513 scripsit
1356 2441 1413 2498 S.
1448 2440 1704 2511 Augusti-

154 2555 272 2604 nus,
312 2542 397 2597 lib.
440 2557 475 2597 ll
519 2541 589 2597 de
619 2541 875 2596 Doctrina
921 2540 1221 2596 Christiana
1267 2553 1387 2610 cap.
1425 2540 1528 2594 ll:
1602 2537 1707 2603 Qui

153 2632 299 2699 enim,
336 2634 515 2704 inquit,
561 2633 862 2703 Scripturas
890 2649 953 2688 ea:
984 2632 1205 2688 Hebraea
1242 2632 1420 2704 lingua
1463 2632 1515 2685 in
1558 2628 1706 2686 Crte-

154 2738 256 2777 cant
272 2736 525 2793 verterunt,
542 2726 802 2780 numerari
817 2735 1025 2797 possunt
1046 2742 1062 2790 ,'
1081 2724 1260 2799 Latini
1272 2734 1441 2780 autem
1456 2726 1705 2797 interpre-

153 2826 220 2871 tes
246 2820 369 2874 nullo
396 2822 559 2875 modo.
596 2819 670 2876 Ut
708 2821 845 2875 enim
887 2821 1086 2886 cuique,
1117 2820 1297 2890 primis
1338 2818 1469 2889 ﬁdei
1513 2828 1706 2888 tempo-

153 2908 301 2974 ribus,
323 2912 369 2966 in
393 2928 570 2967 manus
614 2913 747 2967 venit
791 2911 952 2967 codex
978 2909 1213 2976 ercus,
1243 2920 1293 2965 et
1329 2911 1705 2981 aliquantulum

150 2999 386 3066 [ornastis
419 3005 512 3057 sibi
552 3004 819 3073 utriusque
855 3003 1047 3073 linguai
1085 3002 1266 3058 habere
1293 3001 1579 3069 uidebatur,
1611 3020 1707 3057 att-

146 3108 227 3146 sus
247 3107 312 3147 est
333 3096 670 3165 interpretari.
702 3095 961 3151 Eamdem
991 3095 1301 3151 Latinorum
1350 3095 1701 3165 interpretum

1809 1893 2167 1963 exemplaria;
2200 1901 2257 1947 ut
2295 1892 2502 1961 integra
2533 1890 2776 1960 qumdam
2806 1888 3061 1958 capitula,
3096 1887 3148 1942 id
3177 1894 3262 1941 est
3286 1899 3409 1956 par—

1809 1996 1893 2041 tes
1920 1985 1976 2041 ln
2009 1986 2091 2042 his
2122 1985 2485 2052 inveniantur,
2514 1999 2633 2054 qua:
2659 1984 2855 2039 absunt
2880 1983 2931 2037 in
2959 1982 3100 2038 aliis.
3133 1980 3300 2051 llujus
3324 1995 3409 2034 va-

1806 2077 2013 2134 rietatis
2072 2077 2323 2148 exempla
2363 2076 2774 2131 subministrant
2824 2075 2931 2130 duo
2968 2073 3186 2129 codices
3230 2074 3407 2130 nostri

1808 2171 2160 2241 manuscripti
2211 2170 2356 2226 italae
2386 2169 2654 2225 versionis
2679 2187 2691 2222 :
2719 2167 3068 2223 Corbeiensis
3096 2166 3242 2222 enim
3275 2165 3408 2236 legit

1807 2265 2045 2336 exempli
2071 2282 2179 2336 gr.,
2222 2264 2491 2335 Numquid
2521 2263 2733 2319 minima
2762 2279 2813 2317 es
2835 2263 2861 2317 ?
2887 2261 3409 2320 San-Germanensis

1809 2369 2028 2426 autem,
2082 2358 2205 2415 Non
2242 2359 2455 2413 minima
2497 2374 2569 2413 es.
2619 2357 2826 2426 Vixque
2855 2372 2958 2411 una
2990 2356 3042 2409 iu
3073 2356 3153 2411 eis
3200 2354 3407 2425 pagella

1807 2453 1913 2523 legi
1958 2453 2176 2523 poterit,
2217 2451 2345 2522 quin
2376 2450 2672 2507 dissimiles
2699 2457 2982 2505 occurrant
3012 2448 3259 2517 phrases,
3286 2461 3409 2501 ver.

1809 2543 2107 2614 horumque
2156 2542 2287 2599 ordo
2315 2541 2589 2598 diversus.
2637 2539 2848 2596 Deinde
2883 2538 3273 2603 additamenta,
3306 2550 3408 2592 nec

1808 2638 1999 2693 eadem
2028 2638 2078 2692 in
2112 2636 2221 2692 illis
2267 2645 2416 2701 sunt,
2467 2650 2567 2691 nec
2616 2634 2808 2690 iisdem
2854 2632 2988 2688 locis
3035 2630 3406 2686 inveniuntur.

1809 2728 2044 2785 Matthaii
2092 2744 2212 2799 cap.
2260 2729 2353 2795 20,
2383 2738 2754 2783 assumentum
2803 2741 2868 2781 ex
2915 2724 3078 2781 Luem
3107 2722 3405 2793 Evangelio

1807 2826 2006 2879 retinet
2047 2821 2397 2880 Corbeiensis
2425 2822 2620 2890 codex,
2656 2820 2797 2890 quod
2845 2835 2950 2876 non
2981 2827 3131 2875 extat
3176 2818 3229 2872 in
3268 2817 3406 2874 San-

1809 2914 2163 2971 Germanensi
2189 2930 2204 2981 ;
2257 2923 2313 2970 et
2366 2916 2484 2969 vice
2514 2928 2666 2970 versa
2698 2910 3223 2969 San-Germanensis
3252 2922 3405 2979 qua:-

1808 3006 1931 3061 dam
1963 3008 2127 3063 refert
2149 3008 2218 3063 de
2249 3007 2518 3078 baptismo
2539 3006 2765 3071 Christi,
2793 3019 2916 3075 quas
2944 3017 3049 3058 non
3082 3003 3330 3072 leguntur
3353 3001 3405 3055 in

1807 3102 2144 3159 Corbeiensi.
2178 3102 2307 3169 Qua:
2336 3100 2579 3171 proiecto
2624 3114 2730 3154 non
2762 3114 2950 3163 unum,
2997 3096 3092 3151 sed
3134 3095 3292 3164 plane
3320 3093 3404 3148 di»

147 3190 557 3246 numerositatem
585 3191 832 3261 agnoscit
861 3192 918 3246 S.
971 3189 1346 3261 Hieronymus,
1389 3188 1474 3245 his
1521 3189 1700 3245 verbis

1811 3209 1996 3250 versos
2008 3194 2246 3247 innuunt
2268 3200 2540 3258 auctores,
2564 3205 2657 3244 seu
2673 3190 2996 3258 interpretes
3008 3186 3226 3241 Latinus
3242 3184 3420 3238 Evan-

148 3278 195 3333 in
217 3292 426 3350 quatuor
456 3283 745 3355 Evangelia
793 3283 1049 3352 praelatus
1080 3301 1094 3337 :
1130 3282 1191 3340 Si
1218 3282 1418 3337 Latinis
1441 3283 1706 3350 exmplu-

146 3371 273 3427 ribus
308 3375 429 3442 ﬁdes
466 3384 540 3430 est
582 3376 901 3442 adhibenda,
954 3375 1294 3447 respondeant
1340 3374 1522 3447 quibus
1570 3390 1590 3431 :
1634 3384 1706 3431 tot

147 3464 266 3518 cuius
304 3477 416 3521 sunt
462 3467 774 3540 exemplaria
813 3484 940 3539 pene
980 3477 1101 3534 quot
1139 3468 1356 3522 codices.
1396 3467 1493 3523 Sin
1535 3477 1707 3522 autem

148 3558 311 3613 veritas
334 3570 410 3615 est
436 3562 714 3631 qua'renda
738 3560 805 3615 de
830 3561 1082 3633 pluribus,
1109 3577 1202 3615 cur
1230 3577 1329 3616 non
1359 3561 1430 3615 ad
1470 3558 1706 3616 Crescunt

148 3649 365 3722 originem
393 3662 719 3719 rererlentes,
762 3669 823 3706 ea
841 3668 957 3724 qua!
1002 3654 1079 3708 uel
1106 3669 1138 3707 a
1178 3654 1372 3708 vitiosis
1400 3654 1707 3725 ,interpreti-

145 3740 228 3795 bus
252 3746 373 3799 male
397 3746 557 3815 edita,
589 3746 668 3801 vel
692 3763 726 3800 α
756 3748 1214 3818 prwsumptoribus
1257 3746 1507 3815 imperitis
1534 3759 1707 3800 emen-

143 3834 252 3889 data
272 3841 566 3909 perversius,
595 3839 673 3894 uel
714 3856 746 3892 a
796 3838 1019 3893 librariis
1046 3837 1441 3893 dormitantibus
1479 3848 1568 3894 aut
1611 3839 1708 3893 ad-

140 3930 237 3984 dita
275 3942 408 3999 sunt,
453 3942 544 3987 aut
587 3941 818 4000 mutata,
865 3933 1206 4003 corrigimus?
1247 3931 1414 3988 Tanta
1460 3932 1705 3988 codicum

141 4021 406 4079 diversitas
432 4025 505 4080 ab
542 4024 736 4082 eodem
765 4025 913 4080 nasci
942 4025 1235 4094 interprete
1263 4026 1574 4095 neutiquam
1607 4041 1705 4095 po-

142 4118 262 4181 tuit;
302 4136 466 4190 quare
513 4134 738 4177 necesse
766 4128 851 4176 est
880 4127 940 4175 ut
989 4120 1169 4189 plures
1215 4118 1416 4175 iuerint
1459 4126 1706 4176 auctores

141 4209 425 4279 huiusmodi
452 4212 889 4279 translationum,
921 4227 1042 4282 quae
1068 4212 1254 4282 primis
1285 4212 1539 4268 Ecclesiae
1571 4220 1707 4268 tem-

141 4302 339 4371 poribus
364 4303 889 4361 circumferebantur
913 4304 1055 4374 apud
1082 4302 1321 4359 Latinos.
1357 4303 1552 4360 Multos
1582 4319 1709 4371 quo-

142 4412 231 4466 que
251 4400 519 4469 conceptis
548 4399 728 4455 verbis
753 4398 1022 4468 expressit
1050 4397 1431 4470 Hieronymus,
1477 4398 1663 4452 dicens
1688 4414 1703 4451 :

147 4488 259 4555 Ou
279 4509 311 4546 tt
350 4493 539 4547 vitiosis
560 4492 919 4563 interpretibus
950 4490 1082 4545 male
1120 4490 1258 4545 edita
1283 4499 1422 4545 sunt.
1463 4489 1632 4559 Quem
1660 4490 1705 4546 si

1805 3289 1926 3360 gelii
1957 3285 2249 3343 secundum
2274 3285 2607 3340 Mattlneum.
2642 3281 2794 3350 Quod
2820 3296 2950 3334 vero
2979 3279 3048 3333 de
3079 3276 3404 3348 Evangelico

1806 3380 2079 3436 volumine
2107 3377 2357 3444 dicimus,
2389 3376 2457 3432 de
2487 3375 2610 3431 aliis
2640 3375 2801 3429 etiam
2857 3363 3011 3427 libris
3052 3370 3270 3439 intelligi
3303 3384 3403 3425 ne-

1808 3488 1961 3529 cesse
1992 3480 2107 3537 est,
2153 3474 2304 3540 juxta
2358 3469 2605 3525 traditam
2638 3467 2706 3524 ab
2744 3466 3043 3537 Augustino
3072 3463 3405 3533 superiorem

1806 3564 2072 3634 regulam.
2097 3576 2198 3633 qua
2221 3560 2410 3615 statuit
2441 3561 2764 3630 interpretes
2783 3556 3004 3615 Graecos
3033 3569 3192 3628 posse
3218 3570 3407 3609 nume-

1806 3658 1937 3723 rari,
1972 3655 2190 3711 Latinos
2219 3665 2396 3710 autem
2427 3666 2533 3709 non
2567 3665 2745 3724 posse.

1880 3753 1966 3811 Ill.
1999 3754 2052 3811 id
2080 3753 2190 3826 jam
2223 3766 2511 3808 commune
2553 3751 2753 3807 Veteris
2798 3746 3165 3804 translationis
3191 3742 3409 3800 codices

1810 3846 2063 3905 habuisse
2084 3846 2335 3914 dicimus,
2362 3845 2506 3916 quod
2538 3841 2775 3899 universi
2805 3840 2997 3897 alienis
3023 3836 3407 3893 additatnentis

1809 3940 2061 4014 permixti
2099 3940 2595 3996 circumferrentur.
2638 3936 2840 3994 Causas
2867 3946 2922 3992 et
2956 3935 3218 4005 originem
3251 3930 3409 4000 hujus

1810 4032 2231 4104 perturbationis
2260 4033 2399 4087 sacri
2424 4040 2712 4086 contextus
2749 4043 2813 4085 ac
2838 4025 3210 4100 permixtionis
3257 4023 3409 4076 Incu-

1807 4127 1986 4183 lenter
2005 4126 2272 4195 expressit
2297 4126 2655 4196 Hieronymus
2677 4120 2994 4191 praefatione
3022 4117 3088 4172 ad
3116 4118 3405 4171 Damasum

1808 4220 2033 4290 Papam,
2056 4216 2208 4288 cujus
2225 4216 2377 4288 jussu
2404 4215 2721 4286 Evangelica
2747 4211 3021 4266 volumina
3042 4208 3233 4263 Latina
3255 4204 3408 4262 Grm-

1807 4327 1888 4368 cui
1932 4310 2053 4366 ﬁdei
2108 4306 2364 4375 reddidit,
2427 4322 2495 4364 ex
2540 4306 2716 4377 iisque
2772 4303 3006 4359 resecnit
3056 4310 3410 4370 quiscumque

1810 4403 1952 4460 male
1979 4403 2160 4458 addita
2188 4411 2364 4468 erant,
2392 4401 2477 4457 vel
2518 4400 2587 4455 ab
2615 4396 3022 4468 interpretibus,
3064 4399 3160 4446 aut
3188 4405 3217 4444 a
3246 4389 3410 4445 libra;

1809 4500 1905 4555 riis
1932 4497 2187 4569 antiquis.
2218 4496 2443 4568 Magnus
2468 4492 2742 4565 siquidem,
2778 4489 2969 4559 inquit,
3003 4485 3086 4541 hic
3129 4486 3183 4539 in
3221 4483 3412 4538 nostris

145 4580 315 4652 Ῑεῑθτίε
340 4583 634 4657 aliquando
663 4585 731 4640 de
762 4584 1054 4656 ἰηιθτρτειθ
1079 4582 1294 4649 Latii").
1322 4584 1472 4654 quasi
1500 4583 1569 4638 de
1600 4598 1707 4638 u"0
1732 4584 1784 4647 D
1810 4590 2071 4647 codicibus
2098 4606 2245 4647 error
2272 4588 2478 4643 inolevit
2493 4603 2523 4659 :_
2541 4586 2687 4650 dum,
2719 4582 2856 4651 quod
2876 4582 2930 4637 in
2955 4581 3132 4635 eadem
3175 4593 3234 4633 re
3277 4576 3414 4631 alius

144 4673 494 4745 disserentem,
520 4693 630 4733 non
657 4677 837 4732 statim
864 4678 964 4734 sibi
990 4677 1091 4748 ipsi
1121 4678 1340 4732 minime
1368 4685 1706 4732 constantem

149 4778 280 4835 putes
320 4789 334 4827 :
380 4781 510 4827 tunc
551 4771 702 4828 enim
729 4786 836 4826 non
864 4769 934 4826 de
959 4770 1213 4827 omnibus
1241 4771 1538 4840 generatim
1564 4767 1710 4824 Lati—

153 4870 314 4916 norum
339 4863 613 4919 codicibus
638 4877 943 4918 sermonem
985 4862 1179 4929 habet;
1231 4862 1325 4918 sed
1353 4862 1421 4918 de
1452 4861 1708 4931 peculiari

155 4953 351 5020 quadam
380 4955 619 5011 editione
656 4956 869 5021 Latina,
899 4940 1060 5026 quam
1105 4954 1405 5025 probabant
1451 4954 1710 5011 Ecclesiae

146 5043 540 5106 Christimorum
581 5051 792 5118 multm,
826 5050 911 5107 vel
944 5062 1128 5121 panem
1167 5068 1412 5108 numero.
1440 5050 1710 5119 Quemad-

148 5140 337 5196 modum
376 5144 441 5198 de
472 5142 612 5197 Itala
635 5143 821 5198 dicere
843 5158 1152 5214 possumus,
1184 5143 1326 5215 quod
1356 5143 1468 5199 sola
1516 5145 1569 5199 in
1611 5146 1711 5200 ali-

152 5246 243 5298 quo
266 5236 430 5303 pretio
455 5235 619 5291 fuerit
658 5235 869 5303 Romus,
899 5251 962 5294 ac
989 5238 1041 5293 in
1071 5240 1283 5293 caeteris
1324 5236 1579 5294 Ecclesiis
1606 5237 1710 5293 Ita-

152 5324 239 5380 liaz.
287 5327 456 5399 Hujus
494 5344 627 5385 vero
672 5329 928 5386 editionis
954 5330 1100 5386 Italas
1144 5347 1279 5386 unus
1323 5339 1442 5387 erat
1484 5340 1704 5398 auctor;

143 5420 359 5484 quamvis
390 5424 671 5491 permulta:
700 5424 752 5477 in
792 5424 910 5493 ejus
955 5424 1353 5494 exemplaribus
1396 5424 1706 5480 inveniren-

151 5518 219 5567 tur
246 5517 512 5571 variantes
534 5516 820 5584 lectiones,
851 5532 881 5572 a
910 5518 1144 5574 librariis
1173 5518 1587 5575 dormitantibus
1612 5528 1703 5577 aut

144 5615 165 5654 ι
187 5607 652 5679 praesumptoribus
683 5610 948 5681 imperitis
968 5612 1241 5669 derivntte.

193 5698 261 5753 Ad
279 5703 747 5758 conﬁrmationem
777 5703 1021 5773 ejusdem
1047 5705 1355 5775 sententiae,
1381 5723 1483 5778 qua
1506 5707 1703 5766 latinos

139 5788 423 5866 inauratos
452 5796 858 5870 Seripturaruin
885 5786 1084 5859 veteris
1108 5816 1173 5860 ac
1207 5801 1342 5861 Novi
1371 5802 1703 5864 Testamenti

1814 4688 2147 4759 Euangelista
2171 4686 2287 4756 plus
2312 4684 2466 4749 dixit,
2496 4683 2551 4735 in
2578 4681 2704 4743 alio,
2737 4679 2858 4751 quia
2900 4677 3067 4730 minus
3097 4672 3407 4746 putaverint,

1814 4781 2146 4837 addiderunt.
2196 4778 2305 4843 Vel,
2343 4776 2467 4830 dum
2491 4771 2727 4828 eumdem
2751 4785 2950 4826 sensum
2978 4769 3117 4822 alius
3145 4766 3295 4821 aliter
3320 4778 3411 4839 eq:-

1816 4876 2038 4947 pressit;
2064 4873 2174 4936 ille,
2199 4872 2288 4942 qui
2308 4886 2470 4926 unum
2496 4886 2522 4924 e
2541 4877 2765 4939 quatuor
2790 4867 3001 4937 legerat,
3025 4862 3092 4916 ad
3114 4865 3223 4936 ejus
3243 4872 3414 4914 exem-

1817 4969 1962 5038 plum
1991 4975 2198 5022 steteras
2243 4976 2441 5035 quoque
2497 4959 2822 5017 wstimaverit
2862 4953 3226 5011 emendandos.
3263 4947 3414 5006 Unde

1814 5060 2023 5124 accidit,
2057 5068 2110 5113 ut
2152 5057 2294 5132 apud
2323 5070 2418 5110 nos
2445 5054 2606 5109 mixta
2647 5052 2746 5108 sint
2780 5052 2952 5105 omnia
2981 5063 3000 5103 :
3030 5056 3075 5100 et
3103 5046 3157 5100 in
3209 5043 3410 5106 Marco,

1814 5155 1965 5224 plura
1989 5151 2146 5206 Luem
2169 5162 2325 5221 atque
2351 5148 2622 5213 Mastlttei;
2652 5158 2859 5199 rursum
2884 5143 2938 5196 in
2965 5139 3236 5200 Muttlueo,
3264 5136 3417 5205 plura

1812 5246 2035 5301 Joannis
2085 5253 2132 5299 et
2183 5243 2392 5311 Marci;
2439 5251 2486 5297 et
2511 5243 2564 5296 in
2593 5240 2789 5295 ca'teris
2818 5238 3132 5307 reliquorum
3157 5245 3271 5302 quis
3293 5229 3413 5283 aliis

1814 5340 2027 5411 propria
2056 5346 2193 5403 sunt,
2237 5337 2579 5391 inueniuntur.
2614 5329 2783 5401 Hujus
2808 5327 3144 5386 confusionis
3168 5335 3412 5378 errorem

1808 5432 2027 5489 sustulit
2066 5428 2123 5487 S.
2154 5430 2368 5491 doctor,
2401 5438 2454 5483 et
2494 5426 2727 5497 singulis
2754 5421 3121 5493 Evangelistis
3144 5428 3238 5471 sua
3261 5428 3412 5484 qua:-

1809 5540 1915 5597 que
1945 5527 2200 5593 restituit,
2252 5538 2374 5579 cum
2409 5520 2745 5577 Eusebianos
2772 5530 3010 5573 canones
3051 5511 3277 5567 inseruit
3304 5506 3412 5559 La-

1718 5670 1725 5677 .
1810 5622 1940 5675 tina:
1966 5632 2078 5675 sua:
2110 5618 2519 5690 Evangeiiorum
2545 5611 2905 5670 translationi.
2936 5610 3012 5663 De
3040 5618 3146 5674 quo
3176 5600 3220 5654 si
3244 5601 3417 5654 lector

1808 5714 1951 5768 scire
1974 5712 2226 5777 voluerit,
2250 5709 2543 5767 editionem
2573 5713 2811 5763 nostram
2833 5700 3030 5755 divinae
3059 5690 3406 5752 Bibliotheca

1806 5805 1870 5865 S.
1894 5805 2215 5881 Hieronymi
2239 5799 2626 5867 consulendum
2647 5802 2952 5869 menenius.
