3950 6176
526 250 599 307 63

1891 239 2405 298 PROLEGOHENA
2416 285 2429 297 .

3780 245 3858 301 64

599 368 793 427 039i:
820 368 983 440 igitur
1032 364 1173 438 apud
1201 364 1424 421 Latinos
1452 362 1721 436 permixta
1770 360 1936 416 fuisse
1976 361 2129 415 testis
2154 365 2209 423 Α
2235 361 2429 432 inquit,
2458 364 2666 418 natione
2687 366 2831 433 Afer,
2861 366 3201 435 Aquileiensis
3228 368 3525 436 episcopus,
3552 366 3859 435 imperante

527 462 743 520 accedit
788 461 1181 531 Hieronymus;
1226 464 1393 511 testes
1445 467 1663 526 quoque
1710 450 1974 506 accedunt
2018 449 2128 503 duo

530 554 881 623 manusu'ipti
906 550 1123 607 codices
1145 548 1351 611 nostri;
1376 547 1466 601 ubi
1494 544 1679 607 Marci,
1703 558 1766 598 ac
1792 542 1949 597 Luca:
1972 542 2126 612 plura

528 647 588 705 in
632 646 887 702 latthaao
935 644 1302 697 inveniuntur.
1350 638 1523 708 thue
1552 652 1641 693 res
1670 636 1915 691 ﬁrmetur
1942 650 2129 690 exem-

529 740 656 812 plis,
688 736 945 793 nonnulla
976 747 1343 805 proponemus
1373 731 1489 787 loca
1522 730 1787 801 permixta
1824 730 1878 784 in
1926 729 2129 784 nostris

529 829 935 902 exemplaribus
962 828 1161 883 Italica:
1178 825 1471 880 versionis.
1495 823 1741 893 Capitulo
1788 839 1861 887 tv,
1882 823 1987 877 col.
2025 821 2132 876 162

528 927 713 998 (Itasz
733 934 926 978 nostro
946 918 1215 989 editionis)
1239 929 1423 974 monet
1452 928 1576 972 nota
1600 916 1912 987 marginalis
1938 914 2014 987 (ν)
2044 930 2132 970 as-

526 1029 837 1075 eumeutum
877 1014 1149 1085 quoddam
1180 1030 1304 1071 esse
1330 1014 1652 1069 translatum
1698 1029 1729 1068 e
1768 1011 1927 1067 Lucae
1955 1012 2131 1080 capite

526 1122 704 1179 sexto,
750 1112 784 1180 Ῡ
811 1153 825 1165 .
856 1110 948 1176 26,
986 1112 1040 1163 in
1074 1108 1317 1164 codicem
1348 1107 1939 1163 San-Germanensem.
1972 1103 2127 1168 Nam,

528 1205 675 1277 quod
706 1205 885 1259 minus
910 1203 1125 1258 dixerat
1149 1202 1435 1257 Mattheus
1457 1200 1527 1256 de
1568 1200 1846 1255 hominum
1874 1198 2129 1254 benedic-

528 1298 802 1361 tionibus,
852 1296 1048 1367 quibus
1099 1296 1261 1350 etiam
1320 1292 1814 1365 pseudOprophetm
1860 1288 2133 1362 prosecuti

528 1400 678 1459 sunt,
706 1390 761 1445 id
785 1405 851 1444 ex
877 1388 1019 1444 Luca
1046 1387 1354 1443 addendum
1378 1396 1700 1457 putaverunt
1722 1386 2018 1453 scriptores
2042 1398 2133 1437 an-

532 1483 690 1553 tiqui.
711 1481 932 1537 Uudein
953 1479 1206 1535 latthteo
1226 1481 1299 1534 ita
1321 1479 1423 1550 legi
1442 1480 1696 1535 volebant
1717 1496 1731 1531 :
1756 1478 1850 1533 Sic
1870 1478 2001 1531 enim
2018 1494 2135 1548 per-

532 1577 692 1633 secuti
716 1586 838 1633 sunt
866 1578 1165 1645 prapltetas,
1197 1577 1283 1646 qui
1312 1586 1456 1630 erant
1495 1585 1613 1630 ante
1652 1592 1761 1631 vos.
1794 1573 1974 1628 Nolite
2000 1590 2134 1646 gau-

534 1672 677 1738 dere,
699 1688 817 1725 cum
840 1670 1191 1725 benedizerint
1212 1686 1300 1725 vos
1324 1686 1497 1724 omnes
1523 1671 1785 1736 homines;
1807 1671 1881 1723 sic
1897 1671 2031 1723 enim
2052 1673 2133 1739 fa-

2231 454 2599 524 Constantino,
2627 459 2679 511 in
2703 458 2988 530 Evangelia
3012 460 3173 512 titulis
3198 460 3471 525 ordinatis,
3497 459 3636 512 brevi
3656 470 3701 513 et
3734 475 3860 513 rus-

2235 549 2335 601 tico
2372 565 2606 603 sermone
2640 552 2849 618 scripsit
2878 552 3283 605 commentarios.
3310 551 3857 606 Commentariorum

2232 655 2365 710 ergo
2388 642 2681 712 scriptores
2706 645 2902 699 seriem
2935 646 3209 700 titulorum
3240 661 3334 700 seu
3360 646 3720 712 capitulorum
3754 661 3859 699 or-

2231 732 2560 800 dinaturum,
2602 745 2656 790 et
2698 752 2858 792 sacro
2902 741 3176 792 contextui
3211 738 3559 807 praeﬁxorum
3581 740 3858 795 observa—

2233 822 2363 878 bant
2392 826 2687 896 diligenter
2718 829 2770 883 in
2811 829 2926 883 suis
2974 826 3434 900 expositionibus;
3474 839 3535 885 ut
3565 846 3631 885 ex
3671 832 3856 886 titulis

2232 919 2549 987 prtenotatis
2590 920 2745 974 facile
2774 924 2945 976 lector
2976 922 3299 990 intelligeret
3330 934 3387 977 et
3416 924 3685 978 inveniret
3722 924 3855 980 loca

2232 1010 2300 1063 ab
2322 1011 2451 1080 ipsis
2483 1012 2769 1066 illustrata.
2817 1013 2895 1068 Ex
2928 1014 3010 1068 his
3038 1014 3195 1084 plane
3221 1015 3389 1085 liquet
3409 1031 3612 1084 genera
3639 1016 3724 1070 illa
3754 1016 3851 1071 di-

2232 1117 2387 1157 versa
2428 1106 2893 1173 capitulationum,
2927 1122 3048 1176 qua:
3086 1108 3140 1161 in
3172 1106 3355 1162 fronte
3398 1108 3500 1163 SS.
3533 1109 3849 1164 Bibliorum

2234 1202 2725 1269 manuscriptorum
2750 1202 3023 1271 leguntur,
3052 1204 3415 1257 vetustissima
3440 1218 3586 1269 esse,
3616 1218 3681 1258 ac
3703 1213 3853 1259 tem-

2235 1310 2367 1364 pore
2395 1297 2737 1351 Constantini
2769 1298 2943 1366 Magni
2973 1312 3002 1349 a
3032 1297 3214 1350 multis
3241 1297 3346 1363 iam
3370 1297 3533 1351 fuisse
3555 1308 3851 1368 usurpata,

2234 1387 2359 1441 dum
2389 1388 2553 1443 libros
2601 1389 3015 1459 Evangeliorum
3069 1389 3458 1445 describerent.
3507 1389 3663 1443 Unde
3712 1406 3853 1444 vera

2235 1493 2356 1534 esse
2383 1480 2823 1548 comprobantur,
2858 1496 2979 1551 qme
2999 1480 3069 1535 de
3093 1481 3259 1535 hocce
3285 1490 3609 1550 argumento
3638 1482 3856 1535 scribe-

2234 1570 2327 1625 bat
2351 1569 2707 1627 Cassiodorus
2728 1572 2822 1627 lib.
2852 1573 2919 1628 de
2942 1572 3177 1627 lnstitut.
3209 1572 3376 1627 divin.
3413 1573 3604 1628 Litter.
3635 1589 3760 1644 cap.
3796 1575 3850 1637 l,

2237 1663 2326 1718 ubi
2355 1664 2429 1718 ait
2463 1666 2644 1719 titulos
2673 1667 2724 1719 in
2756 1665 2906 1719 libris
2930 1667 3096 1720 sacris
3124 1684 3155 1717 α
3204 1664 3486 1737 majoribus
3516 1665 3709 1719 nostris
3753 1682 3854 1717 or-

534 1764 734 1819 ciebant
780 1751 1243 1835 pseudoprophetis
1269 1775 1441 1835 patre;
1486 1780 1687 1819 eorum.
1747 1763 1853 1817 Vos
1894 1765 2013 1817 esis
2054 1764 2136 1817 sat
2164 1762 2213 1823 B
2239 1758 2357 1812 dine
2393 1768 2630 1811 currente
2657 1759 2817 1829 fuisse
2854 1760 3135 1828 descriptos
3163 1774 3181 1811 :
3209 1758 3437 1827 Majores
3483 1768 3705 1812 nostros
3745 1774 3854 1811 vo-

535 1869 706 1923 ιεηα,
730 1866 837 1914 etc.

603 1952 812 2009 Similia
860 1953 1059 2023 sapius
1101 1963 1396 2009 occurrunt
1422 1953 1810 2020 additamenta,
1844 1968 1913 2009 ex
1955 1951 2135 2009 Marco

533 2045 807 2118 praecipue
834 2044 1137 2116 desumpta,
1173 2054 1232 2100 ut
1255 2055 1341 2101 est
1372 2046 1500 2101 illud
1527 2061 1648 2117 cap.
1682 2062 1794 2111 xtv,
1824 2061 1946 2116 pag.
1988 2061 2130 2108 cxvt.

535 2142 699 2213 hujus
726 2142 885 2198 Rom.
916 2141 1066 2199 Edit.
1098 2142 1222 2196 Non
1245 2144 1381 2197 enim
1408 2144 1788 2207 intellexerant,
1818 2143 1950 2197 sicut
1968 2158 2059 2195 nec
2078 2142 2134 2195 in

533 2236 775 2306 panibus.
804 2234 933 2289 Erat
954 2236 1090 2290 enim
1115 2252 1206 2290 cor
1226 2253 1407 2292 eorum
1427 2236 1662 2291 obtusum
1688 2254 1709 2291 :
1734 2236 1880 2308 quod
1909 2251 1941 2291 e
1970 2236 2136 2291 Marci

532 2328 712 2399 capite
724 2337 1077 2394 sexto,versu
1099 2328 1192 2395 52,
1218 2330 1271 2383 in
1300 2329 1536 2385 Matthxi
1558 2340 1871 2385 contextum
1901 2338 2136 2385 transtu-

536 2421 715 2476 lerunt
734 2432 828 2476 aut
858 2431 1073 2477 veteres
1103 2422 1329 2487 librarii,
1355 2432 1449 2477 aut
1473 2422 1566 2477 alii
1587 2425 1903 2493 scriptores.
1932 2422 2137 2478 Prteter

536 2511 674 2578 haec,
720 2512 877 2579 plura
908 2512 1086 2567 adhuc
1127 2513 1349 2567 retinuit
1396 2513 1762 2569 additamenta
1792 2514 2138 2570 Corbeiensis

533 2603 707 2661 codex
732 2622 746 2657 :
772 2604 866 2659 sed
888 2619 957 2661 ne
978 2605 1030 2659 iu
1054 2604 1140 2659 his
1162 2606 1509 2661 recensendis
1536 2606 1737 2661 diutius
1764 2606 2135 2670 immoremur,

533 2696 758 2752 consule
814 2696 1235 2767 subsequentem
1289 2698 1582 2753 editionem
1635 2700 1808 2753 sancti
1861 2699 2137 2766 llatthtei,

534 2792 642 2845 col.
668 2789 796 2855 ΞΗ,
847 2799 971 2845 nota
998 2790 1075 2862 (⁸)
1100 2799 1156 2845 et
1183 2791 1290 2845 col.
1320 2790 1450 2858 245,
1484 2802 1608 2846 nota
1640 2792 1718 2863 (⁸)
1750 2792 1928 2865 (hujus
1955 2801 2142 2847 nostra:

540 2882 837 2953 editionis),
877 2894 932 2937 ct
956 2883 1009 2937 in
1040 2882 1233 2953 primis
1261 2885 1367 2938 col.
1401 2883 1530 2951 277,
1568 2896 1691 2939 nota
1725 2884 1803 2955 (³)
1839 2886 1925 2939 ubi
1951 2886 2144 2956 lcgitttr

537 2976 755 3031 celebre
779 2975 909 3031 illud
940 2976 1366 3031 additamentum
1390 2993 1421 3032 c
1445 2977 1586 3033 Luca
1622 2987 1941 3046 mutuatum,
1999 2978 2139 3050 quod

536 3070 765 3127 mirilice
794 3070 1134 3127 eruditorum
1167 3073 1325 3127 torsit
1350 3071 1582 3127 animos.

1178 3208 1407 3263 CAPUT
1434 3208 1497 3263 ll.

608 3336 677 3375 οε
717 3333 995 3375 ειιητυιιε
1020 3334 1280 3373 Ρκειηιιε
1310 3336 1453 3375 ANTE
1485 3336 1693 3377 SACRUI
1730 3337 2063 3378 CONTBXTUI

1189 3426 1469 3466 EVANGELII
1482 3453 1495 3465 .

538 3502 581 3557 1.
615 3502 917 3571 Antiquiora
933 3514 1054 3559 sunt
1083 3504 1399 3575 Hieronymo
1427 3506 1521 3559 illa
1549 3506 1799 3575 capitula.
1830 3507 1894 3561 ll.
1923 3508 2052 3576 Qute
2086 3511 2141 3564 in

611 3596 875 3651 codicibus
902 3600 1151 3654 versionis
1174 3598 1599 3670 Hieronymianw
1620 3601 1986 3671 praeﬁguntur,
2020 3620 2143 3658 con-

614 3699 816 3744 servata
832 3700 950 3745 sunt
967 3708 1033 3746 ea:
1052 3692 1265 3762 antiqua
1286 3690 1509 3762 Vulgata
1521 3702 1568 3746 et
1581 3690 1771 3746 Italica
1785 3695 2139 3749 translatione.

617 3781 707 3837 Ill.
744 3781 955 3839 Utilitas
978 3785 1277 3856 hujusmodi
1292 3784 1748 3855 capitulatiomtm,
1772 3802 1861 3841 seu
1887 3788 2144 3858 capitulo-

618 3893 755 3934 ηιηῑ.

612 3989 655 4045 1.
696 3990 884 4046 Merito
911 3991 1024 4047 hmc
1050 3992 1282 4063 capitula
1322 3991 1654 4063 Hieronymo
1678 3993 1972 4048 vetustiora
2006 3992 2145 4047 dixi-

543 4085 701 4148 illus;
743 4097 867 4138 cum
912 4099 975 4138 es
1031 4100 1138 4139 uno
1182 4084 1419 4140 Juvenco
1461 4085 1798 4156 presbytero,
1830 4086 1919 4155 qui
1965 4084 2148 4140 ﬂoruit

543 4187 789 4249 tempore
824 4176 1164 4234 Constantini
1206 4179 1399 4249 Magni,
1430 4179 1586 4234 nobis
1616 4179 1757 4234 scire
1786 4178 1946 4235 liceat
1973 4190 2051 4235 tot
2090 4182 2142 4236 iu

541 4269 661 4339 ejus
688 4270 1093 4341 exemplaribus
1122 4270 1357 4325 Mattbaei
1393 4270 1567 4339 posita
1601 4268 1789 4339 fuisse,
1830 4282 1962 4342 quot
2004 4290 2147 4331 nunc

542 4360 798 4431 leguntur
825 4362 879 4417 in
917 4362 1287 4432 manuscripto
1308 4361 1643 4427 Corbeiensi,
1669 4361 1833 4432 inque
1857 4363 1979 4419 aliis
2007 4366 2145 4422 bene

2163 3135 2210 3196 C

2237 1869 2369 1909 cans
2401 1854 2811 1909 Ecclesiasticos
2841 1865 3114 1920 auctores,
3137 1857 3226 1925 qui
3249 1857 3452 1925 aliquot
3474 1856 3694 1911 Saeculis
3720 1866 3857 1911 ante

2236 1946 2355 2017 ejus
2382 1955 2597 2000 aetatem
2629 1947 2681 2000 in
2711 1946 2948 2001 Ecclesia
2976 1945 3175 2001 Christi
3207 1948 3449 2003 celebres
3470 1949 3715 2003 fuerunt.

2308 2038 2373 2093 ll.
2403 2038 2572 2093 Tanta
2599 2050 2778 2094 autem
2799 2038 2899 2092 fuit
2927 2054 3053 2093 usus
3070 2054 3131 2094 ac
3158 2041 3442 2095 vetustatis
3464 2041 3850 2104 consuetudo.

2240 2141 2315 2197 ut,
2347 2131 2601 2201 abrogata
2632 2133 2802 2187 veteri
2845 2132 3202 2186 translatione
3232 2132 3445 2199 Latina,
3475 2135 3858 2188 retinerentur

2235 2232 2418 2279 tamen
2450 2224 2657 2278 indices
2688 2225 2965 2279 titulorum
2994 2232 3049 2278 et
3099 2225 3461 2294 capitulorum
3491 2226 3858 2295 antiquorum

2238 2321 2291 2374 in
2320 2335 2456 2374 n0va
2485 2320 2796 2392 Hieronymi
2827 2320 3230 2390 Scripturarum
3252 2320 3510 2376 editi0ne.
3538 2321 3861 2389 Decapitu-

2240 2412 2307 2466 lis
2336 2428 2434 2467 seu
2486 2415 2657 2469 titulis
2696 2415 2901 2470 veteris
2941 2415 3287 2471 instrumenti
3345 2415 3721 2470 voluminibus
3750 2415 3857 2469 ad-

2239 2508 2384 2575 ﬁxis,
2423 2509 2555 2563 satis
2594 2509 2809 2566 aliunde
2854 2509 3187 2581 disputatum
3240 2520 3323 2564 est
3350 2510 3404 2563 in
3436 2509 3859 2579 prolegomenis

2239 2600 2439 2654 nostris
2484 2600 2550 2655 ad
2590 2601 2818 2657 frontem
2877 2603 3073 2657 divina:
3103 2602 3449 2658 Bibliotheca:
3480 2602 3538 2659 S.
3572 2601 3861 2674 Hierony-

2240 2691 2314 2746 mi
2340 2694 2641 2761 appositis:
2677 2694 2763 2749 hic
2803 2694 2870 2748 de
2916 2696 3086 2749 titulis
3123 2696 3437 2765 pnnnotatis
3467 2694 3622 2749 initio
3663 2695 3860 2749 Evan-

2238 2785 2369 2857 gelii
2404 2786 2702 2841 secundum
2749 2787 3056 2843 Matthteum
3107 2789 3343 2843 breviter
3391 2788 3663 2843 disserere
3714 2788 3860 2843 mihi

2243 2887 2450 2932 tantum
2502 2879 2787 2934 incumbit.
2841 2880 2995 2948 Quod
3053 2891 3112 2935 ut
3150 2880 3389 2946 facilius,
3442 2891 3707 2951 quantum
3765 2898 3858 2937 res

2242 2974 2436 3043 exigit,
2470 2988 2825 3042 exequamur,
2880 2976 3195 3031 meminisse
3223 2975 3382 3030 debet
3417 2976 3586 3031 lector
3631 2976 3857 3031 studio-

2242 3080 2336 3120 sus
2386 3066 2776 3137 Hieronymum
2800 3110 2813 3133 ,
2840 3068 3040 3122 nullant
3075 3072 3126 3122 in
3179 3067 3507 3139 Evangelico
3535 3078 3685 3123 textu
3731 3084 3765 3122 a
3800 3086 3859 3125 se

2242 3156 2391 3212 edito
2444 3158 2765 3215 divisionem
2813 3176 3145 3230 agnoscere,
3176 3172 3374 3232 praeter
3417 3176 3558 3227 eam,
3607 3177 3739 3231 qua:
3804 3164 3858 3216 in

2242 3250 2545 3306 canouibus
2582 3252 2905 3309 Eusebianis
2946 3255 3228 3310 observata
3272 3264 3375 3310 est.
3416 3254 3595 3321 Quare
3650 3256 3862 3311 aliena:

2242 3357 2307 3397 ac
2334 3345 2531 3414 spuria:
2557 3347 2842 3401 censenda:
2885 3357 3045 3403 erunt
3071 3349 3121 3401 in
3154 3349 3403 3403 versione
3426 3347 3860 3418 Hieronymiaua

2242 3450 2599 3508 quzecumque
2651 3441 3013 3512 capitulorum
3055 3441 3427 3497 distinctiones
3464 3452 3513 3495 et
3548 3442 3858 3510 periochae,

2241 3544 2365 3600 qua:
2396 3546 2501 3585 non
2546 3535 2891 3588 consentiunt
2941 3548 3211 3589 canonum
3258 3534 3686 3588 Eusebianorum
3742 3535 3860 3588 dis-

2245 3622 2617 3677 tinctionibus.
2654 3625 2764 3679 lllis
2796 3642 2924 3681 vero
2972 3626 3408 3681 distinctionibus
3432 3626 3632 3680 Euseb.
3663 3628 3865 3681 titulo-

2244 3730 2363 3768 rum
2422 3716 2765 3787 antiquorum
2807 3732 2836 3771 a
2887 3718 3048 3772 nobis
3095 3717 3363 3772 editorum
3414 3716 3620 3770 nullum
3673 3732 3862 3785 genus

2243 3808 2538 3862 convenire
2600 3809 3009 3879 perspeximus:
3069 3825 3174 3863 non
3222 3809 3489 3878 primum,
3546 3810 3690 3877 quod
3763 3825 3864 3878 per

2244 3901 2432 3972 viginti
2486 3911 2541 3957 et
2598 3915 2721 3958 octo
2775 3906 3044 3959 sectiones
3101 3914 3271 3957 totum
3318 3901 3549 3956 Matthzei
3603 3902 3853 3968 partitur

2244 4002 2579 4057 contextum;
2612 4010 2717 4048 nmt
2747 3996 3071 4058 secundum,
3106 3996 3159 4048 in
3191 4010 3296 4064 quo
3317 4004 3442 4047 sunt
3472 3996 3863 4049 tantummodo

2244 4085 2477 4152 capitula
2529 4086 2803 4156 octoginta
2852 4096 3058 4157 septem
3110 4086 3191 4140 vel
3232 4097 3392 4150 octo;
3445 4098 3550 4138 non
3607 4084 3861 4154 denique

2246 4176 2490 4241 tertium,
2519 4179 2620 4231 etsi
2655 4177 2707 4231 in
2737 4194 2803 4232 eo
2847 4189 3201 4233 numerentur
3230 4176 3497 4231 sectiones
3540 4176 3861 4243 septemde-

2245 4267 2351 4323 cim
2406 4284 2569 4338 supra
2625 4279 2844 4324 centum
2890 4292 2903 4324 :
2952 4270 3079 4340 quia
3133 4268 3491 4340 Hieronymus
3544 4266 3859 4324 Eusebium

2245 4358 2634 4417 Caesariensem
2685 4372 2904 4418 secutus
2933 4363 3178 4434 dispares
3210 4363 3372 4417 habet
3410 4375 3687 4426 numeros,
3735 4363 3862 4418 dis-

543 4452 729 4506 multis
756 4453 1055 4519 codicibus,
1094 4455 1187 4524 qui
1208 4454 1427 4522 antiqua
1458 4462 1749 4509 contextus
1769 4456 1911 4511 sacri
1932 4466 2142 4514 retenta
2172 4518 2216 4527 _
2248 4467 2407 4522 pares
2436 4455 2504 4509 ab
2525 4456 2762 4525 antiquis
2787 4458 3173 4527 interpretibus
3198 4456 3347 4511 Sacri
3392 4464 3679 4510 contextus
3710 4456 3864 4515 divi-

543 4542 829 4608 divisioue,
868 4554 993 4599 octo
1032 4518 1199 4615 supra
1236 4518 1419 4614 viginti
1465 4544 1698 4616 capitula
1734 4546 2046 4605 describunt
2076 4551 2144 4606 ad
2172 4518 2226 4579 D
2250 4518 2603 4602 biones.Nam
2644 4518 2785 4618 quod
2829 4549 2901 4603 illi
2930 4518 2984 4604 in
3026 4550 3119 4615 28,
3159 4558 3253 4603 aut
3281 4549 3370 4613 88,
3400 4558 3489 4603 aut
3522 4550 3647 4612 117,
3699 4554 3862 4621 capi-

541 4638 776 4692 frontem
801 4636 1078 4707 Evangelii
1092 4638 1389 4693 secundum
1408 4638 1737 4696 Mattbteum.
1758 4641 1904 4698 Idem
1920 4644 2149 4713 probant
2248 4642 2362 4698 tula
2386 4641 2652 4712 dispartiti
2674 4652 2819 4707 sunt,
2845 4643 2932 4698 hic
2958 4658 3080 4698 cum
3109 4643 3342 4697 Eusebio
3369 4642 3420 4697 in
3464 4642 3571 4697 555
3606 4656 3865 4701 canones

555 4730 731 4807 sancti
787 4727 975 4784 Hilarii
1017 4729 1069 4784 in
1097 4728 1407 4786 Hattltazum
1444 4736 1956 4791 commentariorum
1995 4738 2149 4793 volu-
2248 4747 2456 4793 sectum
2486 4751 2607 4792 esse
2633 4736 2819 4801 voluit,
2851 4738 2997 4791 omni
3035 4739 3239 4793 erroris
3267 4736 3582 4792 confusione
3629 4737 3860 4796 sublata

521 4820 711 4901 Imina,
762 4836 882 4892 qua:
937 4836 1035 4892 per
1081 4837 1323 4878 canones
1374 4838 1469 4879 seu
1521 4825 1749 4897 capitula
1806 4827 2141 4898 dividuntur,

546 4921 706 4981 prout
736 4920 913 4968 textus
944 4913 1299 4983 Evangelicus
1329 4914 1385 4969 in
1426 4915 1608 4985 plures
1630 4926 1813 4988 partes
1840 4928 1971 4975 tunc
2010 4920 2145 4975 divi-

544 5017 640 5058 sus
675 5002 993 5059 habebatur.
1037 5005 1147 5061 Nec
1176 5005 1363 5061 fefellit
1390 5008 1575 5078 Opinio
1609 5025 1930 5082 quemquam
1955 5028 2141 5068 eorum

545 5094 637 5167 qui
661 5105 935 5166 putarunt,
960 5098 1143 5153 titulos
1165 5099 1397 5155 Hatthaai
1425 5101 1714 5172 Evangelio
1737 5104 2006 5173 praeﬁxos,
2031 5106 2140 5176 jam

548 5190 735 5247 llilarii
788 5207 906 5249 aevo
958 5194 1011 5248 in
1062 5193 1476 5265 Evangeliorum
1530 5198 1927 5268 exemplaribus
1977 5201 2144 5256 fuisse

546 5294 899 5357 prmnotatos,
932 5287 1191 5359 illumque
1226 5304 1293 5344 ex
1315 5290 1379 5345 iis
1408 5291 1684 5362 selegisse,
1710 5308 1937 5363 quorum
1965 5294 2145 5349 utilio-

546 5394 664 5435 rem
701 5379 928 5436 duceret
952 5382 1407 5451 explanationem.
1440 5384 1520 5439 Eo
1540 5395 1717 5441 autem
1751 5387 1909 5442 modo
1930 5387 1986 5441 in
2014 5387 2147 5441 Mat-

545 5470 750 5528 thteum
781 5473 950 5529 titulis
990 5489 1086 5530 seu
1131 5475 1381 5547 capitulis
1420 5476 1683 5533 ordinatis
1725 5481 2147 5536 commentarios

546 5568 765 5639 scripsit
797 5566 1049 5637 Hilarius,
1071 5571 1346 5641 quomodo
1369 5571 1813 5628 Fortunatianum
1834 5571 2148 5640 Aquileien-

544 5675 662 5718 sem
698 5660 1009 5733 episcopum
1055 5664 1107 5719 in
1140 5664 1429 5735 Evangelia
1469 5663 1755 5735 scripsisse
1784 5674 2009 5720 testatur
2031 5667 2147 5737 ipse

550 5754 911 5827 Hieronymus
954 5757 1096 5814 libro
1122 5755 1191 5813 de
1221 5757 1422 5827 Script.
1455 5756 1667 5815 Eccles.
1710 5754 2143 5827 Fortunatianus,

2250 4846 2316 4887 ex
2346 4830 2693 4885 distinctione
2716 4828 3021 4899 ltujusmodi
3053 4845 3341 4885 canonum.

2320 4922 2390 4975 At
2417 4928 2475 4974 ut
2503 4921 2839 4989 exploratum
2869 4932 3152 4991 ratumque
3173 4922 3241 4975 sit
3263 4920 3403 4990 apud
3441 4934 3632 4976 omnes
3662 4923 3863 4979 erudi-

2248 5022 2354 5077 tos,
2379 5013 2614 5089 capitula
2646 5029 2675 5067 a
2716 5014 2870 5069 nobis
2886 5015 2996 5085 jam
3026 5016 3169 5070 edita
3192 5015 3259 5070 ad
3289 5014 3519 5069 frontem
3568 5014 3861 5087 Evangelii

2247 5108 2541 5164 secundum
2574 5108 2882 5163 Mattltaeum
2926 5117 3168 5163 mutuata
3198 5124 3319 5164 esse
3360 5118 3752 5165 etconservata
3804 5115 3859 5168 in

2247 5205 2497 5260 versione
2530 5204 2841 5277 Hieronymi
2865 5205 2933 5260 ab
2962 5206 3067 5259 alia
3090 5205 3417 5274 antiquiore,
3458 5218 3616 5274 quam
3648 5201 3861 5261 Italam

2252 5298 2503 5361 dicimus,
2547 5313 2710 5352 unum
2743 5308 2949 5353 tantum
3009 5298 3283 5352 monuisse
3326 5295 3574 5360 sufficiat;
3626 5312 3862 5371 nempe,

2254 5389 2391 5446 nihil
2443 5389 2713 5444 interdum
2764 5390 2868 5461 legi
2925 5390 2976 5443 in
3011 5388 3381 5443 translationis
3413 5388 3864 5459 Hieronymianac

2251 5490 2511 5538 contextu
2533 5482 2674 5552 quod
2707 5480 3031 5550 respondeat
3059 5480 3307 5549 capitulis
3333 5484 3669 5551 prmttotatis.
3691 5482 3865 5554 (ῖειρξ-

2253 5574 2422 5629 tulum
2465 5590 2518 5627 v.
2548 5589 2600 5645 g.
2655 5590 2747 5639 xx,
2790 5574 2844 5628 in
2903 5574 3076 5643 primo
3127 5572 3322 5638 indice,
3344 5582 3400 5627 et
3444 5572 3498 5626 in
3552 5574 3714 5627 tettio
3759 5578 3862 5645 75,

2254 5668 2515 5737 scriptum
2571 5676 2656 5722 est
2694 5666 2760 5721 de
2810 5668 2989 5739 primis
3047 5666 3327 5731 accubitis,
3384 5680 3480 5719 seu
3531 5665 3866 5729 accubitibns

2256 5776 2443 5824 ciente;
2489 5761 2686 5816 fruStra
2716 5774 2846 5816 vero
2888 5760 2941 5815 in
2974 5769 3124 5815 textu
3181 5758 3505 5827 Evangelico
3535 5756 3862 5831 Hieronymi
