3950 6176
163 213 207 269 lli
1108 212 1562 274 DISSER'I'ATIO
1601 209 1889 270 JOANNIS
1926 209 2360 271 MABTIANAY.
3330 222 3404 282 eo

166 329 332 400 requiras
373 327 517 400 apud
562 329 914 396 Matthaeum,
971 330 1112 401 quod
1160 330 1361 388 dicitur
1409 334 1472 386 de
1517 331 1698 404 primis
1725 326 1992 393 APorro,
2020 328 2212 400 inquit,
2244 338 2502 401 quantum
2523 331 2792 388 commodi
2817 331 3028 391 Lectori
3051 333 3153 406 ipsi
3170 335 3402 406 accidet,

159 425 232 480 illis
253 425 473 478 accubitis
498 425 548 478 in
596 440 780 490 creua;
813 440 935 480 cum
967 424 1083 480 btec
1110 426 1365 495 parabola
1393 425 1594 495 scripta
1631 426 1702 481 sit

156 524 196 571 et
228 518 455 571 referatur
517 530 550 569 a
603 517 729 571 solo
777 516 944 571 Luca.
991 515 1145 573 Unde
1193 517 1414 572 evidens
1457 517 1703 588 exsurgit

152 620 486 681 argumentum,
535 611 776 682 capitula
814 611 926 682 jam
957 610 1099 667 dicta
1131 612 1344 682 propria
1376 610 1540 667 fuisse
1561 611 1702 667 anti-

147 721 244 775 quae
266 705 502 776 Vulgata,
535 714 593 760 ct
622 703 824 760 Italicas
862 705 1126 771 versioni,
1169 720 1290 775 quae
1339 705 1391 759 in
1445 703 1700 761 Mattltzeo

143 799 350 853 nonnulla
380 796 660 854 retinebat
710 813 781 854 ex
823 798 944 852 aliis
977 797 1314 868 Evangeliis,
1342 812 1404 852 ac
1429 797 1699 868 praecipue

138 891 402 961 parabolam
435 891 649 945 invitati
675 889 740 946 ad
765 905 1002 956 cmnam,
1026 889 1181 960 cujus
1213 891 1298 944 hic
1322 900 1592 960 sumptum
1615 896 1700 946 est

129 984 311 1039 anobis
337 982 673 1053 exemplum.
727 981 984 1038 Conferat
1019 981 1110 1052 qui
1155 980 1388 1036 voluerit
1433 981 1698 1053 Hierony-

123 1077 332 1130 mianutn
362 1075 602 1130 Matthtei
657 1083 970 1130 contextum
1024 1090 1144 1130 cum
1186 1075 1438 1145 capitulis
1476 1091 1506 1130 a
1539 1075 1697 1131 nobis

115 1172 280 1237 editis,
308 1172 485 1226 statim
529 1170 700 1226 multa
733 1171 851 1225 loca
882 1167 1272 1240 deprehendet,
1317 1183 1434 1239 quae
1470 1169 1610 1224 inter
1637 1183 1696 1225 se

110 1266 316 1322 minime
369 1266 732 1330 consentiant;
780 1280 899 1335 qua:
950 1275 1128 1320 tamen
1178 1264 1528 1318 consentiunt
1571 1278 1695 1318 cum

107 1361 291 1416 Italicae
307 1360 571 1416 versionis
601 1369 883 1414 contextu.
917 1357 1028 1413 Nec
1055 1358 1252 1411 mirum
1278 1357 1420 1427 quod
1462 1355 1540 1411 illi
1568 1371 1694 1425 per-

102 1455 229 1508 fecte
262 1454 606 1517 conveniant,
649 1453 776 1523 quia
821 1467 886 1506 ex
915 1466 1004 1516 ea,
1028 1458 1083 1506 et
1111 1450 1176 1504 ad
1211 1465 1329 1505 eam
1383 1449 1692 1504 translatio-

104 1563 217 1602 nem
243 1547 480 1602 adornati
517 1555 648 1601 sunt
689 1544 895 1600 indices
949 1545 1140 1599 horum
1194 1542 1574 1612 capitulorum,
1624 1541 1692 1597 de

103 1640 288 1711 quibus
308 1655 487 1695 sermo
513 1648 701 1695 noster
729 1649 834 1694 est.

1805 419 1852 475 si
1881 419 2186 476 divinorum
2213 420 2500 478 Librorum
2531 424 2857 494 percurrerit
2885 425 3070 481 titulos
3097 425 3262 484 hosce
3285 427 3408 499 qui—

1803 511 1904 568 bus
1925 511 2007 585 (ut
2031 528 2153 568 cum
2184 513 2518 571 Cassiodoro
2539 514 2754 590 loquar)
2776 531 2931 574 sacer
2959 527 3144 575 textus
3171 517 3406 592 quodam

1804 605 1961 660 nobis
1989 605 2312 676 compendio
2335 607 2623 676 panditur:
2660 608 2833 680 iisque
2858 609 2910 664 in
2936 610 3214 682 principiis
3237 612 3408 668 libro-

1803 713 1923 753 rum
1973 697 2043 753 de
2085 699 2333 754 universa
2377 699 2520 756 serie
2563 699 2816 758 lectionis
2850 702 3170 774 impressis,
3203 704 3407 761 utiliter

1800 787 2148 855 admonitus,
2193 789 2481 846 salubriter
2517 791 2776 848 reddatur
2828 803 3104 862 attentus,
3149 805 3205 851 et
3247 795 3404 853 facile

1803 896 2236 952 unamquamque
2259 898 2375 938 rem
2403 883 2531 939 dum
2558 885 2753 955 quaerit
2775 925 2790 951 ,
2822 885 3085 954 inveniat,
3111 903 3272 959 quam
3299 888 3404 946 sibi

1799 977 2076 1047 cognoscit
2107 977 2342 1033 breviter
2361 975 2979 1036 indicatam.‘Accedunt
2998 989 3053 1037 et
3086 981 3207 1037 aliae
3256 981 3402 1038 haud

1798 1068 1977 1140 exigui
2001 1070 2260 1126 momenti
2291 1070 2550 1128 utilitates
2574 1088 2588 1126 :
2609 1087 2732 1128 nam
2760 1075 2961 1130 nostris
2985 1073 3066 1130 his
3087 1075 3258 1133 titulis
3286 1075 3404 1134 sive

1796 1160 2045 1232 c-tpitulis
2074 1161 2142 1216 ad
2169 1163 2526 1220 vetustiorsm
2549 1165 2697 1220 illam
2728 1164 2976 1221 Latinam
3013 1183 3079 1222 ex
3126 1165 3271 1223 LXX
3313 1167 3400 1224 ln-

1799 1254 2126 1324 terpretibus
2147 1255 2442 1312 editionem
2474 1272 2542 1314 ex
2570 1273 2636 1329 pa
2650 1269 2731 1314 rte
2761 1258 3043 1327 Confectis,
3073 1269 3128 1317 et
3148 1261 3403 1320 editionis

1797 1345 2040 1415 ejusdem
2063 1347 2240 1418 (cujus
2267 1349 2473 1404 nullum
2502 1349 2665 1406 hodie
2689 1351 2958 1422 integrum
2987 1363 3234 1423 superest
3255 1352 3402 1410 Lati-

1796 1452 1922 1491 num
1953 1438 2309 1512 exemplum)
2346 1439 2648 1512 fragmenta
2692 1443 2886 1499 saltem
2937 1454 3297 1515 reparantur:
3345 1454 3404 1504 et

1793 1532 2049 1590 brevibus
2073 1535 2236 1590 veluti
2268 1537 2736 1592 commentariolis
2759 1537 3172 1595 manuducimur
3196 1539 3250 1594 in
3273 1555 3400 1611 pro-

1793 1626 1974 1698 phetis
1999 1629 2234 1685 maxime
2267 1629 2335 1684 ad
2368 1645 2585 1686 sensum
2622 1632 2921 1702 Scriptura:
2949 1635 3197 1692 altiorem
3225 1652 3239 1690 :
3265 1636 3395 1693 dum

168 1734 254 1788 lli.
288 1733 404 1788 lam
437 1733 673 1803 capitula
729 1732 950 1796 isthtt‘c,
1004 1731 1102 1786 etsi
1145 1730 1319 1787 aliena
1358 1745 1386 1785 a
1426 1729 1688 1786 Versione

1802 1719 1912 1774 solo
1932 1720 2082 1790 quasi
2109 1719 2260 1792 digiti
2289 1730 2419 1778 nutu
2434 1722 2656 1792 pulchre
2680 1739 2961 1780 monemur
2982 1725 3074 1782 ubi
3095 1726 3394 1798 Christum,

107 1826 426 1898 Hieronymi,
452 1841 550 1881 nec
569 1825 687 1896 ejus
716 1835 963 1894 respectu
988 1823 1224 1894 genuina
1257 1837 1381 1878 esse
1413 1821 1694 1878 deﬁnitum

107 1919 183 1983 sit,
211 1934 273 1973 ea
299 1928 474 1973 tamen
497 1927 588 1972 aut
615 1918 980 1988 aspernanda.
1018 1925 1111 1970 aut
1133 1913 1442 1985 abjicienda
1471 1913 1696 1970 minime

109 2025 315 2075 (ensem,
341 2028 444 2065 non
483 2027 594 2066 uno
621 2011 764 2066 enim
795 2009 956 2064 modo
982 2007 1174 2078 jnvare
1197 2016 1426 2080 possunt
1463 2007 1530 2063 ad
1559 2023 1686 2079 per-

111 2102 296 2156 lectam
322 2105 547 2174 antiquae
594 2102 838 2174 Vulgata:
867 2101 1073 2157 Latina:
1101 2102 1493 2173 cognitionem.
1537 2101 1694 2158 Unde

114 2197 298 2251 accidit
326 2207 381 2252 ut
409 2198 554 2253 hisce
577 2197 831 2267 capitulis
862 2197 1057 2267 ignotis
1077 2195 1220 2267 apud
1255 2195 1498 2251 eruditos
1522 2195 1694 2251 homi-

117 2304 223 2355 nes,
246 2290 530 2360 quemlibet
558 2289 660 2361 ipsi
710 2305 952 2346 errorem
982 2299 1362 2360 sequerentur,
1397 2288 1464 2344 de
1488 2289 1696 2345 addita-

117 2383 299 2437 mentis
324 2384 522 2438 veteris
542 2382 918 2438 translationis
940 2382 1143 2437 Latinae
1161 2381 1518 2452 disputantes.
1553 2380 1696 2450 Quid

119 2494 234 2534 vero
289 2482 512 2536 habeant
551 2480 803 2536 utilitatis
849 2478 1052 2534 indices
1099 2479 1175 2533 illi
1228 2477 1585 2549 capitulorum
1625 2475 1693 2532 ad

113 2572 429 2630 dirimendas
470 2573 780 2644 hujusmodi
832 2573 1114 2629 doctorum
1147 2572 1388 2627 virorum
1439 2572 1584 2637 lites,
1626 2586 1693 2626 ex

114 2681 211 2720 uno
237 2669 461 2739 capitulo
481 2669 535 2724 in
557 2667 870 2738 exemplum
894 2665 1124 2722 adducto
1148 2663 1306 2721 facile
1325 2666 1542 2736 planum
1577 2665 1690 2721 lict.

116 2760 425 2831 Ambiguum
471 2770 527 2816 et
569 2771 981 2816 controversum
1052 2767 1135 2814 est
1202 2757 1345 2828 apud
1402 2757 1694 2813 nonnullos

115 2851 270 2920 lmjns
313 2854 405 2907 :evi
454 2853 772 2924 scriptores,
827 2867 894 2905 an
942 2851 993 2906 in
1025 2849 1192 2906 veteri
1244 2848 1470 2918 Vulgata
1521 2848 1694 2905 sancti

117 2943 337 2998 ilattbati
361 2960 476 3017 cap.
514 2945 604 3012 20,
640 2944 911 3015 legeretur
958 2942 1381 2997 additamentum
1424 2941 1691 3012 quoddam

118 3035 176 3087 ab
205 3035 484 3108 Evangelio
543 3037 602 3092 S.
634 3035 796 3092 Luca:
837 3044 1159 3090 mutuatum.
1191 3037 1456 3089 Asserunt
1477 3033 1690 3103 quidem

1801 1811 2140 1881 Ecclesiam,
2179 1814 2635 1888 Sacramentaque
2671 1832 2824 1874 novat
2862 1818 3020 1891 Legis
3063 1821 3167 1878 sub
3215 1823 3398 1896 typico

1799 1904 1981 1976 aliquo
2011 1906 2282 1963 velamine
2305 1908 2669 1980 requiramus.

2415 2042 2647 2100 CAPUT
2685 2043 2774 2101 Ill.

1803 2153 1878 2209 De
1908 2169 2194 2210 υτιιιτΑτε
2218 2170 2484 2213 ευιτιοωε
2515 2172 2756 2222 Δητιρυε
2784 2157 3078 2230 Vaccus,
3108 2179 3178 2220 er
3200 2181 3268 2222 ne
3297 2182 3394 2224 vrt-

1835 2261 2081 2303 TUSTATB
2111 2264 2178 2305 AC
2210 2264 2579 2306 PRAESTAITIA
2621 2266 2936 2310 NOSTRORUI
2966 2271 3082 2313 I38.
3109 2273 3366 2317 CODICUI.

1799 2361 1840 2418 Ι.
1869 2362 2027 2420 Juvat
2045 2365 2116 2420 ad
2144 2367 2459 2422 intellectum
2494 2367 2817 2440 Scriptum;
2858 2369 2927 2424 ad
2959 2371 3172 2426 recitata
3212 2390 3244 2427 a
3287 2373 3398 2430 Pa-

1868 2458 2029 2512 tribus
2047 2459 2336 2514 testimonia
2351 2461 2733 2532 comprobanda
2755 2478 2774 2527 ,°
2799 2471 2848 2517 ct
2866 2463 2936 2516 ad
2959 2464 3396 2536 manifestandam

1868 2552 2024 2620 ﬁdem
2056 2552 2300 2608 Ecclesia:
2323 2555 2522 2609 veteris.
2555 2539 2619 2608 ll.
2649 2554 2779 2610 Ante
2807 2555 3122 2628 octingentos
3148 2567 3238 2612 aut
3263 2549 3394 2614 non-

1868 2655 2044 2717 gentos
2069 2662 2233 2701 annos
2255 2647 2440 2717 scripti
2461 2647 2662 2703 codices
2683 2648 2848 2703 nostri
2868 2663 2890 2714 ;
2917 2656 2963 2704 et
2987 2649 3040 2704 in
3065 2649 3396 2707 Monasteriis

1866 2737 2235 2810 insignioribus
2269 2741 2574 2795 conservati.

1869 2847 1908 2903 Ι.
1940 2848 2135 2906 Utilem
2183 2853 2384 2923 saepius
2418 2867 2539 2909 esse
2583 2853 3087 2925 interpretationem
3124 2855 3396 2917 diversam

1795 2941 2038 3011 ejusdem
2071 2944 2364 3016 Scriptura:
2394 2946 2578 3002 docuit
2607 2947 2664 3004 S.
2698 2949 3114 3019 Augustinusde
3137 2952 3395 3011 Doctrina

1795 3031 2099 3087 ChriStiana
2139 3033 2232 3088 lib.
2266 3050 2324 3100 tt,
2373 3051 2492 3106 cap.
2539 3037 2625 3090 12.
2677 3037 2888 3093 Etenim
2939 3039 3008 3095 de
3047 3041 3396 3100 multitudine

119 3127 185 3180 illi
212 3146 228 3192 ;
256 3141 444 3201 negant
471 3145 601 3185 vero
633 3129 745 3183 alii.
780 3127 888 3184 Sed
916 3143 984 3183 ne
1033 3127 1234 3182 diutius
1275 3127 1342 3181 lis
1386 3126 1486 3181 sub
1508 3126 1693 3194 judice
1720 3137 1766 3201 ρ
1799 3125 2108 3180 Latinorum
2138 3125 2518 3198 interpretum,
2552 3139 2836 3199 postquam
2861 3131 3073 3186 monuit
3102 3132 3386 3203 lectorem,

122 3222 197 3287 sit,
219 3224 495 3278 consulant
525 3221 794 3294 triplicem
825 3221 1058 3277 indicem
1085 3221 1444 3292 capitulorum
1476 3235 1505 3275 a
1535 3220 1692 3275 nobis

121 3314 385 3381 editorum;
410 3326 466 3371 et
493 3319 662 3387 prior,
689 3315 992 3384 tertiusque
1023 3313 1181 3368 index
1213 3313 1395 3368 statim
1418 3312 1692 3368 renuntia-

123 3407 189 3459 bit
212 3408 260 3462 in
305 3409 544 3478 plurimis
588 3409 825 3478 antiquae
853 3407 1093 3477 Vulgata:
1119 3405 1518 3476 exemplaribus
1549 3404 1692 3475 posi-

125 3509 219 3552 tum
249 3502 402 3558 fuisse
437 3508 812 3558 assumentum
839 3501 1152 3571 praedictum
1180 3516 1194 3565 ;
1239 3515 1304 3554 ex
1332 3497 1564 3554 secunda
1595 3513 1692 3554 au-

125 3600 214 3645 tem
243 3596 371 3650 serie
401 3596 681 3650 titulorum
712 3592 915 3664 liquide
936 3593 1335 3648 demonstratur
1364 3608 1470 3647 non
1491 3595 1690 3647 ‘omnes

126 3684 295 3754 ubique
340 3688 553 3743 codices
606 3701 794 3742 sacros
848 3685 1017 3740 sancti
1082 3684 1323 3740 Mattlnei
1390 3683 1686 3738 admixtum

125 3773 348 3834 habuisse
374 3791 690 3836 contextum
718 3779 978 3833 translata
1010 3778 1062 3832 itt
1091 3793 1212 3833 eum
1238 3776 1468 3848 quadam
1518 3776 1690 3832 sancti

125 3869 259 3926 Luem
284 3873 536 3944 parabola
568 3873 637 3929 de
666 3887 772 3928 non
811 3871 1126 3942 expetendis
1152 3869 1286 3925 locis
1315 3869 1690 3926 eminentiori-

125 3964 204 4018 lins
231 3967 280 4020 in
300 3982 468 4023 cinna.
490 3967 548 4022 in
579 3967 758 4038 primo
788 3965 949 4035 igitur
986 3963 1162 4019 indice
1182 3963 1260 4018 sic
1281 3977 1341 4018 se
1363 3961 1525 4017 habet
1557 3961 1688 4017 Bre-

126 4058 187 4111 vis
211 4077 272 4115 xx
299 4081 308 4114 :
342 4061 415 4116 De
435 4063 616 4133 primis
651 4059 938 4116 novissimis
963 4059 1171 4129 futuris.
1207 4056 1473 4111 Parubola
1500 4072 1687 4125 apera-

127 4151 289 4205 n'orum
315 4156 366 4208 in
403 4156 598 4208 vincant
642 4151 1037 4207 conductorum.
1071 4149 1152 4204 De
1186 4149 1429 4221 petitione
1458 4148 1690 4219 ﬁliorum

127 4240 324 4299 Ζώεωὶ
349 4262 365 4300 :
395 4245 466 4300 Et
516 4246 578 4300 de
615 4245 798 4315 primis
844 4241 1160 4298 accubitibus
1203 4256 1377 4298 egente.
1418 4241 1477 4296 In
1530 4243 1688 4296 tertio

128 4335 289 4404 indice,
313 4342 411 4395 sub
439 4355 667 4396 numero
689 4338 780 4405 75,
813 4339 933 4396 haec
957 4338 1211 4409 leguntur
1241 4354 1254 4390 :
1298 4335 1367 4390 Et
1408 4335 1471 4391 de
1508 4336 1688 4407 primis

129 4433 334 4488 creabitis
362 4448 537 4488 create.
569 4432 702 4501 Quae
735 4431 978 4501 profecto
997 4445 1103 4486 non
1126 4437 1330 4495 essent,
1363 4428 1464 4484 nisi
1491 4429 1544 4483 in
1589 4427 1688 4482 ali—

1795 3218 1976 3272 statint
2010 3218 2110 3272 ista
2135 3217 2450 3290 subjungit:
2507 3218 2637 3286 Qua:
2680 3221 2882 3293 quidem
2920 3237 3004 3278 res
3037 3223 3156 3295 plus
3194 3225 3395 3298 adjuvit

1793 3309 2204 3381 intelligentiam,
2231 3327 2384 3381 quam
2435 3313 2722 3384 impedivit,
2765 3314 2811 3368 si
2838 3315 2992 3370 modo
3022 3316 3243 3389 legentes
3291 3335 3395 3376 non

1792 3403 1896 3458 sint
1917 3405 2244 3475 negligentes.
2271 3403 2412 3459 Nunt
2442 3407 2720 3462 nonnullas
2754 3407 3074 3466 obscuriores
3119 3415 3396 3469 sententias

1791 3496 2022 3568 pluriunt
2061 3498 2293 3551 codicum
2345 3514 2480 3568 sarpe
2525 3486 2873 3573 ma‘nifestavit
2929 3503 3213 3575 inspectio,
3259 3509 3395 3564 sicut

1790 3588 1926 3644 illud
1946 3587 2104 3644 [snite
2124 3593 2388 3662 propheta:
2405 3608 2538 3647 unus
2568 3592 2818 3664 interpres
2847 3595 2919 3649 ait
2942 3609 2964 3650 :
2982 3595 3050 3650 Et
3065 3597 3396 3658 domesticos

1792 3683 2017 3739 seminis
2045 3683 2121 3738 tui
2151 3699 2220 3739 ne
2244 3685 2561 3756 despexeris
2588 3683 2688 3756 (Is.
2713 3702 2860 3751 Lvut,
2889 3686 2949 3759 7)
2975 3706 2988 3741 :
3044 3690 3179 3744 alius
3221 3701 3395 3748 autent

1791 3776 1905 3829 ait:
1935 3773 2004 3830 Et
2036 3789 2256 3832 carnem
2287 3783 2430 3830 tuam
2461 3791 2531 3832 ne
2558 3775 2914 3848 despexeris:
2947 3777 3171 3851 Uterque
3195 3782 3399 3839 sibimet

1789 3867 2006 3923 invicem
2033 3868 2319 3924 adtestatus
2345 3879 2442 3926 est.
2473 3867 2712 3941 Namque
2740 3872 2871 3928 alter
2891 3889 2955 3928 ea:
2983 3874 3151 3930 altero
3180 3876 3398 3948 exponi-

1791 3970 1916 4028 tur;
1967 3962 2090 4033 quia
2117 3973 2162 4018 ct
2189 3979 2307 4018 caro
2337 3972 2506 4035 posset
2546 3966 2714 4037 accipi
2761 3967 2998 4039 proprie,
3059 3979 3149 4036 ut,
3207 3986 3396 4043 corpus

1788 4070 1937 4108 suum
1965 4054 2175 4126 quisque
2201 4071 2266 4110 ne
2293 4056 2594 4129 despiceret,
2622 4073 2676 4112 se
2703 4066 2905 4128 putaret
2954 4061 3273 4118 admonitum
3298 4082 3318 4130 ;
3345 4073 3397 4120 et

1791 4149 2056 4204 domestici
2075 4150 2285 4205 seminis
2311 4152 2581 4218 translate,
2615 4149 2899 4208 Christiani
2925 4167 3132 4226 possent
3150 4158 3395 4228 intelligi,

1790 4259 1853 4298 ea:
1874 4243 2053 4297 eodem
2079 4243 2216 4299 verbi
2237 4244 2432 4299 semine
2452 4245 2716 4300 nobiscum
2746 4247 3058 4318 spiritaliter
3083 4250 3229 4304 nati:
3259 4265 3398 4305 nunc

1789 4345 1958 4389 autem
1984 4336 2173 4392 collato
2199 4339 2540 4407 interpretum
2564 4353 2740 4404 sensu,
2801 4338 3122 4410 probabilior
3165 4343 3396 4398 occurrit

1790 4431 2040 4485 sententia
2089 4432 2295 4504 proprie
2335 4433 2400 4488 de
2450 4434 2845 4507 consanguineis
2898 4452 3002 4491 non
3049 4438 3394 4510 despiciendis

129 4534 231 4586 quat
253 4526 642 4596 exemplaribus
679 4525 915 4596 antiquas
943 4523 1186 4595 Vulgata:
1221 4522 1477 4594 parabola
1523 4522 1685 4578 Lucae
1710 4528 1764 4590 ι)
1791 4539 1898 4579 esse
1935 4534 2263 4596 praeeptum,
2289 4528 2534 4597 quoniam
2572 4528 2877 4584 domesticos
2903 4531 3149 4600 seminis,
3178 4545 3294 4588 cum
3324 4534 3396 4590 ad

131 4615 182 4670 de
207 4617 427 4676 invitatis
449 4619 518 4675 ad
550 4619 764 4690 nuptias
805 4629 1062 4689 tanquam
1084 4633 1210 4673 vera
1243 4632 1368 4687 pars
1404 4624 1691 4674 contextus

131 4712 242 4784 sacri
276 4713 369 4767 hoc
407 4712 644 4768 blattbaei
690 4714 812 4768 loco
859 4712 1056 4782 scripta
1121 4712 1419 4782 legeretur.
1473 4710 1693 4781 Aliquot

133 4805 300 4857 tantum
327 4804 654 4876 exemplaria
699 4804 823 4860 dico
854 4804 1106 4860 habuisse
1136 4804 1267 4860 illud
1295 4813 1689 4871 assumenlum;

131 4897 228 4961 quia
245 4909 438 4954 certum
464 4906 644 4954 exstat
681 4914 749 4954 ex
781 4898 926 4954 serie
954 4897 1197 4954 secunda
1243 4897 1689 4967 capitulationum

129 4987 246 5045 idem
273 4993 498 5049 abfuisse
527 4995 580 5049 in
607 4992 731 5048 aliis
756 4991 904 5048 Italae
933 4993 1198 5049 versionis
1227 4992 1527 5049 codicibus.
1557 4991 1690 5047 Nam

129 5084 403 5150 capitulatio
447 5103 577 5143 Lvut
621 5085 790 5157 hujus
831 5087 1100 5158 parabolae
1126 5086 1410 5144 adscititite
1443 5101 1550 5142 non
1581 5101 1694 5143 me-

130 5175 272 5244 minit,
309 5177 383 5234 De
408 5181 532 5249 [iliis
567 5179 808 5234 Zebedazi
825 5195 845 5244 ;
874 5189 920 5234 et
949 5179 1012 5234 de
1051 5181 1265 5234 minimo
1302 5181 1528 5251 majores
1557 5182 1692 5251 ﬁeri.

134 5262 293 5323 Verum
311 5270 436 5342 quid
461 5273 516 5326 in
549 5271 632 5327 his
655 5271 1009 5328 recensendis
1028 5270 1233 5327 diutius
1255 5273 1536 5340 itntnoror,
1570 5288 1692 5330 cum

135 5359 369 5430 plus-mam
393 5365 528 5419 satis
554 5363 622 5419 de
668 5363 859 5418 eodem
891 5372 1213 5435 argumento
1237 5364 1290 5419 in
1321 5365 1465 5420 notis
1491 5365 1691 5423 nostris

138 5455 467 5516 prolixioribus
503 5454 712 5512 Gallico
742 5455 1001 5512 idiomate
1030 5457 1243 5528 scriptis
1275 5457 1686 5528 disputaverim.

188 5547 244 5602 De
261 5549 440 5606 eadem
474 5564 610 5605 vero
651 5548 886 5603 utilitate
921 5548 1277 5618 capitulorum
1327 5550 1480 5606 libris
1518 5553 1692 5608 sacris

140 5643 425 5704 [remorum
505 5641 820 5699 disserebat
889 5641 1131 5698 eruditus
1196 5643 1477 5715 presbyter
1527 5643 1692 5700 Carus

142 5721 401 5798 petitione
433 5739 486 5796 in
513 5752 670 5795 suam
690 5744 942 5794 veterum
965 5735 1241 5792 titulorum
1285 5737 1690 5797 collectionem.

1796 4634 2002 4673 carnem
2020 4620 2279 4687 retuleris,
2312 4623 2682 4692 consanguinei
2725 4623 3045 4694 potissimum
3091 4638 3392 4697 occurrunt,

1794 4719 1900 4767 etc.
1935 4711 2090 4778 Quod
2140 4727 2244 4767 una
2274 4711 2428 4767 Isaia:
2466 4713 2736 4770 sententia
2761 4713 3101 4774 demonstrat
3137 4718 3396 4791 Augusti-

1797 4819 1920 4870 nus,
1947 4803 1999 4857 in
2034 4813 2285 4874 promptu
2306 4804 2464 4860 nobis
2492 4813 2576 4861 est
2603 4809 2878 4864 sexcentis
2894 4825 2964 4866 ex
2985 4809 3223 4868 Matthtei
3261 4812 3397 4872 Itala

1795 4897 2047 4952 versione
2068 4897 2336 4967 exemplis
2365 4897 2619 4954 evincere
2647 4920 2662 4956 :
2685 4900 2812 4971 quia
2838 4911 3106 4975 quotquot
3129 4914 3258 4962 sunt
3302 4920 3400 4962 va-

1796 4988 1999 5045 riantes
2030 4989 2084 5044 in
2118 4990 2500 5061 manuscriptis
2536 4989 2816 5050 codicibus
2859 4995 3142 5067 lectiones,
3169 5005 3250 5053 tot
3279 4996 3400 5056 fere

1794 5081 2147 5139 inveniuntur
2167 5085 2537 5155 expositiones
2560 5097 2852 5145 contextus
2872 5091 3016 5146 sacri
3045 5107 3059 5145 :
3089 5092 3227 5149 sicut
3262 5090 3398 5150 illud

1798 5175 2022 5231 Joannis
2051 5176 2309 5247 Baptistae
2352 5177 2422 5234 ad
2470 5178 2690 5236 Iudaeos
2715 5196 2729 5236 :
2760 5179 2832 5236 Et
2858 5184 3015 5238 nolite
3043 5184 3214 5240 dicere
3251 5185 3393 5242 intra

1794 5283 1904 5334 vos,
1935 5267 2148 5324 Patrem
2173 5269 2419 5327 habemus
2446 5271 2732 5344 Abraham,
2765 5275 3052 5333 obscurius
3074 5278 3310 5348 positum
3340 5278 3398 5338 in

1794 5361 2020 5434 Vulgata
2068 5363 2361 5434 hodierna,
2405 5374 2461 5422 et
2499 5365 2554 5424 in
2595 5368 2784 5426 codice
2845 5371 3162 5430 Corbeiensi
3194 5375 3401 5432 veteris

1796 5455 2187 5525 translationis,
2212 5460 2505 5532 manifeste
2523 5463 2825 5520 declaravit
2845 5466 3064 5523 varians
3081 5467 3248 5524 lectio
3261 5469 3400 5525 Sau-

1791 5549 2178 5609 Germanensis
2206 5557 2534 5628 exemplaris
2572 5577 2584 5613 :
2617 5557 2685 5614 Et
2701 5559 2861 5615 nolite
2888 5563 3135 5632 preferre
3154 5578 3243 5618 vos
3265 5604 3280 5631 ,
3311 5563 3399 5617 di-

1743 5710 1745 5712 η
1796 5654 1983 5712 centes,
2015 5643 2226 5701 Patrem
2249 5649 2492 5706 habemus
2518 5651 2799 5704 Abraham.
2831 5651 3040 5708 Sensus
3065 5650 3251 5720 itaque
3316 5653 3400 5706 in-

1797 5739 2076 5810 crepantis
2103 5740 2342 5811 liquidus
2373 5752 2477 5812 est,
2504 5757 2626 5799 cum
2670 5741 2891 5810 dicitur,
2939 5739 3099 5796 nolite
3150 5741 3405 5818 preferrc
