3950 6176
544 224 613 279 67
1920 214 2455 283 ΡΒΟΕΕΒΟΗΕΝΔ.
3777 224 3855 279 68

542 352 627 387 ωδ
658 355 671 387 ;
708 350 829 391 nam
858 334 1001 391 illam
1036 344 1241 389 tantum
1281 330 1644 402 arrogantiam
1686 327 1997 385 Judxorum
2049 345 2136 383 re-
2167 334 2216 403 Α
2245 328 2504 399 mysterio
2529 326 2688 382 ﬁxam
2718 337 3001 399 ratamque
3023 326 3277 383 habuisse
3296 329 3551 398 antiquos
3574 329 3765 385 Patres
3785 346 3858 385 ac

543 427 725 481 tundit
758 425 1029 491 Joannes,
1077 427 1386 492 neutiquam
1425 436 1597 492 genus
1625 436 1691 475 ex
1742 419 2010 475 Abraham
2042 420 2140 473 de-
2250 420 2493 475 ﬁdelium
2544 421 2748 490 plebes.
2790 422 2843 477 ω
2887 422 3029 475 enim
3063 438 3168 474 non
3217 421 3451 475 obscure
3481 421 3859 477 indiCavitca-

545 519 765 573 ductum
798 522 1128 588 vituperans.
1158 515 1420 573 Eamdetn
1454 513 1609 571 ad-“
1654 513 1826 567 lucem
1866 512 1988 565 huic
2014 526 2142 565 sen-
2250 514 2474 583 pitulum
2514 514 2612 568 106
2641 515 2786 568 tertii
2833 514 3063 579 indicis,
3113 514 3255 584 quod
3302 513 3387 568 his
3429 513 3645 569 duobus
3674 516 3863 571 verbis

546 619 730 671 teuti.e
761 616 991 670 Matthxi
1022 613 1205 668 :Beati
1239 612 1613 671 misericordes,
1646 609 1888 676 quoniam
1917 607 2016 676 ipsi
2043 606 2141 663 mi-
2250 608 2577 671 eotttinetur,
2614 604 2818 659 Oblatio
2848 608 2979 677 ejus.
3017 607 3219 662 Deinde
3248 608 3299 663 in
3329 623 3461 661 mss.
3496 609 3688 663 codice
3720 607 3858 663 Cor-

547 712 875 766 sericordiam
903 719 1296 774 consequentur,
1344 705 1515 760 codex
1564 700 2097 758 San-Germanensis
2126 714 2142 761 ;
2251 698 2479 765 heiensi,
2512 710 2631 771 post
2657 702 2818 756 verba
2842 700 3073 757 Chrisd:
3104 700 3216 755 Hoc
3243 712 3313 756 est
3334 718 3521 767 corpus
3544 720 3731 769 meum,
3762 704 3863 759 ad-

548 805 638 858 ubi
663 806 887 872 b-gimus
911 820 925 854 :
954 800 1098 857 Beati
1130 797 1763 865 misericordes,quoniant
1791 795 1916 864 ipsis
1938 792 2147 845 misere—
2251 792 2360 847 dita
2389 802 2515 847 sunt
2543 794 2666 857 ista,
2699 795 2837 864 quod
2865 810 2961 863 pro
2985 795 3123 847 vobis
3154 796 3407 848 tradetur.
3433 794 3586 852 Unde
3608 808 3862 866 apparet,

543 895 679 948 bitur
708 894 868 950 Deus.
904 895 1089 950 Pote~t
1117 895 1264 948 enim
1304 892 1425 958 quis
1449 890 1690 959 Vulgata:
1737 884 1957 942 lectioni
2005 886 2147 938 hunc
2250 884 2574 939 vetustiores
2620 885 2891 939 Ecclesias
2915 926 2932 951 ,
2976 902 3097 939 cum
3139 903 3320 941 veram
3355 885 3713 953 Oblationem,
3746 900 3863 949 tum

539 992 782 1044 tribuere
807 988 1182 1051 intellectum,
1213 996 1269 1041 ut
1296 986 1385 1054 qui
1428 984 1707 1038 hominum
1751 980 1838 1036 sui
1887 978 2145 1035 similium

546 1084 796 1139 labirum
848 1084 1178 1147 miseretur,
1222 1080 1341 1148 ejus
1388 1093 1604 1147 quoque
1656 1076 1709 1130 in
1762 1073 2038 1130 laboribus
2094 1079 2149 1124 et

548 1177 805 1233 aerumnis
868 1175 1147 1229 constituti
1202 1173 1563 1229 misereantur
1627 1169 1813 1224 ueteri
1875 1165 2144 1220 homines.

547 1271 657 1327 Sed
680 1270 820 1325 alius
848 1271 1118 1338 interpres
1148 1267 1311 1322 docet
1340 1264 1749 1321 misericordem
1780 1274 2049 1331 quemque
2093 1256 2148 1311 id

551 1380 617 1421 ex
648 1380 743 1419 sua
776 1361 1147 1417 misericordia
1175 1370 1466 1429 expectare
1486 1373 1643 1427 posse
1666 1398 1681 1420 ,
1715 1354 1858 1425 quod
1890 1353 2007 1422 ejus
2033 1352 2152 1406 sine

548 1456 714 1511 dubio
747 1456 888 1510 Deus
923 1454 1141 1508 tandem
1175 1452 1544 1511 miserebitur.
1577 1449 1746 1506 Obvia
1778 1457 1905 1502 sunt
1957 1448 2152 1513 cuique

554 1550 607 1604 iu
636 1562 838 1613 nostra,
869 1547 1110 1603 llatthzei
1138 1547 1358 1613 antiqua
1392 1545 1615 1613 Vulgata
1641 1542 1900 1598 similium
1936 1539 2153 1599 varian-

555 1644 687 1700 tium
726 1641 1019 1696 lectionum
1051 1640 1299 1708 exempla
1344 1640 1626 1693 innumera
1660 1654 1675 1690 :
1724 1650 1893 1707 quare
1945 1633 2154 1691 nullum

556 1734 702 1789 aliud
733 1734 1198 1799 inpra'sentiarum
1222 1730 1559 1798 adjiciemus.

629 1824 855 1879 Multum
883 1825 1046 1877 etiam
1073 1824 1225 1892 juvat
1262 1825 1429 1877 editio
1470 1833 1652 1879 nostra
1691 1822 1757 1875 ad
1789 1819 2158 1878 conﬁrmanda

558 1918 783 1973 reciata
812 1931 864 1970 a.
898 1916 995 1971 SS.
1033 1916 1277 1970 Patribus
1318 1918 1614 1985 Scriptura:
1652 1916 1960 1970 testimonia
1985 1955 2001 1980 ,
2040 1929 2159 1982 quae

558 2012 759 2083 sa-pius
782 2013 969 2065 vitiosa
998 2010 1165 2065 fuisse
1192 2012 1574 2065 nonnullorum
1598 2011 1910 2063 criticorutn
1943 2022 2161 2073 perver-

561 2121 619 2158 sa
642 2106 839 2159 asserit
867 2106 1167 2159 contentio.
1203 2105 1363 2173 Tales
1392 2104 1575 2156 audivi
1617 2102 1882 2165 dicentes,
1917 2100 2157 2153 incurio-

560 2212 653 2251 sos
679 2212 800 2251 esse
833 2199 1039 2265 priscos
1067 2197 1319 2250 doctores
1353 2194 1752 2250 ecclesiasticos
1778 2235 1794 2259 ,
1841 2200 2029 2261 utpote
2069 2191 2161 2261 qui

562 2291 877 2346 memoriter
908 2290 1314 2358 Scripturarum
1346 2290 1508 2343 verba
1541 2291 1863 2353 recitantes,
1900 2301 2043 2340 nunc
2064 2286 2160 2338 ad-

559 2382 712 2448 dant,
738 2398 880 2439 nunc
901 2382 1171 2444 auferant.
1205 2397 1347 2438 nunc
1375 2382 1621 2437 ordinem
1653 2394 1966 2449 perversum
2008 2376 2163 2433 iueis

559 2488 880 2545 sequantur.
923 2476 1087 2543 Quasi
1140 2475 1275 2529 nihil
1323 2476 1562 2542 ipsorum
1629 2475 1917 2528 interesset
1968 2470 2164 2539 quibus

562 2573 746 2626 verbis
774 2570 1148 2639 proferrentur
1168 2570 1386 2623 oracula
1418 2566 1643 2632 Christi,
1668 2577 1723 2622 et
1753 2567 2160 2635 propbeutrutn,

561 2664 726 2720 modo
748 2664 933 2718 sensui
964 2672 1019 2717 et
1043 2661 1420 2731 intelligentia:
1467 2660 1713 2715 recitatio
1752 2673 1859 2713 non
1891 2659 2158 2711 nocuerit.

560 2758 599 2815 S
621 2760 666 2811 id
698 2758 997 2811 istiusmodi
1032 2754 1434 2823 SUSpiClonibItS
1459 2754 1803 2809 reclamitant
1830 2749 2163 2820 exemplaria

561 2852 764 2908 Italica:
791 2850 1081 2915 versionis,
1117 2864 1181 2903 ac
1203 2848 1489 2918 religiosos
1516 2846 1681 2900 fuisse
1707 2845 1895 2900 Patres
1923 2843 1976 2897 in
1999 2844 2167 2896 «itan-

569 2946 655 3001 dis
687 2944 880 2997 divinis
914 2942 1209 3013 Scripturis
1235 2941 1401 3010 probe
1424 2939 1821 2992 demonstrant.
1845 2933 1978 2990 Cum
2007 2934 2166 3004 igitur

565 3036 711 3106 apud
738 3036 885 3105 ipsos
909 3036 1169 3105 plurimas
1201 3033 1395 3102 legeris
1425 3030 1723 3084 sententias
1752 3028 1926 3083 textui
1948 3026 2166 3081 hodier-

2255 977 2526 1045 propriatn
2566 976 2768 1031 Christi
2814 977 3154 1033 substantiam
3204 978 3257 1032 in
3304 988 3642 1034 sacramento
3672 978 3867 1035 altaris

2253 1069 2422 1125 fuisse
2451 1071 2742 1140 professas.

2326 1165 2389 1219 ll.
2424 1165 2812 1236 Antiquitatem
2843 1180 2985 1221 nunc
3012 1174 3067 1221 et
3094 1165 3456 1234 praestantiam
3482 1164 3735 1221 codicum
3763 1182 3864 1221 no-

2256 1267 2491 1313 strorum
2546 1259 3035 1329 Manuscriptorum
3092 1260 3240 1314 brevi
3293 1274 3547 1315 sermone
3598 1261 3873 1331 perstrin-

2256 1366 2409 1421 gam;
2441 1367 2527 1405 res
2557 1366 2790 1420 namque
2814 1352 2997 1406 istbrec
3020 1353 3199 1422 potius
3227 1352 3399 1407 oculis
3422 1354 3673 1419 testibus,
3705 1370 3876 1423 quam

2259 1446 2592 1514 argumentis
2643 1444 2939 1514 percipitur
2969 1458 3034 1498 ac
3076 1444 3502 1499 demonstratur.
3548 1444 3617 1499 Et
3664 1447 3878 1501 utinam

2259 1550 2387 1608 quot
2419 1546 2541 1591 sunt
2576 1538 2627 1592 in
2662 1537 2792 1589 orbe
2819 1536 3118 1591 christiano
3164 1537 3308 1591 docti
3337 1539 3656 1608 expertique
3695 1537 3880 1593 homi-

2263 1645 2391 1694 nes,
2427 1640 2502 1682 tot
2532 1639 2715 1683 essent
2747 1630 3081 1698 inspectores
3107 1630 3498 1700 exemplarium
3528 1642 3877 1687 nostrorum.

2190 1734 2236 1799 Β
2264 1723 2466 1786 Fallor.
2511 1724 2613 1780 nisi
2660 1722 2858 1793 ubique
2887 1722 3131 1793 gentium
3163 1733 3328 1778 testes
3364 1723 3690 1779 accederent
3739 1726 3886 1781 anti-

2263 1816 2518 1889 quitatis,
2549 1832 2709 1885 quam
2759 1832 2866 1886 prae
2897 1830 2956 1871 se
3003 1815 3183 1871 ferunt
3210 1816 3449 1887 prtedicti
3488 1818 3732 1874 codices.
3767 1818 3886 1874 Nec

2264 1913 2492 1967 miretur
2510 1914 2632 1984 quis
2659 1927 2832 1967 meam
2864 1911 3271 1979 conﬁdentiam,
3302 1912 3424 1980 quia
3448 1927 3515 1967 ex
3543 1913 3887 1983 praejudiciis

2267 2005 2506 2063 virorum
2550 2006 2834 2060 doctorum
2876 2013 3054 2059 ortutn
3089 2005 3140 2057 in
3185 2020 3270 2058 me
3299 2004 3503 2061 habuit.
3540 2004 3761 2073 Unum,
3799 2007 3888 2062 vel

2266 2100 2401 2156 duos
2430 2100 2649 2169 profero
2692 2107 2855 2154 testes
2886 2096 2951 2153 Υ.
2981 2096 3044 2155 C.
3088 2095 3151 2151 F.
3188 2098 3503 2162 Desmares,
3549 2107 3603 2157 et
3640 2098 3889 2170 Stepha-

2268 2209 2394 2247 num
2435 2192 2701 2260 imprimis
2742 2191 3048 2256 Baluziunt,
3076 2191 3230 2258 cujus
3272 2191 3512 2245 consiliis
3553 2202 3609 2247 et
3636 2193 3890 2248 amicitia

2267 2296 2417 2343 tanto
2464 2286 2674 2340 felicius
2723 2294 2867 2348 utor,
2913 2294 3116 2354 quanto
3167 2285 3437 2339 sincerum
3489 2286 3661 2355 magis
3710 2286 3770 2340 in
3826 2302 3893 2341 eo

2266 2393 2453 2449 peetus
2498 2392 2715 2445 semper
2745 2387 2999 2447 expertus
3049 2390 3199 2437 sum,
3234 2376 3491 2451 Omnique
3533 2386 3793 2445 tempore
3838 2380 3890 2431 in

2266 2471 2471 2523 amicos
2513 2468 2998 2538 promptissimum.
3032 2465 3083 2521 Is
3129 2482 3261 2537 ergo
3304 2481 3403 2523 usu
3451 2477 3507 2523 et
3536 2468 3893 2526 volutatione

2268 2563 2742 2618 innumerabilium
2773 2577 2905 2616 mss.
2938 2562 3185 2616 codicum
3212 2562 3651 2633 locupletissimae
3677 2564 3890 2621 biblio-

2268 2656 2438 2710 thecm
2473 2654 2800 2710 Colbertinze
2849 2656 3139 2719 subactus,
3188 2652 3573 2710 Corbeiensem
3626 2668 3891 2713 nostrum

2271 2750 2508 2804 Matth-.ei
2555 2750 2797 2802 codicem
2839 2757 2963 2800 ante
3009 2748 3349 2816 octingentos
3392 2763 3561 2803 annos
3609 2753 3891 2820 scriptum

2269 2860 2390 2899 esse
2422 2843 2554 2898 mihi
2587 2843 2878 2898 concessit.
2910 2841 3019 2896 Nec
3067 2843 3368 2909 immerito,
3400 2858 3519 2896 cum
3550 2843 3622 2897 sit
3652 2845 3708 2898 in
3747 2846 3894 2900 anti-

2269 2942 2389 3008 quis
2419 2940 2752 2993 membranis
2777 2950 3029 2993 exaratus
3064 2939 3257 2997 litteris
3303 2939 3618 3005 Saxonicis,
3657 2942 3751 2996 vel
3780 2942 3893 2998 ble-

2269 3034 2559 3103 rovingicis
2598 3052 2609 3085 :
2652 3034 2872 3087 mixtam
2916 3034 3059 3088 enim
3107 3035 3269 3093 habet
3318 3036 3717 3091 elementorum
3782 3036 3895 3091 for—

563 3145 646 3183 n;e
679 3126 920 3197 Vulgata:
945 3127 1167 3179 minime
1195 3123 1620 3191 consentientes,
1647 3137 1750 3177 non
1773 3122 1954 3177 statim
1982 3135 2164 3175 erum-
2190 3125 2235 3186 (ἶ,
2267 3142 2432 3180 mam.
2480 3126 2555 3179 De
2611 3124 3107 3181 San-Germanensi
3137 3128 3437 3196 exemplari
3476 3128 3768 3198 eleganter
3798 3128 3894 3185 de-

566 3237 665 3293 pas
692 3222 744 3275 in
768 3236 979 3285 vocem,
1008 3235 1196 3274 eorum
1220 3220 1453 3272 titubare
1486 3217 1643 3270 Iidem
1672 3235 1685 3279 ;
1711 3216 2017 3275 clamitans,
2042 3212 2164 3279 quia

558 3314 702 3387 quod
752 3315 823 3367 tui
878 3311 1094 3365 codices
1125 3308 1346 3374 habent,
1385 3309 1438 3363 id
1493 3308 1797 3376 saepissime
1841 3321 1950 3360 non
1996 3304 2165 3358 habe-

564 3407 693 3461 bant
723 3404 939 3469 Patrum
970 3401 1300 3471 exemplaria
1327 3418 1341 3465 ;
1369 3402 1450 3455 vel
1487 3403 1665 3471 potius
1714 3400 1787 3453 tui
1829 3414 1935 3453 non
1967 3398 2167 3452 habent

566 3498 806 3563 Codices,
839 3496 981 3567 quod
1005 3496 1079 3548 illi
1106 3496 1357 3564 legebant
1380 3494 1603 3562 passim.
1644 3493 1735 3547 Sic
1772 3492 1882 3547 Leo
1916 3491 2165 3561 Magnus,

563 3601 618 3646 et
650 3600 775 3645 ante
802 3604 926 3644 eum
952 3586 1208 3653 Hilarius,
1246 3595 1302 3642 et
1325 3586 1649 3641 Ambrosius
1705 3586 1889 3655 legunt
1921 3603 1935 3637 :
1981 3584 2047 3636 Et
2114 3594 2167 3636 tu

563 3682 827 3737 Bethleem
874 3679 1079 3735 ludicre
1111 3721 1124 3743 ,
1187 3696 1287 3732 non
1340 3689 1413 3732 est
1460 3679 1670 3731 minima
1720 3678 1850 3735 inter
1916 3676 2169 3745 principes

562 3776 706 3831 Juda
738 3792 757 3829 :
813 3791 877 3830 ea:
902 3784 949 3829 te
978 3775 1113 3830 enim
1142 3775 1268 3827 eziet
1298 3771 1569 3840 Princeps,
1618 3771 1703 3838 qui
1748 3782 1890 3840 regat
1921 3770 2167 3837 papulunt

561 3885 729 3924 meum
754 3867 937 3922 Israel.
965 3866 1197 3937 Legebat
1231 3864 1448 3919 Lucifer
1489 3863 1828 3917 Cillul'ilanlls
1854 3878 1867 3913 :
1893 3859 1955 3913 Et
2012 3861 2170 3915 nolite

562 3967 809 4032 prtcferre
857 3978 967 4022 vos,
1008 3959 1277 4012 dicentes:
1327 3957 1535 4011 Patrem
1582 3955 1824 4008 habemus
1886 3953 2166 4007 Abraham.

560 4056 909 4111 Chromatius
931 4052 1331 4120 Aquileiensis:
1365 4048 1511 4103 Beati
1553 4050 1706 4111 estis,
1740 4064 1852 4101 cum
1888 4063 1970 4101 vos
2001 4062 2170 4116 persc-

561 4157 814 4219 quuntur,
849 4155 893 4200 et
920 4143 1227 4213 exprobant,
1259 4153 1304 4196 et
1323 4143 1496 4196 dicunt
1518 4158 1664 4195 onme
1685 4141 1877 4195 malum
1900 4140 2169 4194 adversum

560 4260 645 4298 vos
678 4244 884 4313 propter
899 4240 1184 4312 justitiam,
1213 4246 1531 4294 mentientes.
1565 4238 1811 4307 Denique
1838 4234 2168 4306 Cyprianus,

570 4344 625 4390 et
654 4334 743 4387 alii
770 4351 782 4386 :
817 4331 931 4400 Ego
954 4331 1044 4384 tibi
1072 4331 1208 4391 dico,
1234 4332 1353 4395 quia
1383 4340 1435 4383 tu
1458 4347 1509 4384 es
1540 4329 1745 4393 Petrus,
1766 4339 1812 4383 et
1840 4346 1995 4397 super
2019 4329 2169 4382 istam

560 4434 758 4495 petram
789 4424 1057 4494 wdi/icabo
1094 4422 1379 4476 Ecclesium
1408 4440 1590 4486 nteant,
1622 4430 1670 4476 et
1697 4434 1860 4499 porta:
1883 4421 2168 4490 inferorum

2275 3217 2513 3285 scripto,
2547 3226 2870 3287 vetttstoque
2898 3219 3246 3285 charactere,
3280 3219 3420 3273 idem
3470 3219 3571 3274 fuit
3609 3220 3895 3290 judicium

2271 3310 2410 3378 apud
2444 3310 2641 3363 multos
2672 3310 2944 3364 studiosos
2975 3310 3222 3366 homines
3242 3352 3258 3377 ,
3296 3311 3347 3364 in
3380 3310 3541 3366 rebus
3573 3312 3758 3367 sacris
3784 3355 3798 3378 ,
3832 3329 3895 3368 ac

2272 3404 2326 3461 in
2356 3406 2627 3458 veteribus
2651 3407 3019 3459 monumentis
3042 3406 3321 3469 curiosos;
3347 3419 3577 3474 quorum
3600 3404 3894 3475 alloquiis,

2268 3503 2323 3551 et
2360 3494 2723 3552 familiaritate
2752 3497 3160 3564 cohonestatus,
3194 3497 3453 3553 videndos
3478 3496 3607 3569 ipsis
3634 3513 3700 3553 ac
3728 3515 3894 3555 scru-

2269 3587 2460 3642 tandos
2487 3604 2592 3641 non
2616 3604 2738 3640 raro
2762 3586 2979 3643 exhibui
3003 3589 3217 3645 codices
3247 3588 3650 3657 manuscriptos
3679 3588 3898 3645 Italica:

2270 3679 2556 3733 versionis.
2608 3678 2837 3735 Sodales
2887 3696 3041 3735 meos
3090 3696 3152 3734 ac
3203 3680 3677 3750 compresbyteros
3732 3690 3895 3737 taceo

2269 3776 2599 3840 monachos,
2632 3775 2879 3843 quamvis
2924 3772 3166 3828 nonnulli
3209 3790 3273 3828 ex
3306 3775 3421 3839 eis,
3453 3773 3675 3827 nemine
3704 3777 3899 3831 recla—

2270 3876 2482 3928 mante,
2525 3866 2912 3920 conSnItissimi
2962 3866 3262 3923 habeantur
3311 3868 3364 3921 in
3412 3867 3513 3923 hoc
3555 3867 3898 3925 eruditionis

2270 3976 2489 4032 genere.
2522 3958 2629 4015 Sed
2664 3961 2843 4015 nullus
2874 3977 2902 4015 a
2929 3960 3109 4029 seipso
3133 4004 3146 4025 ,
3178 3971 3271 4016 aut
3299 3977 3329 4016 a
3359 3962 3472 4016 suis
3502 3962 3896 4019 testimonium

2271 4056 2517 4121 accipere
2546 4054 2737 4107 solitus
2767 4064 2871 4107 est.
2903 4054 3148 4117 Demum,
3173 4062 3231 4107 ut
3260 4070 3364 4107 uno
3386 4054 3554 4109 verbo
3574 4054 3895 4122 absolvam,

2272 4152 2475 4215 prtesto
2506 4154 2629 4199 sunt
2670 4146 3025 4216 manuscripti
3057 4147 3225 4200 nostri
3267 4146 3517 4205 omnibus
3565 4162 3893 4215 repraesen-

2274 4236 2418 4291 tandi
2446 4238 2707 4300 curiosis,
2739 4238 2829 4308 qui
2860 4240 2927 4294 de
2949 4254 3135 4295 eorum
3170 4239 3392 4311 probata
3421 4249 3692 4297 vetustate
3722 4244 3896 4299 dubi-

2274 4339 2388 4384 tare
2416 4329 2708 4383 voluerint.

2347 4423 2464 4477 Dixi
2509 4432 2857 4479 conservatos
2906 4424 3072 4482 fuisse
3120 4424 3333 4481 codices
3379 4435 3597 4485 nostros
3641 4432 3900 4497 peranti-

556 4536 660 4573 non
686 4520 885 4571 vincent
914 4535 1047 4583 eam,
1081 4526 1187 4572 etc.
1225 4516 1422 4572 Verum
1472 4517 1598 4589 quid
1634 4519 1807 4572 otiose
1830 4558 1843 4581 ,
1881 4518 1979 4575 ista
2014 4531 2163 4571 cont-
2188 4515 2241 4576 Ι)
2266 4529 2399 4583 quos
2428 4514 2575 4569 Itale
2629 4517 2893 4571 versionis
2950 4518 3003 4572 in
3060 4518 3404 4572 monasteriis
3464 4517 3897 4588 in~ignioribus.

561 4624 949 4671 memoramus.
983 4610 1200 4681 quando
1223 4610 1559 4665 sutﬁeicnter
1602 4626 1632 4665 a
1673 4610 1827 4666 nobis
1871 4610 1996 4664 alibi
2042 4625 2163 4679 per-

557 4712 781 4759 tractata
813 4704 1079 4776 legantur.
1144 4705 1405 4759 Consulut
1435 4720 1565 4774 ergo
1590 4704 1841 4757 curiosus
1871 4703 2041 4761 lector
2067 4718 2163 4756 an-

556 4799 865 4853 notationes
898 4807 1111 4851 nostras
1137 4798 1372 4867 prolixas
1398 4797 1688 4854 vernaculo
1716 4813 1971 4853 sermone
2022 4796 2157 4849 scri-

558 4898 677 4959 ptas
708 4890 759 4942 in
793 4891 1097 4951 versionem
1133 4890 1372 4945 Italicam
1408 4900 1503 4945 :et
1529 4891 1672 4943 illico
1720 4890 1877 4946 fateri
1930 4899 2160 4959 cogetur

559 4994 825 5039 summam
856 4996 976 5035 esse
998 4982 1283 5039 utilitatem
1313 4981 1568 5039 editionis
1600 4982 1745 5041 Italae
1776 4996 1869 5037 seu
1924 4982 2162 5049 antiquae

557 5068 826 5140 V’ulgatre,
852 5071 917 5124 ad
944 5072 1317 5126 vindicandam
1341 5074 1409 5128 ab
1438 5072 1586 5125 omni
1617 5072 1803 5139 iniqua
1849 5072 2163 5143 suspicione

557 5164 656 5221 SS.
696 5164 911 5219 Patrum
935 5167 1092 5221 iidem
1118 5168 1171 5220 in
1200 5165 1495 5222 recitandis
1524 5165 1823 5234 Set-ipturte
1848 5166 2157 5221 sententiis.

630 5256 747 5310 Noti
782 5258 1052 5314 mediocre
1083 5258 1225 5311 istud
1271 5258 1692 5315 emolumentum
1742 5274 1956 5335 quoque
1998 5258 2156 5315 nobis

559 5352 663 5407 erit
694 5367 758 5405 ex
792 5352 1029 5408 editione
1055 5352 1271 5422 antiqua
1302 5350 1513 5414 Latina,
1542 5352 1682 5420 quod
1712 5367 1777 5409 ex
1807 5354 2058 5427 capitulis
2085 5353 2163 5409 ei-

560 5444 684 5501 dem
737 5446 977 5515 prmﬁxis
998 5488 1011 5509 ,
1043 5462 1105 5501 ac
1136 5462 1200 5502 ex
1234 5445 1351 5514 ipso
1392 5454 1649 5501 contextu
1698 5446 2001 5504 innotescat
2030 5446 2165 5505 ﬁdes

557 5538 759 5593 veteris
784 5538 1037 5593 Ecclesia:
1068 5538 1209 5593 circa
1240 5538 1582 5597 Euchariston
1605 5538 2016 5593 Sacramentunt.
2052 5540 2160 5595 Ne-

559 5647 664 5704 que
692 5648 821 5687 vero
848 5632 1098 5687 dubitare
1140 5631 1219 5687 l'as
1246 5642 1361 5700 est,
1392 5640 1447 5689 et
1474 5646 1654 5687 veram
1683 5631 1934 5703 corporis
1961 5633 2162 5691 Christi

556 5726 947 5794 substantiam,
990 5734 1045 5784 et
1092 5725 1388 5798 perfectam
1436 5725 1553 5797 ejus
1596 5726 1924 5785 oblationem
1967 5727 2020 5785 in
2062 5728 2163 5786 hoc

2267 4608 2421 4674 Quod
2452 4608 2525 4662 ita
2555 4623 2676 4664 eSsc
2706 4610 2886 4664 nullus
2916 4608 3123 4666 inﬁcias
3153 4612 3296 4673 ierit,
3320 4612 3407 4679 qui
3438 4610 3680 4671 historia:
3706 4618 3900 4671 eccle-

2266 4703 2497 4759 siastica
2533 4718 2597 4757 ac
2644 4703 2954 4757 tnonasticm
2985 4703 3330 4759 mediocriter
3364 4705 3434 4757 sit
3465 4706 3691 4774 peritus.
3727 4706 3900 4765 Prio.

2265 4814 2379 4852 rem
2429 4799 2573 4855 enim
2624 4798 2866 4851 codicem
2900 4812 3003 4851 ms.
3047 4798 3265 4853 celebre
3310 4801 3698 4853 monasterium
3748 4803 3902 4856 anti-

2268 4905 2388 4959 qua:
2417 4886 2661 4944 Corbeire
2690 4889 2741 4944 in
2773 4880 3002 4946 Francia
3034 4891 3268 4945 servavit
3297 4890 3561 4959 integrum
3596 4898 3652 4944 et
3680 4892 3897 4949 imma-

2269 4981 2529 5037 culatum.
2550 4982 2792 5037 Alterum
2811 4984 3155 5053 superstitem
3177 4982 3333 5039 nobis
3352 4982 3534 5036 tribuit
3560 4988 3901 5043 monasterii

2270 5075 2430 5144 hujus
2459 5077 2633 5131 sancti
2662 5076 2923 5133 Germani
2959 5094 2989 5132 a
3036 5078 3211 5133 Pratis
3253 5077 3577 5134 bibliotheca
3618 5086 3899 5139 vetustis-

2269 5167 2429 5221 Sima.
2456 5166 2631 5222 Ambo
2660 5167 2820 5223 hodie
2846 5170 3202 5225 adservanlttr
3223 5169 3278 5225 in
3306 5170 3494 5225 eadem
3525 5169 3902 5243 bibliotheca,

2268 5256 2614 5313 Corbeiensis
2645 5260 2743 5313 sub
2773 5261 3047 5316 numerica
3076 5270 3200 5315 nota
3227 5261 3317 5323 2!,
3353 5262 3460 5317 San
3492 5261 3904 5323 Germanensis

2270 5360 2448 5404 autem
2482 5350 2583 5405 sub
2609 5367 2835 5408 numero
2860 5352 2948 5417 l5,
2978 5352 3071 5408 sed
3094 5353 3162 5409 de
3188 5353 3465 5410 codicibus
3492 5360 3904 5430 manuscriptis

2271 5442 2557 5498 hactenus.

2344 5537 2609 5594 Caeterum
2662 5554 2860 5594 moneo
2903 5539 3201 5607 lectorem,
3233 5556 3320 5598 me
3360 5540 3618 5599 nonnulla
3661 5548 3906 5616 supple-

2272 5631 2415 5686 visse
2468 5630 2522 5684 in
2570 5630 2809 5701 margine
2837 5632 3182 5702 paginarum,
3213 5649 3333 5705 qua).
3363 5634 3445 5689 vel
3471 5634 3682 5701 incuria
3717 5637 3903 5696 libra-

2271 5730 2513 5803 riorum,
2546 5735 2633 5793 vel
2663 5734 3020 5806 interpretum
3059 5736 3329 5810 imperitia
3369 5736 3510 5795 male
3542 5738 3721 5808 posita
3752 5781 3769 5810 ,
3806 5752 3903 5798 aut
