3950 6176
149 235 204 290 69
1140 235 1478 294 EPISTOLA
1515 232 1850 293 RUGGERII
1887 232 2372 296 NOVARIENSIS.
3354 247 3423 300 70

151 351 320 408 omissa
345 361 493 408 sunt.
519 352 684 408 Multa
712 353 937 409 correxi
969 352 1022 406 in
1051 352 1287 410 secundo
1317 353 1495 408 indice
1524 351 1733 422 eapitu-
1760 351 1810 412 Α
1838 361 2062 407 auctore
2081 393 2095 416 ,
2128 353 2220 407 sed
2265 353 2696 424 prtestantissimi
2747 353 2904 423 hujus
2935 355 3298 414 Vcrccllcnsis
3329 359 3435 413 Ec-

155 444 306 500 lorum
330 488 342 509 ,
382 447 496 515 quia
523 446 783 514 plurimis
829 448 1150 502 solmcismls
1181 445 1475 500 foeditatem
1503 445 1584 501 sui
1633 460 1726 513 pu-

159 540 285 596 blice
304 539 580 610 legentibus
620 540 927 611 pnebebat.
958 539 1014 595 ln
1058 539 1217 594 tertio
1256 538 1432 593 indice
1472 551 1728 592 numeros

158 633 357 703 apposui
378 632 620 703 vulgares
645 632 716 686 ad
761 632 1167 690 distinctionem
1198 630 1459 701 cujusque
1483 629 1722 699 capituli.

159 726 245 781 llis
272 741 384 796 ergo
408 725 586 781 fruere
631 725 963 792 benevolus,
995 736 1049 781 et
1075 725 1214 794 aequi
1243 725 1479 792 bonique
1504 721 1726 778 consule

158 823 357 892 primam
383 819 581 875 Italicae
611 821 886 876 versiouis
933 819 1262 882 editionem;
1296 819 1349 873 in
1394 833 1498 888 qua
1537 817 1724 880 timeo,

154 931 216 970 ne
242 916 360 969 mihi
389 915 553 970 multa
592 915 896 970 exciderint
926 924 1144 984 propter
1181 913 1531 981 scriptionem
1564 909 1727 968 totius

150 1004 258 1062 fere
283 1008 451 1076 operis
474 1018 840 1076 preperatam.
870 1005 942 1061 At
964 1021 1088 1060 cum
1117 1003 1363 1074 plerique
1390 1002 1724 1058 eruditorum

149 1100 477 1156 vehementer
497 1100 891 1169 impellentium
915 1097 982 1154 ad
1006 1099 1168 1153 ﬁnem
1195 1096 1450 1152 editionis
1478 1095 1530 1149 in
1562 1107 1724 1149 causa

147 1192 283 1255 sint,
316 1207 406 1245 cur
444 1201 732 1262 properato
760 1206 899 1258 opus
928 1197 1092 1256 esset,
1123 1190 1333 1244 veniam
1361 1188 1459 1258 ipsi
1491 1187 1727 1242 tribuant

147 1282 316 1353 lapso,
343 1291 397 1340 et
432 1283 630 1340 inculto
667 1281 947 1350 sermoni,
993 1297 1152 1354 quem
1199 1281 1390 1337 limare
1437 1278 1567 1335 mibi
1615 1293 1724 1334 non

142 1374 310 1432 licuit.

767 1489 1108 1547 EPlSTOLA

249 1619 480 1660 RUGGERII
501 1618 877 1671 NOVARIENSIS,
907 1617 1282 1660 CA'I'HEDRALIS
1308 1616 1617 1664 EUSEBIAN£

370 1712 632 1763 CANONICI,
663 1712 732 1751 AD
753 1712 1092 1754 BLANCHINUI
1125 1712 1494 1753 VBBONENSEI.

263 1806 455 1863 Codicis
486 1806 888 1881 Epangeliorum
923 1808 1261 1866 Vercellensis
1290 1808 1585 1878 descriptio.

200 1924 632 1982 Yetustissimum
657 1924 873 1982 tandem
887 1925 1129 1982 codicem
1154 1925 1592 1995 Evangeliarium
1617 1925 1724 1981 Eu.

129 2018 404 2076 sebianum
422 2021 529 2089 jam
557 2020 742 2076 multis
758 2019 826 2078 ab
856 2020 981 2076 hinc
1005 2019 1165 2075 annis
1189 2035 1219 2073 a
1237 2019 1485 2088 plurimis
1509 2021 1725 2088 sapien-

133 2112 352 2167 tissimis
378 2113 504 2168 viris
528 2155 544 2178 ,
573 2127 639 2170 ac
664 2113 1044 2170 eruditissimis
1073 2112 1426 2182 scriptoribus
1453 2112 1726 2182 conquisi-

132 2213 249 2258 tum
272 2245 286 2269 ,
315 2215 424 2260 vota
459 2215 576 2270 tua,
612 2206 698 2262 vir
722 2205 1052 2272 clarissime,
1081 2221 1186 2259 non
1217 2205 1390 2262 solum
1416 2203 1723 2272 utantiquie

136 2303 296 2350 tatem
326 2306 617 2365 spectares,
646 2312 835 2352 verum
866 2297 1026 2354 etiam
1058 2306 1113 2354 ut
1137 2297 1326 2365 magis,
1353 2295 1418 2354 ad
1441 2293 1728 2354 conﬁrma-

136 2391 329 2445 tionem
357 2391 638 2446 catholicaz
673 2391 833 2455 ﬁdei,
868 2406 986 2459 quae
1031 2391 1392 2446 sacrosanctis
1417 2388 1725 2460 Evangeliis

141 2492 402 2553 tamquam
457 2485 785 2542 ﬁrmissimis
834 2484 1247 2555 prapugnaculis
1287 2484 1608 2548 roboratur,
1634 2497 1726 2542 νος

138 2575 341 2630 ritatem
362 2591 578 2634 cruores
599 2618 616 2642 ,
649 2577 908 2647 consequi
951 2587 1260 2645 potuerunt.

207 2669 382 2726 Prodit
431 2669 575 2726 enim
631 2670 686 2728 in
744 2670 951 2734 lucem;
1000 2669 1260 2739 illumque
1292 2678 1442 2725 tenes
1473 2668 1724 2732 diuturna

145 2769 424 2831 temporum
451 2764 594 2818 serie
622 2761 766 2823 nulla
795 2762 1065 2822 oblivione
1091 2762 1326 2818 deletum
1350 2802 1364 2826 ,
1398 2760 1492 2824 scd
1516 2761 1688 2816 ‘caute
1707 2801 1722 2828 ,

146 2856 386 2923 studiose,
415 2871 476 2912 ac
505 2855 692 2912 sedula
724 2853 995 2926 diligentia
1024 2855 1385 2922 adservatum,
1412 2870 1552 2912 nunc
1570 2870 1722 2922 vero,

148 2945 208 2999 D.
239 2945 298 3001 0.
326 2947 390 3002 Μ.
440 2947 738 3018 opitulante
758 2989 774 3012 ,
800 2958 854 3002 et
886 2948 1314 3004 eminentissimo
1334 2988 1347 3012 ,
1381 2963 1446 3002 ac
1474 2963 1727 3008 reveren-

148 3037 353 3096 dissimo
379 3041 438 3094 D.
472 3041 537 3102 υ.
564 3039 764 3096 Carolo
807 3040 1086 3098 Vincentio
1108 3040 1357 3100 Ferret‘io
1394 3041 1512 3096 0rd.
1547 3041 1720 3096 Prmd.

1829 445 2009 500 clesia:
2037 447 2166 500 olim
2193 450 2432 517 episcopi
2465 449 2688 503 Joannis
2716 449 2973 517 Stephani
3028 454 3277 518 Ferrrrii,
3325 464 3431 509 tes-

1829 537 2089 601 limonio,
2118 555 2183 594 ex
2219 539 2332 594 Vita
2362 539 2422 595 P.
2455 540 2517 594 N.
2569 541 2816 614 Martyris
2837 555 2890 596 et
2939 545 3175 614 episcopi
3211 546 3433 600 Eusebii

1827 629 1897 684 ab
1924 645 1990 686 eo
2013 633 2212 699 scripta
2245 641 2489 687 mutuato
2507 674 2521 695 .
2567 636 2877 702 patefacere
2906 637 3252 692 contendam.
3277 638 3434 710 Legi-

1826 729 1914 777 tur
1944 723 2124 794 itaque
2149 722 2244 779 fol.
2280 725 2344 780 l6
2373 725 2517 781 illius
2548 725 2679 780 Vite
2712 744 2726 780 :

1901 813 2172 885 —Neque
2208 832 2326 870 vero
2344 857 2358 880 ,
2381 815 2488 871 lucc
2509 859 2522 880 .
2568 819 2772 888 aliaque
2799 820 2922 874 dum
2949 832 3149 894 ageret,
3179 824 3262 878 sui
3301 825 3433 879 obli-

1828 907 2116 961 viscebatur
2142 908 2334 963 :immo
2357 921 2597 964 constans
2628 911 2835 964 traditio
2865 922 2939 966 est
2960 955 2973 979 ,
3003 930 3115 968 eum
3143 932 3244 969 non
3279 917 3433 971 modo

1829 1001 1899 1054 ad
1923 1001 2240 1055 occasionem
2273 1002 2552 1056 tollendam
2573 1045 2588 1069 ,
2641 1021 2744 1075 qua
2773 1006 2993 1076 papulas
3025 1007 3218 1060 Ariona
3245 1009 3438 1063 invidia

1828 1093 2067 1146 seductus
2094 1093 2148 1146 in
2178 1109 2289 1147 eum
2314 1103 2544 1162 peccaret
2571 1135 2584 1159 ,
2630 1095 2719 1149 sed
2744 1096 2892 1149 etiam
2921 1097 3120 1151 ardenti
3147 1098 3316 1152 studio
3343 1115 3434 1154 va-

1830 1187 1984 1238 candi
2008 1185 2105 1240 sibi
2149 1197 2194 1240 et
2221 1184 2362 1252 Deo,
2395 1188 2661 1242 secessisse
2680 1188 2733 1241 in
2789 1197 2986 1243 montes
3019 1190 3185 1259 Oupa:
3214 1190 3438 1262 Buggel—

1831 1277 1985 1331 (ensis
2014 1278 2222 1332 ditionis
2239 1320 2252 1343 ,
2282 1289 2328 1334 et
2357 1280 2500 1333 ultra
2525 1279 2729 1334 Padum
2755 1281 2824 1334 ad
2847 1281 3089 1337 Castrum
3112 1282 3438 1340 Credonense

1829 1371 1980 1439 (tunc
1999 1370 2228 1425 dimcesis
2265 1370 2624 1442 Vercellensis)
2679 1373 2893 1427 diversis
2936 1377 3291 1445 temporibus;
3340 1388 3395 1432 ut
3419 1420 3433 1445 ,

1827 1462 1915 1532 qui
1944 1471 2017 1515 tot
2048 1463 2188 1518 curis
2203 1464 2559 1534 juvandorum
2585 1465 2811 1518 aliorum
2853 1467 3023 1537 gratia
3066 1468 3434 1537 distinebatur,

1827 1555 2035 1610 haberet
2075 1557 2160 1611 ubi
2188 1557 2404 1612 subinde
2431 1575 2487 1612 se
2529 1559 2827 1630 colligeret,
2872 1576 2932 1612 ac
2974 1561 3214 1632 spiritum
3257 1579 3283 1616 e
3309 1564 3435 1617 caelo

1828 1647 2130 1711 attraham,
2161 1650 2482 1720 mujoresque
2507 1650 2554 1705 ei
2579 1650 2647 1704 ad
2677 1648 2775 1704 Dei
2803 1652 3028 1724 gloriam
3055 1655 3434 1725 provehendam

1753 1741 1800 1814 Β
1828 1738 1959 1792 vires
1996 1749 2346 1808 suppeterent.

1899 1831 2118 1903 Legitur
2145 1834 2307 1889 etiam
2331 1835 2384 1888 in
2412 1834 2602 1891 eadem
2634 1835 2755 1893 Vita
2795 1839 3159 1908 manuscripta
3179 1881 3193 1904 ,
3246 1838 3422 1896 Euse-

1826 1925 1976 1980 bium
1994 1968 2009 1991 ,
2035 1925 2164 1981 dum
2191 1927 2243 1981 in
2261 1928 2342 1981 his
2370 1927 2503 1984 locis
2527 1929 2792 1997 religiosis
2816 1940 2870 1985 et
2887 1934 3090 1986 sanctis
3108 1943 3429 2001 moraretur,

1827 2029 1924 2071 sua
1953 2018 2125 2088 ipsius
2155 2034 2314 2072 manu
2344 2028 2576 2089 quatuor
2621 2019 2907 2090 Evangelia
2941 2023 3232 2092 scripsisse
3255 2064 3270 2088 ,
3315 2041 3435 2093 qute

1826 2110 1894 2164 ad
1927 2111 2045 2165 haec
2066 2127 2236 2181 usque
2266 2121 2506 2182 tempora
2555 2127 2954 2170 conservantur
2989 2135 3003 2170 ε
3047 2133 3168 2186 qua:
3216 2119 3432 2188 quidem

1826 2211 2014 2258 sancta
2049 2203 2334 2272 Evangelia
2383 2206 2547 2260 totius
2573 2213 2759 2275 postea
2789 2209 2911 2262 vitae
2957 2217 3206 2279 tempore
3263 2211 3434 2281 ipsius

1828 2293 1995 2348 fuisse
2023 2311 2179 2351 caros
2209 2298 2458 2364 comites,
2492 2299 2542 2352 in
2566 2297 2683 2368 ejus
2716 2298 2828 2354 Vita
2856 2309 3125 2356 narratum
3150 2303 3430 2361 habemus.

1827 2385 2104 2457 Siquidem
2133 2389 2349 2444 illorum
2383 2401 2686 2461 temporum
2719 2393 3016 2449 Christiani
3051 2395 3298 2452 homines
3321 2440 3336 2464 ,
3381 2409 3438 2456 et

1830 2491 2091 2548 perpetuo
2122 2481 2262 2550 apud
2287 2497 2348 2537 se
2375 2481 2577 2537 habere
2601 2525 2616 2548 ,
2674 2499 2736 2542 ac
2763 2486 3184 2557 eircnmgestare
3214 2506 3274 2544 ca
3304 2506 3436 2546 con-

1827 2583 2146 2639 sueverant,
2177 2574 2633 2644 quemadmodum
2667 2592 2695 2630 a
2731 2579 3048 2633 mulieribus
3075 2581 3237 2636 etiam
3290 2585 3441 2638 facti-

1832 2674 2000 2718 tatum
2027 2665 2276 2720 norimus
2306 2684 2320 2720 :
2356 2666 2408 2720 id
2437 2668 2579 2736 quod
2621 2668 2688 2724 de
2713 2677 2898 2724 sancta
2925 2671 3138 2727 Caecilia
3166 2673 3218 2728 in
3253 2675 3440 2744 primis

1829 2756 1962 2812 satis
1988 2766 2236 2823 constat,
2270 2774 2388 2826 qua:
2416 2758 2618 2814 Christi
2641 2759 2749 2814 Era
2763 2761 2934 2831 ngelia
2962 2804 2975 2824 .
3009 2765 3083 2818 uti
3116 2765 3233 2835 ejus
3259 2779 3442 2823 riarrat

1829 2845 2062 2904 Historia
2083 2889 2099 2915 ,
2127 2863 2345 2918 semper
2370 2848 2423 2904 in
2457 2861 2675 2918 pectore
2692 2853 2936 2922 gestabat
2963 2868 3081 2909 suo.
3113 2856 3281 2914 Immo
3307 2858 3442 2929 idip—

1829 2951 1948 2994 smn
1981 2940 2257 2996 nonnullis
2281 2941 2346 2996 ad
2377 2953 2604 2997 mortem
2659 2959 2831 3014 usque
2880 2945 3146 3003 familiare
3174 2950 3307 3016 fuit,
3361 2953 3440 3007 uti

1830 3039 2019 3086 sancto
2048 3032 2307 3090 Barnabat
2333 3075 2346 3097 ,
2377 3033 2442 3088 ad
2473 3035 2626 3104 cujus
2657 3037 2895 3092 defuncti
2925 3051 3114 3102 pectus
3162 3055 3438 3113 repertum

149 3127 389 3203 bnjusque
414 3143 620 3189 sancta:
651 3131 1011 3189 Vercellensis
1034 3134 1291 3188 Ecclesiae
1311 3134 1568 3204 episcOpo
1593 3134 1726 3204 vigi-

1833 3133 1913 3178 est
1945 3122 2003 3178 S.
2036 3123 2274 3184 blatthzci
2315 3124 2705 3194 Evangelium,
2756 3131 2923 3198 ipsius
2973 3132 3236 3189 Barnabas
3276 3152 3440 3198 manu

150 3220 422 3280 lautissima
448 3227 530 3282 sic
560 3226 918 3295 disponente,
959 3242 1022 3280 ac
1058 3227 1437 3296 dignitatibus,
1474 3237 1531 3286 et
1555 3243 1720 3284 cauo-

152 3316 272 3370 nicis
291 3316 569 3374 Eusebiani
603 3319 824 3389 capituli
868 3320 1262 3387 annuentibus,
1308 3336 1426 3376 mea
1471 3336 1609 3391 ope,
1659 3335 1725 3378 ac

153 3408 315 3478 labore
329 3428 361 3468 a
379 3428 480 3470 suo
494 3413 793 3482 exemplari
823 3412 1073 3484 ﬁdeliter,
1096 3425 1147 3470 et
1174 3415 1242 3470 ad
1265 3416 1521 3472 amussim
1549 3424 1726 3472 trans-

155 3501 377 3575 cripzum.

219 3593 288 3648 De
305 3612 426 3651 vero
454 3611 773 3670 possessore
803 3598 962 3667 hujus
987 3599 1126 3664 sacri
1158 3600 1447 3664 voluminis
1471 3641 1482 3663 ,
1532 3609 1730 3670 praeter

155 3685 399 3758 antiquam
440 3689 1048 3761 constantissimamque
1077 3693 1479 3748 venerationem
1501 3737 1515 3761 ,
1565 3709 1724 3756 quam

155 3789 344 3850 Semper
367 3796 491 3851 erga
512 3781 664 3846 illud,
689 3783 984 3854 capitulum
1011 3793 1064 3837 et
1093 3783 1331 3842 Ecclesia
1362 3783 1600 3853 professa
1619 3792 1726 3850 est,

157 3867 267 3923 illud
296 3873 616 3930 asservando
647 3873 699 3927 in
732 3874 961 3943 ipsumet
989 3889 1144 3930 sacro
1160 3875 1526 3946 Reliquiarnm
1554 3876 1726 3947 depo-

155 3958 243 4013 sito
261 4004 274 4026 ,
296 3962 381 4018 ubi
411 3974 720 4020 sanctorum
748 3963 1129 4035 prophetarum
1151 4009 1166 4033 ,
1191 3969 1581 4038 apostolorum,
1616 3969 1733 4038 plu-

153 4051 494 4125 rimorumque
523 4065 825 4128 martyrum
854 4073 974 4113 ossa
1007 4058 1407 4127 custodiuntur,
1433 4069 1650 4118 exstant
1677 4069 1732 4116 et

153 4143 445 4202 documenta
475 4149 707 4224 plurima
759 4158 923 4204 certe
951 4150 1107 4215 lidei,
1153 4151 1606 4222 munimentisque
1635 4168 1733 4223 pu-

153 4235 287 4292 blicis
307 4240 652 4310 consignata,
681 4255 745 4294 ex
777 4241 971 4312 quibus
1008 4243 1301 4300 ediscimus
1325 4285 1340 4309 ,
1375 4243 1570 4298 librum
1594 4259 1726 4316 qua-

153 4334 259 4382 tuor
286 4331 694 4402 Evangeliorum
717 4345 747 4386 a
783 4347 979 4400 magno
1007 4341 1196 4388 sancto
1232 4345 1382 4404 patre
1405 4344 1592 4402 nostro
1620 4336 1732 4407 epi-

156 4432 298 4488 scopo
322 4433 372 4476 et
404 4436 641 4495 martyre
672 4423 907 4478 Eusebio
945 4434 996 4478 et
1027 4423 1355 4481 Grmcauicis
1386 4427 1580 4482 litteris
1607 4436 1732 4483 ante

1827 3214 2202 3284 descriptum;
2256 3231 2364 3286 quo
2397 3225 2642 3288 tempore
2670 3220 2724 3274 in
2768 3221 2939 3279 insula
2973 3225 3186 3296 Cypro,
3221 3228 3442 3288 Zenone

1827 3305 2152 3375 imperante,
2171 3322 2368 3378 corpus
2389 3309 2506 3378 ejus
2535 3311 2812 3368 inventum
2829 3317 3317 3384 est.Quamobrem
3346 3327 3436 3394 pie

1827 3399 2156 3458 credendum
2190 3401 2476 3469 existimo,
2509 3403 2703 3460 librum
2754 3405 2897 3462 hunc
2930 3410 2980 3464 iu
3016 3426 3268 3485 promptu
3289 3431 3438 3474 sem-

1828 3504 1928 3560 per
1955 3490 2205 3546 habuisse
2236 3491 2528 3550 Eusebium
2550 3537 2564 3559 ,
2599 3511 2705 3552 non
2733 3514 2892 3556 secus
2923 3511 3084 3573 atque
3111 3505 3435 3579 Barnabam,

1830 3589 1887 3638 et
1912 3580 2181 3637 Caeciliam
2213 3583 2334 3638 :sni
2360 3583 2508 3639 illum
2539 3586 2776 3646 thesauri
2809 3591 2976 3654 instar
3005 3595 3256 3665 duxisse;
3287 3610 3342 3658 et
3370 3617 3437 3660 es

1833 3671 1967 3736 hoc,
1992 3675 2232 3736 omnium
2263 3674 2666 3746 doctrinarum,
2699 3681 2990 3752 virtutum.
3019 3701 3312 3760 rerumque
3337 3695 3439 3750 mi-

1833 3764 2083 3826 rabilium
2106 3805 2122 3832 ,
2157 3775 2424 3842 tamquam
2453 3783 2516 3824 ex
2547 3769 2793 3838 Oceano,
2821 3784 2929 3834 tum
2955 3793 3107 3840 vente
3127 3820 3141 3844 ,
3176 3791 3286 3845 tum
3318 3785 3436 3846 fon-

1834 3845 1916 3912 tes
1943 3857 2287 3924 el‘lluxeruut,
2313 3877 2539 3930 quorum
2563 3874 2780 3924 sanctos
2807 3867 2993 3926 latices
3023 3887 3146 3928 cum
3171 3874 3438 3940 Eusebius

1834 3950 2115 4020 ebibissct,
2139 3951 2438 4020 daemonia,
2475 3955 2975 4034 daemoniorumtu
3003 3965 3284 4024 ministros
3318 3969 3435 4039 eju-

1835 4046 1948 4108 cit,
1977 4045 2230 4108 vitiorum
2250 4089 2264 4116 ,
2306 4047 2660 4107 schismatum
2682 4095 2696 4120 ,
2729 4053 2996 4116 lueresutn
3027 4068 3164 4123 tetra
3195 4075 3435 4126 monstra

1834 4148 1901 4190 ex
1959 4134 2200 4192 Ecclesia
2247 4140 2444 4208 ejecit,
2488 4145 2998 4219 exterminavitqne.
3054 4151 3236 4222 Neque
3290 4159 3434 4216 enim

1835 4227 2045 4285 fructus
2073 4241 2360 4301 expectare
2398 4242 2646 4304 poterant
2674 4237 2799 4304 alii,
2853 4251 2944 4295 aut
2979 4243 3046 4297 ab
3092 4245 3437 4310 inStrumenti

1837 4321 2169 4391 perfectione
2212 4334 2374 4395 atque
2406 4329 2701 4396 prestantia
2723 4371 2738 4396 ,
2770 4341 2864 4386 aut
2900 4348 2927 4386 a
2966 4349 3174 4390 suunna
3201 4339 3439 4396 dexteri-

1837 4420 1946 4467 tate
1974 4415 2276 4485 peritiaque
2305 4418 2529 4472 artilicis
2549 4460 2564 4482 ,
2617 4420 2706 4489 qui
2746 4421 3106 4481 instrumento
3131 4429 3444 4504 ltujusmodi

157 4509 312 4566 dirum
340 4515 727 4587 Hieronymum
758 4515 922 4570 fuisse
959 4516 1251 4572 redditum.
1277 4521 1386 4573 Ilac
1425 4521 1538 4592 ipsa
1573 4521 1726 4590 igitur

1838 4522 1964 4560 usus
1982 4518 2083 4560 est.
2107 4508 2403 4565 Dolendum
2428 4527 2558 4567 sane
2578 4523 2680 4582 est,
2703 4515 3015 4574 thesaurum
3037 4519 3440 4590 ltuncnostrnm

158 4604 380 4664 lacullate
413 4610 727 4672 Grarcarum
755 4611 1060 4666 litterarum
1093 4611 1343 4668 lectionis
1367 4623 1529 4682 atque
1555 4615 1724 4683 scrip-

160 4696 298 4753 tionis
344 4717 403 4757 ea
430 4702 772 4774 perfectione
818 4702 1008 4756 Romae
1060 4703 1396 4772 potiebatur,
1450 4713 1508 4758 ut
1551 4704 1726 4760 Julius

158 4794 368 4858 pontifex
406 4795 567 4849 Marci
613 4810 899 4849 successor
921 4837 935 4862 ,
965 4794 1054 4865 qui
1085 4796 1374 4852 Eusebium
1402 4813 1558 4852 sacro
1583 4814 1728 4870 pres-

158 4879 355 4954 byterali
380 4887 698 4942 charactere
737 4887 1008 4957 insignivit
1033 4929 1047 4952 ,
1078 4889 1404 4956 existimarit
1437 4890 1587 4945 illum
1619 4907 1726 4947 non

156 4976 244 5030 sibi
273 4981 359 5034 soli
383 4997 594 5048 vacare,
631 4981 725 5036 sed
751 4981 912 5034 etiam
942 4980 1265 5036 Christianae
1288 4983 1732 5058 rcipublicmpro-

153 5067 289 5127 desse
306 5074 528 5138 debere;
564 5085 622 5128 ut
652 5074 880 5128 habetur
905 5090 966 5128 ex
995 5075 1381 5144 antiquissimis
1405 5076 1600 5132 tabulis
1629 5078 1731 5132 bu-

150 5159 225 5231 jus
250 5164 601 5223 Vercellcnsis
627 5165 907 5233 Ecclesiae,
955 5166 1007 5230 in
1041 5168 1234 5238 quibus
1277 5169 1528 5234 eumdem
1560 5171 1729 5226 Euse-

151 5254 290 5328 bium,
321 5263 678 5331 interpretem
705 5274 984 5316 sacrorum
1020 5258 1366 5316 Volnminum
1389 5261 1726 5332 designatum

149 5365 366 5408 asummo
383 5355 648 5426 pontiﬁce
675 5351 844 5406 fuisse
867 5351 1110 5406 traditur.
1130 5352 1346 5409 Graecas
1359 5356 1506 5410 enim
1520 5355 1729 5412 litteras

149 5461 232 5502 non
259 5448 359 5503 alio
399 5446 695 5519 proposito
735 5443 840 5508 sibi
872 5443 975 5499 ﬁne
1000 5444 1300 5510 didicerat,
1329 5462 1488 5524 quam
1514 5455 1572 5516 nt
1606 5462 1730 5522 per-

146 5538 296 5600 lectius
320 5543 632 5600 Sacrorum
655 5536 980 5606 Litterarum
1004 5553 1197 5594 arcana
1221 5538 1583 5610 dignosceret.

192 5635 292 5707 Quo
315 5645 598 5708 tempore,
616 5643 803 5701 quove
829 5629 978 5698 loco,
999 5645 1159 5701 quem
1186 5630 1254 5686 ad
1280 5632 1441 5688 ﬁnem
1468 5633 1570 5702 hoc
1593 5650 1731 5706 opus

137 5727 434 5791 manaverit
456 5770 474 5798 ,
529 5721 922 5794 composuerit
955 5733 1116 5795 atque
1141 5722 1464 5797 perfecerit,
1509 5741 1618 5786 non
1646 5742 1734 5787 me

1830 4600 2027 4672 injuria
2062 4605 2318 4670 temporis
2340 4604 2517 4675 aliqua
2549 4622 2617 4662 ex
2646 4615 2797 4677 parte
2822 4623 3203 4692 consumptum
3231 4620 3395 4684 fuisse
3422 4642 3437 4694 ί

1833 4695 2048 4750 tametsi
2070 4695 2134 4747 ad
2158 4711 2280 4748 eum
2306 4695 2566 4751 illibatum
2587 4704 3042 4773 conservandutn,
3067 4720 3120 4763 et
3146 4715 3434 4786 integrum,

1833 4801 1942 4841 non
1973 4790 2140 4843 semel
2185 4787 2422 4841 adhibita
2450 4789 2612 4844 fuerit
2638 4792 2912 4863 diligentia
2937 4799 3019 4860 vel
3047 4815 3076 4852 a
3108 4806 3317 4874 magnis
3347 4823 3434 4866 re-

1833 4879 2022 4949 gibus,
2057 4880 2130 4932 uti
2162 4895 2190 4932 a
2211 4879 2558 4950 Berengario.
2589 4886 2676 4954 qui
2706 4886 2900 4944 librum
2928 4898 3202 4962 argenteis
3229 4898 3264 4954 lt
3280 4901 3441 4960 minis

1835 4972 2228 5042 contegendum
2255 4974 2496 5027 curavit:
2520 4976 2661 5045 quod
2687 4980 2819 5035 satis
2845 4981 3018 5039 adhuc
3038 4988 3332 5058 praedicant
3354 4993 3442 5060 illa

1837 5064 2076 5122 carmina
2099 5107 2114 5136 ,
2145 5083 2266 5137 qua:
2292 5067 2391 5122 sub
2419 5069 2750 5128 sanctissimi
2781 5075 2994 5132 Eusebii
3035 5083 3212 5162 elligie
3254 5085 3442 5157 legun-

1835 5168 1960 5226 tur;
1991 5175 2051 5226 ea
2081 5175 2214 5218 vero
2241 5171 2368 5216 sunt
2409 5184 2423 5218 ε

1927 5253 2225 5334 Prgrsul‘l‘tic
2236 5254 2720 5334 Eusebiusscripsit,
2740 5263 2985 5334 solvitque
3009 5274 3250 5334 vetustas,

1990 5313 2099 5364 Rex
2124 5316 2460 5380 Berengarius
2482 5321 2570 5383 sed
2596 5313 2837 5383 reparavit
2862 5313 2990 5375 idem
3017 5313 3030 5379 ἐ

1928 5377 2483 5458 “asseverasse
2503 5377 2958 5458 τιμινρββρνοηιρεει
2982 5377 3035 5442 ei
3057 5405 3195 5458 auro.

2032 5439 2247 5499 cclcsite,
2274 5439 2474 5506 praesul,
2500 5445 2679 5496 obtulit
2701 5439 2808 5512 ipse
2834 5439 2953 5502 me;

1834 5542 1948 5600 Nec
1974 5545 2155 5602 minus
2180 5545 2340 5612 doleo
2361 5588 2378 5616 ,
2410 5549 2555 5620 quod
2599 5551 2808 5619 videam
2857 5554 3052 5624 folium
3095 5576 3260 5620 unum
3293 5564 3442 5622 illius

1834 5639 1977 5700 sacri
2004 5639 2210 5700 codicis
2238 5641 2505 5713 religiosis
2531 5645 2852 5716 quibusdam
2894 5653 3142 5720 personis
3197 5655 3440 5726 reliquiae

1840 5729 1962 5798 loco
1987 5730 2204 5804 datum;
2247 5735 2706 5808 quemadmodum
2731 5738 2785 5800 in
2815 5738 2952 5802 intra
2983 5745 3188 5814 scripta
3214 5760 3442 5823 syngra.
