3950 6176
541 217 601 272 7i
1914 207 2452 267 PROLEGOMENA.
3769 220 3836 274 7e,

535 334 640 407 pha
671 331 956 404 Augustini
1007 327 1274 394 Ferrerii,
1322 341 1384 382 ea
1412 333 1734 395 tempestate
1777 324 2140 380 Vercellensis
2169 337 2221 398 Α
2247 327 2522 391 excmcati,
2568 336 2661 382 aut
2705 327 2812 383 alio
2852 327 3098 384 membro
3145 330 3288 402 capti
3330 331 3457 388 sint.
3507 332 3613 390 Sed
3639 332 3707 391 de
3739 334 3843 391 hoc

534 427 810 498 epiSCOpi,
841 440 905 481 ac
927 423 1182 496 patruelis
1209 421 1294 476 avi
1325 420 1462 485 mei,
1493 419 1674 489 legere
1701 428 1803 474 est.
1833 418 2006 484 Quem
2041 433 2140 473 nos

532 522 777 579 codicem
833 519 1056 590 perinde
1103 515 1520 571 describendum
1568 513 1915 579 curabimus,
1970 512 2144 580 prius-

533 631 695 685 quam
715 655 729 678 ,
769 622 860 666 aut
884 611 1034 666 illum
1063 608 1394 663 diuturnitas
1426 606 1689 677 temporis
1718 605 1874 676 pejus
1907 605 2140 670 efﬁciat,

533 715 629 763 aut
657 706 762 761 ulla
790 705 935 759 illius
961 717 1086 774 pars
1106 702 1210 756 alia
1241 700 1567 772 deperdatur
1591 717 1604 752 :
1637 709 1694 754 ut
1723 700 1913 754 saltem
1947 697 2146 752 ﬁrmis-

534 801 653 856 simi
679 798 976 854 testimonii
1004 796 1127 852 loco
1165 804 1342 850 exstet
1367 793 1665 858 versionis;
1705 794 1818 864 ipsa
1846 807 1951 862 qua
1982 791 2145 846 hodie

532 894 734 948 utimur
758 891 819 947 S.
855 889 1175 961 Hieronymi
1197 889 1486 955 versione,
1525 885 1872 956 antiquioris.
1905 885 2145 956 Syngra-

533 985 637 1056 pha
660 993 842 1039 autem
872 983 962 1038 illa
989 983 1068 1038 sic
1097 997 1158 1037 se
1185 981 1346 1036 habet
1373 998 1384 1032 :
1418 998 1437 1032 ι
1475 979 1806 1050 Augustinus
1837 976 2142 1046 Ferrerius,

530 1080 648 1146 Dei,
672 1088 729 1134 et
748 1078 1078 1148 Apostolica:
1093 1076 1253 1132 Sedis
1269 1075 1442 1147 gratia
1455 1075 1744 1145 episc0pus
1758 1071 2143 1137 Vercellensis,

533 1182 590 1229 ct
618 1173 836 1236 Comes,
861 1170 1140 1227 Universis
1165 1168 1367 1225 Christi
1397 1167 1666 1233 ﬁdelibus,
1696 1173 1992 1237 praesentes
2022 1179 2146 1219 nos-

534 1275 648 1322 tras
691 1265 1052 1336 inspecturis,
1107 1265 1335 1319 salutem
1379 1263 1433 1316 in
1473 1261 1698 1316 Domino
1734 1260 2143 1328 sempiternam.

534 1360 807 1416 Noveritis
827 1403 842 1428 ,
872 1359 1013 1430 quod
1045 1375 1218 1429 nuper
1245 1357 1311 1412 ad
1336 1356 1639 1412 Ecclesiam
1668 1356 1726 1411 S.
1762 1354 1984 1409 Eusebii
2010 1353 2146 1409 Ver-

535 1454 789 1510 cellensis
808 1451 1113 1507 devotionis
1137 1451 1310 1520 gratia
1337 1449 1675 1505 declinantes
1704 1450 1844 1518 Mag.
1887 1449 1951 1502 D.
1979 1447 2143 1502 Jaco—

539 1548 638 1603 bus
659 1544 1045 1612 Circestensis,
1077 1553 1131 1600 et
1153 1544 1346 1598 Petrus
1379 1542 1537 1598 Ebult
1587 1542 1656 1597 de
1677 1542 1857 1608 Salus,
1889 1540 2146 1597 dicecesis

536 1636 932 1703 Lausanensis,
961 1635 1030 1690 ad
1057 1633 1126 1688 M.
1159 1633 1458 1705 principem
1487 1642 1731 1689 nostrum
1756 1634 2142 1690 Excellentiss.

2244 431 2433 476 sancto
2459 421 2722 492 nobisque
2747 422 3071 478 charissima
3094 423 3280 480 codice
3308 427 3460 482 satis.

2319 515 2603 587 Hucusque
2650 516 2792 573 idem
2831 529 3160 574 memoratus
3183 518 3468 590 episcopus
3497 519 3584 576 Jo.
3613 520 3843 592 Stepha-

2246 625 2347 666 nus
2389 610 2692 678 Ferrerius,
2723 612 2838 682 qui,
2871 613 3120 682 quamvis
3163 613 3214 667 in
3253 626 3348 667 sua
3391 614 3842 683 praecellentihu-

2240 704 2331 774 jus
2377 705 2517 760 sacri
2545 704 2746 759 codicis
2772 705 3138 774 descriptione
3179 721 3302 762 eum
3333 707 3660 776 posteritati.
3684 718 3841 764 aeter-

2246 813 2439 868 nzeque
2468 798 2742 853 memoria:
2763 798 2999 853 dandum
3027 799 3623 868 promiserithisverbis
3644 818 3657 852 :
3678 800 3841 866 Quem

2246 907 2339 944 nos
2375 889 2592 960 proinde
2634 889 3024 944 describendum
3061 891 3387 947 curabimus:
3435 900 3610 946 morte
3659 900 3839 948 tamen

2248 994 2547 1054 pmreptus
2577 997 2720 1039 anno
2752 983 2914 1047 1610,
2959 993 3246 1053 antequam
3295 984 3401 1038 vita
3445 984 3501 1039 S.
3535 985 3843 1042 Eusebiiab

2248 1079 2365 1148 ipso
2389 1079 2614 1134 collecta
2646 1080 2698 1135 in
2743 1079 2918 1133 lucem
2945 1077 3220 1144 ederetur,
3257 1078 3413 1133 alteri
3453 1078 3703 1136 Ferrerio
3726 1084 3844 1151 epi-

2246 1188 2433 1242 sc0po,
2454 1183 2508 1228 et
2536 1188 2690 1228 sacra
2719 1171 3085 1227 cardinalatus
3105 1187 3339 1241 purpura
3363 1172 3644 1242 insignito,
3659 1182 3842 1244 atque,

2245 1269 2312 1323 ad
2343 1269 2694 1340 spectabilem
2723 1269 3194 1339 venerandumque
3219 1269 3578 1326 Eusebianum
3600 1271 3846 1328 codicem

2248 1364 2302 1417 in
2335 1373 2659 1432 przcsentem
2692 1364 3006 1417 memoriam
3041 1361 3401 1417 revocandum
3443 1363 3846 1433 incomparabili

2249 1455 2618 1511 sollicitudine
2651 1455 2876 1526 prazdito
2901 1496 2916 1521 ,
2945 1470 3198 1524 supremo
3226 1456 3461 1511 dictante
3493 1456 3848 1527 providentia:

2249 1549 2485 1616 numine,
2512 1549 2661 1605 hisce
2693 1549 3027 1619 temporibus
3051 1565 3231 1604 curam
3263 1550 3501 1620 reliquit.

2321 1643 2480 1697 Aliud
2520 1658 2736 1713 quoque
2781 1641 3164 1697 documentum
3216 1641 3444 1698 habetur
3495 1645 3548 1698 in
3598 1659 3851 1700 sermone

534 1731 790 1787 Carolum
819 1728 1105 1787 Sabaudia:
1128 1728 1320 1784 ducem
1347 1743 1442 1797 pro
1464 1727 1753 1782 universali
1779 1726 2145 1781 Helvetiorum

2260 1736 2501 1804 Athonis,
2528 1737 2768 1807 episeopi
2801 1735 3161 1792 Vercellensis
3207 1752 3349 1791 anno
3396 1737 3521 1803 752,
3569 1738 3659 1808 qui
3711 1739 3853 1794 inter

537 1835 809 1881 conventu
843 1836 1092 1880 oratores
1113 1865 1128 1890 ,
1154 1824 1521 1894 signiﬁcantes
1549 1821 1702 1877 nobis
1721 1862 1735 1885 ,
1758 1832 1814 1876 et
1835 1819 2148 1876 venerando

536 1921 672 1990 Cap.
702 1929 891 1975 nostro
924 1960 938 1983 ,
967 1917 1269 1974 Ecclesiam
1292 1916 1394 1973 sub
1424 1915 1583 1987 hujus
1605 1916 1776 1970 sancti
1807 1915 2030 1971 Eusebii
2067 1915 2150 1970 in-

545 2013 829 2067 vocatione
861 2011 912 2066 in
941 2010 1139 2065 ﬁnibus
1165 2009 1271 2065 loci
1300 2009 1460 2064 Salus
1479 2050 1496 2074 ,
1527 2009 1647 2064 loco
1672 2008 1820 2063 dicto
1845 2007 2146 2064 Nieuchen.

537 2103 897 2160 Lausanensis
926 2102 1178 2159 ditecesis
1199 2143 1213 2166 ,
1239 2101 1569 2167 consistere,
1602 2115 1761 2172 quam
1792 2101 2060 2168 homines,
2094 2108 2154 2158 ct

537 2197 727 2253 incola:
749 2196 853 2253 loci
884 2195 1124 2266 praedicti
1158 2210 1368 2250 summa
1401 2203 1729 2250 venerantur
1777 2193 2072 2250 devotione
2097 2203 2153 2249 et

539 2289 874 2357 reverentia,
922 2288 994 2343 ob
1019 2287 1250 2343 sublime
1276 2287 1608 2342 sanctissimi
1639 2285 1881 2357 episCOpi
1927 2295 1982 2341 et
2009 2285 2149 2340 Mar-

537 2381 672 2452 tyris
707 2380 926 2437 Eusebii
945 2379 1219 2434 meritum.
1249 2378 1429 2446 Quare
1449 2419 1464 2442 ,
1490 2379 1533 2431 si
1562 2378 1689 2448 quid
1709 2377 1778 2432 de
1804 2378 1946 2432 illius
1975 2386 2149 2446 veste,

540 2475 724 2546 gestis,
751 2490 816 2529 ex
839 2473 1084 2543 reliquiis
1109 2472 1248 2542 apud
1270 2473 1482 2542 plebem
1507 2471 1816 2542 prmdictam
1837 2472 2151 2539 haberetur,

540 2567 731 2624 eadem
761 2568 1052 2636 plurimum
1081 2567 1134 2621 in
1177 2566 1405 2621 Domino
1457 2566 1842 2636 gratularetur.
1889 2565 2002 2621 Nos
2030 2565 2152 2622 ideo

543 2661 628 2732 (ut
659 2674 756 2730 par
771 2662 880 2728 est)
910 2657 1288 2729 cupientes,et
1314 2657 1625 2727 praedictum
1651 2658 1830 2713 divum
1863 2657 2153 2713 Eusebium

544 2764 831 2824 patronum
861 2763 1106 2808 nostrum
1135 2750 1351 2807 devotis
1373 2750 1622 2806 laudibus
1649 2751 1846 2821 ubique
1874 2751 2116 2806 locorum
2135 2792 2150 2816 ,

544 2857 600 2904 et
627 2856 895 2903 terrarum
939 2860 1149 2902 summa
1181 2845 1535 2900 veneratione
1564 2844 1792 2909 extolli,
1843 2843 2154 2915 justamque

542 2957 730 2999 eorum
754 2950 1032 2997 oratorum
1059 2939 1413 2995 devotionem
1442 2938 1852 2995 considerantes
1873 2981 1886 3004 ,
1919 2954 2018 2995 nec
2047 2954 2153 2994 non

543 3037 807 3109 prmlibati
839 3035 983 3090 illius
1005 3033 1264 3105 principis
1293 3034 1461 3090 nostri
1491 3034 1643 3090 ducis
1669 3035 1999 3106 singularem
2026 3051 2152 3106 erga

2254 1830 2393 1885 alios
2433 1829 2501 1884 ad
2542 1830 2754 1884 laudem
2803 1831 2971 1899 sancti
3019 1830 3271 1901 martyris
3299 1830 3538 1901 episcopi
3571 1830 3796 1887 Eusebii
3824 1848 3853 1888 a

2257 1924 2469 1978 Sanctis
2513 1922 2760 1978 Patribus
2785 1933 2840 1978 et
2881 1925 3149 1993 episcopis
3175 1924 3460 1980 Ambrosio
3481 1967 3495 1988 ,
3514 1923 3774 1990 Maximo,
3796 1942 3856 1981 ac

2256 2015 2518 2085 Gregorio
2537 2015 2839 2070 Turonensi
2859 2018 3186 2084 compositos
3205 2026 3534 2072 recensetur.
3565 2015 3716 2071 Circa
3744 2032 3857 2072 me-

2256 2109 2402 2163 dium
2445 2124 2676 2179 namque
2713 2107 2890 2164 Serm.
2925 2107 3266 2172 illitts,ubiﬁt
3299 2110 3499 2164 mentio
3526 2109 3592 2163 de
3620 2111 3855 2165 concilio

2255 2212 2443 2257 coacto
2462 2202 2742 2257 Mediolani
2767 2217 2910 2257 anno
2930 2202 3039 2259 355
3057 2203 3225 2271 (juxta
3244 2202 3641 2258 adnotationem
3667 2202 3860 2257 Cardi-

2257 2297 2397 2353 nalis
2413 2296 2653 2367 Baronii)
2671 2313 2698 2349 a
2721 2296 3039 2352 Constantio
3058 2296 3381 2366 imperatore
3401 2295 3858 2367 perniciosissimo

2254 2392 2532 2448 catholica:
2555 2391 2703 2446 Fidei
2727 2392 2902 2457 hoste,
2931 2400 3091 2462 atque
3116 2405 3390 2456 eversore,
3411 2390 3488 2445 sic
3510 2389 3702 2460 legitur
3728 2408 3742 2442 :
3777 2390 3858 2443 Ad

2254 2502 2402 2556 quem
2429 2484 2602 2539 beatus
2627 2484 2876 2538 Eusebius
2907 2485 2982 2537 ire
3015 2483 3304 2548 distulerat,
3335 2499 3502 2552 quem,
3536 2484 3657 2549 quid
3695 2500 3858 2554 agen-

2256 2578 2400 2641 dum,
2449 2578 2653 2631 minime
2699 2577 2934 2631 latuerat.
2969 2575 3171 2631 Deinde
3218 2575 3430 2630 subdit:
3465 2574 3577 2630 Nec
3605 2593 3659 2632 se
3687 2577 3857 2648 potuit

2255 2674 2535 2734 continere,
2558 2673 2681 2740 quin
2718 2670 2786 2723 ad
2827 2678 3158 2724 memoratum
3187 2669 3462 2723 concilium
3490 2669 3582 2723 iret
3621 2686 3716 2740 pro
3749 2670 3856 2739 [ide

2256 2766 2576 2832 contendere,
2629 2764 2794 2818 sancti
2842 2763 3110 2836 Evangelii
3152 2778 3274 2816 cara
3310 2763 3584 2834 deportans
3610 2762 3852 2833 pignora.

2257 2860 2400 2916 ldem
2444 2867 2675 2914 testatur
2714 2858 2876 2912 etiam
2907 2857 3243 2913 Venerabilis
3281 2856 3365 2912 Jo.
3396 2855 3712 2911 Franciscus
3744 2855 3855 2910 Bo-

2258 2953 2492 3018 nomius,
2517 2951 2677 3021 hujus
2701 2952 2960 3008 Ecclesia:
2987 2953 3274 3021 episcopus
3301 2967 3442 3006 anno
3474 2950 3734 3020 1551,qui
3770 2949 3853 3004 in-

2259 3055 2340 3098 ter
2383 3053 2578 3100 caetera
2606 3085 2618 3107 .
2651 3043 2719 3098 ad
2758 3053 3075 3114 apparatum
3121 3045 3440 3113 excogitata:
3485 3041 3855 3097 translationis

543 3133 798 3205 pmfatos
825 3143 1073 3189 oratores
1119 3130 1551 3187 benevolentiam
1581 3173 1595 3198 ,
1627 3131 1718 3202 qui
1748 3131 1905 3187 nobis
1933 3140 1988 3187 et
2007 3132 2152 3202 capi-
2181 3153 2227 3217 ρ
2257 3137 2396 3193 sacri
2426 3137 2672 3207 corporis
2715 3139 2888 3193 sancti
2936 3137 3188 3208 martyris
3230 3136 3444 3191 Eusebii
3478 3135 3806 3205 pertinentia
3836 3177 3851 3200 ,

544 3231 659 3286 tulo
682 3239 869 3285 nostro
894 3243 993 3298 pro
1018 3229 1097 3282 eis
1122 3227 1416 3281 aﬁ‘ectuose
1443 3226 1658 3295 scripsit
1682 3267 1698 3293 ,
1729 3235 1784 3280 et
1809 3225 2153 3296 magniﬁcum

550 3325 614 3379 D.
652 3325 989 3392 Stephanum
1017 3361 1031 3385 ,
1061 3319 1216 3374 Mota:
1247 3318 1301 3372 in
1328 3317 1596 3374 Sabaudia
1625 3318 1904 3373 dominum
1924 3360 1940 3384 ,
1965 3329 2020 3374 et
2043 3334 2156 3374 sua:

546 3415 887 3476 excellentia:
929 3413 1270 3483 capitaneum
1299 3411 1632 3476 destinavit,
1686 3412 1938 3482 quaniam
1968 3411 2157 3482 hujus-

548 3511 697 3568 modi
736 3507 1025 3581 postulatio
1075 3506 1141 3561 ad
1181 3506 1328 3560 Beati
1385 3505 1601 3561 Eusebii
1635 3505 1812 3571 cedit,
1866 3507 2155 3576 pupulique

547 3605 756 3678 przfati
806 3603 1185 3670 devotionem,
1243 3600 1448 3656 eisdem
1500 3601 1808 3656 oratoribus
1837 3603 2156 3672 (accedente

545 3696 844 3755 venerandi
897 3696 1121 3767 capituli
1183 3693 1475 3766 consensu)
1520 3703 1724 3765 partem
1775 3696 2000 3766 lapidis,
2049 3711 2155 3768 quo

547 3795 743 3850 Beatus
770 3791 1035 3848 Eusebius
1056 3789 1567 3859 lapidatusexstitit,
1597 3798 1653 3845 et
1688 3790 1850 3846 morti
1893 3791 2152 3858 traditus;

544 3886 842 3958 loliumque
868 3901 1035 3941 unum
1066 3883 1646 3954 Evangeliorum,ante
1668 3893 1886 3939 centum
1917 3886 2152 3956 quadra-

542 3982 689 4052 ginta
721 3989 954 4050 quatuor
974 4023 989 4046 ,
1015 3993 1180 4048 super
1202 3976 1353 4032 mille
1375 3992 1568 4044 annos,
1600 3978 1811 4049 praefati
1841 3979 1899 4036 8.
1934 3978 2154 4036 Eusebii

544 4087 708 4129 manu
742 4071 957 4143 propria
997 4071 1362 4142 conscriptum
1391 4113 1404 4136 ,
1453 4082 1508 4126 et
1536 4087 1564 4124 a
1610 4071 1864 4128 Sacrario
1894 4071 2156 4128 Ecclesia:

545 4167 818 4240 prtedictae
847 4181 968 4222 cum
991 4181 1096 4237 qua
1128 4165 1308 4222 decuit
1335 4165 1640 4221 reverentia
1669 4175 1992 4234 extractum,
2019 4168 2156 4222 elar-

545 4261 638 4335 giti
671 4261 873 4316 fuimus
907 4275 921 4312 :
956 4275 1021 4316 ex
1060 4274 1168 4330 quo
1195 4259 1608 4328 Evangeliorum
1641 4259 1780 4314 libro
1805 4261 2034 4330 plurima
2058 4262 2158 4316 mi-

541 4359 722 4414 racula
746 4357 860 4411 visa
893 4363 1045 4422 sunt,
1073 4371 1192 4425 qua:
1240 4354 1384 4409 nulla
1429 4363 1683 4425 poterunt
1715 4355 2157 4427 tergiversatione

542 4451 730 4519 celari,
758 4459 812 4506 et
833 4465 952 4520 qua:
977 4448 1155 4504 omnia
1173 4447 1316 4518 apud
1343 4447 1640 4503 Ecclesiam
1669 4457 1906 4503 nostram
1932 4448 2157 4519 pradic-

2259 3232 2432 3302 elogia
2460 3247 2529 3286 ex
2560 3231 2658 3288 SS.
2692 3231 2930 3296 Patrum,
2975 3241 3086 3286 tum
3119 3230 3452 3296 Graecorum,
3485 3240 3594 3284 tum
3623 3228 3856 3284 Latino-

2258 3340 2378 3379 rum
2423 3324 2640 3396 scriptis
2669 3333 2949 3394 excerpta,
2981 3341 3099 3396 qua:
3149 3324 3202 3379 in
3245 3324 3465 3379 basilica
3506 3322 3852 3391 Eusebiana,

2257 3419 2396 3473 atrio
2422 3419 2736 3490 episcopali,
2779 3419 3035 3483 arcubus,
3079 3419 3359 3489 tropltmis,
3390 3417 3597 3488 viisque
3621 3417 3858 3487 publicis

2256 3521 2413 3568 erant
2441 3512 2782 3583 apponenda,
2811 3513 2941 3568 illud
2970 3527 3182 3583 quoque
3222 3511 3452 3567 Athonis
3479 3510 3718 3566 extabat.
3747 3510 3858 3566 Ha-

2260 3607 2415 3663 betur
2437 3607 2653 3662 demum
2682 3606 2734 3661 in
2757 3604 2879 3661 Vita
2902 3607 3071 3660 sancti
3100 3606 3314 3660 Eusebii
3340 3605 3479 3676 typis
3503 3605 3668 3671 edita,
3700 3621 3856 3660 nttm.

2256 3717 2367 3767 xtv,
2406 3699 2498 3754 fol.
2533 3700 2654 3754 158.
2687 3699 3042 3753 Sacrosancta
3066 3699 3354 3769 Evangelia
3381 3714 3474 3753 sua
3499 3698 3666 3768 ipsius
3690 3715 3860 3754 manu

2258 3793 2550 3864 descripta,
2585 3793 2963 3848 ﬁdissimorum
3003 3793 3258 3848 comitum
3301 3793 3441 3858 loco,
3471 3792 3686 3848 assidue
3710 3793 3862 3864 apud

2256 3900 2314 3941 se
2341 3885 2561 3940 habuit:
2594 3885 2787 3955 quibus
2831 3900 2980 3953 usus,
3027 3885 3302 3952 vitiorum,
3339 3886 3715 3954 schismatum,
3744 3886 3863 3943 ha:-

2259 3995 2548 4051 rcsumque
2578 3989 2713 4035 tetra
2742 3988 2979 4034 monstra
3014 3980 3248 4050 undique
3269 3980 3673 4036 exterminavit.

2331 4077 2439 4133 Sed
2490 4076 2617 4148 quid
2662 4076 2922 4131 immoror
2960 4077 3012 4130 in
3037 4075 3375 4145 requirendis
3403 4076 3816 4146 probationibus
3843 4120 3859 4146 ,

2259 4184 2380 4226 cum
2409 4179 2488 4236 tu,
2527 4170 2600 4224 mi
2642 4169 2962 4236 Blancbine,
3005 4178 3340 4240 compertum
3390 4170 3610 4236 habeas,
3655 4182 3862 4240 quanta

2259 4263 2329 4318 sit
2359 4263 2520 4332 hujus
2547 4265 2685 4319 sacri
2716 4261 2922 4319 codicis
2955 4263 3209 4335 dignitas,
3236 4275 3433 4334 quanta
3464 4265 3579 4335 ejus
3607 4266 3866 4320 condito-

2261 4356 2337 4411 ris
2376 4355 2665 4422 certitudo,
2699 4365 2898 4427 quanta
2941 4357 3162 4427 insuper
3191 4356 3325 4413 ﬁdes
3352 4359 3400 4413 ei
3429 4358 3697 4413 habenda.
3745 4360 3866 4416 Hoc

2261 4448 2397 4504 duce
2446 4457 2762 4504 novatorum
2805 4465 3021 4505 errores
3069 4450 3289 4506 eludere
3327 4466 3522 4507 conare
3554 4470 3565 4505 :
3597 4463 3652 4507 ut
3675 4495 3687 4517 ,
3718 4454 3864 4509 sicut

541 4554 651 4601 tam
673 4557 882 4599 summa
904 4542 1257 4599 veneratione
1288 4548 1560 4597 asservata
1594 4541 2038 4609 transmittimus,
2066 4559 2158 4612 pa-
2183 4548 2234 4608 Ι)
2261 4543 2472 4596 oriente
2517 4541 2654 4609 sole,
2687 4541 2946 4612 quidquid
2987 4543 3054 4598 de
3087 4552 3344 4598 nocturna
3378 4544 3692 4600 umbrarum
3725 4547 3867 4600 cali-

542 4640 699 4710 rique
743 4639 1092 4694 veneratione
1133 4652 1301 4708 penes
1358 4651 1454 4693 eos
1493 4635 1772 4692 observari
1812 4636 2148 4692 affectamus.

544 4734 652 4789 Has
680 4743 857 4790 autem
881 4742 1095 4788 nostras
1123 4748 1220 4802 per
1245 4731 1623 4798 secretarium,
1660 4741 2011 4804 nostrumque
2037 4731 2153 4801 jus-

541 4841 664 4881 sum
697 4825 1034 4898 subsignari,
1069 4834 1125 4882 et
1165 4826 1326 4896 sigilli
1359 4826 1526 4879 nostri
1555 4825 1779 4894 majoris
1808 4825 2152 4894 appositione

541 4916 826 4972 roboratas
853 4917 905 4971 in
929 4916 1294 4971 testimonium
1329 4917 1728 4985 prmmissorum
1756 4916 2146 4972 concessimus.

544 5013 737 5068 Datum
769 5010 1036 5067 Vercellis
1067 5025 1134 5066 ex
1165 5009 1364 5080 palatio
1393 5009 1687 5079 episcopali
1713 5017 1935 5076 nostro,
1964 5010 2052 5064 die
2079 5006 2153 5062 24

539 5106 782 5162 Januarii
815 5104 1033 5172 MDXV,
1069 5105 1429 5174 praesentibus
1460 5104 1656 5160 ibidem
1710 5103 1924 5159 Andrea
1957 5102 2152 5159 Ferre-

542 5198 626 5254 rio
655 5197 886 5265 Patruo,
932 5206 987 5252 et
1010 5197 1213 5251 vicario
1257 5203 1443 5250 nostro
1471 5197 1738 5266 generali,
1781 5205 1836 5252 et
1876 5195 2153 5251 Ludovico

541 5292 610 5347 de
621 5291 860 5358 Gromis,
875 5290 1152 5347 Canonico
1167 5288 1521 5354 Vercellensi,
1553 5291 1779 5345 testibus
1793 5290 1857 5345 ad
1875 5289 2153 5359 praemissa

543 5384 751 5440 vocatis
775 5425 790 5449 ,
846 5393 902 5439 et
932 5385 1154 5455 rogatis.
1179 5382 1219 5455 ἰ-
1259 5384 1372 5438 loco
1403 5383 1577 5455 Signi.
1609 5383 1694 5438 Jo.
1719 5384 1785 5439 de
1813 5383 2098 5438 Ferreriis.
2127 5401 2145 5436 ι

613 5475 720 5532 Per
766 5477 909 5530 hunc
955 5476 1191 5547 denique
1242 5477 1436 5532 librum
1481 5477 1809 5548 prmcipuam
1861 5477 2151 5547 quamdam

543 5568 788 5640 ejusdem
819 5570 1163 5626 sanctitatem
1201 5569 1495 5641 aliquando
1526 5569 1847 5641 signiﬁcavit
1875 5570 2047 5636 Deus,
2077 5571 2153 5626 uti

543 5662 708 5717 etiam
760 5662 875 5734 ipsa
909 5661 1214 5734 syngrapha
1246 5665 1494 5733 superior
1543 5662 1752 5717 innuit:
1785 5662 1981 5732 smpius
2009 5662 2152 5719 enim

543 5756 746 5828 evenit,
795 5755 994 5828 utqui,
1043 5756 1136 5815 illo
1185 5764 1328 5814 tacto
1360 5753 1690 5826 pcjerarunt,
1733 5754 1792 5824 ii,
1833 5762 1927 5814 aut
1972 5755 2152 5817 statim

2259 4633 2383 4703 gine
2410 4634 2676 4704 reliquum
2709 4642 2812 4699 est,
2844 4633 2952 4689 cito
2977 4634 3266 4700 dilabitur;
3311 4635 3406 4704 ita,
3435 4635 3537 4692 hoc
3575 4651 3733 4691 sacro
3765 4654 3867 4692 vo-

2260 4727 2462 4783 lumine
2494 4725 2546 4781 in
2584 4727 2756 4783 lucem
2779 4728 2949 4794 edito,
2983 4740 3033 4785 et
3063 4744 3166 4784 non
3198 4731 3370 4786 solum
3397 4730 3448 4786 in
3481 4731 3736 4786 litteraria
3770 4749 3865 4789 rc-

2259 4821 2492 4891 publica,
2524 4821 2618 4876 sed
2661 4821 2825 4878 etiam
2872 4823 2924 4877 in
2979 4833 3090 4879 toto
3139 4832 3404 4879 terrarum
3459 4825 3590 4880 orbe
3634 4825 3864 4891 dtﬁ‘uso,

2258 4914 2498 4970 omnium
2545 4913 2922 4969 hmreticorum
2965 4916 3105 4970 oculi
3151 4917 3529 4985 czecutientes,
3573 4917 3866 4974 catholica:

2255 5006 2379 5062 ﬁdei
2409 5007 2684 5077 agnitione
2711 5007 3066 5065 illustrentur.

2328 5101 2485 5156 Faxit
2533 5101 2695 5170 Deus,
2725 5111 2782 5158 ut
2813 5119 2930 5159 mea
2961 5107 3123 5160 etiam
3152 5107 3219 5162 ad
3249 5109 3507 5179 majorem
3540 5109 3868 5167 orthodoxa:

2258 5193 2383 5250 ﬁdei
2412 5194 2879 5253 conﬁrmationem
2905 5239 2922 5266 ,
2950 5199 3017 5254 ad
3046 5202 3217 5273 majus
3244 5204 3430 5273 gloria:
3458 5205 3866 5263 incrementum

2259 5287 2319 5342 S.
2356 5287 2414 5343 P.
2451 5288 2513 5343 N.
2541 5291 2794 5362 martyris
2817 5292 3052 5363 episcopi
3089 5295 3330 5363 Eusebii,
3362 5298 3519 5369 eique
3546 5297 3869 5356 famulantis

2256 5384 2503 5454 capituli,
2535 5384 2602 5440 ad
2641 5385 2859 5456 dignam
2887 5387 3104 5443 demum
3143 5392 3218 5444 tui
3247 5392 3485 5448 nominis
3511 5395 3871 5451 commenda-

2258 5475 2458 5532 tionem
2506 5480 2882 5550 compleantur
2910 5491 3054 5536 vota.
3082 5483 3283 5553 Accipe
3320 5485 3480 5556 igitur
3504 5527 3518 5550 ,
3551 5488 3871 5556 praeclaris-

2257 5569 2414 5637 sime,
2443 5586 2507 5627 ac
2529 5587 2745 5645 semper
2772 5576 2903 5631 mihi
2926 5577 3233 5647 gratissime
3256 5578 3568 5646 Blancbine,
3597 5582 3871 5652 quidquid

2258 5659 2601 5720 imbecillitas
2643 5684 2759 5722 mea
2794 5669 3024 5740 seligere
3053 5672 3242 5740 potuit,
3276 5673 3418 5744 quod
3449 5689 3610 5728 omne
3655 5673 3750 5729 tibi
3772 5675 3870 5743 ju-

2256 5755 2647 5816 cundissimum
2696 5759 2810 5820 fore
2856 5762 3090 5822 conﬁdo.
3133 5763 3273 5826 Vive
3311 5766 3442 5839 diu,
3472 5765 3703 5828 zelando
3731 5761 3870 5827 ﬁdei
