3950 6176
172 193 238 245 73

1148 184 1487 243 EPISTOLA
1526 182 1857 243 RUGGERII
1896 185 2378 245 NOVARIENSIS.

3333 198 3406 254 74

171 305 448 369 veritatem;
474 317 530 360 ac
553 303 601 357 in
620 301 795 359 arduo
820 302 1185 374 maximoque,
1210 304 1354 376 quod
1378 303 1700 375 suscepisti,
1730 309 1785 368 Α
1809 304 1924 358 idus
1954 303 2174 375 Augusti
2213 305 2265 358 in
2289 304 2448 359 Curte
2478 306 2638 379 Regia
2671 306 2958 375 Lustonoa,
2990 323 3086 366 seu
3110 309 3404 384 Justonoa,

171 412 339 467 opere,
358 404 406 452 te
427 396 546 450 Deus
565 395 890 450 incolumem
918 404 1129 459 servet,
1158 410 1224 450 ac
1250 396 1467 451 demum
1489 395 1555 449 ad
1579 394 1702 449 feli-

170 490 409 545 cissimum
428 489 602 544 salutis
620 497 840 544 :eternze
870 489 1050 544 locum
1082 488 1360 559 perducat.
1388 487 1542 544 Vale.
1574 486 1707 543 Ver-

172 583 306 638 cellis
327 582 400 636 die
421 597 469 636 xt
496 583 693 638 mensis
733 579 902 648 Junii,
934 583 1092 637 Anno
1125 580 1337 637 Domini
1365 581 1523 636 1738.

170 740 486 798 BLANCHINI
528 739 964 797 VERONENSIS
1002 739 1089 794 DE
1123 738 1374 796 CODICE
1405 737 1705 794 VERCEL-

629 835 825 890 LENSI
868 832 1202 890 JUDICIUM.

223 949 320 1020 Ego
362 950 410 1004 in
446 948 790 1004 illustrissimi
833 949 1080 1004 canonici
1134 947 1389 1018 Ruggerii
1454 944 1706 1001 laudibus

160 1042 324 1108 ferant,
346 1044 387 1098 si
413 1043 844 1099 dissertationem
864 1057 1076 1113 quoque
1099 1041 1328 1097 texuerit
1351 1041 1703 1111 singularem,

160 1146 295 1205 atque
313 1150 367 1189 ea
387 1145 726 1191 monumenta
757 1135 825 1189 ab
845 1133 993 1190 omni
1019 1133 1337 1203 antiquitate
1364 1132 1525 1202 petita
1557 1130 1707 1186 evul—

158 1224 352 1296 gaverit,
380 1241 490 1296 quae
518 1225 601 1298 (ut
631 1226 749 1296 ipse
783 1225 839 1280 in
879 1224 1108 1295 epistola
1136 1223 1351 1279 videtur
1377 1221 1624 1292 innuere)
1652 1223 1704 1277 in

158 1319 345 1375 archiva
369 1319 588 1390 insignis
614 1319 840 1390 capituli
870 1318 938 1373 ad
968 1317 1109 1373 hanc
1141 1316 1285 1372 diem
1319 1330 1492 1385 usque
1520 1313 1707 1370 adser-

158 1420 347 1476 vantur;
379 1420 433 1465 ut
461 1425 651 1466 eorum
693 1425 798 1480 ope
827 1409 1172 1466 sanctissimo
1203 1407 1458 1479 episcOpo
1483 1415 1540 1462 et
1565 1421 1708 1461 mar-

157 1503 245 1574 tyri
267 1502 482 1559 Eusebio
517 1503 798 1558 laudatum
834 1503 1078 1559 codicem
1111 1501 1531 1571 Evangeliorum
1556 1514 1700 1555 asse-

155 1604 221 1648 rat
239 1595 576 1665 vindicetque.
599 1595 682 1661 Id,
705 1605 762 1650 ut
782 1595 1164 1662 veliteflicere,
1188 1593 1348 1652 etiam
1365 1605 1527 1664 atque
1542 1593 1704 1647 etiam

151 1702 287 1758 rogo;
312 1690 441 1744 sicut
462 1705 526 1745 ex
559 1689 759 1744 litteris
783 1689 850 1744 ad
879 1705 1001 1744 eum
1027 1690 1242 1758 scriptis
1272 1688 1324 1744 id
1355 1703 1442 1744 me
1470 1701 1707 1741 summo-
1739 1713 1786 1773 Β

152 1793 260 1847 pere
299 1790 474 1848 optare
516 1781 816 1851 perspexit.
865 1785 1129 1850 Quantam
1160 1795 1290 1837 vero
1320 1779 1710 1851 antiquissimae

151 1873 388 1928 traditioni
440 1873 809 1930 Vercellensis
854 1875 1108 1930 Ecclesia:
1154 1875 1317 1930 ﬁdem
1364 1889 1465 1930 nos
1513 1873 1712 1928 habere

151 1967 414 2027 conveniat,
453 1965 693 2020 edocent
739 1975 856 2020 acta
884 1965 973 2020 illa
1000 1965 1060 2022 S.
1085 1965 1331 2031 Eusebii,
1365 1980 1486 2037 quae
1525 1964 1715 2020 Ferdi-

151 2058 327 2114 nandus
354 2059 636 2130 Ughellius
669 2061 870 2131 publici
906 2061 1045 2130 juris
1091 2061 1221 2117 fecit
1259 2060 1418 2116 Tom.
1463 2076 1513 2114 tv
1543 2059 1714 2113 Italia:

152 2148 317 2214 Sacrae,
348 2152 447 2206 col.
491 2152 663 2226 1050.
705 2153 891 2222 prima:
918 2152 1074 2218 edit.,
1115 2169 1180 2207 ea:
1198 2153 1377 2207 codice
1408 2153 1491 2223 (ut
1515 2149 1710 2222 inquit)

147 2243 440 2299 uetustissimo
457 2243 603 2299 Vita:
618 2255 917 2298 sanctorum
938 2245 1232 2300 monasterii
1250 2243 1302 2298 Ν
1305 2243 1627 2298 onantulani.
1652 2241 1713 2296 In

148 2330 202 2386 iis
222 2349 432 2404 namque
457 2337 529 2390 ita
565 2335 796 2406 legitur:
830 2354 851 2389 ι
888 2335 1166 2408 Pugnabat
1191 2345 1371 2391 autem
1405 2335 1624 2407 (scilicet
1647 2333 1709 2390 S.

148 2424 379 2499 Eusebius)
402 2439 600 2485 contra
634 2430 1053 2485 immanissimas
1074 2430 1276 2486 bestias
1300 2429 1712 2494 Arriomanitas,

146 2531 246 2586 quae
264 2535 374 2574 eum
398 2521 732 2592 expulerunt
763 2521 832 2577 de
858 2523 1100 2588 civitate,
1126 2521 1503 2592 persecutione
1533 2520 1714 2591 populi

144 2619 303 2666 contra
325 2628 443 2668 eum
472 2614 740 2670 excitata.
768 2615 837 2669 At
863 2614 974 2679 ille,
1005 2630 1074 2669 ne
1101 2615 1336 2686 populus
1357 2614 1411 2668 in
1439 2629 1562 2669 eum
1592 2629 1716 2684 pec-

145 2713 285 2770 caret,
321 2719 451 2774 qnos
478 2715 685 2776 postea
713 2705 1083 2761 delectabatur
1109 2705 1308 2761 habere
1339 2705 1502 2771 ﬁlios,
1536 2705 1716 2761 sciens

145 2793 386 2865 scriptum,
413 2797 475 2853 Si
510 2814 612 2852 uos
644 2798 900 2866 persecuti
941 2798 1132 2868 fuerint
1156 2798 1212 2851 in
1237 2813 1343 2851 una
1371 2797 1596 2862 civitate,
1627 2796 1716 2865 fu-

145 2885 233 2953 gite
250 2888 295 2940 in
315 2889 488 2953 aliam,
516 2891 668 2944 ultra
697 2888 895 2943 ﬁumen
919 2889 1120 2944 Padum
1139 2889 1352 2944 transiit
1371 2929 1386 2954 ,
1415 2897 1470 2944 et
1494 2887 1560 2943 ad
1588 2888 1718 2943 Cas-

145 2986 280 3045 trum,
307 2981 445 3052 quod
487 2981 700 3037 dicitur
745 2981 1193 3047 Credonensium,
1248 2980 1595 3050 perveniens,
1646 2979 1717 3034 ibi

148 3070 292 3125 tribus
321 3074 607 3129 mensibus
646 3075 878 3144 degens,
908 3074 961 3128 in
986 3073 1247 3128 honorem
1276 3072 1338 3127 B.
1371 3071 1469 3128 Dei
1485 3071 1692 3127 Genitri

142 3162 206 3217 cis
226 3167 517 3221 construxit
546 3166 901 3222 Oratorium:
936 3165 1029 3220 ubi
1073 3165 1234 3222 etiam
1281 3165 1458 3219 adhuc
1507 3161 1719 3233 longius

143 3255 335 3327 degens,
366 3261 726 3318 Evsuceuuu
774 3259 979 3315 Christi
1028 3259 1243 3330 propria
1274 3275 1435 3314 manu
1462 3272 1715 3320 scmesrr,

143 3349 270 3418 cujus
289 3352 618 3408 miraculum
646 3352 700 3407 in
723 3351 912 3408 eodem
941 3351 1130 3407 codice
1155 3361 1382 3422 quatuor
1402 3350 1722 3421 Evangelio-

145 3455 242 3496 nun
267 3459 365 3499 non
396 3447 585 3501 solum
618 3445 799 3500 verbis
825 3442 1052 3510 Christi,
1079 3444 1174 3500 sed
1201 3455 1257 3500 et
1283 3444 1524 3515 ejusdem
1549 3443 1722 3498 Patris

146 3540 267 3590 tanta
288 3538 451 3594 virtus
463 3545 748 3600 coruscat.
773 3545 855 3604 ut,
885 3535 932 3592 si
956 3536 1152 3607 aliquis
1173 3536 1427 3594 seductus
1449 3551 1480 3591 a
1505 3535 1723 3591 diabolo

146 3623 307 3683 falsum
333 3645 500 3701 super
525 3645 662 3686 eum
689 3628 1100 3686 Sacramentum
1133 3628 1346 3696 iecerit,
1373 3627 1534 3684 citius
1562 3641 1726 3697 super

144 3730 248 3772 cum
290 3720 439 3793 plaga
489 3719 749 3791 corporis
789 3719 1143 3775 ostendatur:
1195 3722 1264 3774 ita
1311 3730 1389 3786 ut,
1430 3729 1521 3774 aut
1553 3729 1728 3775 morte

147 3811 424 3881 mulctetur,
457 3827 557 3871 aut
598 3813 826 3884 perditis
857 3815 1031 3871 oculis
1058 3815 1336 3886 spirituale
1362 3824 1417 3870 et
1443 3815 1728 3884 corporale

149 3901 302 3961 lumen
320 3907 557 3976 amittat,
585 3917 684 3961 aut
705 3907 955 3963 ariditate
984 3907 1374 3974 membrorum,
1401 3923 1622 3963 mancus
1645 3906 1729 3962 vel

145 3994 340 4053 claudus
367 4000 674 4065 efﬁciatur,
718 4007 812 4055 aut
839 4001 1116 4056 invasione
1141 4001 1449 4056 daemonum
1479 4015 1616 4072 pene
1639 4014 1732 4055 us-

149 4100 235 4156 que
279 4090 341 4144 ad
392 4093 612 4147 exitum
657 4091 966 4147 dilanietur.
1007 4109 1027 4144 »
1085 4092 1245 4148 Hisce
1296 4091 1728 4160 laudationibus,

151 4180 351 4255 buieque
383 4191 508 4242 testi
567 4186 702 4242 item
747 4186 1104 4257 Berengarius
1128 4187 1359 4253 accedit,
1392 4187 1533 4242 ﬁlius
1557 4186 1730 4243 Eber-

151 4270 278 4330 hardi
324 4278 480 4334 ducis
528 4279 953 4348 Forojuliensis,
984 4281 1072 4350 qui
1101 4281 1390 4336 admodum
1431 4280 1648 4352 juvenis
1679 4280 1732 4336 in

153 4380 304 4437 regem
344 4369 517 4426 Italia:
566 4385 717 4425 anno
765 4371 892 4436 888,
939 4371 1039 4426 fuit
1093 4372 1356 4439 adiectus,
1408 4382 1469 4428 ut
1521 4379 1735 4428 constat

1812 411 1909 466 pro
1938 397 2258 466 quibusdam
2293 398 2512 468 praediis
2556 400 2908 472 Angelbergae
2944 404 3070 458 olim
3100 405 3405 474 imperatri-

1808 488 1910 555 eis,
1949 493 2002 543 in
2043 489 2192 543 Italia
2228 491 2527 556 morantis;
2562 507 2629 545 ex
2657 493 2850 560 quibus
2881 494 3048 564 liquet
3077 497 3313 552 nondum
3337 513 3404 554 eo

1807 594 1952 634 anno
1977 581 2153 636 locum
2185 580 2352 635 fuisse
2380 581 2708 653 Berengario
2738 584 3020 640 invadendi
3053 589 3225 658 regni,
3259 590 3404 660 quod

1808 673 1982 728 solum
2034 683 2157 743 post
2195 684 2423 730 mortem
2472 674 2648 730 Caroli
2695 679 3044 748 subsequenti
3091 697 3234 738 anno
3274 683 3399 751 888,

1809 763 2004 821 factum
2029 776 2133 820 est.
2162 765 2298 820 Sunt
2317 777 2372 822 et
2398 768 2498 821 alia
2521 767 2808 832 diplomata
2836 771 3074 826 nondum
3103 774 3244 829 edita
3263 775 3409 844 ejus-

1809 854 1930 910 dem
1978 856 2326 926 Berengarii,
2371 873 2442 912 ex
2491 859 2686 928 quibus
2716 859 2859 915 idem
2891 863 3176 918 evincitur.
3228 866 3404 922 Unum

1809 946 1992 1001 datum
2022 956 2106 1002 est
2145 966 2282 1002 anno
2329 950 2455 1016 889,
2489 966 2540 1004 tv
2577 951 2696 1006 idus
2731 955 3051 1021 septembris,
3092 973 3230 1012 anno
3260 962 3405 1033 regni

1808 1053 1866 1102 ll,
1898 1041 2126 1093 alterum
2156 1055 2301 1095 anno
2329 1042 2458 1106 89l,
2490 1057 2541 1096 tv
2567 1058 2737 1098 nouas
2773 1047 3119 1114 septembris,
3149 1064 3291 1105 anno
3318 1069 3405 1109 rc—

1808 1130 1898 1200 gni
1943 1147 2036 1198 vn,
2070 1140 2128 1185 ut
2168 1132 2270 1186 alia
2300 1133 2642 1190 omittantur.
2691 1134 2876 1192 IEtate
2919 1154 3049 1193 vero
3092 1140 3406 1214 Berengarit

1809 1223 1889 1276 sic
1915 1223 2314 1278 constabilitata
2338 1266 2354 1290 ,
2384 1227 2622 1281 nascitur
2650 1227 2783 1282 mihi
2815 1244 2957 1284 nunc
2987 1246 3182 1286 novum
3208 1235 3407 1303 proba-

1812 1314 1972 1370 tionis
1998 1331 2191 1386 genus,
2225 1317 2276 1370 in
2308 1333 2413 1387 quo
2439 1316 2554 1374 fere
2583 1320 2984 1390 conquiescam.
3017 1322 3121 1379 Sed
3152 1329 3404 1396 quoniam

1811 1407 1986 1476 ipsum
2027 1409 2281 1475 explicari
2329 1425 2436 1464 non
2470 1420 2649 1479 potest
2672 1454 2686 1476 .
2719 1415 2819 1468 nisi
2853 1414 3108 1485 inspectis
3138 1423 3411 1491 argenteis

1809 1497 2026 1553 laminis
2072 1499 2314 1569 ejusdem
2372 1502 2574 1557 codicis
2627 1504 2951 1571 Eusebiani,
3006 1525 3035 1562 a
3087 1509 3414 1584 Berengario

1810 1608 1945 1647 auro
1992 1605 2324 1664 argentoque
2365 1597 2624 1663 contexti,
2677 1608 2839 1670 atque
2889 1601 3143 1659 Ecclesia;
3180 1609 3410 1677 principi

1811 1683 2182 1740 Vercellarum
2231 1687 2298 1741 ab
2329 1686 2446 1756 ipso
2486 1699 2799 1745 reverenter
2827 1691 3024 1758 oblati,
3057 1695 3185 1764 ipsa:
3218 1699 3414 1754 tabula:

1819 1774 2171 1844 inspiciantur
2220 1777 2380 1834 Parte
2426 1795 2463 1834 ιι
2506 1779 2667 1851 hujus
2714 1784 2914 1852 Operis,
2965 1801 3083 1857 pag.
3129 1805 3329 1844 oustv
3359 1802 3415 1846 et

1818 1884 2011 1931 DLXIY,
2045 1884 2110 1923 ex
2139 1871 2330 1940 quibus
2373 1871 2559 1928 licebit
2603 1874 2876 1944 conjicere
2914 1892 3036 1932 eum
3069 1921 3084 1945 ,
3128 1893 3412 1952 postquam

1817 1959 2053 2032 episcopi
2087 1959 2448 2018 Vercellensis
2481 1965 2860 2033 patrimonium
2904 1972 3036 2025 satis
3063 1975 3302 2043 amplum
3332 1976 3417 2030 di-

1819 2050 2079 2120 ripuerst,
2129 2061 2326 2108 tactum
2359 2055 2547 2111 dolore
2572 2059 2750 2112 cordis
2779 2061 3126 2130 intrinsecus,
3155 2065 3421 2123 Eusebia-

1818 2158 1946 2198 num
1973 2148 2365 2217 autographum
2387 2163 2509 2204 cum
2534 2149 2746 2207 fauore
2766 2153 3081 2212 reddidisse.
3109 2157 3244 2214 Rem
3260 2176 3422 2216 narro

1819 2249 1887 2289 ex
1937 2235 2206 2292 Hadriano
2251 2238 2486 2308 Valesio,
2537 2241 2631 2311 qui
2675 2259 2794 2315 cap.
2827 2261 2880 2300 tv
2911 2247 3330 2307 Adnotationum
3363 2253 3417 2309 in

1821 2328 2094 2384 laudatum
2117 2333 2372 2403 anonymi
2404 2335 2785 2406 panegyricum
2806 2338 3014 2409 inquit:
3051 2359 3070 2393 ι
3103 2340 3260 2398 Anno
3288 2345 3418 2410 886.

1820 2420 1960 2476 inter
1987 2422 2367 2492 Berengarium
2384 2425 2808 2495 Forojuliensem
2827 2429 3043 2500 ducem,
3071 2442 3123 2488 et
3150 2433 3420 2491 Luitvvar-

1819 2512 1946 2568 dum
1977 2515 2290 2586 episcOpum
2339 2516 2774 2589 Vercellensem,
2806 2523 2983 2579 Caroli
3018 2529 3239 2597 Augusti
3270 2545 3302 2584 a
3330 2546 3422 2587 se-

1818 2603 1981 2660 cretis
2007 2607 2374 2663 consiliarium
2399 2610 2638 2680 unicum,
2666 2626 2783 2669 orta
2805 2614 3075 2672 discordia
3090 2627 3194 2674 cst.
3219 2620 3422 2677 Beren-

1819 2701 2002 2770 garius
2035 2717 2130 2770 per
2157 2703 2289 2768 vim,
2320 2712 2412 2758 aut
2437 2719 2534 2774 per
2561 2706 2786 2762 insidias
2817 2708 3092 2767 Vercellas
3121 2712 3422 2785 ingressus,

1821 2793 2020 2847 multas
2049 2809 2138 2850 res
2165 2795 2403 2866 episcopi
2451 2813 2550 2867 pro
2576 2799 2850 2856 voluntate
2888 2805 3170 2875 surripuit,
3202 2825 3266 2865 ac
3287 2809 3424 2868 urbe

1821 2884 2056 2938 excessit
2083 2887 2272 2954 spoliis
2293 2897 2541 2957 onustus,
2576 2892 2793 2946 nemine
2822 2893 3144 2962 prohibente
3170 2917 3183 2952 :
3215 2902 3311 2957 sed
3337 2905 3422 2958 itt-

1822 2975 2070 3044 seqnenti
2100 2991 2245 3031 anno
2290 2977 2393 3032 887
2421 2979 2486 3034 ad
2519 2980 2898 3046 imperatorem
2939 2992 3107 3052 venit,
3138 2999 3192 3044 et
3217 2995 3428 3063 magnis

1824 3065 2137 3119 muneribus
2181 3069 2565 3122 contumeliam
2617 3086 2680 3124 ac
2720 3072 2967 3142 injuriam
3009 3078 3264 3149 episcopo
3314 3081 3428 3139 fac-

1825 3166 1933 3210 tam
1987 3155 2110 3222 luit,
2163 3157 2490 3228 inimicoque
2540 3161 2820 3230 satisfecit,
2872 3168 3324 3236 quemadmodum
3372 3177 3426 3233 in

1821 3248 2124 3303 Annalibus
2154 3248 2484 3306 Bertiniauis
2511 3253 2807 3314 invenitur.
2846 3275 2866 3309 ι
2919 3260 3078 3314 Anno
3109 3263 3251 3317 enim
3277 3265 3384 3322 886
3407 3309 3426 3336 ,

1825 3338 1953 3395 Post
1999 3339 2226 3407 Pascha,
2276 3342 2570 3415 (inquiunt)
2617 3346 2792 3402 habito
2825 3351 3052 3419 generali
3091 3351 3276 3424 Papia:
3306 3375 3430 3412 cono

1824 3444 1973 3486 ventu
2018 3433 2298 3502 imperator
2341 3451 2432 3504 per
2464 3434 2819 3507 Burgundiam
2842 3483 2856 3508 ,
2891 3442 3091 3497 obviam
3123 3444 3430 3506 Norminnis

1824 3529 1878 3582 in
1910 3527 2157 3594 Galliam,
2200 3531 2289 3596 qui
2335 3541 2455 3584 tunc
2501 3531 2722 3588 Parisiis
2770 3546 2939 3602 erant,
2991 3555 3147 3610 usque
3185 3546 3429 3611 pervenit.

1831 3617 2011 3674 Occiso
2050 3620 2120 3673 ibi
2151 3619 2382 3677 Henrico
2412 3622 2708 3679 Marc/tensi
2736 3624 3078 3697 Francorum,
3113 3635 3197 3702 qui
3219 3635 3273 3687 id
3299 3646 3430 3690 tent-

1828 3727 1924 3780 pus
1951 3709 2254 3765 Neustriam
2290 3715 2469 3778 tenuit,
2497 3731 2608 3778 rex,
2637 3733 2819 3784 parum
2845 3735 3086 3789 prospere
3111 3725 3239 3777 actis
3261 3725 3430 3792 rebus,

1827 3803 2097 3855 revertitur
2135 3803 2190 3856 in
2230 3820 2348 3858 sua.
2385 3803 2659 3862 Discordia
2687 3809 2819 3864 inter
2849 3810 3217 3885 Berengarium
3243 3833 3436 3890 cogna-

1830 3903 1938 3947 tutn
1983 3895 2136 3964 regis,
2170 3896 2260 3965 qui
2285 3895 2426 3950 Foro
2451 3898 2690 3954 Juliense
2719 3904 2946 3971 fruitur,
2992 3915 3040 3960 et
3085 3906 3436 3966 Liviwardutn

1831 3989 2125 4059 episcopum
2157 3989 2343 4043 oritur.
2378 3989 2667 4061 Pr0pterea
2692 3992 3040 4068 Berengarius
3067 4002 3273 4058 mittens
3307 4004 3438 4058 Ver-

1832 4082 2070 4135 cellinam
2113 4083 2288 4136 urbem
2315 4084 2599 4152 expoliare,
2629 4085 2798 4156 ibique
2833 4091 3058 4155 veniens,
3087 4094 3262 4148 multis
3288 4095 3438 4150 rebus

1833 4175 2058 4244 episcOpi
2107 4175 2349 4247 abreptis,
2383 4186 2535 4248 prout
2560 4179 2749 4246 voluit,
2792 4197 3026 4237 reversus
3066 4193 3160 4238 est.
3204 4185 3272 4239 Et
3301 4203 3438 4243 anno

1833 4267 1962 4331 887,
1994 4267 2276 4335 imperator
2304 4268 2511 4322 elisaica
2551 4287 2738 4344 ntagna
2778 4273 3078 4342 infirmitate
3103 4276 3437 4350 adgravatur.

1836 4355 2025 4412 Postea
2038 4375 2221 4427 parum
2234 4360 2683 4426 convalescens,ad
2696 4362 3046 4418 Alemanniam
3057 4367 3399 4437 proﬁciscitur
3419 4387 3439 4428 :

154 4471 206 4512 es
229 4461 405 4533 sigillis
433 4465 626 4521 cereis
653 4463 1027 4534 diplomatum,
1070 4480 1191 4536 qua:
1219 4465 1336 4536 ipse
1361 4464 1509 4521 dedit
1546 4465 1723 4535 primis

1838 4468 2046 4522 vergens
2089 4450 2297 4506 Curtem
2346 4451 2636 4520 Podonam,
2670 4472 2765 4526 pro
2795 4457 2993 4523 dolore,
3021 4461 3205 4528 capitis
3231 4463 3442 4519 incisio-

154 4551 222 4605 sui
257 4557 403 4626 regni
456 4556 651 4611 annis.
684 4555 760 4611 lbi
803 4557 946 4612 enim
982 4556 1192 4628 efﬁgies
1227 4558 1469 4614 cernitur
1498 4556 1734 4612 hominis

159 4641 405 4716 imberbis,
436 4651 770 4720 vultumque
804 4648 1098 4720 juvenilem
1130 4649 1490 4721 praeferentis,
1521 4650 1736 4721 qualem

159 4751 247 4792 non
270 4741 450 4800 videas
480 4745 541 4799 in
567 4742 1013 4814 subsequentium
1038 4759 1302 4799 annorum
1332 4743 1736 4815 diplomatibus.

161 4824 469 4900 Guglieltnus
495 4833 836 4892 Godefridus
861 4835 1183 4901 Leibnitius,
1207 4835 1301 4907 qui
1329 4836 1621 4892 editionem
1653 4851 1742 4890 or-

160 4923 303 4991 navit,
328 4942 390 4982 ae
417 4929 652 4984 brevem
679 4925 1097 4998 Chronologiam
1137 4928 1344 4998 antiqui
1372 4929 1614 4983 carminis
1650 4943 1743 4998 pa-

161 5020 360 5087 negyrici
386 5022 450 5076 de
480 5020 734 5076 laudibus
777 5021 1075 5094 Berengarii
1125 5021 1344 5094 Augusti
1389 5022 1644 5092 (primum
1677 5020 1746 5076 ab

160 5105 409 5167 lladriauo
456 5113 682 5168 Valesio
726 5113 1158 5171 christianissimi
1194 5115 1338 5187 regis
1360 5114 1550 5172 Galliae
1577 5117 1748 5170 histo-

159 5199 426 5274 ﬁtugrapbo
474 5206 766 5279 evulgati),
795 5223 826 5263 a
855 5223 1040 5264 mense
1068 5209 1210 5264 maio
1251 5209 1380 5265 anni
1410 5209 1537 5274 887,
1582 5224 1748 5265 exor-

159 5291 282 5349 ditur
310 5313 553 5369 regnum
580 5299 893 5370 Bereugarii
924 5300 975 5354 in
1002 5299 1172 5354 Italia.
1208 5299 1313 5356 Sed
1342 5299 1393 5354 id
1418 5300 1639 5354 minime
1659 5313 1749 5354 so-

163 5383 266 5439 lidis
311 5387 728 5456 fundamentis,
761 5392 836 5446 uti
867 5393 943 5446 ait
971 5391 1319 5447 doctissimus
1357 5391 1524 5448 abbas
1563 5390 1746 5447 Ludo-

165 5479 290 5535 vicus
339 5482 683 5540 Mur-alarius
720 5485 882 5540 Parte
912 5501 930 5540 1
959 5485 1111 5541 Tomi
1144 5503 1181 5542 ιι
1209 5486 1404 5542 Rerum
1445 5484 1753 5541 Italicarum

167 5585 266 5640 pag.
308 5576 440 5642 ⁸575,
474 5576 572 5632 cui
599 5589 723 5634 ante
749 5579 938 5634 oculos
961 5578 1386 5636 observabuntur
1433 5579 1541 5636 duo
1582 5579 1756 5649 diplo-

168 5675 288 5721 tnata
318 5667 510 5726 Caroli
558 5667 736 5727 Crassi
764 5671 1109 5743 imperatoris
1139 5714 1156 5742 ,
1189 5672 1316 5732 data
1341 5689 1479 5730 anno
1514 5672 1640 5744 887,
1698 5689 1756 5730 ιιι

569 5763 841 5828 ΡΑτιιοι.
894 5764 1039 5830 ΧΠ.

1841 4559 1955 4597 nem
1980 4544 2194 4614 accepit.
2225 4542 2506 4598 Transacto
2534 4546 2618 4600 die
2644 4557 2822 4602 sancto
2847 4548 3086 4620 Pascltaz,
3113 4555 3344 4610 habitum
3367 4567 3440 4613 est

1843 4635 2106 4691 Placitum
2139 4634 2472 4709 Weibilinga.
2516 4637 2601 4692 lbi
2626 4640 2756 4694 inter
2785 4643 2890 4696 alia
2915 4642 3256 4718 Berengarius
3280 4649 3349 4703 ad
3375 4649 3442 4719 ﬁ-

1845 4728 2106 4783 delitatem
2137 4727 2356 4782 Caesaris
2385 4731 2630 4799 pervenit,
2664 4736 2962 4806 magnisque
2993 4740 3288 4794 muneribus
3318 4758 3442 4796 cott-

1847 4819 2110 4876 lumeliam
2135 4859 2150 4885 ,
2181 4836 2334 4885 quam
2367 4822 2422 4875 in
2450 4821 2742 4880 Liviwardo
2771 4830 2934 4899 priori
2957 4847 3090 4885 anno
3117 4835 3442 4890 commiserat

1845 4913 2199 4980 componendo
2229 4915 2466 4970 absoluit.

1917 5006 2205 5062 Eusebiaui
2238 5007 2442 5064 codicis
2469 5012 2787 5081 operculum
2821 5031 2886 5070 ex
2914 5029 3140 5089 argento
3165 5029 3220 5076 et
3251 5036 3384 5077 auro
3409 5038 3442 5078 a

1847 5098 2174 5168 Bereogario
2199 5114 2324 5169 rege
2351 5102 2707 5160 instauratum
2727 5148 2742 5173 ,
2772 5122 2837 5163 ex
2885 5125 2990 5166 una
3021 5121 3172 5181 parte
3201 5113 3446 5170 Salvato-

1853 5193 1930 5248 ris
1983 5192 2156 5248 nostri
2182 5191 2467 5276 _elﬁgiem,
2515 5211 2583 5253 ex
2624 5198 2729 5254 alia
2759 5199 2817 5256 S.
2873 5201 3171 5260 Eusebium
3224 5205 3447 5262 exhibet

1850 5285 2096 5343 EUSEB.
2130 5287 2300 5343 EPS:
2351 5287 2418 5342 ad
2462 5287 2580 5365 ejus
2624 5304 2755 5346 vero
2786 5291 2952 5361 pedes
2997 5295 3200 5350 laudati
3255 5310 3444 5352 versus

1851 5379 2108 5451 adscripti
2143 5381 2389 5450 leguntur
2420 5399 2432 5434 :

1853 5496 1892 5556 ’1-
1918 5495 2102 5564 Ριᾶξξυι
2133 5495 2214 5564 llic
2237 5495 2482 5564 Eusebius
2504 5497 2715 5564 scripsit,
2736 5498 2983 5564 solvitque
3013 5504 3230 5550 vetustas
3251 5513 3264 5548 :

2007 5557 2117 5608 Rex
2142 5558 2854 5621 Berengariussed‘reparavit
2877 5557 3005 5611 idem
3031 5576 3044 5610 :

1855 5621 2129 5688 Argentum
2151 5618 2402 5688 postquam
2421 5619 2552 5688 fulvo
2569 5618 2874 5688 deprompsit
2890 5619 3441 5682 (l.decompsit)etauro,

2009 5677 2263 5746 Ecclesiae,
2277 5677 2485 5744 "praesul,
2509 5677 2687 5741 optulit
2708 5677 2816 5740 ipse
2843 5677 2960 5734 tuae.

2885 5763 2926 5821 3
