3950 6176
568 178 641 235 75

1933 166 2468 235 ΡηοιΕρΟΜΕΝΑ.
3749 186 3807 245 76

566 274 740 363 Hujus
763 287 968 357 codicis
994 287 1141 346 omni
1170 287 1319 344 cultu
1346 294 1401 351 et
1429 286 1779 345 veneratione
1801 286 2163 359 prosequendi
2191 300 2246 360 Α
2268 287 2612 345 manifestum
2640 296 2725 347 est
2756 305 2771 345 :
2810 290 2921 348 illic
2958 300 3141 350 autem
3183 293 3453 353 exstitisse
3496 296 3547 352 in
3571 298 3806 360 codicibus

567 386 691 443 vide
719 384 1087 457 integumenta
1112 392 1365 454 argentea
1396 382 1492 439 teri
1540 382 1707 437 incisa
1736 376 1897 437 Parte
1924 378 1961 435 ii
2001 370 2161 451 hujus

568 474 751 553 operis
783 495 904 552 pag.
933 462 1037 535 57d
1064 484 1118 534 et
1141 460 1247 534 5‘75
1266 517 1283 544 ,
1317 474 1452 548 quas
1479 470 1727 547 allegavi.

636 560 805 643 igitur
831 585 901 627 ex
957 567 1345 640 epigrammate
1390 580 1421 622 a
1458 564 1787 637 Berengario
1833 565 1885 620 in
1941 560 2157 621 Vercel-

566 663 702 719 lensi
732 661 921 717 codice
947 674 1209 730 expresso
1240 656 1522 724 tenemus,
1565 657 1740 729 ipsum
1770 654 2011 712 Codicem
2040 670 2069 711 a
2098 656 2158 713 S.

567 753 797 811 Eusebio
839 751 1004 807 fuisse
1032 759 1313 806 exaratum
1349 764 1363 803 :
1398 748 1542 820 quod
1591 748 1958 804 teSIimon‘ium
1982 789 1996 814 ,
2028 754 2160 817 quo-

2266 376 2469 434 Latinis
2493 379 2793 450 prteser'tim
2822 376 3237 441 mediolanensis
3266 376 3612 459 Metropoleos
3634 388 3701 463 (in
3726 406 3805 447 cu-

2258 470 2348 540 jus
2376 472 2573 527 llnibus
2597 472 2861 529 Vercellae
2888 475 3326 549 continebantur)
3358 479 3569 550 scriptis
3589 491 3704 538 ante
3725 483 3805 539 ini-

2262 576 2367 631 qua
2403 561 2725 635 ArianOrum
2777 573 3021 637 tempera
3043 610 3060 638 ,
3107 568 3309 625 nemini
3357 570 3571 626 dubium
3598 588 3707 629 esse
3731 589 3806 646 po-

2261 660 2386 709 test.

2332 746 2467 803 Vide
2494 716 2663 803 eum
2680 748 3072 806 Tertullianum
3098 753 3151 808 in
3180 753 3319 808 libro
3348 752 3417 810 de
3435 769 3593 811 carne
3617 754 3806 822 Christi.

2260 852 2419 907 quem
2452 837 2639 893 Roma:
2668 841 2888 910 scripsit
2932 842 3192 899 adversus
3218 844 3539 902 Marcionem
3557 890 3573 915 ,
3600 848 3805 918 Apellem

2260 938 2313 983 et
2342 928 2723 986 Valentinum:
2767 948 2995 1003 quorum
3052 937 3257 1005 primus
3302 939 3531 1009 negabat
3571 939 3808 996 Christum

2260 1035 2441 1075 veram
2474 1037 2688 1077 carnem
2714 1021 2996 1092 habuisse;
3022 1029 3289 1084 secundus
3314 1029 3635 1087 concedebat
3658 1047 3809 1088 veram

2258 1128 2477 1170 carnem
2512 1117 2760 1173 habuisse
2780 1159 2795 1185 ,
2828 1114 2922 1175 sed
2954 1136 3080 1176 vere
3102 1124 3285 1178 natum
3314 1126 3433 1179 esse
3450 1127 3693 1196 negabat;
3721 1132 3808 1181 ter;

2258 1207 2364 1261 tius
2405 1222 2525 1263 cum
2577 1207 2857 1276 fateretur,
2901 1214 2955 1266 et
2984 1227 3167 1268 veram
3210 1229 3427 1271 carnem
3480 1210 3742 1283 habuisse,
3768 1218 3810 1272 et

2257 1298 2382 1355 vere
2407 1310 2586 1354 natum
2617 1316 2737 1357 esse
2760 1344 2773 1368 ,
2807 1304 2984 1359 aiebat
3005 1304 3154 1362 illum
3184 1318 3367 1363 natum
3396 1326 3515 1367 esse
3539 1326 3628 1382 per
3657 1308 3805 1382 Virgi-

2257 1407 2378 1445 nem
2402 1434 2416 1457 ,
2448 1403 2607 1463 atque
2637 1393 2689 1448 in
2720 1394 2938 1465 Virgine
2957 1442 2970 1465 ,
3004 1409 3058 1453 at
3089 1414 3195 1455 non
3223 1417 3289 1456 ex
3319 1402 3547 1474 virgine.
3570 1398 3810 1459 Adversus

551 1511 711 1548 manu
740 1490 1074 1547 suStuleruut
1118 1489 1340 1563 (nempe
1384 1502 1597 1543 versum
1642 1485 1713 1554 6,
1744 1501 1862 1555 cap.
1897 1484 2002 1556 in).
2037 1481 2151 1538 lloc
2255 1482 2400 1538 enim
2434 1486 2565 1541 istos
2597 1482 2883 1545 haereticos
2914 1489 3057 1546 idem
3097 1490 3459 1551 Tertullianus
3502 1488 3641 1551 hunc
3665 1497 3808 1566 ipsum

548 1584 689 1641 enini
721 1584 980 1654 llagitium
1000 1624 1015 1649 ,
1045 1579 1299 1653 quoniam
1327 1578 1722 1650 deprehensum
1753 1577 1853 1631 fuit
1879 1578 2024 1631 circa
2052 1592 2149 1629 an-
2253 1576 2476 1633 Joannis
2506 1579 2680 1635 locum
2708 1581 2840 1636 citat
2872 1601 2885 1637 :
2922 1601 2940 1633 ‹
2993 1584 3113 1655 Ipse
3155 1587 3411 1643 Dominus
3431 1630 3445 1654 ,
3481 1590 3645 1660 inquit
3670 1630 3682 1653 ,
3709 1602 3811 1643 sen-

549 1682 676 1734 num
710 1686 974 1747 reparata:
1004 1675 1193 1730 salutis
1220 1666 1326 1729 557
1349 1716 1363 1739 ,
1397 1673 1587 1727 miram
1619 1670 1912 1727 Eusebiani
1944 1669 2144 1724 codicis
2178 1685 2226 1744 B
2256 1670 2546 1726 tcntialiter
2573 1681 2626 1727 et
2656 1672 2930 1730 deiinitivc
2980 1681 3381 1745 pronuntiavit,
3423 1680 3561 1751 quod
3601 1680 3652 1734 in
3685 1695 3812 1733 carne

547 1770 923 1841 antiquitatem
956 1764 1233 1830 ostendit,
1257 1760 1421 1834 atque
1452 1762 1658 1818 inolitaa
1688 1759 1965 1817 traditioni
1996 1758 2146 1815 addit
2251 1769 2430 1815 natum
2467 1771 2571 1829 est,
2605 1779 2725 1818 caro
2750 1773 2821 1819 est
2842 1808 2857 1835 ,
2891 1781 3015 1828 QUIA
3056 1782 3123 1823 nx
3164 1785 3336 1825 causa
3375 1784 3555 1827 NATUII
3595 1786 3700 1827 asr.
3727 1770 3813 1826 Sed

546 1846 836 1917 maximum
870 1858 1080 1931 pcndus
1123 1855 1485 1914 auctoritatis.
1519 1842 1822 1927 Legebatur
1851 1858 2049 1924 nempe
2082 1854 2136 1909 in
2248 1852 2295 1909 si
2349 1851 2418 1909 de
2450 1854 2666 1911 homine
2708 1860 3086 1915 tantummodo
3121 1862 3278 1930 dixit,
3324 1879 3431 1918 non
3460 1875 3516 1920 et
3555 1865 3619 1920 de
3646 1871 3813 1920 semet-

544 1955 760 2010 laudato
784 1954 959 2024 Capite
988 1966 1047 2007 nt
1096 1946 1378 2020 Evangelii
1406 1948 1700 2003 secundum
1720 1946 1983 2002 Joannem
2006 1960 2057 2000 v.
2083 1946 2139 2013 6,
2246 1947 2399 2020 ipso;
2453 1953 2611 2022 plane
2638 1968 2769 2025 nega
2808 1944 3083 2011 Christum
3110 1998 3123 2022 ,
3156 1969 3208 2013 et
3240 1960 3313 2013 ita
3340 1954 3605 2025 defende,
3648 1972 3743 2012 non
3770 1962 3814 2011 et

541 2047 680 2119 quod
708 2057 884 2103 natum
915 2055 986 2101 est
1015 2044 1079 2100 de
1109 2048 1293 2111 Carne,
1323 2059 1445 2097 caro
1476 2052 1549 2097 est
1573 2082 1589 2109 ,
1627 2042 1749 2112 quia
1780 2039 1844 2094 de
1872 2056 2024 2094 carne
2049 2056 2143 2093 na-
2245 2040 2421 2111 ipsum
2453 2046 2797 2114 competisse.
2844 2043 3041 2119 Atquin
3088 2049 3337 2121 subjicit,
3368 2061 3415 2106 et
3458 2052 3595 2123 quod
3630 2051 3688 2105 de
3712 2049 3814 2119 Spi-

544 2154 650 2197 tum
677 2152 752 2217 est
776 2158 793 2204 ;
818 2146 867 2197 et
897 2139 1033 2211 quod
1063 2147 1242 2194 natum
1286 2145 1359 2193 est
1395 2137 1458 2191 de
1488 2130 1693 2208 Spiritu
1718 2176 1733 2203 ,
1760 2133 1989 2206 Spiritus
2020 2130 2094 2188 est
2118 2177 2134 2201 ,
2243 2135 2348 2189 ritu
2371 2148 2547 2191 natum
2568 2149 2671 2206 est,
2702 2140 2932 2211 Spiritus
2959 2144 3033 2197 est
3052 2185 3067 2209 ,
3109 2146 3234 2208 QCIA
3263 2160 3399 2201 neos
3440 2146 3674 2202 SPlRITUS
3699 2158 3813 2209 esr,

541 2236 661 2301 quia
687 2216 826 2287 Deus
859 2230 1088 2304 Spiritus
1115 2226 1221 2297 est,
1254 2242 1301 2285 et
1327 2247 1391 2285 ex
1418 2216 1529 2284 Deo
1561 2232 1711 2285 natus
1736 2236 1846 2293 est;
1876 2237 1935 2283 ut
1961 2224 2139 2283 adhuc
2243 2243 2313 2283 er
2344 2244 2409 2284 ne
2440 2244 2543 2285 nso
2568 2246 2736 2288 unus
2765 2240 2889 2288 est".
2922 2233 3037 2290 Hoc
3072 2238 3254 2308 utique
3274 2280 3288 2303 ,
3339 2236 3424 2293 vel
3468 2255 3535 2295 eo
3579 2238 3735 2309 magis
3770 2235 3813 2290 in

541 2330 593 2383 in
621 2325 953 2384 vercellensi
979 2324 1166 2380 codice
1188 2321 1443 2379 habetur.
1481 2320 1588 2378 Sed
1620 2322 1769 2391 impii
1796 2314 2045 2375 homines
2072 2335 2135 2375 ea
2242 2319 2416 2389 ipsum
2446 2321 2650 2389 tendit,
2690 2324 2737 2378 si
2789 2326 2844 2381 et
2888 2326 2942 2380 in
2984 2324 3269 2385 credentes
3322 2330 3462 2401 ejus.
3499 2331 3555 2388 Si
3606 2346 3725 2401 ergo
3771 2334 3816 2383 et

540 2420 701 2476 verba
722 2460 739 2487 ,
767 2417 1012 2490 quoniam
1038 2410 1180 2471 Deus
1205 2414 1432 2486 Spiritus
1471 2424 1577 2477 est,
1613 2410 1739 2468 dolo
1769 2428 1831 2467 ac
1858 2410 2044 2467 fraude
2068 2427 2136 2481 ex
2239 2410 2344 2465 hoc
2373 2412 2439 2467 ad
2462 2413 2638 2483 ipsum
2662 2458 2676 2483 ,
2706 2418 2803 2471 cur
2830 2427 2884 2473 et
2912 2433 3018 2473 non
3046 2419 3177 2475 illud
3205 2420 3407 2492 supra?
3458 2440 3477 2474 ι
3514 2430 3616 2479 etc.
3647 2420 3809 2492 Neque

535 2500 787 2569 ninnibus
832 2511 1001 2567 sacris
1050 2508 1422 2565 voluminibus
1450 2523 1703 2575 erasere,
1734 2517 1791 2561 ut
1820 2504 2077 2562 discimus
2104 2522 2134 2562 a
2241 2504 2428 2561 Roma:
2460 2516 2665 2563 tantum
2688 2550 2702 2575 ,
2741 2519 2834 2565 aut
2877 2511 3025 2568 solus
3055 2512 3155 2568 ista
3207 2514 3339 2585 legit
3385 2515 3743 2571 Tertullianus
3768 2513 3813 2569 in

537 2607 600 2663 S.
632 2596 923 2661 Ambrosio
949 2644 965 2671 ,
997 2602 1088 2676 qui
1114 2602 1345 2658 Arianos
1374 2599 1453 2655 sic
1495 2600 1788 2671 compellat
1818 2601 1869 2653 in
1900 2599 2038 2654 libro
2069 2598 2136 2654 de
2238 2594 2530 2667 Evangelia
2578 2598 2839 2667 Joannis;
2880 2602 2980 2658 56d
3029 2613 3084 2660 ei»
3118 2605 3170 2659 ill
3200 2605 3382 2662 Amen
3410 2605 3733 2679 Cyprianus.
3760 2610 3808 2660 ει

535 2695 739 2768 Spiritu
770 2690 972 2752 Sancto
1006 2713 1020 2749 :
1074 2712 1093 2747 ‹
1152 2688 1264 2748 Nec
1307 2691 1485 2747 solum
1535 2692 1637 2747 hoc
1683 2691 1804 2746 loco
1854 2684 2135 2746 evidenter
2237 2703 2358 2742 cum
2388 2689 2480 2744 illo
2511 2691 2728 2760 plurimi
2759 2694 2999 2765 episcopi
3023 2695 3074 2751 in
3100 2697 3329 2768 synodo,
3354 2714 3475 2769 qua:
3507 2698 3812 2771 Carthagine

536 2791 705 2847 sancti
732 2787 969 2860 Spiritus
994 2788 1243 2854 Θεὸτητα,
1275 2785 1379 2840 hoc
1406 2794 1491 2867 est
1534 2785 1794 2841 Deitalem
1817 2825 1832 2849 ,
1863 2785 2132 2855 scriptura
2237 2796 2380 2835 anno
2400 2782 2506 2837 256
2544 2782 2817 2841 celebrata
2870 2799 2951 2843 est
2972 2831 2986 2857 ,
3010 2798 3065 2845 et
3097 2790 3150 2845 in
3178 2807 3282 2862 qua
3329 2794 3591 2863 agebatur
3616 2790 3677 2849 de
3699 2784 3811 2864 bap-

536 2878 795 2951 testatur;
830 2879 926 2937 sed
947 2880 1110 2937 etiam
1139 2880 1256 2951 ipse
1282 2877 1544 2933 Dominus
1572 2876 1707 2933 dixit
1736 2877 1788 2932 in
1818 2877 2129 2948 Evangelia,
2236 2870 2456 2928 tizandis
2478 2874 2751 2931 Itwrett'cis.

531 2976 775 3048 quoniam
801 2973 941 3030 Deus
968 2972 1197 3045 Spiritus
1218 2982 1311 3027 est.
1338 2971 1509 3041 Quem
1538 2971 1715 3028 locum
1747 2970 1819 3026 ita
1848 2986 2127 3042 eXpressc,
2303 2965 2640 3025 Novissitnus
2670 2966 2845 3027 editor
2886 2972 2944 3028 S.
2986 2974 3258 3033 Ambrosii
3308 2977 3373 3033 ad
3428 2977 3572 3036 hunc
3609 2976 3813 3036 Joannis

530 3069 747 3135 Ariani,
774 3065 1138 3124 testificamini
1176 3080 1297 3121 esse
1321 3064 1390 3121 de
1417 3063 1620 3135 Spiritu
1644 3106 1660 3131 ,
1706 3070 1765 3119 ut
1794 3079 1916 3119 eum
1944 3080 1976 3119 e
2003 3064 2125 3118 ves-

2255 3073 2409 3114 ocum
2430 3101 2445 3125 ,
2479 3076 2637 3130 quem
2662 3077 2730 3116 ex
2768 3063 2982 3119 laudato
3014 3064 3275 3123 Ecclesiae
3315 3070 3542 3128 d0ctore
3583 3069 3813 3142 superius

530 3164 628 3218 tris
652 3161 929 3219 codicibus
952 3158 1209 3215 auferatis
1243 3178 1257 3212 :
1287 3168 1447 3229 atque
1480 3160 1682 3213 utinam
1712 3157 1781 3213 de
1807 3158 2003 3213 vestris
2024 3198 2039 3224 ,
2070 3162 2129 3211 et
2232 3151 2474 3215 reCilavi.
2501 3152 2615 3208 haec
2644 3156 2851 3223 putavit
2890 3172 3011 3212 esse
3036 3159 3373 3217 observanda
3408 3181 3422 3218 :
3462 3182 3481 3215 ‹
3525 3163 3813 3236 sequentes

531 3270 638 3309 non
666 3255 828 3309 etiam
877 3253 947 3307 de
993 3250 1251 3305 Ecclesiae
1281 3248 1560 3304 codicibus
1588 3248 1873 3303 tolleretis.
1913 3266 1932 3299 ›
1968 3246 2127 3301 Dele-
2230 3256 2389 3297 voces
2411 3244 2639 3315 (inquit,
2674 3256 2803 3302 tom.
2834 3262 2872 3303 ll
2894 3289 2909 3316 ,
2940 3264 2993 3320 p.
3020 3250 3182 3323 677),
3211 3253 3329 3323 quia
3369 3256 3433 3309 de
3467 3260 3626 3311 carne
3650 3260 3812 3310 natum

563 849 702 901 niam
732 845 822 902 illo
851 860 980 917 rege
1008 842 1393 917 proficiscitur,
1430 841 1499 897 ad
1528 856 1728 897 nonum
1757 841 1955 895 Christi
1988 840 2161 895 saecu-

558 940 667 994 lum
706 938 791 995 est
828 922 1198 993 referendum.
1222 924 1525 1005 Antequam
1566 950 1698 989 vero
1724 933 1943 989 tollatur
1967 946 2158 987 manus

557 1050 588 1089 e
620 1030 834 1099 tabula,
864 1028 1080 1085 unicum
1112 1028 1305 1084 saltem
1338 1024 1540 1083 laudati
1580 1025 1783 1083 codicis
1812 1014 1991 1082 locum
2021 1026 2157 1080 reci-

560 1138 766 1191 temus,
799 1126 959 1195 quem
1010 1120 1193 1176 Ariani
1248 1134 1314 1175 eo
1369 1116 1648 1189 tempore,
1705 1132 1811 1187 quo
1856 1116 2157 1173 Auxentius

560 1214 1020 1273 Mediolanenscm
1052 1198 1355 1268 Ecclesium
1399 1210 1567 1265 armis
1608 1209 1961 1278 exercituque
1990 1210 2152 1263 occu-

554 1310 775 1380 paverat
827 1290 1080 1379 (Valente
1119 1315 1173 1359 et
1204 1290 1433 1360 Ursaeio
1462 1300 1767 1357 Ecclesium
1798 1297 2151 1355 Sirmiensetn

554 1395 976 1469 incursantibus)
1004 1395 1071 1451 de
1102 1409 1258 1451 sacro
1284 1392 1510 1450 Joannis
1539 1392 1835 1461 Evangelio
1882 1388 2151 1461 punienda

530 3349 661 3403 bant
687 3361 818 3417 ergo
843 3358 966 3400 eum
1012 3342 1190 3398 locum
1220 3356 1328 3396 non
1358 3340 1519 3396 modo
1543 3356 1613 3395 ex
1636 3341 1749 3395 suis
1768 3382 1784 3407 ,
1834 3339 1931 3394 sed
1961 3338 2124 3394 etiam

529 3456 595 3497 ex
627 3438 886 3494 Ecclesiae
913 3437 1192 3492 codicibus
1220 3434 1429 3491 Ariani.
1461 3435 1637 3506 Atque
1664 3432 1795 3489 illud
1824 3433 2029 3488 facinus
2054 3433 2123 3489 ad

526 3534 735 3589 exitum
776 3520 1003 3585 feliciter
1037 3528 1380 3599 perduxere;
1412 3526 1536 3597 quia
1574 3525 1793 3597 plurimi
1838 3542 1907 3583 ex
1953 3526 2117 3597 ipsis,

2228 3344 2335 3400 est,
2363 3352 2471 3391 non
2504 3338 2680 3395 minus
2709 3341 2906 3397 absunt
2933 3344 3003 3399 ab
3046 3346 3295 3403 omnibus
3320 3349 3565 3406 omnium
3598 3350 3810 3406 idioma-

2228 3437 2338 3483 tuin
2383 3427 2594 3497 bibliis,
2643 3448 2804 3504 quam
2834 3434 2971 3504 illze,
3002 3436 3068 3494 de
3110 3440 3304 3512 quibus
3350 3441 3439 3500 hic
3493 3444 3808 3516 disputatur,

2223 3524 2463 3588 quoniam
2517 3520 2656 3579 Deus
2705 3524 2937 3596 Spiritus
2966 3540 3063 3585 est.
3106 3533 3271 3602 Atqui
3318 3534 3574 3594 dubitare
3622 3552 3808 3609 nequa-

525 3623 897 3683 fraudulenter
925 3622 1261 3677 dissimulata
1302 3617 1496 3673 haeresi
1522 3659 1537 3685 ,
1583 3632 1705 3673 sese
1753 3617 1821 3675 ab
1864 3616 2120 3674 Ecclesiae
2222 3625 2382 3681 quam
2429 3612 2556 3669 licet
2594 3616 2721 3686 quin
2754 3616 2834 3673 Ine
2864 3619 3063 3676 ultimm
3093 3622 3159 3678 ab
3201 3624 3482 3684 llaereticis
3524 3628 3723 3684 fuerint
3748 3628 3810 3683 ex

522 3717 805 3774 catholica:
830 3711 1209 3771 communione
1253 3708 1428 3782 palam
1472 3702 1774 3766 subducere
1815 3709 2001 3779 perdiu
2033 3726 2119 3767 rc-
2224 3704 2350 3759 albo
2374 3721 2650 3764 sacrarum
2674 3714 2987 3783 paginarum
3019 3732 3212 3772 erasae.
3250 3736 3269 3772 ›
3304 3720 3407 3776 Sed
3443 3721 3562 3779 haec
3590 3723 3807 3779 fortasse

525 3813 794 3884 fugerunt.
841 3792 947 3866 Sed
977 3810 1007 3862 a
1040 3804 1466 3877 vigilantissimis
1509 3804 1768 3860 Ecclesiae
1809 3805 2117 3873 pastoribus
2219 3810 2382 3852 causa
2408 3800 2519 3868 est.
2552 3816 2648 3857 θυι·
2674 3801 2917 3860 Εοϐιθδῖδ
2941 3821 3048 3861 non
3087 3811 3387 3866 reSlierrit
3415 3810 3597 3870 locum
3629 3814 3806 3879 ῑιιιιως

523 3908 639 3963 lucc
666 3905 987 3961 Arianorum
1034 3899 1259 3972 perﬁdia
1289 3897 1497 3954 detecta
1526 3907 1644 3963 est;
1674 3907 1733 3953 ut
1763 3906 1949 3953 narrat
1972 3898 2114 3954 idem
2217 3890 2341 3961 (ιυῐει
2364 3907 2471 3946 ηοη
2501 3893 2631 3949 salis
2662 3896 2999 3965 exploratum
3044 3888 3312 3971 habebat.
3354 3915 3537 3963 υιτυῐη
3588 3924 3715 3964 vere
3759 3906 3812 3961 in

520 3982 873 4062 Ambrosius,
915 3994 1007 4064 qui
1047 3992 1208 4048 etiam
1259 4000 1471 4069 tempus
1498 3976 1756 4062 assignat.
1795 4008 1814 4043 ι
1848 3974 1930 4048 Εο
1965 3995 2112 4048 enim
2217 3984 2604 4054 antiquissimis
2628 3996 2685 4043 et
2706 3990 3035 4062 primigeniis
3067 3994 3343 4067 Evangelii
3395 4001 3802 4075 exemplaribus

517 4104 762 4163 tempore
785 4085 1037 4162 (inquit),
1070 4099 1178 4156 quo
1206 4083 1385 4158 impia:
1426 4082 1760 4138 inﬁdelitatis
1808 4083 2112 4140 Anxentius
2216 4078 2532 4133 exstitisset.
2579 4078 2687 4137 Sed
2733 4082 2801 4138 de
2846 4084 2950 4140 hoc
2988 4088 3139 4143 satis.
3171 4087 3454 4161 Reliquum
3488 4073 3811 4168 estﬁdqtie

525 4184 976 4246 Mediolanensem
1006 4177 1301 4235 Ecclesiam
1349 4175 1517 4232 armis
1561 4177 1910 4249 exercituque
1947 4192 2111 4233 occu~

2254 4182 2378 4224 num
2406 4172 2636 4241 videtur,
2667 4183 2723 4229 ttt
2748 4179 3022 4247 Specimen
3067 4180 3441 4241 characterum
3474 4188 3804 4260 impressum

521 4288 781 4354 paverat,
810 4275 899 4332 vel
943 4290 972 4330 a
1014 4260 1245 4332 Valente
1278 4282 1438 4342 atque
1486 4271 1712 4349 Ursacio
1733 4312 1748 4338 ,
1777 4271 2111 4327 mutantibus
2214 4260 2335 4315 Par.
2370 4277 2429 4324 tl.
2459 4260 2592 4319 Tab.
2625 4280 2696 4333 ιι,
2722 4278 2845 4337 post
2872 4280 2993 4341 pag.
3025 4272 3150 4339 588,
3179 4272 3463 4347 diligenter
3492 4279 3807 4351 inspiciant,

518 4371 886 4431 sacerdotibus
912 4368 1059 4435 suis,
1086 4363 1464 4422 incursabatur
1495 4363 1733 4420 Ecclesia
1771 4362 2104 4431 Sirmiensis,
2212 4355 2301 4423 ‘ll'i
2332 4368 2397 4409 ex
2425 4359 2659 4413 Γθοίιδῑῖε
2686 4359 2897 4417 indidi?)
2918 4374 3213 4434 agnoscere
3254 4369 3307 4423 in
3338 4370 3461 4425 00d.
3496 4370 3717 4429 Vercel.
3746 4372 3803 4428 S-

514 4470 710 4525 falsnm
739 4466 841 4521 hoc
860 4506 875 4531 ,
899 4473 953 4519 et
983 4461 1323 4531 sacrilegium
1354 4467 1593 4515 vestrum
1628 4458 1678 4512 in
1706 4457 2106 4513 Ecclesiasticis
2133 4453 2184 4513 D
2212 4446 2427 4502 Eusebii
2451 4459 2663 4506 aetatem
2694 4458 2969 4512 recusant.
2994 4457 3392 4517 Remotissii‘nte
3437 4464 3593 4522 certe
3620 4467 3693 4522 sit
3720 4482 3808 4522 ve-

514 4561 794 4623 codicibus
818 4555 1218 4628 deprehensum
1247 4561 1349 4609 est.
1381 4553 1447 4609 Et
1472 4552 1703 4607 τοτιεεεε
1734 4550 1833 4605 hoc
1858 4551 2021 4606 etiam
2048 4551 2105 4607 in
2212 4543 2423 4597 tnstatis
2446 4558 2668 4602 necesse
2691 4559 2771 4602 εει
2809 4550 2937 4605 illud
2970 4551 3455 4625 Evangelistarinm
3478 4601 3494 4626 ,
3544 4560 3693 4631 quod
3724 4560 3804 4617 vel

514 4659 735 4716 Oriente
765 4651 987 4709 recisus.
1022 4666 1045 4701 ,
1091 4647 1342 4703 Anima;
1370 4655 1551 4702 tamen
1579 4644 1963 4701 Sanctissimns
1990 4644 2101 4701 Me.
2205 4632 2272 4688 ab
2302 4633 2433 4704 ipsis
2462 4635 2771 4709 Berengarii
2802 4643 2945 4712 regis
2980 4647 3311 4715 temporibus
3335 4649 3443 4717 jam
3476 4663 3642 4708 aetate
3672 4669 3802 4708 con-

509 4749 841 4810 diolanensis
886 4744 1127 4801 Antistes
1148 4782 1164 4809 ,
1210 4741 1313 4797 hoc
1341 4748 1487 4795 tanto
1514 4739 1839 4795 Arianorum
1891 4739 2098 4797 scelere
2203 4725 2403 4782 Γυεῑιηη
2427 4738 2644 4783 mw“
2674 4731 2891 4788 δοιυεναί
2914 4778 2929 4801 9
2961 4738 3213 4808 (ιιιοάψιε
3244 4740 3622 4799 ίηδιάιιναιῖοηε
3666 4745 3803 4799 indi-

509 4847 670 4904 lidem
724 4838 983 4899 Ecclesia:
1012 4848 1113 4890 nec
1136 4833 1326 4901 deleri,
1358 4847 1459 4889 nec
1486 4831 1798 4888 labefactari
1831 4834 2092 4903 potuisse.

2251 4821 2379 4887 abut,
2410 4831 2467 4877 ut
2494 4823 2689 4895 legitur
2727 4825 2781 4881 in
2830 4826 3231 4899 Epigrammate
3276 4845 3538 4906 argenteo
3570 4838 3627 4895 in
3653 4848 3804 4912 tegu-

513 4960 532 4994 ι
570 4939 637 4995 Ει
662 4936 871 4991 litteras
898 4927 1116 4999 quidem
1157 4924 1277 4996 (ait)
1325 4923 1573 4995 potuistis
1619 4924 1841 4980 abolere
1862 4965 1877 4989 ,
1904 4924 2002 4980 sed
2032 4926 2095 4978 ii-

2257 4921 2382 4968 ento
2410 4917 2752 4987 superposito
2773 4959 2788 4985 ,
2812 4920 2955 4990 quod
2980 4921 3173 4990 habet,

504 5032 628 5088 dem
659 5041 765 5082 non
805 5018 1056 5094 potuistis
1083 5014 1319 5071 auferre.
1352 5014 1478 5070 Plus
1506 5014 1599 5069 illa
1629 5030 1724 5070 vos
1769 5015 1931 5071 litura
1971 5030 2094 5086 pro-

2439 5088 2474 5094 __
2575 5090 2604 5094 _
2820 5033 3075 5094 Solvitque
3101 5043 3344 5093 vetustas:

499 5123 697 5186 debat,
737 5088 857 5189 plus
888 5111 976 5167 illa
1019 5122 1115 5163 vos
1161 5107 1322 5163 litura
1348 5105 1679 5161 damnabat:
1733 5122 1909 5177 neque
1942 5108 2088 5163 enim

2439 5088 2548 5139 Rex
2572 5090 2907 5158 Berengarius
2928 5088 3017 5147 sed
3035 5088 3284 5161 reparavit
3300 5088 3453 5154 idem.

495 5229 596 5271 vos
629 5182 887 5281 poteratis
911 5198 1141 5257 oblinire
1166 5197 1453 5281 veritatem
1475 5238 1489 5261 ,
1535 5197 1630 5279 sed
1674 5198 1762 5273 illa
1821 5197 1976 5253 litura
2018 5198 2087 5256 de
2196 5198 2431 5255 Verbum
2464 5201 2676 5257 tandem
2700 5202 2787 5260 hic
2806 5204 3001 5262 addam
3028 5217 3084 5264 et
3104 5208 3171 5266 de
3194 5210 3426 5284 imagine
3447 5212 3501 5271 S.
3524 5182 3795 5274 Eusebii:

494 5308 636 5365 libro
666 5294 1210 5357 vitmnominavestra
1225 5284 1499 5343 radebata
1520 5288 2085 5361 Etvero(inqnitCer-
2190 5288 2454 5362 insignior
2484 5310 2715 5366 namque
2742 5306 2860 5365 est,
2899 5314 3059 5370 quam
3105 5310 3162 5356 ut
3188 5302 3256 5357 de
3282 5319 3346 5359 ea
3373 5306 3591 5375 penitus
3625 5308 3798 5367 linea;

489 5398 706 5459 menius
735 5391 830 5446 lib.
862 5387 931 5442 de
960 5382 1233 5440 veteribus
1268 5380 1539 5467 haereticis
1572 5382 2077 5437 Ecclesiastieorunt
2186 5384 2370 5438 silere.
2407 5384 2760 5458 Berengarius
2791 5395 2843 5445 in
2873 5390 3315 5451 instaurationem
3343 5400 3547 5455 codicis
3600 5403 3797 5475 ingen-

487 5491 735 5550 codicum
757 5475 1186 5549 corruptoribus,
1208 5488 1327 5544 pag.
1354 5472 1502 5541 116),
1525 5472 1704 5561 locum
1730 5472 1906 5537 illum,
1950 5490 2073 5543 quo-
2182 5484 2291 5530 tem
2316 5479 2598 5546 pecuniam
2629 5480 2924 5551 impendit,
2957 5494 3195 5541 veterem
3228 5488 3436 5544 iconam
3462 5472 3788 5565 renovavit,

482 5590 625 5645 niam
650 5581 787 5636 Deus
814 5573 1046 5645 Spiritus
1068 5570 1177 5637 est,
1204 5578 1312 5623 non
1342 5564 1529 5622 extare
1556 5565 1791 5660 amplius
1816 5564 1869 5619 in
1896 5562 2072 5635 capite
2176 5572 2422 5639 ornavit,
2473 5576 2714 5644 auroque
2761 5578 2995 5647 Compsit
3028 5596 3040 5631 :
3072 5580 3128 5634 a't
3173 5580 3623 5655 inscriptionem,
3655 5562 3787 5660 quae

491 5678 640 5741 eum
665 5666 945 5742 Euangelii
974 5659 1273 5722 secundum
1299 5656 1596 5724 Joannem,
1643 5654 1840 5727 cuique
1865 5656 2069 5730 legenti
2176 5661 2393 5718 extabat
2429 5664 2713 5736 primitus,
2760 5683 3362 5747 suszntusmrtscorcs,
3418 5677 3537 5736 sine
3601 5654 3782 5741 saucii
