3950 6176
262 150 300 208 ’Π
1274 162 1607 224 EPISTOLA
1645 165 1981 228 RUGGERII
2016 168 2494 236 NOVARIENSIS.

3442 197 3513 256 78

190 254 198 260 ’
259 266 523 341 adiectione
563 270 818 345 retinuit,
871 282 1038 334 tenax
1089 279 1415 339 venerabilis
1459 283 1814 357 antiquitatis.
1843 288 1897 350 Α
1922 301 2024 343 nus
2048 287 2126 343 uti
2149 288 2321 348 licuit.
2362 293 2477 365 Ego
2520 295 2722 356 divina:
2771 302 3132 372 providentiae
3173 307 3338 366 ductu
3369 304 3517 368 felici

307 406 410 462 CL.
447 407 788 467 Mabillonius
813 410 919 469 To.
951 429 971 469 ι
994 413 1213 473 Itineris
1238 416 1407 474 Italici
1431 433 1485 491 p.
1513 417 1571 486 9,
1595 421 1662 478 de
1689 435 1819 478 nos-

258 507 323 555 tro
354 499 547 557 Codice
591 500 938 561 Vercellensi
985 506 1103 565 haec
1146 510 1340 567 scribit
1388 528 1403 566 :
1454 511 1522 568 In
1569 513 1816 571 Sacrario

259 591 456 655 eiusdem
480 590 734 650 Ecclesia!
763 595 1129 667 (Cath'edralis
1155 599 1555 676 Vercellarum)
1583 621 1817 662 asserva-

255 686 632 739 turueterrinrus
663 687 826 743 codex
862 694 1296 759 membranaceus,
1328 693 1612 767 Evangelia
1635 698 1817 754 Sancti

253 774 460 832 Παριήωί
495 788 543 833 ct
571 779 756 836 Sancti
787 781 956 838 Marci
1001 784 1179 856 (lege,
1213 786 1322 843 SS.
1349 787 1588 845 Matthtci
1610 833 1624 857 ,
1653 789 1816 847 Joan-

242 868 337 936 nis,
365 869 562 937 Larte,
592 880 643 926 et
671 871 861 945 Marci)
893 877 1157 932 continens
1192 894 1213 931 :
1252 879 1340 949 qui
1370 894 1403 933 a
1432 880 1624 937 Sancto
1655 882 1817 939 Euse-

240 961 311 1016 bio
336 964 581 1034 episcopo
605 974 655 1020 et
682 978 914 1039 martyre
958 970 1051 1025 illo
1077 973 1470 1043 generosissimo
1488 1017 1502 1042 ,
1528 992 1677 1048 quem
1703 989 1818 1033 tan-

237 1062 395 1125 topere
414 1067 666 1111 uacarunt
697 1059 910 1128 Ariani;
944 1063 1198 1134 scriptus,
1231 1073 1383 1134 atque
1417 1066 1537 1122 huic
1565 1066 1819 1125 Ecclesia:

236 1165 491 1206 concessus
515 1152 763 1209 creditur.
789 1152 937 1210 Certe
964 1157 1256 1213 membrana
1296 1159 1398 1214 situ
1425 1165 1535 1232 fere
1572 1173 1819 1233 corrupta

240 1250 337 1308 est,
365 1245 692 1300 characteres
717 1262 845 1317 pene
882 1247 1165 1319 fugientes,
1208 1267 1271 1305 ac
1296 1253 1581 1309 semideleti
1598 1297 1613 1322 ,
1644 1256 1818 1311 tantis-

233 1349 318 1402 per
341 1350 371 1386 a
399 1333 634 1390 Romana
660 1339 920 1408 scriptura
948 1339 1278 1413 degenerant.
1303 1342 1500 1399 Littera
1538 1346 1584 1400 Α
1611 1348 1681 1401 ad
1708 1363 1819 1403 mo-

234 1426 346 1480 dum
376 1426 566 1484 Greece
588 1441 666 1497 Δ,
691 1429 768 1486 Μ.
796 1432 966 1488 littera
990 1452 1208 1504 superne
1232 1436 1410 1493 clausa
1438 1456 1471 1493 a
1497 1439 1818 1497 semicirculo

234 1518 448 1590 incipit:
502 1523 622 1577 alite
670 1523 853 1579 littera:
900 1524 1149 1584 Romanis
1188 1529 1298 1599 fere
1343 1532 1556 1586 similes.
1613 1532 1818 1590 Codicis

233 1611 518 1680 operculum
548 1630 613 1668 ex
640 1625 856 1687 argento
884 1633 915 1671 a
939 1616 1253 1693 Berengario
1281 1622 1591 1691 imperatore
1615 1626 1817 1680 instau-

1918 379 2200 453 laustoque
2264 399 2296 441 a
2353 388 2671 449 doctissimo
2729 402 2785 452 et
2836 397 3140 465 clarissimo
3212 404 3330 460 viro
3395 404 3511 461 Sci-

1920 472 2082 542 pione
2108 476 2422 534 marchione
2451 482 2666 540 Mall‘eio
2713 486 2824 559 (qui
2854 506 3070 564 semper
3101 496 3209 553 erit
3238 497 3515 556 mihicum

1918 564 2132 621 eximiis
2152 577 2314 639 atque
2344 576 2653 640 promeritis
2683 579 2929 638 laudibus
2959 587 3340 661 nominandus)
3361 606 3509 648 anno

1896 656 2058 741 .1726
2088 674 2209 714 cum
2237 660 2470 720 Veronae
2498 670 2817 727 canonicum
2848 690 3089 745 agerem,
3132 656 3360 737 edoctus
3401 682 3542 739 lue-,

1919 764 2035 804 ram
2068 750 2329 811 Vercellis
2367 764 2559 816 extare
2600 763 2843 821 codicem
2868 766 3305 841 Evangeliarium
3354 784 3515 833 tanta:

1917 843 2225 912 vetustatis,
2268 855 2326 902 ut
2364 848 2736 910 Veronensem
2786 866 3031 916 nostrum
3071 878 3143 921 xit
3187 866 3515 925 saeculorum

1920 930 2100 1004 (quem
2146 946 2271 994 tunc
2311 940 2368 996 in
2399 943 2606 1001 aedibus
2649 949 3042 1019 capitularibus
3087 970 3119 1009 a
3169 972 3255 1011 me
3284 960 3515 1027 primum

1918 1029 2251 1101 exscriptum
2276 1074 2293 1102 ,
2349 1050 2521 1107 usque
2576 1039 2645 1097 ad
2671 1056 2875 1099 annum
2917 1046 3060 1103 1732
3105 1064 3215 1119 quo
3245 1050 3515 1121 Romam,

1919 1121 2076 1186 veni,
2108 1136 2326 1195 semper
2373 1127 2521 1186 domi
2570 1134 2801 1203 socium,
2828 1146 2885 1194 et
2922 1147 3195 1211 tamquam
3221 1146 3519 1203 contuber-

1921 1210 2098 1268 nalem
2131 1213 2328 1282 habui,
2356 1222 2610 1290 quoniam
2662 1226 2731 1282 ab
2777 1210 3115 1299 amplissimo
3164 1235 3402 1305 capitulo
3446 1238 3519 1295 il-

1919 1300 2374 1363 lustrissimorum
2452 1328 2517 1368 ac
2591 1320 3175 1379 reverendissimorum
3224 1328 3517 1384 canonico—

1920 1408 2039 1450 rum
2082 1398 2214 1452 mihi
2242 1400 2345 1455 soli
2386 1401 2614 1461 facultas
2663 1406 2804 1467 facta
2852 1410 3025 1469 fuerat
3080 1416 3233 1473 illum
3281 1419 3514 1490 edendi,

1922 1498 1980 1542 ut
2032 1489 2087 1544 in
2134 1495 2295 1569 actis.
2327 1497 2718 1567 capitularibns
2763 1503 3028 1578 legitur),
3060 1524 3130 1565 ex
3186 1489 3518 1571 tenuissimis

1921 1584 2254 1642 membranis
2293 1605 2531 1661 purpura
2569 1594 2750 1650 tinctis
2803 1608 2858 1652 et
2895 1600 3100 1668 aureis,
3139 1606 3519 1678 argenteisque

229 1675 389 1756 ratum
407 1744 421 1767 ,
448 1720 512 1758 ea:
535 1720 642 1760 una
668 1675 817 1775 parte
846 1675 1135 1768 Saluatori;
1156 1675 1407 1785 efﬁgiem,
1422 1675 1816 1773 Cerialia-Ean;
1844 1686 1894 1745 B
1920 1675 2329 1785 ibamcmribus.
2404 1687 2641 1785 “armis
2672 1690 3025 1785 gl'fecwm
3056 1736 3075 1764 ’
3140 1710 3517 1769 exsuperare“

232 1802 332 1846 tum
360 1793 639 1851 Eusebium
672 1798 912 1868 exhibet,
943 1802 1015 1856 ad
1044 1805 1193 1878 cujus
1220 1815 1378 1877 caput
1404 1807 1460 1861 hi
1499 1824 1674 1864 versus
1695 1809 1817 1865 ads-

229 1884 375 1957 cripti
400 1885 641 1961 leguntur
671 1906 691 1944 :

315 2016 502 2098 Praise}h
517 2021 870 2098 hic-Eusebius
890 2030 1105 2098 scripsit,
1125 2031 1375 2098 solvitque
1393 2043 1641 2090 vetustas:

464 2074 571 2135 Rex
595 2074 1481 2158 Berengar'ius"éé'u'iéﬁiiiii'iiiéiil

227 2203 285 2262 In
308 2206 483 2264 inﬁma
513 2224 643 2266 vero
672 2221 827 2281 parte
852 2216 919 2271 ad
948 2216 1113 2287 pedes
1134 2218 1357 2278 Eusebii
1385 2240 1400 2278 :

316 2334 583 2399 ArScotum
605 2346 865 2405 postquam
885 2342 1017 2395 fulvo
1038 2344 1249 2408 (Codex,
1270 2347 1813 2468 deprompssiitt)ge:3:no:

706 2450 713 2455 μ
1484 2428 1577 2478 pett
1596 2428 1652 2468 et
1670 2430 1810 2480 auro,

372 2480 623 2545 Ecclesiae,
648 2487 853 2551 presul,
873 2488 1052 2542 obtulit
1071 2490 1176 2555 ipse
1198 2496 1314 2544 tum.

294 2624 636 2688 Doctissimus
676 2648 892 2706 quoque
939 2635 1373 2699 Montl‘auconius
1412 2643 1502 2701 die
1546 2661 1640 2701 xxr
1686 2647 1809 2704 Maii

226 2713 493 2779 Vercellas
517 2724 613 2780 ivit
635 2767 652 2792 ,
680 2734 844 2797 atque
869 2727 1235 2788 Eusebianum
1263 2735 1505 2791 Codicem
1539 2738 1593 2792 in
1624 2737 1809 2794 Diario

227 2809 404 2871 Italico
423 2859 436 2883 ,
462 2832 575 2890 cap.
604 2820 711 2886 28,
738 2836 795 2892 p.
827 2822 969 2890 444,
1001 2825 1075 2879 ita
1095 2825 1384 2899 descripsit
1418 2848 1430 2885 :
1458 2831 1698 2887 Codicem
1718 2849 1806 2888 ve-

229 2906 540 2963 iustissimum
565 2911 757 2966 ibidem
808 2913 1027 2986 (nempe
1076 2917 1130 2973 in
1179 2917 1427 2977 Ecclesia
1467 2919 1803 2998 Cathedrali)

224 2996 519 3066 inspeximus
541 3046 555 3067 ,
588 3006 643 3059 in
665 3004 849 3062 charta
882 3009 1269 3067 membranacea
1293 3015 1597 3069 tenuissima
1623 3032 1808 3071 exara-

221 3095 357 3157 tam;
385 3093 677 3166 oiebantque
703 3097 819 3168 ipsa
845 3098 906 3154 S.
934 3099 1143 3156 Eusebii
1173 3120 1356 3173 manu,
1382 3107 1469 3175 qui
1498 3069 1743 3162 siccqu
1757 3106 1801 3163 γ
1832 3069 1878 3133 C

216 3179 419 3249 ﬂoruit,
444 3186 786 3260 descriptum,
816 3194 1204 3261 versionemque
1243 3213 1307 3251 ea:
1349 3196 1531 3254 GI'CBCO
1562 3205 1615 3255 in
1650 3200 1802 3255 Lati-

217 3289 334 3328 nam
360 3278 418 3332 ab
437 3280 608 3334 eodem
627 3281 961 3340 adornatam.
993 3284 1267 3342 Nonnulla
1291 3288 1431 3357 hinc,
1456 3300 1503 3344 et
1526 3291 1649 3346 inde
1671 3293 1797 3366 legi,

216 3374 521 3444 comperique
550 3374 852 3432 Versionem
879 3394 987 3433 esse
1016 3395 1049 3434 a
1085 3379 1306 3453 Vulgata
1333 3393 1510 3438 nostra
1539 3394 1644 3439 toto
1672 3386 1800 3440 σανΙο

217 3460 598 3535 discrepantem.
652 3468 828 3524 Codex
865 3472 1043 3527 multis
1089 3474 1143 3527 in
1191 3475 1422 3546 partibus
1460 3477 1799 3548 labefactatus

215 3558 612 3628 putrefactusque
657 3570 769 3625 est;
813 3562 953 3632 quod
992 3579 1149 3631 casu,
1200 3566 1473 3637 plusquam
1514 3577 1793 3638 vetustate,

216 3643 427 3703 avertisse
452 3650 755 3707 dictitabant
772 3695 789 3720 ,
818 3655 1193 3729 narrabuntque
1220 3658 1312 3712 diu
1362 3660 1416 3714 in
1463 3661 1679 3731 ﬂumine
1706 3662 1795 3716 de—

212 3749 444 3794 tumum.
474 3740 643 3811 llujns
682 3744 1032 3815 alphabetum
1076 3748 1228 3804 dedit
1271 3750 1412 3806 idem
1459 3752 1794 3809 Maiitl'auco-

208 3827 328 3886 nius
347 3873 362 3897 ,
389 3834 655 3902 primaevae
681 3837 832 3892 'zetati
862 3842 1193 3910 respondens
1218 3883 1233 3908 ,
1260 3843 1357 3898 sed
1403 3858 1432 3897 a
1479 3844 1792 3917 calchogra—

205 3919 513 3993 pboparum
540 3930 828 4000 diligenter
871 3947 1188 4004 erprcssum
1235 3944 1290 3991 ct
1318 3937 1473 3993 valde
1513 3938 1789 3995 diversum

206 4026 235 4066 ι
284 4019 504 4085 genuina
563 4021 940 4078 characterum
998 4024 1206 4094 forma,
1238 4043 1399 4099 qnam
1454 4045 1556 4100 ego
1584 4030 1788 4100 protuli

204 4100 360 4163 Parte
386 4124 442 4173 ιι,
470 4110 602 4166 Tal).
652 4128 712 4177 ll,
744 4126 884 4183 pust,
933 4132 1055 4189 pag.
1087 4118 1215 4174 588.
1247 4119 1392 4176 Obiit
1417 4121 1476 4177 S.
1520 4121 1787 4178 Eusebius

203 4206 340 4253 anno
363 4200 558 4258 Christi
588 4204 914 4274 571.Quare
937 4209 1112 4264 codex
1142 4211 1242 4266 iste
1287 4213 1526 4267 omnium
1568 4211 1787 4269 Latino-

202 4300 317 4345 rum
343 4291 586 4351 biliurum
611 4295 675 4351 Ν.
699 4296 763 4352 Τ.
789 4303 1184 4359 vetustissimus
1203 4304 1506 4362 censendus
1532 4314 1637 4362 est.

1921 1767 2099 1836 Quare
2133 1786 2277 1827 anno
2316 1773 2621 1847 insequenti
2664 1781 2843 1850 1721,
2895 1767 3289 1854 epistolaribus
3327 1790 3521 1849 ciliciis

1919 1872 2151 1917 exorare
2209 1864 2351 1934 coepi
2409 1867 2798 1935 praelaudatum
2866 1874 3294 1936 illustrissimum
3342 1882 3518 1939 virum

1920 1950 2273 2010 Franciscum
2334 1956 2719 2030 Hieronymum
2789 1963 3120 2037 Rnggerium
3194 1974 3517 2032 canonicum

1918 2045 2431 2113 praestantissimum
2461 2059 2665 2109 sancte
2717 2054 3086 2116 Vercellensis
3130 2063 3429 2135 Ecclesiae,
3460 2078 3517 2126 ut

1917 2148 2137 2191 omnem
2167 2153 2390 2207 operam
2426 2141 2479 2196 in
2508 2157 2573 2198 eo
2604 2146 2965 2204 exscribenda
2990 2151 3177 2211 codice
3205 2170 3412 2226 ponere
3436 2159 3518 2217 di-

1915 2236 2197 2297 gnaretur.
2241 2228 2558 2297 ls_tandem
2609 2235 2812 2306 ingenti
2858 2239 3029 2298 labori
3084 2260 3144 2301 se
3188 2247 3406 2316 obtulit,
3455 2264 3521 2308 ac

1918 2317 2116 2374 litteris
2160 2319 2499 2381 humanitate
2546 2327 2880 2397 plenissimis
2931 2334 3251 2409 Exemplum
3302 2357 3517 2401 mecum

1915 2412 2366 2481 communicavit;
2417 2426 2473 2472 ut
2519 2418 2653 2476 illud
2695 2422 2748 2478 in
2775 2424 2951 2481 lucem
2997 2428 3252 2497 ederem,
3285 2442 3342 2490 et
3381 2437 3516 2493 meis

1913 2500 2386 2564 observationibus
2416 2509 2765 2571 illustrarem.
2795 2517 2930 2574 Dum
2960 2522 3078 2578 haec
3107 2525 3309 2594 scribo,
3332 2526 3517 2586 Cl.Vir

1916 2591 2162 2663 Raphael
2195 2597 2469 2656 Vcrnazza
2514 2604 2875 2678 philosophiae
2924 2620 2981 2668 et
3026 2629 3197 2672 sacrae
3227 2591 3515 2692 theologia:

1912 2688 2125 2789 doctor,
2156 2704 2209 2749 et
2252 2695 2305 2751 in
2352 2696 2678 2759 bibliotheca
2718 2704 2977 2764 Vaticana
3026 2711 3264 2782 scriptor
3314 2688 3514 2789 lingua:

1911 2779 2135 2849 Graeca},
2165 2786 2451 2844 revolvens
2495 2791 2715 2850 codices
2743 2798 2948 2869 reginae
2979 2779 3300 2874 Succorum,
3344 2779 3513 2867 mium

1910 2876 2109 2946 reperit
2140 2894 2170 2933 χ
2199 2882 2408 2949 saeculi,
2436 2885 2705 2954 signatum
2736 2905 2793 2944 n.
2818 2890 2944 2961 541,
2975 2894 3029 2950 in
3049 2912 3159 2967 quo
3183 2898 3299 2956 fere
3316 2903 3509 2960 eadem

1909 2964 2198 3037 habentur,
2244 2987 2365 3042 quae
2391 2988 2463 3030 ex
2486 2976 2678 3034 codice
2704 2980 3014 3040 millenario
3047 2964 3364 3049 monasterii
3399 2994 3508 3050 No-

1911 3059 2189 3114 nantulani
2216 3063 2470 3132 superius
2491 3082 2518 3119 a
2547 3068 2705 3124 nobis
2739 3072 2910 3128 relata
2941 3085 3069 3133 sunt
3108 3094 3232 3150 pag.
3260 3083 3325 3139 61
3372 3084 3509 3145 Pro-

1908 3144 2337 3218 legomenorum;
2370 3161 2427 3208 et
2468 3165 2594 3210 sunt
2623 3155 2742 3214 haec
2774 3177 2790 3215 :

1974 3238 2162 3297 Sciens
2185 3244 2431 3314 scriptum
2458 3261 2480 3302 :
2507 3247 2564 3306 Si
2604 3264 2702 3306 vos
2740 3257 3012 3322 persecuti
3062 3258 3267 3321 iuerint
3309 3266 3363 3323 in
3395 3284 3503 3328 una

1900 3332 2138 3401 civitate,
2164 3336 2330 3408 fugite
2355 3339 2410 3395 in
2427 3340 2588 3397 aliam
2608 3385 2623 3411 ,
2659 3344 2799 3400 ultra
2818 3348 3011 3418 ﬂumen
3041 3352 3250 3412 Padum
3272 3364 3500 3421 transiit.

1900 3424 1969 3479 Et
2009 3427 2079 3480 ad
2105 3425 2363 3498 Castrum,
2406 3434 2543 3503 quod
2579 3436 2767 3493 dicitur
2814 3440 3277 3521 Creudoncnsium,
3324 3472 3502 3524 perce-

1897 3518 2062 3585 niens,
2085 3519 2141 3574 in
2168 3520 2361 3578 honore
2388 3524 2547 3582 beata:
2565 3525 2669 3605 Dei
2687 3528 2961 3589 Genitricis
2993 3535 3181 3597 Maria:
3206 3518 3496 3605 oratorium

1895 3612 2203 3667 construxit.
2245 3613 2347 3670 Ubi
2377 3618 2530 3673 etiam
2566 3604 2738 3676 adhuc
2766 3622 2973 3696 longius
3003 3629 3211 3700 degens,
3248 3634 3495 3713 Evangeo

1897 3700 2022 3756 lium
2064 3702 2258 3760 Christi
2289 3710 2504 3779 propria
2533 3726 2694 3766 manu
2717 3715 2959 3786 scripsit,
3007 3724 3157 3793 cujus
3184 3700 3492 3787 miraculum

1893 3793 1949 3848 in
1987 3796 2164 3851 eodem
2202 3798 2381 3857 codice
2422 3813 2643 3872 quatuor
2686 3805 3118 3882 Euangeliorunt,
3166 3833 3270 3873 non
3323 3824 3492 3880 solum

1892 3885 2057 3941 verbis
2085 3887 2305 3958 Christi,
2335 3893 2426 3948 sed
2452 3896 2605 3951 etiam
2638 3900 2873 3971 ejusdem
2904 3902 3104 3973 Patris,
3134 3918 3277 3967 tanta
3302 3914 3489 3972 uirtute

1890 3981 2171 4050 stcpissime
2197 3995 2467 4053 coruscat,
2513 3998 2566 4042 ut
2603 3992 2649 4046 si
2690 3993 2878 4064 aliquis
2922 3999 3159 4055 seductus
3203 4021 3237 4058 a
3279 4006 3486 4064 diabolo

1890 4069 2082 4140 falsum
2108 4089 2259 4145 super
2291 4092 2409 4130 eum
2456 4077 2636 4148 fecerit
2685 4097 3097 4158 sacramentum,
3137 4094 3289 4151 citius
3328 4099 3486 4171 plcgt

1887 4166 2174 4249 corporalis
2201 4169 2517 4235 ostenditur;
2560 4171 2634 4226 ita
2662 4183 2734 4240 ut,
2765 4188 2854 4230 aut
2883 4189 3045 4236 morte
3069 4166 3358 4256 mulcatur,
3385 4166 3478 4249 aut

1887 4256 2101 4327 perditis
2138 4244 2327 4327 oculis,
2368 4262 2642 4330 spirituale
2675 4265 2849 4325 lumen
2881 4280 2928 4325 et
2957 4276 3227 4344 corporale
3252 4244 3476 4354 amittat,

1885 4358 1975 4403 aut
1998 4350 2242 4405 ariditate
2278 4355 2619 4410 membrorum
2658 4374 2868 4415 mancus
2910 4364 2990 4418 vel
3044 4366 3262 4427 claudus
3287 4350 3478 4446 cilicia;

3238 4424 3254 4427 -
3290 4424 3327 4445 -,
3348 4424 3447 4445 τη..

286 4424 529 4485 Nostrum
621 4427 1046 4505 Evangeliarium
1115 4437 1440 4511 quadrupr
1523 4440 1777 4496 columna
1806 4448 1861 4510 D
1886 4450 1991 4509 tur,
2028 4452 2118 4496 aut
2146 4444 2409 4500 inuasione
2434 4446 2750 4516 daemonum,
2792 4469 2923 4523 pene
2965 4474 3125 4528 usque
3165 4465 3236 4519 ad
3281 4424 3475 4530 εεέὶιιιηι

203 4514 361 4583 prima
419 4521 639 4578 exhibet
702 4522 848 4581 hunc
901 4514 1158 4583 'codicem
1231 4529 1599 4587 Eusebianum
1628 4572 1646 4599 ,
1707 4532 1777 4589 de

199 4617 301 4677 quo
337 4610 618 4684 loquimur.
644 4615 1114 4688 Adellingendam
1147 4620 1263 4691 ejus
1304 4622 1568 4693 picturam
1617 4635 1773 4695 typo-

201 4702 487 4771 mphicam
509 4747 525 4771 ,
554 4721 680 4763 cum
708 4708 903 4764 nativis
943 4710 1282 4769 lineamentis
1310 4714 1444 4780 suis,
1483 4714 1608 4771 dedi
1638 4729 1772 4786 0pc-

199 4800 327 4857 l‘am,
350 4804 405 4850 ut
426 4798 592 4854 editio
622 4797 780 4855 ﬁeret
808 4801 875 4856 ad
899 4800 1037 4857 hanc
1066 4805 1369 4875 pactionem
1393 4821 1768 4877 normamque,

200 4887 256 4935 ut
272 4899 453 4959 nempe
501 4900 577 4947 tut
598 4878 767 4949 linea:
807 4900 992 4963 totque
1015 4896 1194 4952 exitus
1219 4899 1528 4956 earumdem
1555 4915 1773 4971 semper

1879 4534 2177 4591 dilattietur.
2206 4539 2428 4594 Interim
2464 4550 2656 4610 autem,
2686 4544 2812 4600 dum
2834 4547 2905 4602 ibi
2926 4549 2981 4605 in
3010 4553 3122 4624 ipso
3153 4558 3336 4617 Castra
3354 4582 3473 4624 mm

1878 4629 2143 4699 discipulis
2175 4630 2280 4684 suis
2306 4641 2613 4700 moraretur,
2646 4637 2783 4706 facto
2804 4642 3048 4712 concilio,
3074 4656 3181 4705 etc.

1947 4719 2099 4775 Nunc
2129 4736 2280 4788 vero,
2324 4723 2580 4793 quoniam
2621 4726 2734 4794 jam
2782 4732 2950 4789 multa
2980 4737 3048 4793 de
3076 4749 3183 4798 tam
3220 4751 3464 4824 antiquo,

1874 4818 1986 4865 tam
2042 4812 2354 4868 venerando
2401 4814 2817 4888 Evangeliorum
2867 4828 3054 4887 codice
3081 4873 3097 4900 ,
3138 4812 3467 4907 sanctissimi

1875 4906 2126 4975 martyris
2153 4915 2208 4961 et
2233 4908 2475 4981 episcopi
2502 4909 2862 4972 Vercellensis
2888 4917 3114 4981 Eusebii
3136 4934 3356 4992 nomine
3378 4906 3465 4996 in?

198 4987 367 5035 essent
406 4982 455 5038 in
497 4983 769 5056 impresso
814 4996 947 5058 quot
970 4989 1024 5045 in
1068 4994 1442 5064 manuscripto
1482 4995 1654 5062 libro;
1681 5011 1772 5052 re-

198 5073 335 5151 tenta
361 5075 515 5131 etiam
542 5091 756 5133 summa
779 5079 1042 5152 religioiie
1063 5083 1253 5140 eadem
1283 5085 1691 5158 orthographia,
1714 5095 1771 5144 et

192 5161 517 5237 splnlmatis,
560 5180 728 5244 atque
769 5172 1143 5246 frequentibus
1188 5177 1651 5236 immutationibus
1678 5178 1770 5238 lit-

191 5259 445 5330 terarum;
498 5275 553 5320 ut
598 5265 694 5333 ita,
743 5271 1068 5341 quicumque
1105 5270 1337 5329 voluerit
1377 5270 1518 5328 hanc
1566 5259 1766 5329 editio-

187 5361 298 5404 nem
322 5367 442 5410 cum
469 5357 812 5427 autographa
839 5360 1025 5417 sedula
1055 5362 1345 5419 collatione
1372 5363 1640 5431 conferre,
1674 5380 1764 5435 pe-

184 5440 383 5517 ticopas
398 5464 616 5518 omnes,
651 5451 871 5510 totidem
897 5454 1054 5512 lineis
1082 5470 1394 5529 expressas,
1423 5458 1571 5514 nullo
1598 5474 1768 5531 nego-

184 5533 254 5592 tio
274 5540 533 5610 inveniat,
563 5544 858 5619 exigatque
881 5548 949 5609 ad
969 5565 1216 5623 normam
1260 5551 1542 5609 sacerrimi
1588 5552 1768 5608 Evan-

182 5627 417 5701 sdistarii
447 5635 723 5697 Ecclesiae
771 5638 1161 5705 Vercellarum.
1206 5643 1310 5700 lllo
1351 5645 1558 5703 nemini
1586 5645 1765 5704 hacte-

1873 4998 2092 5068 signilo’
2125 4998 2379 5070 prmfalus
2400 5017 2545 5070 sum,
2574 5018 2751 5074 opera:
2766 5011 2994 5077 pretium
3018 5020 3121 5074 erit
3148 5029 3459 5101 ostendere,

1873 5092 2063 5148 eodem
2086 5092 2272 5149 Italam
2298 5097 2589 5166 contineri,
2616 5113 2758 5169 quae,
2788 5111 2846 5159 ut
2869 5104 3046 5178 inquit
3070 5111 3300 5178 Sanctus
3334 5092 3464 5184 Hie;

1868 5200 2150 5258 ronymus,
2178 5190 2433 5244 nascentis
2475 5189 2721 5250 Ecclesia:
2750 5196 2908 5265 fidem
2929 5201 3204 5278 roboravit,
3234 5231 3461 5292 qumque

1865 5277 2073 5334 Latinis
2097 5279 2349 5336 Patribus
2377 5282 2669 5352 primitivis
2710 5285 2809 5343 fuit
2830 5292 2885 5348 in
2920 5310 3044 5363 usu,
3075 5277 3196 5359 sive
3234 5277 3301 5365 ad
3327 5277 3460 5371 con;
3542 5296 3549 5301 ‘

1869 5368 2132 5426 ﬁrmanda
2161 5370 2287 5427 lidei
2335 5371 2609 5443 dogmata,
2663 5378 2777 5433 sive
2822 5382 2891 5437 ad
2936 5389 3194 5450 tradenda
3244 5368 3457 5462 morum

1869 5473 2164 5534 praecepta,
2186 5476 2349 5535 atque
2379 5467 2624 5525 cmlestis
2649 5469 2975 5542 disciplinae.
2998 5478 3288 5554 Postquam
3312 5498 3459 5554 enim

1868 5554 1936 5621 ad
1961 5554 2166 5619 Gentes
2201 5556 2558 5615 occidentalis
2585 5561 2755 5632 plaga
2783 5563 2836 5654 in
2867 5563 3171 5628 Christiana
3198 5581 3458 5654 religione

1870 5644 2229 5711 instituendas
2268 5648 2422 5705 missi
2449 5658 2576 5707 sunt
2594 5653 2855 5722 apostoli,
2888 5657 3088 5722 prodiit
3117 5644 3329 5729 statimv
3348 5677 3455 5732 La-
