3950 6176
493 257 559 306 τεο
1826 225 2355 285 rnoeeconens.
3714 215 3787 272 30

488 372 597 422 tina
648 365 779 419 Novi
808 359 1136 418 Tcsmncnﬁ
1180 352 1548 422 interpretatio
1570 390 1585 416 ,
1634 363 1754 418 qum
1795 346 2072 414 exemplar
2101 358 2153 417 Α
2179 340 2429 413 pluribus,
2460 355 2551 392 cur
2572 354 2672 391 non
2700 338 2767 390 ad
2806 336 3038 390 Grtecam
3069 333 3313 404 originem
3340 338 3670 396 revertentes,
3702 346 3779 398 ea,

484 458 873 528 autographum
907 452 1131 506 tideliter
1160 446 1535 508 cxbiberet;ut
1572 442 1664 505 ila,
1690 440 1850 493 etiam
1884 437 1950 492 ad
1977 436 2078 489 La-

487 553 725 606 tinorum
774 548 1032 609 haustus,
1060 542 1169 594 illa:
1214 539 1267 592 in
1310 539 1473 590 vitam
1521 543 1778 587 auernam
1822 529 2078 584 salientes

489 658 641 713 aqua:
673 640 1038 694 decurrerent.
1070 627 1437 701 thnamvis,
1494 633 1629 679 teste
1683 623 1741 679 S.
1776 620 2079 689 Augustino

492 733 607 803 (lib.
639 748 672 785 ιι
724 732 787 783 de
836 726 1086 780 Doctrina
1135 722 1431 776 Christiana
1453 760 1467 784 ,
1500 734 1614 787 cap.
1648 716 1704 780 2,
1749 733 1801 769 ιι.
1838 714 1926 784 lli)
1948 756 1961 777 ,
1993 713 2089 780 qui

492 826 788 893 Scripturas
814 836 879 875 ea:
905 818 1126 872 Hebrwa
1176 816 1353 885 lingua
1395 813 1449 865 in
1502 810 1735 864 Grarcam
1778 817 2035 862 verterunt
2061 848 2075 873 ,

489 918 745 975 numerari
776 914 1002 985 possint,
1038 911 1209 963 Latini
1232 916 1399 961 autem
1426 907 1723 974 interpretes
1754 902 1898 955 nullo
1927 902 2079 954 modo

490 1014 568 1085 (ut
590 1013 725 1067 enim
753 1009 937 1077 cuique
969 1003 1150 1074 primis
1179 1000 1302 1071 ﬁdei
1323 998 1634 1071 temporibus
1664 997 1716 1049 in
1742 1011 1926 1047 manus
1946 993 2083 1047 venit

489 1106 653 1161 codex
673 1100 907 1163 Grazcus,
932 1106 978 1150 et
1000 1094 1379 1165 aliquantulum
1410 1089 1670 1161 facultatis
1698 1086 1791 1140 sibi
1818 1087 2082 1154 utriusque

490 1199 680 1269 lingua:
714 1192 901 1246 habere
929 1188 1216 1255 videbatur,
1259 1200 1415 1239 ausus
1451 1192 1523 1237 est
1568 1178 1954 1250 interpretari);
2006 1187 2082 1232 ta-

493 1308 639 1357 men,
669 1300 727 1343 ut
776 1285 917 1357 apud
976 1285 1197 1339 Grmcos
1244 1273 1774 1349 septuagintaviralis
1818 1271 2083 1327 versionis

489 1382 794 1439 excellebat
822 1377 1141 1440 auctoritas,
1181 1375 1251 1428 ita
1284 1372 1422 1439 apud
1446 1370 1669 1425 Latinos
1705 1365 1847 1420 Itala
1872 1364 2084 1419 cmteris

494 1474 711 1543 prwlata
745 1471 875 1537 fuit;
920 1484 1079 1538 quam
1133 1467 1364 1535 primmn
1410 1463 1520 1515 Itali
1553 1462 1780 1525 Patres,
1837 1457 1961 1512 dein
1993 1455 2083 1509 alii

490 1564 692 1619 Latium
723 1560 981 1615 Ecclesia:
1026 1558 1355 1626 scriptores,
1395 1552 1761 1605 Tertullianns
1792 1548 2081 1612 videlicet,

487 1657 813 1727 Cyprianus,
858 1649 1207 1711 Ambrosius,
1243 1646 1609 1715 Augustinus,
1654 1652 1706 1696 et
1734 1641 1865 1706 alii,
1916 1653 2085 1707 usque

490 1750 558 1803 ad
614 1746 857 1817 Gregorii

490 1839 677 1895 Matth.
715 1836 973 1892 Petitdier
1000 1834 1386 1889 dissertatione
1414 1829 1623 1884 decima
1668 1827 1722 1881 in
1767 1825 1965 1893 Script.
2003 1824 2086 1876 in-

491 1932 609 2003 quit
644 1948 656 1981 :
687 1930 803 1983 licet
852 1926 1096 1996 temporis
1150 1938 1388 1991 processu
1433 1920 1688 1974 versiones
1745 1917 1921 1971 latina:
1962 1929 2088 1980 pene

488 2026 706 2095 inﬁnin
744 2022 1058 2094 prodierint,
1098 2035 1197 2071 una
1232 2028 1400 2069 tamen
1450 2016 1582 2067 inter
1620 2012 1773 2077 alias,
1803 2027 1955 2079 quam
1984 2008 2089 2060 Au-

492 2121 725 2193 gustinus
779 2116 1001 2179 ltilam,
1057 2111 1402 2181 Hieronymus
1432 2107 1717 2177 Vulgalam
1747 2146 1761 2171 ,
1809 2103 2087 2176 Gregorius

492 2217 743 2273 Veterem
800 2216 1207 2277 nuncuparunt,
1281 2218 1530 2275 quamque
1581 2199 1808 2254 omnium
1867 2198 2086 2266 primum

493 2309 650 2380 fuisse
692 2303 871 2357 merito
901 2301 1250 2372 suspicamur,
1302 2294 1585 2366 principem
1630 2292 1798 2345 locum
1846 2286 2083 2341 obtinuit.

498 2399 645 2454 lianc
698 2397 789 2450 sub
832 2393 1181 2466 apostolorum
1228 2387 1539 2458 temporibus
1580 2384 1888 2438 elaboratam
1937 2380 2088 2433 multi

493 2492 812 2561 Opinantur,
858 2502 948 2538 nec
1002 2484 1112 2537 sine
1158 2480 1331 2547 aliquo
1380 2476 1735 2549 fundamento,
1794 2489 1856 2526 ne
1901 2471 2087 2524 Latina

496 2583 727 2638 Ecclesia
761 2580 1151 2648 Scripturarum
1186 2576 1423 2628 thesauro
1465 2570 1662 2623 tamdiu
1709 2568 2012 2635 privaretur.
2044 2569 2083 2618 Α

492 2692 599 2747 quo
648 2682 826 2727 tamen
881 2669 1042 2725 fuerit
1088 2668 1429 2728 concinnata,
1493 2663 1649 2716 nobis
1694 2663 2087 2729 incompertum

494 2778 613 2832 est;
641 2767 765 2818 licet
792 2762 957 2818 certis
990 2760 1202 2814 indiciis
1258 2755 1535 2825 signisque
1582 2755 1694 2822 ipsa
1726 2752 1935 2807 secerni
1966 2766 2091 2820 pos-

494 2870 577 2916 set
600 2860 668 2912 ab
701 2857 818 2911 aliis
846 2850 1412 2922 interpretationibus;
1444 2846 1696 2917 quoniam
1738 2845 1798 2899 S.
1829 2843 2085 2912 Augusti-

493 2969 591 3007 nus
614 2966 711 3006 nos
730 2950 910 3013 docet,
940 2948 1079 3001 inter
1103 2945 1278 2999 varias
1310 2942 1525 2996 Latinas
1556 2938 1859 3003 versioncs,
1898 2934 2087 2989 Italam

492 3045 657 3098 fuisse
717 3056 825 3111 pra:
870 3038 1084 3093 caeteris
1137 3035 1442 3105 insignem,
1502 3030 1757 3101 queuiam
1803 3028 2087 3083 sententiis

490 3135 663 3205 magis
704 3140 822 3187 erat
872 3130 1153 3200 perspicua
1179 3169 1193 3192 ,

498 3226 624 3295 ipsis
679 3224 697 3292 (
740 3220 910 3291 inquit
943 3218 961 3289 )
1010 3214 1505 3286 interpretationibus
1537 3228 1696 3267 mut
1736 3211 1932 3265 cwteris
1954 3224 2088 3279 pra:-

494 3317 725 3385 feratur;
776 3326 897 3363 nam
947 3318 1018 3361 est
1071 3308 1340 3359 verborum
1390 3303 1651 3369 tenacior,
1720 3317 1837 3353 cum
1888 3301 2087 3370 perspi-

493 3406 684 3459 cuitate
725 3399 1003 3455 sententirc.
1050 3397 1275 3464 Itaque,
1326 3396 1371 3449 si
1424 3394 1666 3449 codicem
1723 3391 2086 3446 Eusebianum

496 3499 599 3551 hac
624 3492 826 3561 duplici
864 3491 991 3544 dote
1018 3487 1339 3559 gaudentem
1382 3486 1697 3549 ostendero,
1727 3495 1933 3539 certum
1962 3485 2087 3548 erit,

495 3602 564 3643 eo
593 3582 861 3640 contineri
906 3580 1135 3647 Italam,
1182 3585 1494 3645 usurpatam
1542 3575 1596 3629 in
1650 3575 1911 3629 Ecclesia.
1945 3574 2092 3629 Prae-

499 3689 645 3733 terea
704 3672 813 3728 illae
870 3671 1175 3737 laberulae,
1232 3669 1426 3739 quibus
1478 3667 1612 3722 Itala
1659 3681 1878 3736 aspersa
1935 3674 2093 3732 erat,

501 3771 677 3825 adhuc
727 3769 911 3822 insunt
960 3765 1176 3820 laudato
1223 3761 1437 3818 codici:
1476 3776 1640 3832 quare
1667 3760 1721 3813 in
1752 3759 1973 3814 dubium
2006 3775 2091 3813 re-

501 3860 685 3916 vocari
737 3859 1041 3913 nullatenus
1065 3862 1278 3925 potest,
1324 3854 1451 3922 quin
1485 3853 1597 3921 ipse
1628 3851 1870 3906 eamdem
1899 3850 2086 3904 Italam

500 3954 702 4010 nostris
754 3950 928 4005 oculis
976 3954 1350 4016 reprcesentet.
1388 3944 1706 3998 Audiendus
1736 3942 1794 3999 S.
1831 3943 2095 4014 Ilierony-

501 4059 646 4108 mus,
690 4042 778 4109 qui
810 4039 1051 4096 codicem
1096 4036 1516 4105 Evangeliorum
1572 4035 1719 4089 Italae
1757 4050 1851 4088 seu
1886 4035 2093 4103 antiqui

503 4133 835 4205 interpretis,
860 4132 1013 4201 jussu
1043 4129 1101 4182 Β.
1131 4126 1343 4181 Damasi
1369 4126 1529 4196 Papae
1559 4126 1625 4179 ad
1667 4124 1911 4180 Cra-cam
1936 4126 2091 4179 (me...

505 4230 724 4299 exigit:
762 4224 968 4278 Novum
1015 4236 1143 4291 opus
1176 4218 1278 4289 (ad
1322 4217 1570 4273 eumdem
1623 4217 1906 4277 Damasum
1959 4220 2095 4271 scri-

509 4322 623 4388 bit)
652 4321 821 4389 facere
869 4329 948 4366 me
988 4312 1129 4381 cogis
1178 4325 1240 4363 ea:
1271 4309 1477 4377 Veteri;
1522 4319 1578 4363 ut
1623 4319 1735 4379 post
1781 4311 2095 4378 exemplaria

507 4411 901 4478 Scripturarum
925 4412 1027 4458 toto
1051 4400 1185 4457 Orbe
1206 4402 1458 4472 dispersa,
1493 4402 1640 4469 quasi
1672 4400 1879 4471 quidam
1910 4401 2097 4455 arbiter

2181 450 2294 504 qua:
2340 433 2415 486 vel
2441 430 2687 486 avitiosis
2735 426 3097 497 interpretibus
3150 424 3283 478 male
3336 424 3575 485 reddita,
3629 422 3711 475 rel
3755 439 3786 474 a

2184 522 2636 593 prtesumptoribus
2668 520 2916 591 imperitis
2952 517 3218 571 emendata
3266 515 3579 586 perversius,
3632 512 3717 566 vel
3756 529 3787 563 a

2181 615 2406 669 librariis
2457 614 2849 666 dormitantibus
2900 620 2987 663 aut
3024 610 3204 663 addita
3232 617 3351 661 sunt
3377 646 3391 671 ,
3440 616 3529 659 aut
3559 614 3787 669 mutata,

2181 709 2601 777 corrigimus.....
2643 705 2767 759 lla'c
2797 720 3018 776 prwsens
3061 701 3471 774 pra'fatiuncula,
3510 699 3791 768 pollicetur

2182 813 2400 872 quatuor
2430 811 2627 853 tantum
2647 798 2954 869 Evangelia,
2983 796 3230 851 codicum
3259 793 3573 849 Graecorum
3599 807 3791 846 emen-

2184 896 2305 947 data
2334 893 2641 959 collatione,
2686 890 2775 945 sed
2817 901 3078 954 veterum;
3121 903 3234 958 qua:
3264 903 3326 939 ne
3347 886 3567 939 multum
3610 902 3645 936 a
3691 884 3794 937 lec-

2184 986 2337 1039 tionis
2386 984 2582 1037 Latina:
2632 982 2996 1036 consuetudine
3033 980 3410 1050 discreparent,
3469 978 3544 1030 ita
3584 976 3791 1032 calamo

2184 1079 2591 1149 temperavimus,
2644 1085 2698 1128 ut
2746 1072 2826 1126 his
2869 1081 3086 1138 tantum,
3139 1086 3256 1139 qua:
3296 1085 3505 1124 sensum
3545 1070 3795 1123 videban-

2186 1174 2269 1217 tur
2311 1174 2525 1227 mutare,
2571 1160 2846 1224 correctis,
2892 1160 3091 1228 reliqua
3137 1172 3341 1209 manere
3369 1163 3686 1226 pateremur,
3742 1164 3795 1206 ut

2185 1256 2519 1329 fuerant?....
2576 1251 2801 1323 Magnus
2856 1252 2938 1304 hic
2984 1252 3038 1303 in
3084 1249 3271 1303 nostris
3321 1248 3584 1301 codicibus
3652 1264 3797 1302 error

2185 1350 2425 1414 inoletit,
2478 1348 2640 1413 dum,
2689 1346 2825 1415 quod
2871 1348 2921 1397 in
2943 1344 3118 1399 eadem
3168 1360 3223 1396 re
3274 1342 3409 1395 alius
3456 1339 3797 1410 Evangelista

2190 1445 2305 1512 plus
2361 1442 2530 1505 dixit,
2582 1442 2634 1494 in
2663 1442 2787 1505 alio,
2832 1441 2950 1507 quia
2996 1439 3160 1490 minus
3207 1437 3534 1505 putaverint,
3575 1433 3795 1488 addide'

2187 1544 2337 1601 runt;
2368 1535 2477 1598 vel,
2507 1533 2627 1586 dum
2670 1532 2906 1585 eumdum
2938 1545 3139 1583 sensum
3162 1528 3295 1581 alius
3325 1527 3474 1579 aliter
3500 1527 3793 1597 expressit,

2187 1628 2302 1693 ille,
2354 1626 2439 1696 qui
2470 1640 2629 1677 unuut
2668 1640 2695 1677 e
2736 1632 2955 1693 quatuor
3004 1622 3224 1690 primum
3274 1620 3505 1687 legerat,
3554 1618 3625 1669 ad
3680 1619 3796 1687 ejus

910 1742 1085 1813 Magni
1138 1710 1422 1809 tempora,
1470 1736 1788 1791 adhibnere.
1833 1733 1948 1789 Vir.
2002 1732 2081 1785 CI.

2194 1720 2479 1787 exemplum
2530 1727 2739 1771 ca'teros
2786 1730 2985 1785 quoque
3048 1712 3371 1767 a’stimaverit
3411 1710 3792 1764 emendandos.

2197 1810 2344 1866 Unde
2369 1810 2586 1875 accidit,
2633 1818 2685 1861 ut
2731 1806 2871 1877 apud
2910 1822 3003 1859 nos
3057 1805 3215 1857 mixta
3260 1804 3373 1871 sint.
3402 1802 3600 1862 omnia,
3646 1810 3696 1854 et
3746 1800 3799 1852 in

2193 1903 2374 1956 Marco
2406 1904 2560 1971 plura
2613 1898 2770 1952 Luca:
2826 1908 2978 1963 atque
3011 1895 3278 1959 Matt/avi;
3319 1908 3525 1945 rursum
3570 1893 3625 1944 in
3662 1889 3800 1944 Μαι-

2197 1998 2329 2051 tlueo
2362 1996 2511 2064 plura
2564 1992 2787 2045 Joannis
2828 2000 2875 2044 et
2928 1989 3126 2051 Marci;
3167 1997 3213 2040 ct
3252 1990 3303 2039 in
3344 1985 3542 2039 trieteris
3564 1986 3796 2054 reliquo-

2189 2107 2336 2155 rum,
2369 2104 2485 2159 qua:
2505 2088 2621 2140 aliis
2664 2086 2872 2154 prOpria
2915 2094 3065 2146 sunt,
3110 2080 3453 2134 inveniantur.
3492 2077 3685 2141 Plura,
3719 2076 3799 2129 in-

2189 2184 2305 2252 quit
2346 2180 2695 2235 doctissimus
2728 2177 2917 2229 Petrus
2950 2173 3196 2227 Sabatier
3244 2171 3541 2225 monachus
3574 2168 3789 2222 ordinis

2191 2274 2247 2329 S.
2280 2273 2550 2328 Benedicti
2597 2290 2627 2324 e
2671 2268 3089 2337 congregatione
3139 2265 3196 2319 S.
3249 2263 3445 2328 Mauri,
3495 2266 3547 2315 in
3582 2261 3670 2314 his
3729 2260 3792 2315 S.

2190 2364 2429 2419 doctoris
2478 2363 2660 2416 verbis
2702 2366 2830 2415 sunt
2872 2355 3275 2427 perpendenda.
3323 2340 3508 2408 Primo
3548 2354 3793 2421 quidem,

2191 2455 2243 2508 in
2271 2469 2458 2508 eorum
2484 2468 2710 2507 numero
2737 2451 3150 2518 exemplarium,
3176 2464 3295 2517 qtae
3327 2448 3467 2500 inter
3496 2462 3556 2501 sc
3586 2447 3796 2500 discre-

2192 2547 2389 2615 pabant
2415 2588 2427 2609 ,
2476 2545 2622 2599 luere
2652 2546 2894 2614 quasdam
2927 2543 3027 2595 alia
3054 2540 3221 2609 magis
3249 2543 3457 2595 sincera
3492 2542 3585 2606 (ut
3619 2542 3796 2595 codex

2192 2641 2607 2710 Evangeliorum
2631 2636 2985 2705 linsebianns)
3006 2652 3096 2691 :ca
3116 2646 3293 2689 autem
3312 2636 3426 2687 aliis
3440 2645 3597 2687 erant
3616 2634 3795 2688 since-

2192 2736 2358 2800 riora,
2407 2733 2719 2802 llieronymi
2770 2732 2996 2800 judicio,
3028 2747 3148 2798 quae
3183 2728 3372 2783 Cra-co
3420 2729 3595 2797 magis
3638 2734 3798 2782 erant

2191 2836 2577 2889 consentanea,
2634 2833 2692 2876 ut
2745 2806 2955 2875 diserte.
2992 2822 3259 2891 signiﬁcat
3302 2829 3523 2874 sanctus
3576 2820 3793 2883 doctor,

2190 2932 2311 2972 cum
2339 2918 2433 2983 ait,
2480 2916 2529 2970 id
2569 2915 2671 2969 sibi
2701 2930 2837 2969 unus
2866 2916 3199 2983 impositum,
3252 2922 3309 2965 ut
3351 2911 3542 2965 arbiter
3573 2913 3796 2977 sedeat,

2191 3018 2247 3063 et
2293 3009 2433 3061 inter
2458 3005 2824 3076 discrepantia
2874 3005 3075 3059 Latinte
3127 3004 3591 3073 interpretationis
3643 3002 3799 3057 Scii-

1261 3096 1658 3192 subcrudum
1711 3121 1968 3175 tenacior,
2021 3117 2087 3171 ιη
2114 3121 2158 3185 C
2192 3111 2471 3173 pturarum
2494 3101 2839 3168 chmplaria,
2860 3098 3096 3150 decernat
3122 3111 3234 3166 qua:
3261 3096 3360 3148 sint
3386 3096 3501 3158 illa,
3535 3110 3658 3163 qua:
3684 3110 3799 3149 cum

2198 3193 2377 3247 erca
2408 3192 2725 3245 consentiant
2778 3191 3006 3245 veritate.
3040 3190 3107 3241 At
3142 3204 3266 3242 vero
3316 3187 3403 3240 illa
3448 3186 3662 3241 Latina:
3714 3186 3797 3240 in-

2193 3286 2597 3355 terpretationis
2622 3283 2954 3351 exemplaria
2978 3324 2993 3349 ,
3042 3298 3161 3352 qua:
3191 3298 3312 3336 cum
3342 3280 3530 3335 Graeca
3561 3296 3803 3335 censen-

2195 3380 2331 3433 tiunt
2382 3380 2629 3440 veritate,
2687 3378 2800 3446 ipsa
2847 3382 2973 3428 sunt
3029 3373 3358 3443 exemplaria
3416 3388 3538 3442 qua:
3597 3389 3793 3443 puram

2194 3480 2378 3540 putam
2427 3467 2670 3521 Italicam
2715 3450 3130 3536 repraesentant,
3164 3481 3321 3534 quam
3373 3464 3587 3519 caeteris
3640 3474 3802 3519 antc-

2194 3560 2529 3631 poneudam,
2585 3568 2767 3628 utpote
2798 3559 3085 3612 verborum
3136 3555 3488 3624 tenaciorem,
3543 3572 3798 3626 pronuno

2196 3654 2293 3706 tiat
2321 3653 2669 3722 Augustinus.
2726 3649 2931 3704 Deinde
2975 3650 3027 3702 in
3072 3649 3302 3703 diversis
3334 3650 3481 3703 hisce
3510 3649 3805 3721 exempla-

2195 3744 2343 3799 ribus
2387 3744 2552 3797 inulta
2583 3743 2832 3813 equidem
2861 3752 3034 3808 erant,
3088 3739 3167 3795 vel
3211 3757 3243 3794 a
3290 3740 3486 3794 vitiosis
3538 3741 3798 3812 interpre-

2196 3836 2333 3891 tibus
2384 3838 2513 3890 male
2558 3837 2782 3903 reddita,
2834 3836 2913 3891 vel
2968 3853 2998 3888 a
3041 3834 3492 3907 pra’sumptoribus
3541 3835 3802 3905 imperitis

2196 3930 2462 3985 emendata
2494 3933 2771 3999 perversius
2793 3971 2806 3996 ,
2840 3931 2914 3983 rel
2943 3948 2973 3983 a
3002 3928 3225 3984 librariis
3256 3930 3661 3984 dormitantibus
3715 3940 3804 3984 aut

2197 4024 2416 4091 addita,
2471 4033 2557 4077 aut
2604 4033 2822 4077 mutata.
2888 4023 2983 4077 lite
3037 4032 3216 4077 tamen
3280 4022 3555 4090 macula),
3602 4023 3806 4092 quibus

2196 4132 2415 4186 aspersa
2443 4127 2580 4184 erat,
2625 4116 2934 4186 llieronymi
2964 4124 3143 4181 aetate,
3172 4126 3332 4169 vetus
3370 4114 3805 4185 Evangeliorum

2197 4209 2593 4279 interpretatio,
2644 4210 2782 4263 adeo
2814 4208 3202 4278 impedimento
3230 4224 3337 4263 non
3382 4217 3537 4274 sunt,
3586 4210 3808 4278 quomi-

2198 4319 2299 4358 nus
2330 4312 2510 4358 nostra
2538 4313 2695 4358 aetate
2724 4302 3093 4373 dignoscatur,
3134 4314 3191 4357 ut
3216 4302 3378 4357 etiam
3409 4302 3706 4371 plurimum
3736 4301 3806 4355 ad

2198 4414 2317 4452 eam
2355 4398 2741 4453 secernendam
2774 4396 3101 4451 conducant.
3153 4395 3417 4450 (la-ternm
3465 4396 3606 4449 haud
3665 4396 3807 4450 tales

502 4503 741 4563 sedeam;
788 4507 836 4551 et
863 4500 985 4566 quia
1024 4496 1155 4549 inter
1194 4510 1248 4548 se
1290 4492 1511 4559 variant,
1543 4508 1659 4563 qua:
1690 4494 1790 4546 sint
1832 4494 1954 4559 illa,
1982 4510 2096 4560 qua:
2123 4504 2175 4563 ι)
2201 4490 2298 4544 has
2337 4488 2502 4543 fuisse
2531 4487 2768 4542 maculas
2797 4487 3237 4551 existimandum,
3274 4498 3329 4541 ut
3358 4486 3426 4541 iis
3456 4486 3676 4556 penitus
3707 4486 3807 4542 lm-

504 4609 623 4649 cum
669 4590 851 4645 Graeca
882 4588 1198 4642 consentiant
1227 4585 1436 4639 veritate
1458 4624 1475 4650 ,
1522 4584 1810 4637 decernam.
1857 4584 1983 4639 Pius
2020 4586 2098 4639 la-

508 4689 619 4752 bor,
644 4684 731 4739 sed
760 4682 1046 4754 periculosa
1076 4678 1430 4751 prtesumptio.
1467 4674 1535 4731 Et
1579 4688 1699 4747 post
1747 4691 1911 4745 pauca
1941 4692 1953 4728 :
1985 4676 2097 4745 quis

504 4781 660 4844 enim,
695 4792 809 4829 cum
834 4775 887 4828 in
907 4789 1090 4827 manus
1116 4773 1350 4825 volumen
1396 4771 1752 4837 assumpserit,
1780 4780 1824 4823 et
1854 4787 1886 4823 a
1915 4770 2095 4835 saliva,

500 4888 658 4944 quant
688 4870 841 4924 semel
866 4867 1081 4931 imbibit,
1130 4864 1309 4918 viderit
1346 4863 1639 4934 discrepare
1680 4863 1816 4934 quod
1865 4865 2097 4930 lectitat,

506 4981 611 5020 non
638 4962 811 5017 statim
849 4968 1078 5029 erumpat
1108 4958 1161 5011 in
1191 4972 1392 5021 vocem,
1440 4972 1518 5008 me
1556 4957 1844 5025 falsarium,
1880 4974 1957 5010 me
1994 4958 2103 5009 cla-

507 5058 696 5113 mitans
725 5069 833 5108 esse
858 5052 1161 5119 sacrilegum
1182 5088 1197 5114 ,
1247 5048 1333 5118 qui
1355 5048 1567 5100 audeam
1594 5047 1791 5117 aliquid
1830 5048 1884 5098 in
1924 5048 2101 5099 veteri-

507 5152 601 5205 bus
642 5148 783 5201 libris
826 5144 1042 5207 addere,
1094 5150 1321 5205 mutare,
1354 5141 1641 5211 corrigere?
1667 5140 1921 5194 Adversus
1951 5156 2103 5209 quam

506 5242 753 5297 invidiam
785 5237 977 5307 duplex
1016 5249 1171 5288 causa
1199 5247 1278 5286 me
1307 5234 1617 5299 consolatur,
1650 5232 1784 5302 quod
1824 5241 1870 5285 et
1911 5241 1987 5298 tu,
2016 5231 2105 5299 qui

510 5348 740 5389 summus
770 5327 1009 5382 sacerdos
1048 5343 1122 5392 es,
1157 5322 1465 5395 ﬁerijubes;
1508 5334 1552 5377 et
1593 5338 1767 5377 verum
1813 5339 1915 5376 non
1959 5340 2102 5388 esse,

510 5426 648 5498 quod
681 5423 879 5486 variat,
929 5422 1079 5473 etiam
1116 5416 1481 5471 maledicorum
1529 5415 1817 5469 testimonio
1864 5431 2104 5485 compro-

510 5521 680 5575 batur.
713 5515 773 5570 Si
803 5514 935 5567 enim
976 5509 1175 5564 Latinis
1232 5505 1604 5574 exemplaribus
1656 5505 1784 5574 ﬁdes
1836 5513 1910 5558 est
1951 5505 2101 5556 adlti-

509 5611 698 5672 benda,
736 5605 1099 5675 respondeant,
1127 5599 1350 5671 quibus?
1381 5608 1455 5652 tot
1481 5599 1615 5652 enim
1644 5605 1761 5650 sunt
1790 5596 2106 5664 exemplaria

510 5720 659 5777 pene,
685 5711 804 5774 quot
834 5700 1050 5756 codices.
1087 5696 1183 5752 Sin
1206 5704 1380 5748 autem
1410 5692 1592 5747 veritas
1622 5696 1696 5745 est
1729 5690 2003 5757 quaerenda
2041 5689 2104 5744 de

2198 4581 2420 4636 daretur
2452 4590 2605 4635 vetus
2644 4579 3042 4649 interpretatio;
3093 4576 3533 4648 quandoquidem
3566 4577 3652 4631 vel
3688 4578 3807 4647 ipse

2201 4681 2427 4728 testatur
2455 4672 2833 4741 Hieronymus,
2876 4686 2934 4725 se
2975 4672 3203 4739 plurima
3236 4670 3522 4739 reliquisse
3554 4669 3759 4723 intacta
3790 4686 3802 4721 ς

2202 4782 2264 4820 ne
2291 4768 2507 4818 multum
2547 4763 2785 4835 (inquit)
2829 4781 2861 4817 a
2888 4765 3122 4817 lectionis
3178 4763 3379 4816 Latina:
3424 4763 3807 4817 consuetudine

2202 4860 2575 4926 discreparent,
2608 4858 2679 4911 ita
2707 4860 2907 4911 calamo
2934 4859 3345 4928 temperavimus,
3382 4868 3439 4911 ut
3468 4859 3547 4911 Itis
3576 4869 3800 4925 tantum,

2202 4967 2315 5022 qua:
2338 4966 2541 5004 sensum
2584 4950 2882 5004 videbantur
2923 4960 3139 5013 mutare,
3171 4950 3435 5015 correctis,
3466 4950 3664 5020 reliqua
3692 4966 3807 5002 ma-

2204 5058 2322 5096 nere
2362 5054 2671 5113 pateremar,
2701 5052 2754 5094 ut
2787 5043 3017 5112 fuerant.
3060 5042 3244 5111 Itaque
3286 5053 3391 5095 tam
3433 5042 3549 5096 haec
3604 5044 3803 5098 lliero-

2205 5132 2353 5203 nymi
2385 5133 2544 5186 verba
2566 5173 2581 5199 ,
2631 5133 2827 5202 quibus
2874 5133 3100 5199 menda,
3133 5144 3187 5187 et
3215 5133 3454 5186 maculas
3477 5173 3491 5197 ,
3542 5149 3708 5203 quam
3752 5142 3809 5189 et

2204 5241 2300 5293 ea,
2359 5228 2550 5296 quibus
2595 5225 2910 5280 Latinarum
2960 5227 3466 5295 interpretationum
3516 5243 3803 5281 numerum

2208 5319 2531 5387 amplificat,
2566 5319 2826 5375 debemus
2868 5319 3212 5385 interpretari
3242 5319 3478 5385 mollius,
3513 5319 3714 5375 nedum
3743 5336 3807 5375 ea

2210 5426 2399 5483 urgere
2430 5412 2819 5467 vehementius.

2280 5504 2543 5571 Quoniam
2600 5519 2730 5559 vero
2780 5500 3029 5559 laudatus
3079 5502 3512 5571 sapientissimus
3552 5504 3806 5561 Sabatier

2206 5597 2467 5666 quasdam
2525 5598 2825 5667 prteeipuas
2860 5597 3082 5651 ,veteris
3106 5610 3133 5646 τι
3167 5610 3305 5649 nova
3330 5596 3809 5666 [interpretatione

2207 5690 2601 5758 discrepantias
2632 5689 2681 5742 in
2711 5687 2944 5743 medium
2977 5686 3201 5757 profert,
3225 5688 3573 5758 experiamur
3621 5698 3805 5744 utrum
