3950 6176
207 152 257 207 81
1189 143 1519 201 EPISTULA
1563 142 1891 200 RUGGERII
1929 143 2409 200 NOVARIENSIS.
3372 140 3446 199 82

205 279 270 320 em
295 277 473 322 omnes.
493 274 626 329 quas
655 259 879 329 recitat,
909 259 1046 314 tales
1075 259 1200 323 sint,
1225 274 1290 313 ex
1316 259 1507 328 quibus
1527 256 1730 326 prolirii
1771 263 1826 322 Α
1851 256 2216 328 Evangeliario
2237 257 2540 330 quaduplici
2569 257 2826 325 exhibitis,
2847 257 3100 328 cognosci
3126 271 3222 314 sua
3250 263 3445 328 sponte

205 359 390 415 colores
414 354 540 409 Itala
560 355 615 410 in
638 354 833 410 codice
857 353 1183 410 Vercellensi
1207 351 1435 420 aliisque
1476 352 1526 404 in
1555 359 1738 404 nostro

271 542 465 598 Matthrei
512 541 693 611 capite
723 557 761 606 ι,
808 555 923 596 ver.
969 539 1058 595 2'5.
1105 539 1160 594 In
1207 538 1433 610 Vulgata
1484 536 1745 591 hodierna

210 634 382 706 legitur,
412 631 535 687 Ecce
560 633 716 706 Virgo
740 634 792 687 in
823 643 964 687 utero
981 632 1209 698 habebit;
1234 633 1289 686 in
1317 631 1532 701 antiqua
1564 639 1744 684 autem

205 727 263 780 ita
286 727 501 794 legerant
551 724 682 778 olim
734 724 992 791 lrenacus,
1039 723 1360 794 Cyprianus,
1406 723 1742 786 AmbrOsius,

202 820 514 888 Augustinus,
554 817 779 889 Vigilius
807 817 1122 887 'l‘apsensis,
1153 816 1259 870 Leo
1281 815 1535 885 Magnus,
1578 813 1747 868 Maxi-

198 912 514 967 musTaurin.
548 923 678 978 etc.,
704 913 757 965 in
788 921 931 965 utero
959 910 1230 978 concipiet,
1256 909 1340 964 vel
1367 908 1601 978 accipiet.

253 1093 414 1147 Matth.
457 1107 578 1162 cap.
632 1108 688 1156 ιι,
721 1093 775 1148 5.
806 1090 1185 1162 lnterpretatio
1241 1097 1395 1144 vetus
1426 1087 1664 1152 ferebat,
1693 1089 1749 1140 in

200 1184 445 1239 Btthlehrm
471 1183 707 1251 Judtete;
734 1201 763 1240 e
795 1184 984 1239 Grmco
1011 1192 1102 1245 τῆς
1129 1181 1404 1246 ἰουδαίας;
1429 1195 1534 1236 non
1563 1179 1746 1245 ludar,

202 1279 322 1348 quod
367 1281 411 1332 in
454 1279 684 1350 Vulgata
729 1277 984 1332 hodierna
1029 1277 1239 1345 legitur.
1293 1275 1653 1343 Hieronymus
1697 1273 1749 1326 in

195 1371 352 1425 Matth.
381 1388 434 1432 ιι,
468 1380 602 1425 tom.
637 1387 710 1434 tv,
738 1371 843 1426 col.
874 1371 928 1434 9,
978 1369 1224 1425 similiter
1281 1368 1430 1438 legit,
1458 1369 1510 1421 in
1552 1366 1752 1420 Bethle-

196 1462 291 1515 hem
323 1461 547 1528 ,Ιιιιίιταες
576 1463 668 1517 scd
706 1464 792 1518 hic
824 1463 1166 1516 librariorum
1198 1475 1440 1515 errorem
1497 1474 1620 1514 esse
1659 1459 1756 1514 ad-

192 1565 375 1608 monet:
403 1555 658 1610 l’utamus
687 1557 822 1609 enim
850 1552 1064 1627 (inquit)
1089 1555 1153 1608 ab
1181 1553 1508 1625 Evangelista
1532 1554 1754 1621 primum

187 1645 370 1706 editum.
392 1647 525 1700 sicut
549 1647 602 1699 in
633 1648 746 1716 ipso
777 1645 1030 1699 Ilebraico
1053 1646 1294 1714 legimus,
1326 1645 1503 1711 ludat,
1533 1661 1634 1698 non
1661 1644 1755 1699 Ju-

194 1736 323 1790 (laxe.
341 1737 666 1809 Hieronymo
686 1735 976 1804 assentior,
994 1747 1047 1791 et
1067 1752 1310 1792 errorem
1339 1752 1462 1793 esse
1480 1736 1751 1792 concedo:
1787 1721 1836 1781 Β

189 1841 528 1884 verumtamen
555 1845 713 1884 error
733 1838 835 1896 est,
855 1844 961 1899 quo
984 1839 1138 1884 vetus
1164 1829 1540 1899 interpretatio
1567 1829 1756 1899 digno-

187 1922 347 1986 scitur,
373 1931 578 1976 etcum
611 1921 803 1976 Graeco
837 1931 984 1976 textu
1020 1923 1188 1993 magis
1230 1937 1352 1978 esse
1383 1931 1751 1979 consentanea

193 2013 590 2070 demonstratur.

250 2105 376 2160 Matt.
405 2123 532 2177 cap.
558 2123 612 2173 v,
647 2107 713 2160 7:
748 2105 895 2160 Beati
925 2107 1279 2162 misricordes
1301 2149 1315 2173 ,
1347 2108 1586 2178 quoniam
1629 2108 1757 2178 ipsis

190 2199 470 2253 miserebitur
494 2199 660 2264 Deus,
687 2216 750 2253 ex
775 2199 901 2254 itala
923 2199 1186 2254 Versionc
1211 2201 1473 2270 prodiisse
1486 2201 1761 2271 colligitur

190 2307 241 2344 cx
275 2290 499 2358 Hilario,
537 2291 860 2356 Ambrosio,
897 2291 1220 2361 Augustino,
1248 2292 1564 2347 Chromatio
1591 2293 1756 2363 Aqui-

193 2381 384 2449 leirusi,
411 2393 644 2439 auctore
686 2385 867 2454 operis
891 2383 1213 2454 imperfecti,
1251 2385 1308 2439 S.
1372 2383 1658 2439 Valeriano
1704 2393 1763 2440 et

193 2474 313 2527 aliis.
1623 2479 1628 2484 ’

254 2564 426 2620 Matth.
456 2566 642 2635 capite
681 2582 734 2619 v.
779 2566 911 2620 Item
962 2574 1016 2619 et
1052 2580 1267 2621 versum
1301 2566 1373 2620 22
1405 2565 1644 2636 eradCIII
1674 2580 1764 2620 ca-

193 2653 318 2721 pitis,
348 2655 552 2720 Omnis,
601 2658 687 2725 qui
730 2656 968 2709 irascitur
997 2656 1147 2727 fratri
1189 2673 1282 2710 suo
1330 2657 1438 2710 sine
1493 2673 1686 2723 causa,
1732 2671 1762 2712 e

195 2745 375 2811 Graeco,
403 2755 506 2811 Πᾶς
543 2749 915 2826 ὁόργιζόμενος
944 2757 1016 2820 τῷ
1055 2747 1249 2823 ἀδελφῷ
1277 2751 1434 2803 αὐτοῦ
1467 2751 1570 2807 εἰκῆ
1599 2767 1611 2801 :
1639 2764 1762 2802 nam

200 2835 409 2907 plerique
437 2839 632 2893 Patres
665 2841 890 2908 antiqui,
926 2839 1159 2893 [remeas
1211 2840 1495 2904 videlicet,
1541 2838 1766 2910 Cypria-

201 2931 574 2998 nus,llilarius,
621 2933 961 2998 l'bilastrius,
993 2932 1348 2999 Augustinus,
1394 2932 1454 2987 S.
1490 2932 1761 2998 Paulinus,

195 3030 357 3077 auctor
394 3026 583 3093 Operis
628 3024 954 3094 imperfecti,
1000 3024 1296 3095 Gregorius
1341 3025 1409 3079 M.
1446 3025 1649 3094 pariter
1671 3023 1766 3079 ad-

197 3112 328 3180 dunt,
352 3118 455 3170 sine
483 3133 670 3170 causa.

256 3386 428 3443 Matth.
477 3403 607 3458 cap.
657 3402 730 3453 vr,
760 3385 814 3439 4.
869 3385 938 3439 Et
964 3396 1108 3456 pater
1133 3394 1266 3450 tuus,
1299 3387 1386 3454 qui
1411 3384 1545 3439 videt
1571 3384 1766 3439 inabs-

202 3482 396 3545 condito,
425 3484 509 3536 vel
539 3485 592 3534 in
621 3483 888 3545 absconso,
919 3481 1092 3534 reddet
1125 3480 1214 3533 tibi
1236 3482 1286 3532 in
1315 3481 1505 3548 palam,
1539 3479 1605 3534 ad
1630 3494 1771 3533 earn-

199 3570 299 3626 dem
326 3575 562 3641 pertinet
593 3573 922 3636 versionem,
958 3582 1097 3626 teste
1127 3571 1447 3640 Augustino,
1475 3571 1562 3640 qui
1589 3569 1680 3623 lib.
1732 3584 1770 3623 ιι

198 3666 253 3720 de
281 3666 447 3721 Serm.
506 3668 669 3720 Dom.
701 3668 754 3719 in
787 3675 992 3729 monte,
1026 3668 1132 3718 ait:
1169 3663 1334 3717 Multa
1367 3663 1552 3715 Latina
1582 3663 1772 3716 Exem-

198 3758 341 3826 plaria
387 3760 458 3812 sic
507 3758 732 3822 habere;
789 3757 876 3810 sed
919 3759 1060 3826 quia,
1093 3757 1284 3824 inquit,
1330 3755 1380 3808 ia
1413 3754 1624 3822 ercis,
1659 3769 1772 3824 qua:

199 3850 350 3917 priora
375 3863 514 3915 sunt,
549 3866 652 3903 non
678 3849 982 3914 invenimus,
1015 3848 1214 3917 palam,
1245 3865 1344 3900 non
1373 3848 1660 3916 putavimus
1690 3846 1772 3900 hic

199 3957 291 3996 esse
331 3945 525 4014 aliquid
571 3941 970 3996 disserendum:
1002 3942 1052 3995 in
1085 3940 1275 3996 Cra-co
1302 3950 1478 3996 tamen
1511 3940 1774 3995 hodierno

201 4041 288 4098 est,
311 4034 570 4091 ἀποδώσει
598 4055 682 4088 σοι
709 4035 758 4087 ἐν
787 4042 860 4108 τῷ
881 4041 1099 4109 φανερῷ.
1556 4035 1563 4040 ’

263 4128 437 4184 Matth.
470 4146 595 4199 cap.
633 4144 711 4193 vr,
747 4128 832 4182 Η.
865 4129 1085 4198 Vulgata
1116 4135 1270 4182 vetus
1303 4127 1543 4198 legebat,
1579 4125 1776 4179 Panem

205 4231 407 4276 nostrum
451 4224 812 4293 quotidianum
859 4222 924 4274 da
977 4221 1121 4274 nobis
1151 4220 1338 4286 hodie;
1368 4231 1423 4274 et
1465 4221 1534 4273 ita
1582 4220 1776 4288 legisse

206 4324 392 4368 constat
416 4315 836 4378 Tertullianmn,
875 4312 1224 4384 Cyprianum,
1257 4313 1600 4368 Ambrosium
1626 4354 1642 4379 ,
1670 4313 1780 4366 Au-

207 4409 472 4473 gustinum,
506 4407 909 4472 Chromatium,
939 4404 1238 4462 Sedulium.
1283 4404 1624 4468 Prmterhos,
1653 4403 1778 4459 Hie-

212 4511 460 4570 ronymus,
487 4500 585 4554 lib.
631 4515 671 4554 ιι
719 4499 771 4551 in
806 4498 976 4568 Epist.
1003 4497 1069 4552 ad
1099 4497 1276 4552 Titum
1303 4496 1511 4552 diserte
1559 4497 1777 4562 asserit,
1809 4477 1866 4538 D

211 4592 462 4645 secundum
492 4590 712 4645 Latinos
761 4592 1054 4661 interpretes
1093 4591 1339 4659 scriptum
1379 4604 1490 4642 esse
1521 4629 1534 4654 ,
1578 4587 1783 4642 Panem

217 4691 429 4738 nostrum
460 4683 878 4756 quotidianum;
912 4683 1000 4736 sed
1025 4682 1208 4736 melius
1255 4683 1310 4735 in
1342 4680 1521 4735 erco
1569 4679 1780 4746 haberi,

216 4771 390 4832 Panem
414 4787 656 4832 nostrum
674 4777 956 4838 ἰπιούσιον,
979 4774 1034 4828 id
1049 4783 1121 4828 est
1143 4773 1480 4844 precipuum,
1499 4773 1782 4845 egregium,

217 4869 502 4934 peculiarem
568 4886 587 4924 :
640 4867 708 4923 Et
759 4878 880 4938 post
953 4881 1123 4938 pauca
1164 4883 1178 4920 :
1232 4866 1512 4934 Quidam,
1562 4865 1782 4935 inquit,

218 4958 451 5017 ἑπισὺσιον
496 4963 886 5017 existimant...
939 4975 1124 5030 panem
1169 4959 1402 5026 dictum,
1453 4955 1590 5028 quod
1634 4973 1788 5028 super

222 5066 374 5107 omnes
404 5058 585 5118 οὐσίας
615 5057 724 5109 sit:
760 5063 816 5108 et
843 5052 1057 5108 Comm.
1091 5052 1144 5107 in
1176 5050 1365 5106 Matth.
1404 5049 1558 5118 Quod
1585 5065 1678 5104 nos
1697 5063 1788 5104 su-

219 5147 706 5211 persubstantialem
763 5145 1103 5218 expressimus
1126 5185 1142 5212 ,
1213 5145 1267 5198 in
1339 5141 1521 5198 Gratco
1575 5142 1788 5196 habetur

219 5237 469 5295 ὶπωύσιω.

280 5331 513 5387 Matthzei
529 5331 800 5401 capitexx,
825 5344 874 5386 c.
893 5328 1125 5385 28.Post
1147 5327 1264 5384 haec
1295 5326 1457 5383 verba
1475 5341 1660 5382 versus
1680 5325 1785 5382 28:

221 5418 350 5473 Sicut
371 5419 546 5476 Filius
559 5422 771 5476 hominis
783 5437 887 5475 non
912 5421 1043 5475 venit
1057 5420 1358 5485 ministrari,
1373 5418 1460 5473 sed
1479 5418 1790 5483 ministrare,

222 5522 261 5564 et
273 5512 388 5567 dare
412 5515 795 5568 anirnantsuam
815 5514 1218 5583 redemptionem
1235 5528 1328 5581 pro
1350 5511 1544 5576 multis,
1570 5508 1684 5562 haec
1706 5523 1794 5563 se-

223 5615 439 5670 qttuntur
485 5606 540 5659 in
573 5619 669 5660 ms.
699 5602 1045 5672 Cnlbcrtino,
1079 5614 1133 5658 ut
1164 5611 1218 5658 et
1244 5603 1296 5657 in
1326 5601 1444 5657 aliis
1471 5598 1795 5668 exemplari-

1847 348 2080 418 possint.

1925 532 2112 588 Mattb.
2177 549 2295 605 cap.
2357 551 2414 600 ι,
2479 537 2571 592 25.
2617 537 2797 594 Codex
2872 538 3261 607 Vercellensis,
3310 540 3445 595 Ecce

1953 644 2016 697 go
2045 628 2098 680 in
2129 645 2158 679 u
2281 644 2339 682 ro
2363 631 2637 700 concipiet.
2659 633 3036 700 Snppleturex
3070 631 3367 687 Veronensi
3390 645 3446 688 et

1851 718 2199 786 Corheiensi,
2222 724 2310 792 qui
2346 725 2564 788 habent,
2596 723 2729 778 Ecce
2744 724 2897 795 Virgo
2929 727 2980 780 in
3009 737 3151 781 utero
3174 728 3443 795 concipiet.

1857 813 1927 868 Et
1952 815 2021 868 ita
2051 815 2437 883 Tertullianus,
2482 819 2576 872 lib.
2631 819 2700 874 de
2748 819 2922 874 Carne
2951 821 3170 883 Christi,
3201 835 3318 888 cap.
3352 819 3446 872 94.

1857 909 1994 966 Vide
2022 911 2388 967 Martianarum
2422 915 2704 984 [leniorque
2717 931 2804 968 sur
2827 915 2878 968 la
2908 913 3120 968 Version
3142 913 3166 967 l
3178 915 3365 984 talique
3384 913 3449 965 de

1855 1003 2142 1078 l‘Evaugile
2166 1007 2229 1059 de
2256 1003 2312 1062 S.
2345 1008 2624 1075 Mattltieu,
2656 1025 2773 1079 pag.
2812 1010 2934 1064 118.

1927 1096 2113 1150 Matth.
2147 1113 2265 1166 cap.
2301 1114 2368 1163 ιι,
2399 1099 2451 1153 5,
2494 1098 2676 1154 Codex
2695 1100 3076 1165 Vercellensis,
3110 1100 3160 1152 in
3191 1097 3449 1152 Bethleem

1857 1187 2076 1243 Judww.
2112 1189 2180 1242 Et
2217 1190 2286 1244 ita
2317 1190 2606 1246 Brixianus
2650 1204 2703 1248 et
2757 1191 3306 1249 San-Cermanensis.
3342 1189 3446 1244 Vc-

1862 1281 2114 1335 ronensis
2140 1296 2290 1347 vero,
2339 1283 2390 1335 in
2422 1281 2683 1338 Bethleem
2719 1285 2920 1338 civitate
2959 1282 3176 1337 Judtete.
3215 1285 3273 1335 ὃ.
3310 1281 3454 1336 llila-

1858 1372 1971 1426 rius
2001 1388 2216 1442 quoque
2247 1373 2299 1426 in
2328 1373 2525 1429 Psalm.
2556 1390 2740 1438 cxxxt.
2783 1386 2838 1431 et
2877 1375 2936 1431 S.
2971 1376 3159 1430 Ambr.
3207 1375 3257 1428 in
3297 1373 3451 1428 Psal-

1859 1481 2002 1519 tnum
2033 1483 2195 1535 xxxv,
2229 1469 2432 1538 legunt,
2466 1469 2517 1522 in
2551 1469 2805 1524 Bethleem
2831 1468 3052 1524 ludicre.

1934 2102 2123 2158 Matth.
2145 2117 2264 2174 cap.
2299 2119 2353 2170 ν,
2387 2119 2437 2158 v.
2473 2106 2526 2160 7.
2559 2104 2742 2160 Codex
2777 2105 3160 2171 Vercellensis,
3189 2104 3451 2162 Beati

1862 2197 1995 2250 serie
2172 2197 2362 2250 rebitur
2392 2195 2551 2252 Deus.
2585 2199 2785 2253 Veron.
2841 2209 2895 2254 et
2935 2199 3258 2254 San-Germ.
3310 2199 3458 2253 Beati

1864 2288 2245 2356 misericordes,
2278 2291 2398 2358 quia
2426 2289 2769 2359 (Sun-Germ.
2801 2290 3065 2360 quoniam)
3097 2291 3221 2360 ipsis
3252 2291 3460 2344 misere-

1865 2379 1998 2432 bitur
2051 2379 2210 2434 Deus.
2265 2380 2396 2436 Vide
2446 2381 2718 2436 laudatum
2758 2383 3149 2448 Martianwum,
3209 2399 3328 2453 pag.
3382 2383 3453 2437 12

1863 2470 2107 2541 ejusdem
2137 2473 2338 2542 Operis.

1937 2561 2128 2616 Matth.
2159 2579 2276 2633 cap.
2312 2581 2374 2628 v,
2407 2564 2478 2618 22
2498 2607 2513 2632 ,
2542 2564 2722 2621 Codex
2753 2565 2985 2621 Vercell.
3023 2565 3202 2620 Omnis
3229 2567 3316 2634 qui
3345 2567 3454 2619 ira-

1877 2655 2042 2708 scitur
2066 2657 2216 2724 ]ratri
2243 2673 2336 2710 suo
2367 2659 2478 2712 sine
2525 2675 2701 2712 causa.
2748 2659 2811 2712 Et
2856 2658 2926 2712 ita
2988 2659 3181 2712 Veron.
3229 2659 3377 2712 Brix.
3412 2667 3468 2713 ct

1867 2746 2029 2802 Corb.
2066 2746 2298 2817 Legebat
2328 2749 2378 2802 iu
2410 2749 2689 2804 eodicibus
2736 2749 2940 2803 Latinis
2981 2751 3038 2803 ὃ.
3089 2749 3423 2816 Augustinus
3446 2790 3461 2813 ,

1867 2849 1923 2893 at
1953 2839 2006 2893 in
2041 2839 2244 2894 Graecis
2275 2856 2379 2894 non
2413 2842 2712 2906 invenerat,
2753 2849 2810 2894 ut
2851 2840 3020 2895 refert
3050 2841 3141 2893 lib.
3178 2857 3216 2904 ι,
3243 2841 3459 2893 lietrac.

1868 2947 1990 3000 cap.
2028 2932 2109 2986 l9.
2144 2932 2344 2987 Contra
2395 2948 2522 2986 vero
2572 2934 2630 2986 S.
2666 2933 3026 3001 Hieronymus
3069 2934 3118 2984 in
3153 2929 3462 2984 Mattlnuum

1873 3021 1986 3087 hic,
2016 3022 2214 3076 auferri
2240 3022 2390 3089 jubet
2418 3022 2473 3078 τὸ
2503 3022 2613 3075 sine
2634 3038 2788 3074 causa
2824 3037 2887 3074 ex
2920 3021 3126 3074 Latinis
3155 3021 3462 3084 codicibus,

1873 3115 1925 3169 in
1954 3115 2150 3185 quibus
2182 3115 2493 3185 irrepserat,
2520 3129 2811 3184 veramque
2854 3115 3140 3170 lectionem
3172 3117 3366 3180 teneri,
3409 3115 3463 3169 in

1872 3209 2090 3279 optimis
2130 3208 2284 3263 libris
2326 3219 2613 3262 servatam.
2647 3208 2904 3263 Eamdem
2940 3223 3052 3262 rem
3082 3206 3465 3262 animadvertit

1871 3298 2164 3357 Cassianus
2196 3300 2524 3355 InSIitution.
2561 3300 2652 3355 lib.
2685 3316 2797 3366 \‘lll,
2826 3315 2945 3370 cap.
2971 3300 3060 3356 20.
3447 3281 3460 3291 ’

1945 3394 2132 3449 Matth.
2187 3410 2306 3464 cap.
2358 3411 2432 3461 vr,
2483 3393 2536 3447 4.
2581 3393 2762 3449 Codex
2806 3393 3190 3459 Vercellensis,
3225 3403 3280 3450 ct
3316 3393 3459 3450 San-

1873 3489 2083 3552 Gcrm.,
2115 3499 2160 3542 et
2189 3499 2332 3558 pater
2362 3498 2501 3556 tuus,
2531 3490 2620 3558 qui
2641 3488 2774 3542 videt
2802 3489 2856 3541 in
2884 3491 3152 3553 absconso,
3179 3489 3355 3543 reddet
3380 3489 3472 3545 tibi

1871 3581 1926 3634 in
1947 3583 2139 3650 palam.
2171 3579 2367 3633 Veron.
2391 3590 2438 3632 et
2467 3591 2612 3650 pater
2634 3590 2773 3645 tuus,
2791 3580 2877 3650 qui
2904 3581 3035 3633 videt
3062 3590 3108 3633 te
3130 3581 3183 3634 in
3205 3583 3473 3646 absconso,

1871 3673 2047 3725 reddet
2077 3671 2164 3724 tibi
2193 3688 2245 3724 ru
2296 3672 2487 3741 palant.
2533 3673 2701 3735 llrix.,
2737 3681 2780 3724 et
2813 3681 2956 3734 pater
2987 3679 3107 3726 tuus
3135 3671 3222 3741 qui
3251 3673 3384 3727 videt
3417 3673 3471 3725 in

1873 3767 2118 3821 absconso
2163 3766 2336 3820 reddet
2363 3767 2452 3819 tibi
2478 3767 2529 3819 in
2559 3766 2848 3835 manifesto.

1953 4144 2142 4200 Matth.
2189 4159 2309 4214 cap.
2347 4159 2430 4210 vr,
2490 4144 2578 4198 Η.
2625 4143 2805 4199 Codex
2837 4144 3222 4208 Vercellensis,
3275 4142 3473 4199 Panem

1883 4248 2116 4293 nostrum
2142 4241 2477 4294 cottidianum
2511 4241 2578 4296 da
2615 4241 2758 4296 nobis
2786 4241 2953 4296 hodie.
2993 4240 3060 4294 Et
3090 4241 3158 4294 ita
3190 4240 3475 4297 Veronen-

1884 4331 1978 4399 sis,
2010 4333 2152 4386 Brix.
2183 4341 2236 4388 ct
2260 4330 2420 4388 Corb.

1971 5319 2204 5378 Matlhmi
2253 5317 2429 5388 capite
2472 5333 2572 5372 xx.
2621 5314 2808 5372 Codex
2833 5311 3196 5370 Vercellensis
3225 5321 3346 5381 post
3369 5323 3492 5364 ver.

1902 5414 1974 5470 28
2015 5415 2131 5468 hare
2153 5411 2333 5466 addit:
2375 5409 2476 5464 Vos
2503 5418 2674 5462 autem
2695 5405 2922 5474 qua'ritis
2949 5403 3011 5455 de
3037 5400 3228 5471 pusillo
3249 5412 3495 5462 crescere,

1903 5519 1951 5563 et
1995 5510 2057 5562 de
2094 5509 2290 5579 majore
2317 5505 2537 5557 minores
2578 5514 2704 5554 esse.
2760 5495 3022 5549 latrantes
3068 5498 3258 5582 autem,
3305 5494 3351 5539 et
3410 5501 3502 5582 rp-

1905 5602 2012 5670 gati
2053 5601 2120 5654 ad
2151 5578 2343 5652 (tenam
2373 5637 2389 5662 ,
2419 5613 2453 5649 η
2576 5586 2812 5644 recumbe
2925 5583 2976 5634 in
3004 5578 3130 5632 locis
3159 5591 3185 5626 e
3305 5578 3516 5624 nentia-
