3950 6176
235 239 297 296 85
1215 234 1552 292 EPISTOLA
1589 233 1927 293 RUGGERII
1961 235 2443 294 NOVARIENSIS.
3395 239 3468 298 86

231 372 312 428 per
331 355 453 410 misit
489 353 578 408 duo
601 353 817 420 minuta,
851 349 1061 408 ferebat
1097 358 1256 407 vetus
1283 351 1486 420 versio,
1633 351 1768 405 misit
1802 365 1846 424 Α
1872 351 2011 405 misit
2039 351 2236 404 minuta
2263 352 2384 407 duo.
2420 349 2655 408 Vindob.
2703 371 2808 407 una
2835 354 2987 409 vidua
3014 355 3154 414 misit
3194 373 3300 412 tera
3343 356 3469 412 duo.

237 461 329 510 tera
352 444 455 516 duo.
1875 441 2074 498 Veron.
2112 459 2214 496 una
2241 443 2393 498 vidua
2418 444 2553 502 misit
2580 460 2684 514 tera
2711 445 2954 532 (minuta)
2987 448 3112 502 duo.

302 534 436 594 Marci
461 551 562 612 cap.
595 551 708 600 snt,
741 535 829 610 l5.
855 535 958 606 Qui
1001 535 1053 590 in
1087 535 1459 606 superioribus,
1512 551 1612 590 non
1652 535 1768 590 des-
1949 533 2110 588 Marci
2136 550 2255 606 cap.
2289 551 2411 600 xm,
2447 536 2534 604 15,
2563 535 2745 600 Codex
2770 537 3153 610 Vcrcellensis,
3185 540 3275 611 qui
3317 558 3472 614 super

234 631 421 686 ccutiat:
441 644 546 702 quae
597 629 664 684 ita
695 613 746 685 in
803 629 1036 696 Vulgata
1080 613 1265 688 nostra
1293 631 1691 704 exprimuntur,
1719 639 1768 686 et
1878 637 2064 682 tectum
2086 627 2262 700 fuerit,
2287 644 2387 681 non
2404 627 2697 700 descendat.
2718 626 2881 683 Cori).
2907 631 2995 701 qui
3020 631 3072 686 in
3091 613 3469 704 superioribus,

236 721 310 792 qui
325 735 451 791 super
477 729 668 787 tectum,
699 737 762 778 ne
782 720 1078 786 descendat.
1880 736 1981 773 non
2011 717 2343 772 descendant.
2371 716 2573 774 Veron.
2601 728 2658 773 et
2681 715 2954 776 Brix......
3163 719 3166 722 ’

289 903 345 960 Ct
381 904 486 978 plus
527 904 722 970 inesset
770 903 1025 974 ponderis
1054 901 1181 959 huic
1221 902 1343 960 rudi
1383 902 1593 960 Iudicio
1630 917 1772 967 meo,
1945 897 2133 954 Matth.
2164 913 2281 969 cap.
2323 913 2397 963 vt,
2455 896 2542 954 l8.
2589 895 2646 953 ln
2675 897 3006 966 Vercellen.,
3031 900 3232 960 Veron.
3259 909 3312 959 et
3332 903 3468 960 San-

231 1005 363 1066 atque
398 997 741 1070 innotescerct
785 996 930 1052 Itala:
973 995 1237 1052 versionis
1276 1010 1445 1068 genus
1485 993 1770 1050 sacerrimi
1872 990 2199 1048 Gertnanen.
2231 989 2465 1056 additur,
2496 989 2546 1044 in
2573 991 2766 1066 palam,
2793 1000 2850 1046 ut
2880 991 2932 1046 in
2960 991 3150 1049 Graeco
3184 1003 3358 1053 textu.

231 1087 395 1142 codicis
421 1085 774 1144 Vercellarum
797 1129 814 1155 ,
850 1088 902 1144 in
933 1087 1164 1142 medium
1195 1087 1393 1158 protuli
1421 1086 1520 1141 hos
1549 1087 1768 1158 univer-
1944 1085 2130 1144 Matth.
2162 1099 2280 1164 cap.
2299 1101 2358 1150 χ,
2383 1083 2473 1139 25.
2496 1083 3121 1153 Vercellen.,Corbeien.
3150 1095 3203 1142 et
3227 1087 3465 1146 Brixian.

229 1195 304 1240 sos
321 1181 698 1250 Evangeliorum
723 1182 894 1248 locos,
920 1197 1055 1254 quos
1073 1180 1521 1248 Sapientissimus
1538 1179 1771 1238 domnus
1874 1175 2166 1266 Beelzebul.
2203 1175 2378 1234 Graeci
2411 1192 2625 1249 quoque
2654 1179 2870 1235 codices
2898 1179 3102 1251 legunt,
3135 1182 3466 1250 Βιελζεϐοὺλ,

230 1269 380 1330 Petrus
404 1271 626 1328 Sabatier
663 1273 717 1327 in
746 1271 904 1348 Pra'f.
940 1273 1178 1343 generali
1209 1273 1461 1342 allegavit
1496 1287 1559 1326 ex
1590 1271 1768 1327 Patri-
1871 1261 2014 1342 quod
2037 1269 2324 1325 Cltaldaice
2347 1277 2452 1336 est,
2483 1269 2884 1338 Deussordium.
3093 1261 3101 1268 ’

225 1361 304 1416 bus
338 1363 611 1432 primitivis,
656 1377 820 1436 atque
863 1382 927 1419 ex
965 1364 1240 1420 codicibus
1271 1379 1404 1438 mss.
1445 1363 1768 1420 veneranda:
1943 1360 2131 1416 Matth.
2174 1375 2295 1432 cap.
2344 1377 2456 1427 ut,
2499 1377 2554 1416 v.
2595 1362 2687 1418 3i.
2737 1361 3069 1432 Vercellen.,
3115 1363 3384 1438 \‘eronen.
3411 1375 3469 1421 et

223 1455 518 1524 antiquitatis,
541 1457 603 1511 ad
630 1458 1044 1528 exprimendam
1078 1458 1366 1532 imaginem
1394 1457 1632 1527 antiqua:
1662 1455 1766 1511 La-
1869 1451 2156 1514 Curheien.
2186 1451 2378 1506 Dicunt
2413 1456 2495 1508 ei:
2525 1455 2856 1511 novissimus.
2891 1456 2954 1510 Et
2985 1455 3054 1510 ita
3079 1465 3291 1514 veteres
3322 1475 3462 1514 non-

225 1545 324 1600 tina:
350 1547 472 1602 itala:
501 1549 894 1605 translationis.
923 1549 1064 1604 Nihil
1091 1551 1245 1604 abeo
1278 1547 1525 1620 praestari
1553 1558 1768 1620 poterat
1871 1546 2005 1600 nulli
2047 1545 2260 1600 codices
2309 1543 2483 1601 Grmci
2533 1555 2588 1601 cl
2633 1543 2809 1601 Latini
2878 1547 2982 1602 hoc
3023 1548 3142 1603 Ιοοο
3188 1548 3466 1614 ferebant.

221 1637 263 1716 in
283 1637 365 1692 hoc
389 1654 570 1709 genere
598 1641 814 1696 doctius
863 1650 1023 1711 atque
1079 1641 1347 1706 lucidius;
1375 1640 1626 1712 quoniam
1650 1641 1766 1715 ipse
1872 1646 2025 1710 prout
2043 1635 2352 1707 Cantabrig.
2374 1635 2710 1714 Graeco-Lat.
2731 1636 2926 1710 Copitl.
2948 1639 3170 1695 Arinen.
3192 1638 3464 1695 Leichest;

220 1731 394 1796 otnnia,
421 1747 528 1801 qurc
550 1731 744 1798 all'ert,
777 1733 890 1787 loca
921 1731 1178 1787 variantia
1199 1773 1215 1799 ,
1247 1746 1354 1786 non
1378 1730 1573 1788 leviter
1603 1731 1766 1786 attin—
1795 1732 1842 1792 B
1871 1741 1924 1785 et
1968 1727 2140 1784 Paris.
2190 1729 2244 1795 6,
2292 1730 2432 1802 apud
2473 1729 2720 1786 Millimn.
2774 1733 2844 1786 At
2889 1742 3074 1794 nostra
3128 1742 3287 1788 aetate
3332 1733 3457 1789 libri

220 1822 294 1898 git,
326 1823 470 1878 multo
496 1824 674 1878 minus
707 1834 932 1890 temere,
966 1832 1058 1878 aut
1083 1839 1152 1879 ex
1191 1822 1558 1898 prmjudieatis
1588 1823 1766 1877 notio-
1870 1821 2066 1887 Grmci,
2100 1833 2153 1877 et
2181 1822 2355 1878 Latini
2393 1823 2533 1896 typis
2565 1823 2766 1895 vulgati
2793 1825 2999 1897 legunt,
3032 1827 3253 1899 primus.
3279 1826 3464 1883 Oritur

219 1915 379 1980 nibus;
408 1917 492 1972 sed
524 1918 787 1988 inspectis
826 1917 1146 1988 collatisque
1179 1916 1384 1972 Graecis
1438 1915 1770 1987 exemplari-
1873 1915 1924 1970 id
1956 1931 2016 1970 ex
2057 1903 2475 1986 tranSpositione
2504 1916 2894 1976 versiculorum
2921 1918 2992 1974 29
3021 1928 3074 1974 et
3101 1919 3188 1985 50,
3230 1917 3284 1974 in
3318 1919 3460 1974 hunc

219 2003 316 2070 itus,
342 2009 598 2077 explorata
624 2009 787 2064 etiam
815 2008 1132 2063 Latinorum
1165 2008 1370 2074 indole,
1400 2007 1452 2062 in
1481 2008 1767 2062 consilium
1873 2007 2090 2061 modum
2119 2025 2131 2061 :
2167 2007 2326 2064 Pater
2349 2008 2596 2064 accedens
2623 2011 2690 2063 ad
2721 2011 2968 2080 primum,
2991 2010 3153 2078 dixit:
3185 2007 3300 2081 (29)
3331 2005 3463 2075 Fili,

218 2095 397 2166 insuper
419 2099 674 2154 adhibitis
705 2099 962 2169 operibus
987 2099 1086 2154 SS.
1119 2098 1334 2154 Patrum
1365 2098 1764 2168 antiquiorum,
1871 2101 1994 2152 vade
2022 2098 2190 2167 hodie,
2223 2115 2434 2170 aperare
2464 2100 2516 2154 in
2543 2100 2688 2154 vinea
2725 2116 2859 2154 mea.
2901 2099 2967 2154 At
3005 2101 3093 2154 ille
3121 2101 3462 2169 respondens,

217 2188 398 2258 singulis
437 2190 674 2260 denique
720 2207 928 2245 smnma
974 2207 1096 2247 cum
1139 2191 1412 2262 diligentia
1461 2191 1764 2261 peusitatis,
1871 2191 1987 2244 ait:
2019 2189 2113 2256 Eo,
2143 2188 2396 2255 Domine;
2419 2203 2463 2245 et
2495 2208 2594 2246 non
2621 2192 2730 2247 ivit.
2765 2190 2880 2265 (30)
2910 2191 3166 2247 Accedens
3195 2202 3366 2246 autem
3395 2193 3464 2246 ad

217 2297 311 2352 qua:
334 2284 379 2338 in
407 2284 712 2355 hujnsmodi
747 2285 1093 2356 inquisitione
1124 2287 1259 2342 lueis
1289 2285 1564 2357 quidpiam
1597 2285 1770 2341 fmne-
1869 2283 2109 2345 alterum,
2152 2283 2281 2337 dixit
2319 2283 2573 2338 similiter.
2615 2282 2718 2339 Ille
2757 2296 2928 2338 autem
2968 2285 3305 2353 respondens,
3347 2287 3462 2342 ait:

214 2375 297 2429 rari
337 2391 480 2446 posse
522 2379 866 2434 videbantur.
913 2377 1048 2434 Cum
1087 2381 1228 2435 enim
1275 2381 1327 2434 in
1372 2379 1630 2434 Pala-slra
1668 2379 1768 2435 hac
1872 2377 2010 2442 uolo.
2048 2374 2237 2432 Postea
2266 2377 2560 2448 pwnitentia
2594 2385 2783 2443 motuS,
2813 2377 2960 2438 abiit.
2997 2375 3128 2444 Quis
3165 2393 3228 2431 ex
3257 2376 3464 2432 duobus

213 2466 397 2523 inultum
413 2481 553 2526 esset
576 2451 849 2538 versatus,
877 2479 932 2526 et
954 2471 1231 2542 explorate
1258 2471 1484 2527 subinde
1507 2471 1609 2541 ipsi
1632 2486 1766 2526 eon-
1871 2468 1989 2537 fecit
2026 2469 2334 2521 voluntatem
2380 2466 2594 2522 Patris?
2624 2467 2812 2522 Dicunt
2841 2468 2888 2523 ei
2907 2484 2926 2523 :
2959 2453 3301 2524 Nouissimas.
3335 2467 3462 2523 Haec

215 2568 350 2615 staret
386 2563 446 2616 de
488 2562 782 2617 luculentis
826 2562 1150 2618 testimoniis
1198 2575 1229 2617 a
1276 2577 1335 2617 se
1373 2562 1600 2634 prolatis
1625 2603 1640 2629 ,
1689 2561 1766 2616 nil
1870 2568 2018 2615 certe
2049 2561 2313 2615 orationis
2343 2559 2806 2632 distributiohanc
2834 2560 3246 2634 responsionem
3278 2570 3465 2632 postu-

211 2651 447 2720 mirutn,si
473 2657 526 2710 in
554 2655 746 2711 iisdem
774 2655 1075 2726 aliegandis
1103 2669 1394 2726 numquam
1421 2654 1768 2725 cespitaverit
1868 2650 1973 2716 lat;
2011 2652 2224 2708 codices
2255 2651 2468 2723 quidam
2497 2653 2636 2724 apud
2668 2653 2980 2726 Hieronym.
3016 2652 3168 2709 Vers.
3204 2653 3367 2710 Arah.
3401 2669 3466 2710 ac

211 2743 276 2796 vir
299 2745 574 2802 maximus.
611 2747 720 2803 Sed
749 2749 1000 2818 quoniam
1032 2761 1098 2802 ex
1130 2747 1313 2801 multis
1341 2747 1620 2812 labeculis,
1649 2745 1768 2816 qui-
1867 2743 1993 2799 Sax.
2027 2743 2195 2802 ililar.
2223 2745 2361 2817 Aug.
2389 2743 2522 2800 Cod.
2557 2743 2746 2800 Const.
2778 2753 2884 2816 quo
2913 2758 3044 2800 usus
3063 2752 3149 2800 est
3181 2744 3463 2814 Erasmus,

211 2833 292 2892 bus
316 2837 426 2892 itala
449 2839 506 2894 in
536 2840 819 2895 codicibus
845 2839 1006 2895 modo
1028 2852 1274 2908 reapersa
1297 2839 1496 2905 est,ita
1521 2848 1764 2894 veterem
1869 2848 1954 2892 etc
2023 2836 2262 2908 Vulgata:
2306 2837 2552 2894 ordinem
2593 2847 2845 2906 servant,
2895 2845 2951 2894 et
3002 2847 3182 2904 tamen
3225 2837 3406 2894 lerunt
3439 2879 3456 2907 ,

214 2935 334 3002 quasi
359 2934 582 2990 fortnam
617 2935 885 3006 aliquibus
911 2933 1127 2991 videtur
1155 2933 1428 2999 amisisse,
1458 2933 1546 2987 vix
1565 2932 1675 3002 jam
1705 2938 1767 2986 ut
1869 2931 2196 3000 novissimus,
2244 2945 2371 2996 non,
2414 2932 2650 3003 primus:
2690 2930 2852 3002 idque
2881 2945 2950 2985 ex
2983 2944 3050 2984 eo
3083 2929 3276 2998 oritur,
3319 2929 3463 3002 quod

208 3020 300 3094 ipsa
318 3027 564 3097 cognosci
585 3036 862 3097 queat;et
881 3027 1230 3082 simulacrum
1248 3025 1525 3080 dumtaxat
1549 3024 1764 3095 aliquod
1868 3023 2361 3080 animadverteutcs
2405 3023 2603 3094 aliqui,
2657 3024 2711 3079 in
2749 3021 3109 3094 explicatione
3151 3024 3458 3094 parabolae,

205 3114 249 3169 in
265 3119 615 3186 superioribus
641 3120 777 3174 locis
801 3119 1202 3183 adumbratum,
1227 3117 1493 3187 nobisque
1516 3117 1762 3172 relictum
1791 3115 1836 3180 C
1870 3113 2190 3188 publicanos
2237 3125 2292 3171 et
2343 3117 2656 3190 meretrices
2684 3132 2804 3192 quae
2831 3115 3108 3170 hominum
3132 3131 3329 3188 genera
3360 3132 3460 3173 no-

208 3217 397 3277 putant:
432 3227 532 3282 ego
571 3211 927 3266 excellentem
957 3211 1200 3282 ejusdem
1229 3209 1378 3265 ltaltn
1410 3207 1768 3280 pulchritudi-
1870 3213 2015 3266 mine
2040 3209 2260 3266 alterius
2293 3210 2382 3263 lilii
2410 3209 2726 3276 innuuntur,
2764 3206 3005 3280 praeferri
3031 3199 3247 3264 caneris
3270 3251 3286 3277 ,
3323 3225 3462 3286 quos

204 3314 308 3355 netu
335 3302 521 3358 iterum
553 3303 606 3358 in
636 3303 887 3358 Patribus
915 3318 1152 3373 quaram
1179 3318 1194 3367 ;
1226 3311 1388 3372 atque
1419 3301 1654 3356 nativam
1683 3300 1766 3357 ef-
1869 3303 2043 3380 major
2065 3312 2191 3357 natu
2215 3299 2597 3368 iiliusiudicat,
2617 3291 2783 3357 veluti
2807 3299 3122 3378 Pharisaeis,
3144 3295 3458 3380 censuerint

206 3391 387 3462 ﬁgiem,
430 3401 551 3465 post
594 3404 803 3450 tantum
848 3395 1065 3461 virum,
1117 3396 1169 3449 in
1216 3394 1535 3467 primigenio
1577 3392 1768 3450 Grtceo
1868 3394 2126 3451 mendum
2175 3410 2299 3452 esse
2344 3394 2398 3466 in
2435 3402 2606 3468 textu,
2650 3395 3078 3486 legendumque,
3121 3395 3458 3463 novissimus,

207 3492 330 3538 textu
352 3487 609 3541 curiosius
636 3485 1068 3556 contemplabor,
1098 3495 1157 3542 ut
1188 3485 1388 3540 nullam
1421 3501 1448 3537 a
1482 3500 1568 3542 me
1594 3485 1769 3555 patiar
1870 3489 2077 3545 scilicet
2105 3490 2240 3544 alter
2263 3489 2428 3554 ﬁlius,
2464 3503 2602 3551 non,
2636 3487 2854 3559 primus,
2887 3485 3078 3564 nempe
3111 3488 3284 3564 major
3306 3498 3456 3546 natu.

208 3575 467 3649 diligentia:
492 3588 698 3650 partem
726 3579 1024 3638 desiderari
1053 3578 1121 3636 ad
1149 3578 1508 3653 Vercellensis
1533 3592 1770 3649 cvange-
1869 3582 1938 3638 At
1969 3582 2188 3638 minime
2217 3581 2414 3638 dicitur
2437 3595 2560 3640 esse
2601 3589 2731 3638 natu
2768 3581 2941 3660 major
2971 3582 3016 3654 is
3065 3561 3227 3658 quem
3279 3581 3456 3656 primo

202 3667 321 3742 liarii
340 3673 536 3728 codicis
567 3673 1006 3732 illustrationem.
1035 3673 1114 3730 En
1141 3686 1273 3744 ergo
1304 3671 1511 3743 sylvatn
1540 3671 1766 3726 aliarum
1871 3673 1992 3730 loco
2017 3673 2129 3730 adit
2152 3675 2332 3744 Pater,
2358 3689 2532 3746 neque
2560 3683 2684 3729 natu
2709 3675 2885 3730 minor
2906 3671 3016 3742 ille,
3041 3689 3198 3746 quem
3221 3675 3462 3738 secundo

202 3764 550 3830 parallelarum
581 3765 881 3829 lectionum
908 3807 925 3839 ,_
964 3779 1102 3836 quas
1132 3779 1234 3838 ego
1261 3763 1455 3838 collegi
1481 3780 1549 3819 ex
1581 3763 1686 3836 PP.
1715 3772 1770 3820 ct
1870 3767 2137 3826 convenit.
2183 3765 2381 3838 Contra
2412 3767 2592 3837 potius
2622 3767 2890 3838 parabola:
2925 3766 3060 3822 ordo
3098 3767 3370 3838 postulat,
3405 3777 3464 3824 ut

202 3854 478 3914 Comment.
508 3873 753 3930 quasque
782 3858 871 3914 hic
900 3858 1074 3914 libens
1105 3857 1158 3912 in
1186 3855 1418 3913 medium
1451 3856 1638 3912 aliero.
1871 3870 2026 3930 pater
2071 3859 2216 3930 prius
2256 3861 2526 3918 vocaverit
2563 3868 2690 3915 natu
2732 3859 2996 3928 minorem
3019 3901 3036 3929 ,
3075 3859 3464 3932 ﬂagitiosorum

261 3950 405 4006 Joan.
459 3967 576 4023 cap.
655 3967 778 4017 χιχ,
833 3951 897 4007 δι
945 3951 1247 4008 Vercellen.
1297 3959 1354 4005 et
1395 3948 1594 4006 Veron.
1626 3965 1768 4004 caena
1872 3952 2147 4008 hominum
2174 3953 2420 4028 ﬁguram,
2450 3952 2648 4012 deinde
2670 3967 2799 4008 vero
2825 3935 3106 4022 majorem,
3139 3966 3248 4024 quo
3271 3951 3462 4012 Phari-

201 4059 335 4111 ματα.
367 4044 450 4101 Sic
491 4059 677 4110 vacem
724 4047 1031 4120 παρασκεύη
1073 4043 1254 4100 reddit
1283 4051 1436 4098 vetus
1476 4044 1764 4112 interpres,
1871 4045 1965 4100 εει-ἰ
1997 4045 2457 4118 signiﬁcabantur.
2504 4044 2580 4101 lla
2609 4043 2693 4101 Cl.
2723 4046 2933 4104 Calmet
2962 4043 3014 4116 in
3055 4043 3361 4114 Comment.
3393 4046 3462 4102 ad

206 4141 254 4188 et
273 4137 449 4205 optime
467 4137 718 4207 quidem:
743 4152 866 4190 nam
889 4151 1217 4206 parasceveu,
1245 4135 1419 4205 inquit
1438 4133 1767 4204 Augustinus
1871 4131 2011 4206 hunc
2041 4135 2238 4192 locum.

209 4225 255 4280 in
281 4237 414 4282 tract.
451 4228 552 4283 120
582 4227 636 4284 in
675 4226 872 4306 Joatttt.
919 4243 1113 4282 cernam
1144 4242 1325 4298 puram
1355 4224 1550 4289 Judtei,
1586 4224 1770 4279 Latine
1941 4231 2126 4286 Matth.
2155 4247 2275 4302 cap.
2309 4247 2441 4298 χχιι,
2473 4247 2522 4285 v.
2558 4231 2644 4287 15.
2672 4231 2978 4288 Vercellen.
3016 4267 3034 4286 .
3068 4271 3082 4286 .
3111 4242 3160 4286 to
3191 4231 3359 4296 illum.
3391 4269 3407 4287 .
3445 4271 3459 4287 .

210 4319 412 4375 usitatius
439 4321 581 4392 apud
608 4337 731 4388 nos,
764 4329 963 4396 vocatu.
1002 4321 1167 4391 Hujus
1193 4321 1426 4376 nominis
1457 4319 1661 4375 mentio
1683 4327 1770 4374 est
1870 4323 1963 4376 bus
1985 4365 1999 4386 ,
2033 4333 2079 4390 et
2108 4341 2210 4377 ma.
2258 4363 2272 4380 .
2309 4365 2319 4377 .
2352 4323 2443 4380 bus
2468 4365 2481 4386 .
2523 4331 2566 4377 et
2595 4323 2749 4400 mitti.
2786 4364 2800 4378 .
2833 4361 2851 4378 .
2879 4320 3084 4395 Supple
3116 4321 3364 4400 lacunam
3394 4338 3463 4380 ex

212 4411 343 4467 etiam
363 4415 500 4486 apud
531 4414 951 4481 Tertullianum,
982 4413 1077 4470 lib.
1101 4431 1130 4468 v
1154 4415 1413 4472 adversus
1439 4413 1764 4470 Marcionem
1871 4415 2099 4482 Veron,
2131 4416 2291 4481 tollite
2330 4406 2479 4469 illum
2522 4414 2754 4486 pedibus,
2788 4422 2834 4468 et
2874 4411 3132 4481 manibus,
3175 4421 3221 4488 et
3256 4413 3462 4484 mittite,

216 4516 310 4579 cap.
332 4505 383 4560 4.
1793 4499 1847 4561 D
1874 4516 1981 4564 etc.
2006 4507 2294 4576 Corbeien.
2329 4507 2492 4561 tollite
2514 4522 2648 4572 eum,
2679 4505 2850 4580 ligatis
2875 4503 3112 4577 pedibus,
3135 4513 3182 4559 et
3208 4503 3461 4574 manibus,

278 4594 384 4654 Luc.
414 4613 532 4669 cap.
573 4614 611 4678 t,
670 4596 764 4656 29.
806 4597 1108 4654 Vereeileu.
1138 4639 1154 4655 .
1188 4641 1200 4654 .
1237 4639 1252 4656 .
1308 4616 1365 4656 sa
1412 4617 1500 4656 au.
1530 4641 1546 4657 .
1583 4642 1596 4655 .
1632 4640 1648 4672 ,
1715 4609 1770 4655 ut
1868 4613 1915 4666 et
1938 4603 2141 4676 mittite,
2175 4609 2282 4656 etc.
2320 4597 2558 4658 Brixian.
2582 4599 2788 4670 alligate
2817 4597 2864 4652 ei
2890 4595 3066 4670 pedes,
3106 4605 3150 4676 et
3187 4589 3392 4665 manus,
3415 4607 3465 4653 et

224 4687 331 4756 sidit.
354 4732 367 4746 .
400 4731 411 4743 .
435 4703 484 4764 ta
507 4701 597 4754 est.
628 4691 830 4762 Supple
857 4691 1103 4748 lacunam
1127 4709 1190 4748 ex
1219 4693 1414 4768 Veron.
1450 4702 1501 4748 et
1525 4693 1762 4748 Brixian.
1870 4694 2036 4749 tollite
2061 4683 2197 4760 eum,
2229 4702 2276 4748 et
2299 4693 2496 4757 mittite,
2522 4701 2629 4769 etc.
2660 4691 2974 4765 S.l_ren:eus
2999 4689 3159 4764 tollite
3185 4707 3299 4762 eum
3320 4707 3352 4744 a
3377 4707 3467 4769 pe-

228 4777 318 4854 lpta
340 4794 518 4850 autem,
561 4795 617 4839 ut
650 4784 773 4838 vidit
809 4801 946 4849 eum,
979 4797 1118 4840 mota
1152 4796 1226 4840 est
1272 4786 1532 4859 (Brixian.
1567 4789 1769 4846 turbata
1876 4783 2365 4853 dibus,etntanibus,
2390 4792 2437 4838 et
2458 4783 2663 4860 mittite,
2683 4789 2788 4858 etc.
2829 4779 2896 4842 Et
2920 4779 2994 4837 ita
3022 4779 3233 4842 Lucifer
3256 4779 3468 4837 Calari-

225 4875 312 4947 est).
340 4876 548 4950 Grtecus
585 4877 768 4953 habet,
796 4875 911 4948 ἠδε
945 4877 1133 4935 ἰδοῦσα
1157 4861 1489 4956 διεταράχθη,
1523 4876 1625 4933 hoc
1663 4887 1767 4946 est,

1907 4892 2030 4930 mus
2053 4876 2104 4954 in
2133 4875 2227 4938 lib.
2278 4891 2313 4929 ιι
2344 4891 2441 4948 pro
2466 4874 2524 4931 S.
2551 4869 2869 4954 Athanasio,
2898 4873 3098 4930 omissa
3128 4881 3306 4954 tamen
3328 4893 3467 4948 prte-

224 4962 292 5015 itla
318 4977 471 5030 autem
501 4968 699 5045 videns,
733 4967 932 5036 turbata
958 4978 1049 5022 est.
1451 5043 1454 5048 _
1873 4965 2144 5042 positione
2185 4985 2234 5044 ατ
2269 4967 2631 5034 Coueinuerat
2667 4966 2715 5021 ei
2756 4967 2812 5043 S_.
2858 4966 3176 5045 Ambrosius
3214 4965 3266 5022 in
3300 4966 3463 5048 Apol.

274 5057 385 5116 Luc.
416 5076 531 5134 cap.
559 5079 633 5127 ιι,
661 5059 715 5117 4.
752 5059 1051 5137 νει-ςυιιεη.
1097 5073 1146 5116 et
1189 5062 1312 5118 inde
1354 5063 1521 5134 exite,
1555 5064 1772 5120 conl'or-
1876 5057 2042 5136 David
2076 5075 2195 5130 cap,
2227 5075 2308 5123 tv,
2347 5075 2464 5133 pag.
2502 5055 2627 5114 699.
2676 5057 2748 5138 At
2781 5055 2957 5136 neque
2996 5055 3255 5137 Vulgata.
3291 5055 3468 5134 neque

216 5150 352 5206 miler
393 5154 595 5217 Grazco,
638 5157 727 5236 κᾳξ
764 5155 947 5210 imbro
1001 5156 1312 5235 ἐξέρχεσθε,
1342 5155 1391 5234 id
1429 5166 1544 5226 est,
1577 5168 1623 5211 et
1652 5157 1773 5216 inde
1873 5152 2154 5208 versiones
2183 5149 2465 5226 Cophtica,
2501 5149 2745 5222 Syriaca,
2789 5145 3037 5230 Arabica,
3062 5139 3224 5226 alque
3253 5151 3466 5230 (Blitio.

217 5245 348 5312 exite,
373 5246 566 5303 Veron.
593 5255 645 5304 et
670 5235 792 5324 inde
815 5241 1224 5322 proﬁciscimiiti,
1259 5257 1314 5304 ut
1337 5247 1502 5304 codex
1533 5239 1696 5324 Corb.
1875 5244 2017 5320 pica.
2066 5257 2239 5313 neque
2263 5240 2493 5298 Sanctus
2535 5241 2866 5313 Augustinus
2904 5235 3089 5320 legunt
3127 5239 3244 5324 lucc
3280 5239 3465 5324 verba,

275 5333 392 5392 Luc.
437 5353 552 5414 cap.
605 5355 760 5410 sxw,
808 5335 976 5393 v.43.
1022 5339 1076 5394 in
1123 5339 1770 5408 Vercellen.,Veronen.,
1877 5337 2044 5405 capite
2072 5333 2240 5389 illum.
2280 5334 2462 5408 Codex;
2493 5331 2935 5406 Cantabrigensis
2974 5343 3190 5415 tamen,
3221 5336 3467 5410 pedibus,

219 5422 469 5503 Cotbeien.
505 5439 556 5491 et
591 5429 828 5505 Brixian.
857 5429 1042 5499 deest,
1085 5447 1290 5486 sumens
1321 5432 1594 5500 reliquias,
1634 5415 1773 5487 dedit
1877 5438 1924 5482 et
1957 5425 2189 5482 manibus
2211 5426 2376 5494 capite
2402 5441 2535 5496 eum.

220 5516 307 5571 fit:
333 5537 422 5577 nec
447 5513 673 5578 habetur
701 5522 754 5576 in
787 5530 936 5577 textu
966 5539 1163 5593 graeco.
1953 5518 2140 5574 Matth.
2186 5533 2304 5588 cap.
2352 5533 2520 5580 χχιιι,
2565 5517 2654 5571 25.
2685 5515 2893 5582 Vercei.
2917 5560 2930 5582 ,
2959 5519 3114 5589 plena
3143 5529 3262 5574 sunt
3282 5521 3467 5591 rapina

279 5597 449 5698 Matth,
481 5629 600 5696 cap.
633 5629 709 5692 vt,
754 5613 842 5669 14.
873 5613 1071 5700 Verba,
1104 5616 1292 5694 delicta
1344 5625 1526 5682 vestra.
1578 5615 1777 5676 desunt
1881 5625 1929 5671 et
1976 5613 2387 5688 intemperantia.
2432 5610 2607 5668 Gra‘ci
2650 5607 2868 5686 codices
2896 5611 3048 5696 multi
3081 5607 3223 5682 apud
3251 5613 3472 5668 Millium

223 5699 270 5756 in
292 5699 598 5773 Vercellen.,
633 5705 856 5771 Vcrnn.,
885 5699 1190 5765 Brixiamet
1218 5715 1362 5765 textu
1385 5708 1593 5764 Graeco.
1886 5723 2007 5763 cum
2051 5706 2273 5776 Vulgata
2303 5703 2650 5760 consentiunt
2679 5717 2692 5754 :
2726 5707 2782 5754 at
2831 5701 2973 5770 typis
3019 5703 3246 5777 vulgatij
3266 5705 3473 5774 legunt,
