3950 6176
485 195 556 249 s7
1845 182 2381 241 PROLEGOMENA.
3706 183 3775 241 88

485 309 732 378 Γέμονσιν
758 308 807 372 ἐξ
833 306 1090 380 ἁρπαγῆς,
1123 308 1204 359 καὶ
1248 306 1500 377 ἀκρασίας
1529 319 1540 353 :
1570 300 1624 355 id
1662 308 1766 365 est,
1796 300 1932 368 pleni
1957 300 2077 353 estis

2190 299 2432 354 invenire.
2460 298 2696 354 Brixian.
2719 307 2769 352 et
2788 299 2841 352 in
2861 313 2942 352 me
2962 314 3066 352 non
3088 296 3305 352 inveniet
3324 298 3619 367 quicquam.
3642 296 3779 353 Ver-

492 400 553 471 (l.
583 404 724 465 sunt)
758 398 940 467 rapina
984 408 1032 450 et
1055 395 1465 462 intemperantia,
1496 402 1553 445 ut
1574 391 1780 447 Veron.

559 494 715 549 Joan.
748 510 868 562 cap.
902 508 1011 557 vn,
1056 491 1146 543 23.
1190 488 1521 552 \t'erccllen.,
1574 487 1786 555 quidam
1832 486 2080 538 Hieroso-

494 588 709 658 lgmitte.
790 584 1055 639 Veronen.
1133 582 1343 650 quidam
1417 596 1485 633 e1:
1572 578 2076 649 llierosolgmitanis.

491 677 731 733 Brixian.
879 690 944 729 ex
977 674 1383 745 lerosolgmitis,
1423 681 1477 727 et
1512 672 1581 727 ita
1614 680 1795 727 textus
1832 671 2078 735 Graecus,

495 771 553 824 in
577 778 678 824 τῶν
702 767 1141 841 Ἱεροσολυμιτῶν.

563 861 721 915 Joan.
776 876 896 929 cap.
962 875 1067 925 vn,
1132 860 1225 914 55.
1326 858 1630 913 Vercellen.
1690 867 1745 913 et
1805 856 2080 913 Veronen.

483 952 736 1023 nuntquid
757 954 810 1006 in
832 952 1201 1021 dispersioncm
1238 950 1539 1005 Grtecorum
1562 952 1726 1004 iturus
1748 960 1820 1005 est
1844 950 2078 1022 (Veron.

481 1047 693 1116 incipiet
719 1045 825 1115 ire)
874 1053 921 1097 et
962 1044 1145 1098 docere
1195 1044 1422 1097 Graecos.
1466 1044 1670 1099 Textus
1714 1043 1933 1098 Grmcus
1986 1044 2083 1097 ha-

483 1139 600 1203 bet,
641 1142 724 1198 εἱς
752 1144 841 1196 τήν
868 1137 1152 1213 διασπορὰν
1180 1146 1279 1194 τῶν
1302 1136 1541 1197 Ἐ)).ήνων
1561 1139 1726 1209 μέλλει
1754 1138 2080 1212 πορεύεσθαι,

488 1239 575 1290 καὶ
604 1234 861 1290 διδάσκειν
884 1239 1006 1297 τοὺς
1031 1232 1273 1295 Ἕλληνας
1295 1251 1307 1285 :
1342 1233 1609 1303 Numquid
1635 1234 1687 1286 in
1714 1233 2083 1302 dispersionem

489 1328 786 1382 Gra'corum
806 1330 970 1382 iturus
993 1338 1088 1392 est,
1112 1339 1158 1383 el
1180 1328 1425 1381 docturus
1451 1326 1677 1393 Graecos,
1704 1327 1754 1380 id
1785 1335 1868 1381 est
1895 1326 2083 1380 Ethni-

486 1434 582 1474 cos
611 1420 886 1474 Gentesve
923 1435 1017 1489 per
1056 1430 1225 1473 totum
1257 1419 1445 1473 orbem
1490 1418 1765 1488 dispersas
1806 1427 1860 1471 et
1919 1416 2081 1470 ditiu-

486 1526 596 1565 sas.
636 1512 725 1567 Sic
753 1513 895 1566 enim
934 1512 1178 1581 plerique
1210 1511 1637 1580 interpretantur
1667 1510 2034 1576 dispersionem
2061 1524 2081 1561 :

487 1613 613 1657 sunt
653 1614 832 1657 tamen
879 1605 968 1673 qui
1024 1612 1242 1672 putant,
1279 1604 1425 1671 ipsos
1455 1602 1672 1657 Judzeos
1700 1601 2080 1671 intelligendos

2186 392 2365 445 siones
2401 390 2523 463 Syr.
2556 390 2721 447 GOlll.
2753 389 2901 445 13th.
2946 392 3170 445 Armen.
3222 399 3276 445 et
3315 390 3415 445 SS.
3449 389 3614 460 Greg.
3646 390 3782 461 Nys-

2184 498 2301 537 sen.
2344 482 2544 537 Athan.
2593 482 2759 539 Basil.
2803 482 3004 551 aliique
3046 480 3219 536 Grzcci
3262 482 3481 548 Patres,
3511 493 3566 536 et
3603 482 3775 537 Codd.

2186 575 2389 643 legunt,
2420 579 2512 630 Καὶ
2534 577 2582 629 ἐν
2603 577 2713 647 ἐμοὶ
2734 576 2837 645 οὐχ
2859 575 3067 649 εὑρήσει
3087 572 3248 628 οὐδέν.
3275 572 3345 627 Ει
3364 572 3581 643 quidam
3601 572 3780 627 Latini

2184 666 2397 733 Patres,
2428 682 2622 737 nempe
2649 667 2708 722 8.
2738 666 3058 722 Ambrosius
3089 666 3182 719 lib.
3227 681 3265 719 ιι
3308 665 3377 719 de
3402 664 3548 735 Fuga
3576 664 3778 738 Smculi

2184 774 2304 828 cap.
2324 760 2379 825 4,
2404 770 2458 815 et
2479 759 2538 815 S.
2565 758 2859 830 Gregorius
2882 758 3102 827 Magnus
3126 756 3355 811 Homilia
3382 755 3474 821 39,
3508 758 3561 811 in
3594 754 3778 811 Evan-

2183 850 2321 920 gelia
2350 850 2571 913 habent,
2600 862 2646 904 et
2683 852 2737 903 in
2764 866 2844 904 me
2870 867 2973 903 non
3004 851 3223 904 inveniet
3247 850 3545 919 quidquam.
3573 848 3780 904 Verum

2186 944 2328 1001 idem
2379 943 2437 1000 S.
2488 944 2806 999 Ambrosius
2858 944 2913 997 in
2970 943 3109 998 libro
3163 945 3232 998 de
3278 942 3482 1007 Tobia,
3544 952 3676 997 tom.
3726 958 3774 1009 I,

2188 1051 2309 1107 pag.
2337 1036 2466 1102 601,
2491 1048 2536 1090 et
2560 1038 2612 1090 in
2636 1052 2875 1090 mesuum
2892 1052 2992 1089 non
3015 1036 3202 1088 invenit
3218 1034 3351 1087 nihil
3365 1047 3557 1103 :quam
3585 1033 3783 1088 lectio-

2187 1145 2310 1185 nem
2339 1132 2499 1185 etiam
2531 1130 2766 1200 explicat
2801 1130 2853 1183 in
2906 1128 3123 1183 laudato
3147 1127 3243 1182 lib.
3285 1126 3355 1183 de
3381 1126 3526 1197 Fuga
3556 1126 3781 1193 Smculi,

2185 1237 2307 1293 cap.
2340 1222 2407 1288 4,
2459 1240 2512 1275 ιι.
2556 1224 2646 1276 21.
2677 1221 2739 1277 8.
2776 1222 3103 1291 Augustinus
3130 1234 3345 1290 quoque
3386 1220 3438 1273 in
3487 1218 3580 1273 lib.
3631 1235 3667 1273 ιι
3714 1219 3783 1273 de

2185 1314 2398 1383 Nuptiis
2444 1322 2501 1369 et
2523 1314 2983 1384 concupiscentia,
3008 1322 3142 1367 tom.
3168 1328 3225 1377 x,
3251 1319 3392 1382 part.
3426 1311 3480 1376 1,
3505 1325 3626 1382 pag.
3649 1312 3781 1380 307,

2187 1416 2232 1461 et
2254 1407 2305 1459 in
2334 1423 2413 1460 me
2431 1408 2561 1460 nihil
2590 1408 2802 1461 invenit.

2257 1521 2387 1578 Luc.
2416 1538 2536 1593 cap.
2568 1539 2625 1577 ut
2645 1564 2660 1590 ,
2694 1524 2779 1578 15.
2826 1522 3135 1578 Vercellen.
3168 1521 3319 1576 Nihil
3346 1521 3466 1593 plus
3488 1520 3784 1592 exegeritis,

2186 1632 2337 1685 quam
2367 1616 2504 1686 quod
2531 1626 2871 1669 constitutum
2893 1624 2967 1671 est
2993 1616 3153 1669 vobis.
3184 1613 3457 1669 Veronen.
3492 1611 3647 1667 Nihil
3668 1630 3786 1666 am-

488 1710 609 1750 esse
634 1738 647 1759 ,
682 1695 774 1763 qui
813 1706 961 1748 extra
991 1694 1233 1749 .lndream
1282 1694 1553 1763 degebant
1614 1703 1667 1747 et
1721 1694 2077 1747 censebantur

2190 1710 2325 1777 plius
2355 1710 2600 1778 exigatis,
2630 1724 2782 1779 quam
2819 1709 2960 1777 quod
2989 1708 3322 1761 constitutum
3362 1716 3435 1761 est
3460 1706 3620 1760 vobis.
3654 1704 3785 1761 Gat.

488 1788 715 1856 dispersi
737 1806 751 1852 ;
777 1787 1032 1856 quooiam
1060 1797 1114 1843 et
1141 1789 1415 1857 regiones,
1442 1787 1529 1839 ubi
1559 1787 1636 1840 sic
1657 1786 1886 1855 dispersi
1914 1786 2079 1855 dege-

490 1881 638 1942 bant,
682 1880 1001 1933 dicebantur
1048 1880 1413 1945 dispersiones.
1472 1878 1544 1932 Ita
1585 1877 1847 1955 διασπορὰ
1896 1878 2080 1932 Πόντου

489 1974 738 2041 dispersio
782 1972 970 2038 Ponti,
1005 1972 1378 2041 appellabatur
1434 1973 1583 2039 regio
1643 1972 1824 2037 l'outi,
1874 1970 1928 2024 in
1978 1985 2083 2040 qua

488 2075 644 2119 erant
673 2064 863 2119 Jud.ci.
893 2064 1007 2119 Vox
1037 2064 1123 2120 illa
1151 2064 1412 2139 διασπορὰ
1440 2064 1693 2133 dispersio
1713 2104 1726 2125 ,
1753 2063 1804 2115 in
1839 2062 2083 2130 pluribus

493 2158 785 2225 Scripltlm:
833 2157 967 2210 locis
1009 2165 1301 2225 usurpatur
1354 2172 1451 2225 pro
1507 2152 1861 2224 signiﬁcando
1920 2153 2083 2206 exilio

490 2250 799 2303 .lndmorum
835 2251 884 2302 in
916 2250 1148 2303 diversis
1178 2249 1328 2301 orbis
1352 2248 1662 2317 regionibus
1688 2288 1703 2313 ,
1746 2263 1774 2299 a
1808 2262 1914 2315 quo
1944 2246 2084 2299 Deus

492 2352 845 2397 l‘tWOCnllll'US
915 2350 1035 2395 erat
1112 2356 1208 2395 eos
1290 2340 1612 2409 aliquando,
1670 2349 1726 2392 ut
1777 2339 2086 2407 praedicitur

492 2434 634 2488 Psal.
651 2433 944 2496 chvt,v.2
960 2449 972 2484 :
991 2436 1086 2493 τὰς
1103 2431 1390 2508 διασπορὰς
1413 2438 1505 2486 τοῦ
1525 2431 1735 2502 ἰσμαήλ
1764 2431 2084 2493 ὲπισκευὰξει

491 2525 830 2593 dispersiones
860 2522 1068 2577 lsraelis
1098 2524 1445 2595 congregabit.
1478 2523 1660 2591 Itaque
1701 2522 1924 2592 (aiunt)
1971 2521 2085 2574 dis-

492 2614 775 2685 persioucs
807 2614 911 2667 illa:
939 2613 1231 2677 Gentium,
1264 2628 1386 2682 qua:
1415 2612 1729 2666 Gra-corum
1763 2614 1983 2665 nomine
2007 2612 2088 2663 iu-

492 2706 701 2760 terdum
745 2707 1145 2776 signilicantur,
1179 2715 1335 2759 erant
1364 2704 1597 2758 diversae
1624 2702 1772 2757 orbis
1813 2703 2084 2772 regiones,

493 2816 591 2871 per
636 2815 772 2870 quas
828 2799 1001 2869 sparsi
1045 2808 1202 2853 erant
1246 2796 1444 2860 Judaei,
1498 2805 1555 2849 ut
1599 2796 1837 2865 loquitur
1886 2794 2085 2849 Tobias

490 2908 613 2962 cap.
670 2908 787 2959 XIII,
816 2893 871 2955 3,
914 2894 1042 2961 quia
1084 2891 1225 2945 Deus
1270 2889 1558 2966 διέσπειρεν
1610 2892 1745 2961 ἡμᾶς
1798 2890 1849 2941 ἓν
1889 2890 2082 2947 αὐτοῖς.

492 2986 634 3055 Ergo
661 3000 727 3039 cx
762 2984 986 3037 iStorum
1029 2982 1324 3047 sententia,
1356 2982 1613 3035 dicebant
1636 2981 1806 3035 ludazi
1836 2998 1848 3033 :
1881 2982 1964 3033 An
1990 2978 2085 3033 ibit

490 3076 555 3130 ad
581 3076 800 3131 Judzeos
819 3075 1093 3143 dispersos
1126 3074 1266 3128 inter
1294 3072 1516 3135 Gentes,
1546 3082 1592 3125 et
1615 3072 1859 3124 docturus
1896 3069 2083 3124 Gentes
2110 3086 2153 3148 ρ
2191 3123 2231 3148 ﬂ,

486 3170 752 3234 Ἕλληνας,
784 3184 881 3223 eos
926 3183 1122 3237 nempe
1158 3168 1248 3237 qui
1283 3168 1425 3221 inter
1454 3164 1700 3220 Gentiles
1727 3164 2011 3218 habitant?

560 3264 695 3318 .loan
725 3278 846 3331 cap.
892 3277 948 3325 x,
973 3260 1065 3313 26.
1108 3259 1415 3313 Vercellen.
1455 3258 1723 3311 Veronen.
1756 3266 1812 3310 et
1842 3256 2081 3308 Brixian.

489 3363 611 3423 post
661 3353 808 3415 meis,
872 3350 1094 3415 addunt,
1128 3350 1256 3401 sicut
1287 3347 1397 3401 diri
1448 3347 1609 3411 vobis,
1667 3346 1819 3414 juxta
1877 3355 2083 3400 textum

491 3443 739 3498 Graecum
774 3457 789 3492 :
820 3442 890 3494 Οὐ
913 3443 1012 3516 γάρ
1039 3443 1155 3495 ἔστε
1190 3442 1241 3493 ἐκ
1268 3446 1370 3495 τῶν
1399 3440 1672 3513 προϐάτων
1693 3446 1793 3492 τῶν
1815 3440 1968 3506 ἐμῶν,
1995 3462 2085 3493 κα-

489 3539 589 3596 θῶς
615 3530 755 3588 εἶπον
782 3534 921 3603 datu.

562 3625 721 3680 Joan.
746 3638 866 3693 cap.
894 3638 991 3687 xu,
1016 3622 1106 3676 20.
1142 3620 1446 3675 Vercellen.
1475 3619 1638 3674 Erant
1660 3620 1866 3690 quidam
1890 3618 2076 3673 Graeci.

490 3722 557 3777 Et
583 3721 654 3774 ita
688 3718 957 3774 Veronen.
1012 3725 1069 3771 et
1122 3716 1403 3771 Corbeicn.
1434 3714 1679 3770 Gentiles
1709 3717 1817 3778 isti,
1848 3711 2083 3775 Ἐλληνες

490 3824 645 3870 erant
692 3811 978 3881 Prosclyti,
1033 3824 1139 3863 non
1190 3826 1255 3863 ex
1296 3808 1518 3875 Judmis,
1553 3808 1647 3863 sed
1694 3824 1758 3863 ex
1816 3807 2081 3863 Gentibus

490 3911 621 3963 nati.
656 3908 855 3963 Omnes
882 3906 993 3959 fere
1024 3904 1252 3976 populos
1297 3903 1365 3957 de
1411 3919 1517 3956 non
1547 3902 1843 3956 Israelitica
1882 3901 2077 3967 Genle,

485 3998 913 4061 ἔλληναςϐνωεοδ
944 3995 1505 4067 appellabantludazi;
1530 3994 1878 4059 Ἑλληνιστάς,
1906 3993 2081 4049 Helle-

488 4094 649 4146 nistas
677 4104 833 4151 vero,
866 4088 1086 4144 Judzeos
1106 4128 1121 4153 ,
1153 4088 1243 4157 qui
1274 4086 1461 4142 Graaca
1491 4086 1662 4140 Biblia
1695 4087 1746 4139 in
1777 4085 2078 4156 Synagogis

489 4182 758 4253 legebant.
813 4180 947 4235 Vide
999 4187 1179 4233 tamen
1251 4193 1371 4249 qua:
1433 4176 1672 4231 diximus
1735 4177 1896 4247 paulo
1952 4191 2073 4246 sup.

486 4292 609 4345 cap.
635 4291 726 4341 vn,
751 4290 803 4327 v.
835 4275 925 4329 '55.

558 4368 713 4423 Joan.
749 4382 871 4436 cap.
900 4382 1008 4430 xtv,
1040 4365 1129 4420 10.
1160 4364 1464 4419 Vercellen.
1490 4363 1597 4419 Sed
1627 4361 1786 4417 Pater
1813 4364 1897 4433 qui
1919 4364 1973 4416 in
2002 4379 2078 4416 me

2191 1810 2246 1855 et
2267 1801 2505 1855 Brixian.
2535 1818 2685 1871 quam
2712 1802 3042 1855 constitutum
3064 1813 3137 1856 est
3161 1801 3331 1866 vobis,
3361 1800 3592 1869 exigatis.
3631 1798 3790 1854 Gre-

2186 1907 2282 1947 cus
2332 1892 2474 1959 l'ert,
2529 1893 2689 1952 Μηδὲν
2732 1894 2881 1949 πλέον
2922 1895 3067 1969 παρὰ
3119 1895 3178 1949 τὸ
3222 1891 3615 1965 διατεταγμένον
3660 1893 3790 1964 ὑμῖν

2186 1990 2475 2059 πράσσετε,
2520 1988 2711 2043 Latine
2758 1987 3090 2051 reddendus,
3139 1986 3292 2040 Nihil
3333 1987 3576 2057 amplius,
3627 2003 3787 2055 quam

2186 2078 2322 2148 quod
2358 2081 2687 2133 constitutum
2729 2087 2803 2133 est
2848 2078 3008 2141 vobis,
3061 2078 3299 2147 exigatis.
3345 2076 3589 2132 Grmcum
3635 2078 3789 2131 enim

2191 2173 2433 2247 πράσσω,
2459 2170 2773 2241 frequenter
2803 2180 3094 2240 usurpatur
3117 2184 3215 2241 pro
3230 2169 3435 2239 exigere
3466 2185 3484 2223 :
3512 2174 3785 2243 πράσσετε

2190 2266 2240 2318 id
2264 2274 2347 2318 est
2375 2265 2612 2335 exigatis.
2637 2264 2781 2318 lianc
2810 2264 2955 2318 enim
2984 2261 3432 2332 signiﬁcationem
3463 2260 3627 2316 habet
3654 2278 3787 2316 ver-

2191 2356 2315 2410 bum
2350 2356 2597 2411 Graacum
2616 2398 2631 2422 ,
2660 2371 2691 2409 a
2720 2371 2828 2426 quo
2852 2360 3167 2433 πράκτορες,
3198 2365 3479 2410 exactores.
3507 2353 3678 2409 Grazci
3704 2356 3792 2408 di-

2188 2460 2335 2516 cunt,
2366 2451 2539 2521 inquit
2566 2450 2829 2521 Agellius,
2863 2450 2959 2504 lib.
2993 2466 3087 2517 xv,
3121 2464 3173 2505 c.
3208 2451 3305 2515 M,
3339 2448 3678 2527 εἰσεπράξατό
3720 2473 3789 2522 με

2190 2546 2435 2621 ἀργύριον
2457 2586 2472 2611 ,
2504 2546 2667 2614 exegit
2699 2560 2777 2597 me
2820 2544 3087 2613 pecuniam
3116 2560 3135 2598 :
3166 2543 3259 2598 sed
3288 2552 3343 2598 et
3373 2544 3489 2612 ipse
3526 2542 3792 2612 Vulgatus

2182 2634 2466 2706 interpres
2557 2639 2867 2715 πράκτορσι,
2945 2636 3182 2691 reddidit
3247 2647 3577 2701 exactorem,
3645 2635 3790 2691 Luc.

2190 2744 2311 2794 cap.
2356 2744 2451 2791 xn,
2504 2730 2775 2783 versiculo
2803 2729 2892 2783 58.
2932 2728 3196 2784 Similiter
3223 2743 3324 2797 cap
3354 2742 3471 2792 xtx,
3509 2726 3600 2791 25,
3650 2727 3791 2783 illud

2190 2824 2287 2875 σὺν
2340 2822 2464 2875 τὸκω
2496 2816 2555 2875 ἂν
2586 2820 2782 2897 ἔπραξα
2822 2823 2969 2886 αὐτὸ,
3012 2821 3397 2891 interpretatur
3442 2835 3557 2873 cum
3609 2820 3794 2875 usuris

2192 2912 2366 2982 utique
2395 2913 2670 2982 exegissem
2696 2914 2863 2967 illam.

2262 3027 2393 3083 Luc.
2421 3043 2542 3098 cap.
2573 3044 2627 3094 v,
2664 3027 2753 3083 14.
2792 3026 3093 3083 Vercellen.
3126 3043 3249 3083 cum
3274 3028 3333 3084 8.
3366 3028 3673 3084 Ambrosio.
3712 3028 3793 3085 Ut

2187 3123 2252 3177 sit
2278 3123 2332 3175 in
2358 3122 2706 3175 testimonium
2735 3122 2830 3175 hoc
2855 3121 3015 3176 vobis.
3049 3119 3249 3177 Veron.
3286 3119 3353 3176 Ut
3383 3122 3448 3175 sit
3469 3122 3523 3175 in
3552 3122 3795 3176 testimo-

2188 3213 2402 3267 nium...
2432 3213 2589 3267 vobis.
2609 3212 2897 3267 Corbcicn.
2927 3211 2991 3267 Ut
3010 3214 3074 3266 sit
3100 3214 3153 3266 in
3181 3214 3468 3266 testimonia
3489 3211 3585 3265 hoc
3612 3212 3787 3269 vobis.

2185 3304 2337 3360 Mulli
2366 3304 2537 3361 Graeci
2566 3304 2781 3361 codices
2816 3305 3002 3376 legunt
3035 3322 3048 3355 :
3086 3303 3153 3360 Ut
3198 3307 3263 3359 sit
3303 3306 3644 3358 testimonium
3684 3306 3794 3360 hoc

2184 3396 2351 3457 vobis,
2380 3394 2484 3453 Ἰνα
2555 3401 2840 3475 μαρτύριον
2858 3406 3013 3454 τοῦτο
3032 3398 3173 3469 ὑμῖν.
3196 3406 3250 3452 cl.
3278 3397 3350 3451 ita
3376 3396 3610 3451 Marcion
3637 3397 3793 3468 apud

2184 3489 2242 3544 S.
2279 3488 2640 3560 Epiphanium
2674 3501 2727 3545 et
2756 3491 3077 3546 Tertullian.

2256 3603 2388 3658 Luc.
2413 3619 2532 3673 cap.
2569 3619 2645 3669 ix,
2689 3605 2775 3659 54.
2812 3603 3111 3659 Vcrcellen.
3146 3603 3419 3659 Veroneu.
3444 3612 3498 3658 et
3532 3603 3788 3660 Brixiau.

2184 3698 2236 3752 in
2278 3699 2384 3753 line
2415 3698 2657 3765 addunt,
2682 3698 2814 3753 sicut
2844 3698 3119 3768 (Brixian.
3152 3699 3281 3752 sicut
3302 3697 3385 3769 et)
3421 3696 3599 3752 Ilelias
3630 3698 3785 3768 fecit,

2185 3800 2244 3845 ut
2270 3802 2446 3846 textus
2473 3792 2714 3859 Grmcus,
2738 3792 2826 3853 Ὠς
2846 3796 2927 3848 καὶ
2952 3792 3115 3854 11⁴λίας
3147 3794 3379 3852 ἕποὶησε.
3398 3791 3447 3845 id
3471 3801 3575 3855 est,
3602 3807 3789 3861 quem-

2184 3884 2460 3937 admodum
2500 3895 2543 3938 et
2576 3882 2722 3937 Elias
2753 3885 2892 3955 fecit.
2926 3881 3285 3938 Consentiunt
3314 3883 3605 3938 Vcrsioucs
3643 3884 3791 3937 Ara-

2182 3974 2298 4030 bica
2321 4017 2335 4040 ,
2371 3976 2607 4041 Persica,
2641 3976 2861 4045 Syriaca
2881 4018 2895 4041 ,
2925 3976 3232 4045 Ethiopica
3287 3985 3343 4030 et
3393 3975 3641 4030 Gothica.
3670 3975 3789 4032 Ve-

2181 4078 2330 4124 retur
2356 4067 2613 4134 Grotius,
2659 4085 2725 4123 ne
2772 4067 2887 4123 lucc
2935 4067 3116 4123 ablata
3159 4066 3269 4121 sint
3292 4081 3321 4119 a
3351 4065 3604 4133 librariis,
3630 4068 3786 4136 quod

2182 4176 2246 4218 ea
2267 4162 2600 4216 Marcionitis
2627 4160 2808 4216 lavere
2829 4159 3120 4215 crederent
3145 4176 3158 4212 :
3185 4174 3289 4229 qua
3318 4158 3388 4213 de
3411 4172 3470 4214 re
3494 4157 3613 4213 vide
3635 4157 3786 4214 Ter-

2182 4276 2389 4331 tullian.
2422 4276 2617 4343 lib.‘tv,
2644 4289 2765 4346 pag.
2794 4274 2921 4341 540,
2950 4283 3136 4331 contra
3176 4274 3527 4330 Marcionem.

2251 4369 2414 4423 Mare.
2442 4383 2561 4439 cap.
2595 4384 2654 4435 ιι,
2686 4370 2772 4424 14.
2797 4367 3385 4423 Vercellen.Veronen.
3409 4376 3463 4422 et
3477 4365 3780 4423 Corbeien.

486 4470 679 4524 manet,
723 4462 831 4531 ipse
871 4460 1117 4531 loquitur,
1142 4468 1185 4513 et
1214 4474 1390 4528 opera,
1415 4472 1529 4523 qute
1558 4473 1648 4527 ego
1673 4457 1830 4527 facio,
1863 4458 1971 4523 ipse
1998 4457 2079 4526 fa-
2105 4462 2158 4522 1)
2183 4463 2308 4517 vidit
2355 4460 2607 4516 Iacobum
2645 4462 2870 4533 Alphaei,
2902 4471 2957 4517 ct
3001 4462 3073 4516 ita
3128 4461 3299 4517 Graeci
3351 4459 3475 4515 libri
3504 4461 3779 4532 plerique.

484 4558 573 4610 cit.
609 4553 807 4608 Veron.
842 4552 996 4605 Pater
1023 4562 1194 4605 autem
1236 4553 1291 4604 in
1327 4567 1407 4604 me
1436 4566 1667 4615 manens,
1696 4550 1805 4619 ipse
1829 4549 2071 4619 loquitur.

484 4658 533 4702 et
562 4662 717 4717 opera
741 4684 758 4711 ,
788 4659 902 4711 qua:
932 4659 1021 4713 ego
1053 4646 1191 4714 facio
1216 4683 1231 4707 ,
1263 4642 1371 4713 ipse
1401 4642 1546 4713 facit.
1592 4641 1877 4695 Corbeien.
1917 4638 2076 4693 Pater

483 4751 676 4804 autem,
707 4738 793 4808 qui
820 4738 874 4789 in
901 4752 979 4789 me
1004 4744 1201 4801 manet,
1232 4738 1341 4806 ipse
1371 4736 1596 4801 loquitur
1620 4774 1635 4798 ,
1670 4744 1716 4788 et
1752 4750 1929 4805 opera,
1962 4750 2074 4804 qua:

481 4835 620 4906 facio
643 4873 658 4897 ,
698 4833 807 4900 ipse
836 4832 980 4898 facit.
1012 4829 1250 4882 Brixian.
1299 4826 1406 4882 Sed
1455 4825 1634 4889 Pater,
1662 4827 1749 4894 qui
1779 4828 1832 4880 in
1858 4842 1935 4880 me
1964 4844 2075 4880 ma-

481 4935 587 4989 net,
649 4924 757 4992 ipse
797 4923 921 4991 facit
968 4922 1077 4973 hwc
1127 4935 1303 4989 opera.
1360 4918 1592 4973 Sanetus
1648 4920 1970 4974 Ambrosius
2019 4921 2071 4974 in

481 5016 576 5071 lib.
609 5028 665 5068 111
698 5014 767 5067 de
800 5011 952 5077 Fide,
977 5026 1097 5079 cap.
1125 5009 1179 5072 2,
1226 5024 1342 5079 pag.
1397 5010 1504 5065 515
1534 5027 1547 5061 :
1581 5008 1739 5063 Pater
1766 5020 1953 5071 autem,
1986 5012 2073 5077 qui

477 5108 532 5161 in
558 5122 640 5160 me
669 5113 857 5166 ntanet,
883 5103 990 5173 ipse
1020 5102 1145 5172 facit
1170 5116 1346 5171 opera,
1376 5110 1421 5153 et
1445 5116 1602 5169 opera
1650 5118 1763 5171 qua:
1789 5119 1880 5173 ego
1910 5102 2067 5170 facio,

476 5202 588 5271 ipse
616 5198 759 5267 facit.
789 5197 921 5251 Item
966 5195 1016 5247 in
1070 5193 1162 5247 lib.
1193 5209 1279 5259 tv,
1321 5207 1441 5263 cap.
1474 5192 1507 5247 6
1531 5236 1544 5259 ,
1571 5210 1692 5265 pag.
1727 5196 1834 5251 555
1867 5213 1879 5248 :
1911 5194 2070 5250 Pater

479 5308 619 5346 meus
642 5333 656 5355 ,
686 5291 773 5359 qui
799 5290 851 5342 in
881 5304 963 5341 me
984 5296 1155 5339 manet
1181 5327 1194 5350 ,
1226 5287 1335 5355 ipse
1378 5286 1619 5355 loquitur,
1676 5297 1723 5340 et
1752 5304 1906 5359 opera
1952 5304 2067 5359 gnte

471 5402 567 5457 ego
593 5386 760 5456 facio,
783 5384 891 5453 ipse
912 5382 1055 5450 facit,
1080 5391 1133 5434 et
1158 5381 1230 5432 ita
1262 5380 1313 5433 in
1348 5380 1436 5433 lib.
1470 5394 1523 5445 v,
1557 5394 1675 5449 pag.
1712 5381 1839 5444 575,
1866 5382 2068 5436 omisso

474 5488 676 5541 tamen,
710 5491 871 5528 meus.
907 5473 1061 5527 Paria
1101 5472 1262 5527 habet
1287 5473 1340 5527 iu
1367 5472 1459 5527 lib.
1494 5471 1563 5527 de
1595 5472 1808 5527 lncarn.
1845 5473 2060 5531 Domin.

476 5570 717 5628 Sacram.
742 5582 862 5638 cap.
889 5566 945 5632 8,
976 5581 1100 5635 pag.
1133 5565 1257 5618 722.

554 5666 707 5725 toan.
739 5678 859 5735 cap.
888 5678 996 5730 xiv,
1031 5661 1121 5718 50.
1155 5660 1462 5720 Vcrcelleu.
1496 5670 1541 5715 et
1571 5662 1623 5715 in
1658 5676 1737 5716 me
1765 5660 1897 5715 nihil
1919 5662 2064 5717 habet

2182 4553 2492 4623 Cautabrig.
2524 4567 2654 4608 vero
2680 4552 3022 4607 Gnaeo-Lat.
3066 4560 3122 4608 et
3157 4551 3389 4608 Leicest.
3418 4564 3472 4607 et
3500 4552 3674 4606 Paris.
3712 4552 3782 4619 6,

2179 4653 2235 4701 et
2272 4646 2362 4699 alii
2392 4644 2563 4700 Codd.
2602 4653 2739 4700 teste
2773 4645 2993 4701 Victore
3040 4645 3376 4701 Antioclteno
3399 4686 3414 4709 ,
3445 4645 3568 4697 vidit
3606 4642 3783 4698 Jaco-

2178 4738 2295 4793 bum
2321 4739 2490 4809 ﬁlium
2531 4738 2753 4808 Alpltwi.
2795 4739 2941 4793 Brix.
2974 4737 3097 4794 Gut.
3122 4747 3176 4793 et
3203 4738 3331 4793 Mm.
3354 4736 3513 4791 Levin
3538 4736 3776 4806 Alphcei.

2178 4831 2328 4902 Orig.
2377 4833 2470 4887 lib.
2523 4847 2563 4897 ι,
2593 4842 2779 4886 contra
2834 4831 3049 4887 Celsum
3082 4840 3261 4902 negat,
3291 4832 3432 4885 hunc
3458 4829 3615 4883 Levin
3643 4846 3778 4887 esse

2176 4924 2515 4994 Apostolum.
2574 4922 2683 4978 Alii
2732 4924 2961 4993 legunt,
3008 4924 3133 4977 vidit
3182 4923 3486 4977 Matthwum
3528 4923 3776 4993 publica-

2178 5032 2334 5080 num;
2388 5031 2485 5086 pro
2549 5030 2615 5070 eo
2684 5016 2825 5085 quod
2890 5017 2942 5070 in
2992 5015 3255 5086 Vulgata,
3310 5024 3365 5069 et
3407 5015 3460 5069 in
3493 5013 3776 5085 plerisque

2174 5110 2486 5173 Codicibus,
2522 5121 2628 5167 tam
2656 5126 2790 5167 mss.
2820 5126 2981 5183 quam
3009 5111 3289 5182 impressis
3317 5108 3524 5166 Graacis
3545 5110 3768 5180 legitur.

2171 5201 2295 5256 Levi
2353 5203 2701 5271 publicanum.
2761 5202 2989 5257 Fallitur
3033 5217 3154 5257 cum
3202 5200 3351 5271 Orig.
3382 5200 3631 5262 Grotius.
3669 5203 3770 5272 qui

2171 5306 2324 5368 putat
2371 5296 2493 5352 Levi
2520 5298 2747 5353 fortasse
2770 5297 2943 5366 ipsum
2971 5296 3138 5350 fuisse
3166 5294 3466 5363 mancipem
3496 5294 3771 5362 portorio-

2168 5405 2326 5454 rum;
2353 5388 2661 5443 Mantua-um
2687 5403 2814 5443 vero
2842 5388 2985 5442 illius
3014 5386 3271 5441 vicarium
3302 5403 3316 5439 :
3350 5394 3404 5439 ct
3427 5385 3764 5455 convivium,

2166 5480 2235 5537 de
2262 5496 2369 5550 quo
2396 5481 2454 5535 S.
2487 5480 2791 5545 Mattltaaus,
2837 5493 2944 5534 non
2992 5478 3046 5532 in
3097 5474 3334 5531 Mattbazi
3361 5475 3542 5541 domo,
3576 5476 3674 5530 sed
3706 5481 3769 5533 in

2167 5574 2294 5630 Levi
2320 5573 2483 5628 fuisse
2506 5573 2846 5628 instructum.

2239 5664 2403 5721 Marc.
2432 5678 2553 5736 cap.
2585 5680 2697 5732 xtv,
2729 5663 2819 5720 6|.
2850 5662 2905 5720 in
2948 5661 3255 5721 Vercellen.
3306 5674 3431 5718 ante
3484 5659 3767 5727 benedicti,
