3950 6176
156 182 205 244 89
1155 189 1494 249 EPISTOLA
1531 187 1866 246 RUGGERH
1905 188 2385 250 NOVARIENSIS.
3350 190 3423 248 90

171 305 289 377 deest,
314 305 436 375 Dei,
462 319 521 365 et
546 309 627 364 ita
666 309 726 364 in
780 308 846 365 8.
897 306 1116 374 Hilario,
1160 307 1255 363 lib.
1286 322 1339 361 ιιι
1366 306 1434 362 de
1460 304 1723 361 Triuitatc
1751 313 1803 371 Α
1900 306 2087 361 ΜηιιΙι.
2122 322 2242 377 cap.
2281 324 2354 375 Vl,
2382 307 2448 364 19
2479 317 2535 364 ct
2556 309 2645 364 20.
2681 308 3003 375 Vercellen.,
3024 308 3252 373 Verum,
3283 307 3420 362 Cor-

176 410 318 457 tom.u
340 444 357 468 ,
382 414 504 472 pag.
537 400 668 467 170,
695 402 944 471 itemque
972 400 1023 454 in
1050 398 1222 455 Tcxtu
1258 396 1471 454 Graeco.

230 498 384 554 Matth.
406 513 523 570 cap.
550 513 674 564 vui,
706 498 803 553 '51.
834 498 891 551 In
926 495 1253 559 Vercellen.,
1284 494 1484 550 Veron.
1520 499 1575 547 et
1606 494 1725 549 Bri-
1752 490 1765 501 “

180 592 288 648 sian.
309 592 451 648 deest
469 591 613 657 hinc,
647 597 707 645 et
733 591 813 644 ita
840 590 894 644 in
920 588 1094 644 Tcxtu
1125 587 1335 643 Graeco.

232 685 383 740 Matth.
423 698 548 752 cap.
596 698 727 750 xnt,
757 681 845 738 50.
879 682 936 737 In
966 680 1274 736 Vercellen.
1311 687 1433 749 post
1472 677 1719 744 verbum,

168 778 370 842 dentium,
417 774 663 842 additur,
694 784 748 831 et
773 775 924 829 dixit.
960 773 1017 828 ln
1049 773 1289 828 Brixian.
1324 786 1483 841 vero,
1513 773 1586 825 ait
1616 770 1723 826 illis

158 867 308 935 Iesus,
336 866 702 922 conformiter
740 867 1009 937 plcriSquc
1040 864 1243 921 Graecis
1284 865 1717 933 Exemplar-ibus.

212 958 380 1014 Matth.
414 973 541 1027 cap.
578 975 692 1024 an,
736 959 823 1014 18.
876 958 1178 1014 Vercellen.
1230 968 1284 1013 et
1327 956 1615 1013 Corhcicn.
1652 956 1719 1011 Et

149 1060 291 1121 partes
314 1050 507 1120 inferni
535 1050 850 1123 (Corbeien.
883 1051 1204 1121 inferorum)
1234 1066 1335 1104 non
1358 1050 1556 1103 vincent
1584 1064 1716 1103 eam.

148 1141 326 1199 Tenus
377 1141 605 1199 Grarcus
660 1143 867 1210 habet,
907 1148 994 1199 καὶ
1018 1143 1180 1199 πύλαι
1230 1141 1356 1217 ᾅδου
1416 1143 1475 1197 οὐ
1541 1162 1721 1197 κατισ-

144 1240 388 1311 χύσουσιν
412 1239 576 1299 αὐτῆς
602 1254 614 1290 :
642 1235 713 1291 Et
738 1246 905 1309 partes
939 1236 1097 1306 inferi
1132 1252 1236 1290 non
1275 1235 1620 1306 prwvalebunt
1651 1233 1717 1291 ei.

208 1330 385 1385 Matth.
412 1345 536 1401 cap.
569 1345 683 1393 xw,
716 1329 811 1384 20.
854 1329 910 1384 in
966 1328 1293 1394 Vercellen.,
1340 1326 1615 1383 Veroncn.
1664 1335 1720 1382 et

137 1420 405 1479 Corbeien.
432 1423 727 1487 omittitur,
748 1421 903 1476 Iesus
931 1437 949 1476 :
979 1434 1077 1477 nec
1118 1420 1313 1491 legitur
1352 1418 1407 1474 in
1443 1419 1721 1475 codicibus

134 1514 268 1572 bene
317 1516 518 1581 multis,
575 1531 700 1570 cum
744 1515 971 1581 Graecis,
1004 1522 1118 1569 tum
1175 1513 1396 1580 Latinis,
1451 1513 1639 1569 relatis
1687 1528 1717 1568 a

127 1612 257 1668 Mill.
302 1612 360 1667 in
388 1612 514 1666 Var.
568 1611 721 1667 Lect.
774 1610 1059 1679 ipsumque
1106 1623 1303 1664 nomen
1343 1606 1623 1662 abundare
1662 1605 1731 1662 in-

130 1705 377 1777 Vulgata,
403 1705 755 1777 quamplttres
784 1702 1138 1758 arbitrantur.

189 1796 380 1853 Matth.
426 1812 548 1866 cap.
576 1811 709 1851 xvm
734 1836 750 1862 ,
781 1795 870 1851 19.
902 1794 1234 1858 Vercellen.,
1292 1793 1520 1859 Veron.,
1577 1789 1713 1847 Cor-

114 1887 815 1954 beien.,Snn.Germauen.
849 1897 901 1941 et
934 1886 1399 1949 Brixian.,iterum
1428 1884 1716 1939 amen.dico

117 1981 279 2045 vobis,
312 1992 369 2035 ct
417 1979 490 2034 ita
529 1978 710 2034 Graeci
766 1976 984 2033 codices
1027 1978 1177 2032 multi
1235 1992 1298 2031 ac
1348 1990 1483 2031 mss.
1539 1974 1715 2030 Latini

114 2072 236 2128 fere
262 2072 474 2142 triginta
503 2081 759 2143 quatuor,
811 2080 865 2127 et
917 2071 1098 2141 plures
1126 2069 1392 2125 editiones
1427 2068 1568 2139 apud
1599 2068 1715 2124 Mil-

118 2163 281 2221 lium.

186 2254 381 2310 Matth.
423 2270 542 2327 cap.
590 2272 626 2310 γ
670 2255 860 2311 eodem
887 2296 902 2320 ,
936 2253 1242 2310 Vercellen.
1275 2262 1327 2309 et
1353 2252 1639 2309 Cor-beien.
1670 2255 1716 2309 si

110 2348 320 2402 duobus
381 2349 688 2403 convenerit.
765 2347 1061 2416 Veronen.,
1129 2348 1593 2403 San-Germanen.
1660 2354 1716 2402 et

107 2441 263 2496 Brix.
287 2444 336 2497 si
362 2442 555 2497 duobus
580 2459 643 2497 ea:
671 2441 813 2497 vobis
853 2442 1141 2497 conrenerit
1163 2458 1183 2506 ;
1205 2451 1259 2496 ct
1290 2442 1361 2494 ita
1393 2440 1451 2495 S.
1483 2439 1710 2511 Cypria-

108 2548 222 2589 nus
250 2550 305 2602 p.
336 2533 426 2601 41,
457 2543 512 2590 et
563 2536 615 2588 in
658 2533 753 2588 lib.
785 2550 845 2587 ιιι
883 2532 1183 2588 Testimon.
1218 2550 1273 2588 n.
1305 2533 1360 2596 ’5,
1393 2540 1449 2587 ct
1489 2531 1547 2587 S.
1584 2533 1716 2589 Am-

104 2623 331 2680 brosius
359 2628 410 2681 in
439 2626 533 2681 lib.
585 2627 653 2679 de
696 2626 934 2680 lustitnt.
960 2624 1168 2697 Virgin.
1201 2641 1319 2694 cap.
1353 2627 1408 2689 2,
1435 2640 1556 2696 ρης.
1580 2627 1708 2681 252.

177 2715 381 2771 Matth.
422 2732 544 2788 cap.
597 2733 716 2783 xix,
768 2717 823 2771 1.
879 2716 1182 2771 Vercellen.
1212 2726 1266 2771 et
1300 2716 1565 2773 Veronen.
1598 2733 1714 2772 cum

107 2806 320 2864 locatus
350 2821 477 2866 esset
506 2810 684 2866 Iesus.
729 2809 1014 2866 Corbeien.
1047 2825 1263 2881 quoque
1284 2850 1298 2876 ,
1349 2826 1466 2865 cum
1515 2810 1712 2866 locutus

103 2909 247 2953 aut
266 2900 441 2968 Iesus,
470 2910 524 2957 et
549 2901 623 2956 ita
646 2901 706 2957 S.
742 2901 911 2955 llilar.

184 2992 382 3048 Matth.
420 3010 539 3065 cap.
590 2994 808 3060 eodem,
851 2994 941 3050 10.
963 2994 1293 3062 Vercellen.,
1326 2994 1602 3050 Vcroncn.
1656 3006 1712 3052 et

1832 400 2041 467 bcicn.,
2070 401 2218 455 Brix.
2253 412 2302 455 et
2327 401 2794 458 San-Cermanen.
2826 401 3147 466 exterminat,
3181 409 3235 453 et
3261 398 3336 453 ita
3358 397 3418 454 8.

1825 493 2082 566 Cyprian.
2118 496 2169 550 in
2197 495 2289 549 lib:
2316 495 2384 551 de
2406 493 2568 565 Oper.
2596 504 2652 552 et
2680 498 2948 552 Eleemos.
2978 511 3099 567 pag.
3128 495 3256 562 305,
3278 502 3335 549 et
3365 493 3416 548 in

1827 590 1920 645 lib.
1952 606 2007 645 ιιι
2057 590 2121 644 ad
2151 590 2305 657 Quir.
2335 589 2393 646 S.
2424 590 2677 645 Ambros.
2703 590 2755 643 in
2788 588 2882 644 lib.
2911 604 2948 643 ιι
2970 588 3038 644 de
3059 588 3203 658 Spir.
3231 585 3416 642 Sanct.

1827 700 1881 755 p.
1912 684 2040 751 635,
2072 692 2125 738 et
2154 683 2213 739 8.
2245 683 2526 754 Augustin.
2561 684 2614 738 in
2645 683 2739 738 lih.
2788 698 2825 737 ιι
2866 682 2934 737 de
2973 680 3151 737 Serm.
3184 680 3338 736 Dom.
3364 679 3419 734 iu

1827 793 2033 843 monte,
2069 789 2202 834 tom.
2234 793 2318 842 nt,
2356 787 2495 848 part.
2529 792 2587 842 ιι,
2627 791 2745 846 pag.
2774 775 2902 830 217.

1894 872 2084 929 Matth.
2115 887 2234 941 cap.
2270 887 2380 938 vni,
2418 870 2506 926 18.
2540 869 2671 924 Post
2711 867 2938 923 verbum
2981 868 3165 941 jussit,
3196 867 3246 921 itt
3278 864 3417 921 Ver-

1825 965 2018 1021 ccllcn.
2050 975 2102 1018 et
2130 964 2401 1018 Veronen.
2433 961 2708 1016 adduntur
2737 958 2899 1013 verba
2927 999 2943 1023 ,
2971 958 3253 1025 discipulos
3274 973 3417 1023 suos,

1826 1068 1881 1113 et
1914 1060 1983 1112 ita
2017 1058 2067 1111 in
2100 1058 2349 1113 versione
2374 1055 2593 1124 Coptica
2620 1095 2635 1121 ,
2690 1055 2741 1108 in
2773 1052 2831 1108 S.
2884 1052 3108 1118 Hilario,
3156 1060 3209 1107 et
3253 1052 3305 1106 in
3356 1051 3415 1107 S.

1826 1151 2174 1223 Hieronymo.
2212 1152 2265 1206 In
2296 1149 2547 1205 Cod.San
2578 1147 2905 1204 Germanen.
2935 1161 3068 1202 vero
3088 1186 3103 1211 ,
3150 1144 3420 1216 discipulis

1823 1246 1952 1299 suis.

1894 1335 2082 1391 Matth.
2126 1351 2248 1405 cap.
2302 1351 2355 1401 Χ,
2387 1333 2478 1390 29.
2529 1333 2855 1399 Vercellen.,
2915 1331 3225 1398 Veronen.,
3284 1327 3418 1385 Cor-

1823 1427 2003 1484 beicu.
2031 1439 2085 1484 et
2136 1429 2400 1494 Brisiau.,
2433 1429 2541 1481 sine
2565 1428 2825 1481 voluntate
2852 1425 3025 1479 Patris
3053 1426 3226 1490 restri,
3259 1432 3313 1479 et
3343 1422 3414 1476 ita

1824 1520 2006 1576 versio
2040 1522 2288 1582 Arabica,
2318 1519 2375 1575 S.
2406 1518 2641 1575 lremeus
2667 1517 2721 1572 in
2743 1517 2837 1572 lib.
2865 1531 2900 1571 ιι
2927 1525 3113 1571 contra
3145 1515 3411 1581 Hasreses,

1825 1625 1955 1670 tom.
2009 1631 2045 1679 ι,
2096 1630 2215 1684 ρης.
2251 1613 2377 1679 151,
2407 1611 2773 1667 'l‘ertnllianus
2802 1626 2906 1665 non
2939 1609 3131 1674 semel,
3163 1606 3416 1661 Noratia-

1745 1711 1795 1770 B
1822 1723 1923 1762 nus
1953 1707 2019 1762 tle
2047 1706 2330 1771 Trinitatc,
2360 1720 2477 1775 cap.
2512 1706 2567 1772 8,
2600 1703 2659 1759 8.
2691 1703 2989 1775 Cyprianus
3030 1701 3083 1756 in
3110 1700 3284 1769 Epist.
3318 1698 3409 1765 55,

1814 1798 1965 1869 juxta
2012 1798 2327 1861 Pamelium,
2365 1796 2383 1869 (
2411 1796 2492 1852 l9.
2519 1794 2728 1867 Oxon.)
2776 1795 2834 1851 8.
2887 1793 3122 1849 Hilarius
3152 1792 3203 1847 in
3231 1791 3325 1846 lib.
3356 1805 3411 1846 tv

1820 1891 1886 1946 de
1912 1889 2178 1944 Trinitate
2209 1899 2336 1942 tom.
2372 1904 2431 1956 ιι,
2465 1902 2585 1959 ρης.
2620 1888 2711 1953 76,
2740 1887 2961 1957 aliique.

1892 1982 2228 2049 Matth.cap.
2265 1996 2392 2047 xm,
2447 1981 2533 2042 15,
2584 1978 2886 2034 Vercellen.
2935 1992 3089 2032 aures
3138 1984 3185 2030 et
3236 1973 3411 2029 oculos

1816 2089 1992 2127 eorum
2023 2088 2203 2143 gravo.
2236 2071 2440 2127 Veron.
2483 2079 2533 2125 et
2577 2085 2729 2123 aures
2758 2084 2935 2123 eorum
2959 2069 3185 2132 obstrue,
3209 2076 3255 2121 et
3285 2080 3409 2119 ocu-

1820 2169 1900 2221 los
1942 2182 2120 2221 eorum
2161 2181 2331 2237 grava.
2369 2164 2429 2219 8.
2458 2164 2724 2232 Irentcus,
2752 2172 2797 2217 et
2823 2177 2975 2216 aures
3005 2176 3182 2216 eorum
3209 2159 3410 2227 obtura,

1819 2270 1867 2314 et
1890 2259 2067 2314 oculos
2092 2275 2271 2314 eorum
2301 2273 2520 2313 excwca.

1889 2350 2079 2405 Matth.
2131 2365 2253 2421 cap.
2295 2366 2411 2418 xm,
2466 2349 2563 2404 47.
2616 2347 2922 2404 Vercellen.
2976 2348 3120 2402 retia:
3157 2347 3329 2430 missae
3356 2346 3410 2401 in

1817 2446 1972 2512 ntari,
2002 2460 2118 2514 qua:
2157 2462 2220 2499 ea:
2252 2445 2388 2498 omni
2417 2459 2601 2516 genere
2626 2443 2843 2514 piscium
3098 2439 3303 2510 Supple
3331 2439 3410 2494 la-

1818 2552 2009 2592 cunam
2043 2554 2105 2591 cx
2142 2537 2410 2592 Veron.et
2438 2537 2680 2591 Brixian.
2705 2535 2794 2606 qui
2826 2534 3044 2600 haheut,
3077 2536 3218 2589 retia:
3241 2535 3410 2588 missio

1816 2629 1870 2683 in
1917 2630 2070 2695 mari,
2124 2645 2239 2700 qua:
2269 2646 2333 2684 ea:
2360 2630 2501 2683 omni
2543 2644 2725 2700 genere
2769 2628 2988 2697 piscium
3016 2626 3241 2699 collegit.
3266 2625 3406 2681 San-

1816 2720 2143 2777 Germanen.
2177 2723 2320 2776 retia:
2356 2723 2528 2775 missa:
2553 2722 2604 2775 in
2632 2736 2790 2785 mare,
2825 2735 2939 2789 qua:
2968 2737 3031 2774 ea:
3059 2721 3197 2774 omni
3226 2734 3408 2791 genere

1814 2814 2031 2885 piscium
2068 2814 2296 2869 collexit.
2325 2814 2385 2870 S.
2418 2814 2738 2869 Ambrosius
2769 2813 2820 2867 in
2872 2812 2965 2866 lib.
2995 2812 3062 2867 tle
3087 2798 3408 2883 .Virginitate

1814 2919 1933 2975 cap.
1961 2905 2047 2971 19,
2074 2921 2194 2976 pag.
2214 2907 2341 2971 245,
2372 2908 2466 2961 reti
2496 2908 2648 2960 misso
2676 2906 2728 2959 in
2757 2921 2918 2972 mare,
2942 2914 3051 2959 etc.
3084 2915 3138 2960 ct
3166 2905 3216 2957 in
3251 2903 3343 2957 lib.
3376 2919 3406 2956 ν
3484 2904 3487 2905 ⁷

1819 2995 2059 3052 llexurm.
2097 3014 2215 3069 cap.
2241 2999 2294 3065 6,
2325 3015 2446 3068 pag.
2483 2999 2574 3063 85,
2604 2998 2706 3051 reti
2731 2998 2888 3050 misso
2914 2998 2967 3050 in
2996 3011 3155 3061 mare,
3179 2995 3318 3067 quod
3344 3011 3408 3049 ea:

104 3081 172 3138 8.
221 3082 581 3149 Germanen.,
627 3102 785 3140 causa
817 3086 946 3152 viri,
990 3096 1044 3141 et
1083 3087 1156 3141 ita
1191 3087 1249 3142 S.
1290 3087 1609 3143 Ambrosius
1656 3090 1708 3143 in
1738 3081 1781 3141 C
1815 3090 1955 3144 onmi
1981 3107 2162 3160 genere
2190 3091 2407 3161 piscium
2427 3089 2773 3160 congregavit.

100 3174 205 3228 lib.
239 3176 657 3250 deVirginltate
702 3193 824 3245 cap.
854 3178 911 3244 6,
945 3194 1065 3248 pag.
1118 3179 1247 3246 220,
1299 3187 1355 3235 et.
1393 3181 1444 3235 in
1498 3180 1592 3236 lib.
1642 3181 1711 3238 de

108 3266 513 3327 Exhortatiune
539 3272 878 3343 Virginitatis
904 3286 1026 3342 cap.
1056 3272 1110 3338 5,
1141 3288 1263 3343 pag.
1290 3273 1424 3329 282.

177 3359 374 3417 Matth.
419 3379 538 3433 cap.
572 3379 725 3430 xxvr,
773 3363 860 3417 11.
905 3362 1205 3419 Vercellen.
1261 3380 1434 3419 non...
1484 3377 1574 3437 per
1612 3367 1711 3421 Ita-

107 3451 292 3509 bebi...
334 3454 540 3527 Supple
599 3455 845 3511 lacunam
914 3471 982 3511 ex
1059 3456 1261 3511 Veron.
1309 3458 1596 3515 Corheicn.
1655 3471 1711 3516 et

110 3543 357 3603 Brixian.
393 3550 484 3620 qui
514 3550 738 3612 habent,
773 3566 873 3603 non
910 3565 1110 3617 semper
1135 3549 1401 3605 habebitis.
1426 3559 1481 3605 et
1508 3552 1577 3606 ita
1603 3552 1710 3608 duo

110 3634 297 3694 Graec:
344 3639 716 3709 Excmplaria,
749 3657 849 3696 nec
890 3656 995 3695 non
1028 3642 1156 3712 aliq.
1183 3642 1477 3699 Succorum
1509 3646 1708 3717 regina:

112 3742 246 3782 mss.
276 3730 411 3787 bibl.
442 3743 496 3788 et
518 3732 730 3789 Sixtina
757 3733 946 3790 editio.

179 3821 375 3878 llatth.
403 3840 522 3893 cap.
587 3841 738 3891 xsvr,
785 3826 876 3881 61.
927 3826 1260 3894 Vercellen.,
1317 3826 1604 3892 Corbeien.
1654 3840 1709 3885 et

117 3911 353 3970 Brixian.
385 3916 670 3986 wdiﬁcare,
697 3926 754 3973 ct
778 3918 846 3972 ita
881 3917 1105 3975 Gratcus
1143 3931 1356 3989 textus,
1382 3928 1437 3976 et
1466 3923 1708 3993 plerique

118 4019 245 4061 mss.
276 4008 336 4065 S.
376 4009 665 4082 Augustini
702 4011 755 4063 in
785 4010 879 4065 lib.
913 4027 947 4065 tt
977 4010 1046 4066 de
1071 4027 1342 4067 consensu
1372 4012 1703 4083 Evangelist.

181 4115 339 4174 Joan.
376 4136 494 4192 cap.
523 4137 565 4188 ι,
593 4121 684 4177 50.
721 4121 1052 4190 Vercellen.,
1097 4123 1300 4179 Veron.
1354 4132 1411 4179 et
1459 4124 1699 4182 Brixian.

122 4210 311 4277 majora
364 4215 570 4280 horum,
619 4223 673 4269 et
718 4214 789 4268 ita
838 4213 1011 4270 Gra-c.
1055 4217 1213 4287 μείζω
1242 4217 1458 4284 τούτων,
1488 4232 1702 4287 nempe,

123 4304 314 4373 majora
343 4306 443 4361 his.

188 4393 369 4452 Matth.
421 4412 543 4468 cap.
586 4413 627 4460 ι,
672 4395 760 4453 16.
814 4396 1117 4454 Vercellen.
1149 4407 1202 4454 et
1230 4398 1699 4456 Sani-Germanen.

128 4484 203 4537 cui
219 4488 520 4559 desponsata
555 4488 717 4563 Virgo
739 4489 910 4544 Maria
929 4531 943 4554 ,
968 4491 1143 4563 genuit
1163 4489 1363 4546 Iesum.
1395 4491 1591 4547 Veron.
1621 4492 1705 4545 cui

133 4574 416 4644 desponsata
453 4593 563 4635 erat
604 4578 762 4651 Virgo
791 4580 983 4635 Maria.
1024 4580 1186 4653 Virgo
1223 4591 1394 4636 autem
1425 4581 1597 4635 Maria
1618 4599 1707 4654 ge-

134 4668 229 4719 ttlit
253 4668 444 4725 Iesum.
489 4671 549 4728 S.
606 4670 942 4727 Gaudentius
973 4672 1024 4726 in
1055 4673 1230 4727 Serm.
1264 4673 1319 4738 8,
1348 4686 1469 4742 pag.
1499 4672 1590 4737 95,
1620 4674 1706 4727 cui

128 4758 414 4830 (“pensata
466 4763 632 4836 Virgo
683 4762 880 4831 Maria,
925 4781 1040 4835 quin
1083 4765 1260 4837 genuit
1286 4764 1486 4820 Iesum.
1517 4764 1700 4823 Codex

129 4848 436 4912 Veronensis
456 4857 511 4911 in
535 4856 696 4911 tertia
728 4857 1139 4912 tessaradecade
1172 4857 1397 4911 Mariam
1435 4855 1697 4928 Virginem

120 4942 174 4997 in
194 4958 351 5000 censu
380 4947 792 5018 generationum
822 4948 993 5017 ponit,
1042 4963 1163 5004 cum
1215 4950 1416 5005 Sancto
1448 4949 1649 5006 Hilario
1682 4970 1694 5006 :

118 5048 243 5105 ergo
266 5038 405 5092 nulla
430 5038 588 5094 deest
618 5038 924 5108 generatio.

180 5125 365 5183 llattb.
389 5145 509 5200 cap.
544 5145 630 5194 nt,
686 5128 779 5183 11.
828 5127 1154 5198 Vercellen.,
1204 5132 1293 5203 qui
1338 5141 1508 5187 autem
1543 5134 1697 5188 venit.

112 5221 305 5278 Veron.
355 5221 839 5279 Son-Germanum
888 5229 941 5276 et
984 5223 1356 5293 Brixian.,qui
1385 5235 1555 5280 autent
1586 5236 1700 5296 post
1788 5274 1791 5277 λ

112 5331 187 5370 me
221 5316 371 5381 venit,
418 5322 478 5387 et
520 5314 597 5369 ita
656 5312 721 5369 S.
775 5311 1064 5383 Cyprianus
1110 5317 1162 5371 in
1194 5316 1291 5372 lib.
1323 5333 1363 5383 ι,
1395 5316 1708 5375 Tcstimon.

107 5407 355 5463 adversus
374 5406 607 5463 Indmos
632 5403 705 5458 ad
738 5402 1033 5474 Quirinum,
1063 5424 1184 5476 cap.
1212 5409 1304 5476 12,
1333 5424 1454 5481 pag.
1479 5410 1602 5479 3-15,
1634 5412 1692 5466 S.

108 5499 325 5557 Hilarius
345 5502 395 5556 in
423 5499 625 5556 Tract.
653 5496 716 5551 in
741 5494 1132 5567 psalm.csv1n,
1165 5509 1297 5557 tom.
1331 5502 1382 5568 1,
1408 5517 1529 5572 pag.
1561 5501 1696 5567 290,

109 5602 155 5647 et
193 5591 247 5648 8.
276 5590 615 5650 Ambrosius
639 5586 706 5642 in
742 5584 992 5660 Apologia
1039 5593 1206 5651 David
1251 5593 1447 5661 altera,
1480 5608 1601 5666 cap.
1637 5595 1693 5663 8,

114 5702 216 5761 pag.
231 5687 348 5745 722.

1884 3183 2074 3239 Matth.
2124 3199 2243 3255 cap.
2294 3198 2433 3248 xm,
2475 3182 2567 3237 48.
2650 3180 2953 3237 Vercellen.
3021 3196 3137 3235 cum
3197 3190 3403 3235 aut.....

1811 3286 2090 3343 ess.....ta,
2124 3276 2411 3331 eduxerunt
2440 3292 2552 3331 eam
2592 3274 2659 3330 ad
2694 3274 2855 3341 litus;
2884 3284 2930 3329 et
2957 3274 3186 3329 sedentes
3224 3276 3399 3346 eleg...

1812 3378 1934 3422 runt
1993 3369 2213 3439 optimos
2252 3369 2424 3439 pi.....
2476 3385 2652 3423 su.....
2685 3366 2889 3422 Veron.
2921 3383 3037 3421 cum
3064 3376 3232 3421 autem
3278 3376 3405 3422 esset

1812 3460 2044 3527 impleta,
2071 3460 2353 3513 eduxerunt
2384 3476 2495 3514 eam
2523 3458 2591 3513 ad
2617 3459 2740 3513 litus
2765 3500 2778 3524 ,
2810 3469 2860 3513 et
2890 3460 3118 3513 sedentes
3146 3459 3404 3530 elegerunt

1813 3551 2035 3620 Optimos
2086 3552 2245 3619 pisces
2285 3552 2340 3605 in
2394 3551 2527 3606 vasis
2568 3553 2697 3605 suis.
2743 3550 3233 3619 San-Germanen.,
3287 3569 3402 3605 cum

1810 3650 1980 3695 autem
2007 3652 2135 3696 esset
2164 3641 2396 3710 impleta,
2428 3642 2685 3696 duxerunt
2723 3658 2833 3695 eam
2864 3641 2933 3694 ad
2960 3643 3082 3696 litus
3098 3659 3118 3708 ;
3140 3653 3187 3696 et
3215 3642 3401 3698 seden-

1811 3742 1883 3787 tes
1909 3734 2127 3805 optimos
2157 3733 2417 3804 elegerunt
2463 3735 2514 3786 in
2540 3733 2674 3787 uasis
2709 3735 2837 3787 suis.
2867 3733 3133 3800 Brixiam,
3161 3749 3277 3787 cum
3302 3750 3401 3787 au-

1811 3834 1912 3879 tem
1936 3825 2149 3894 impleta
2177 3834 2326 3891 esset,
2358 3824 2645 3880 eduxerunt
2672 3841 2783 3879 eam
2813 3826 2881 3878 ad
2910 3826 3032 3879 litus
3052 3868 3067 3892 ,
3097 3836 3143 3879 et
3168 3826 3401 3891 sedente.

1808 3920 2070 3989 elegerunt
2098 3918 2257 3972 bonos
2282 3920 2335 3972 in
2365 3919 2500 3973 vasis
2526 3919 2655 3973 suis.
2687 3917 2745 3974 S.
2782 3918 3101 3973 Ambrosius
3144 3918 3197 3973 in
3246 3918 3339 3973 lib.
3365 3934 3400 3974 ν

1810 4011 2075 4067 Hexacm.
2099 4027 2219 4082 cap.
2250 4010 2304 4076 6,
2346 4027 2463 4083 pag.
2508 4012 2600 4078 85,
2641 4027 2757 4065 cum
2776 4022 2945 4067 autem
2967 4022 3093 4067 esset
3112 4013 3397 4082 impletum,

1809 4105 2069 4159 duxerunt
2111 4104 2167 4157 id
2191 4105 2259 4157 ad
2289 4104 2454 4172 littus,
2486 4113 2534 4158 et
2559 4104 2791 4158 sedentes
2819 4103 3078 4176 elegerunt
3100 4103 3320 4174 Optimos
3344 4104 3399 4158 in

1807 4198 1942 4251 vasis
1971 4197 2096 4252 suis.

1878 4289 2068 4343 Matth.
2095 4304 2213 4359 cap.
2248 4304 2337 4355 xv,
2364 4287 2457 4343 26.
2489 4286 2794 4343 Vercellen.
2846 4286 3147 4350 Veronen.,
3180 4292 3236 4341 et
3258 4284 3392 4342 Cor-

1806 4381 2011 4446 beicn.,
2058 4399 2159 4437 non
2207 4382 2321 4437 licet
2347 4385 2600 4454 accipere,
2650 4390 2705 4437 et
2760 4381 2832 4435 ita
2872 4379 2928 4436 S.
2983 4381 3303 4436 Ambrosius
3343 4382 3396 4437 in

1733 4457 1781 4516 Ῐ)
1811 4476 2056 4530 Enarrat.
2097 4474 2149 4528 in
2184 4474 2382 4529 Psalm.
2416 4489 2567 4537 thtt,
2600 4488 2719 4543 pag.
2753 4472 2881 4537 907,
2916 4472 3156 4527 Brixian.
3185 4488 3398 4545 quoque

1806 4567 1991 4633 habet,
2032 4567 2285 4637 accipere.
2337 4565 2490 4621 Pers.
2534 4566 2659 4619 item
2692 4562 2845 4619 Vera.
2880 4573 2934 4619 et
2962 4563 3020 4619 S.
3054 4562 3289 4619 Hilarius
3320 4566 3398 4622 le-

1803 4669 1956 4732 gunt,
1984 4677 2086 4715 non
2123 4662 2259 4726 licet,
2285 4670 2391 4714 etc.
2443 4660 2483 4713 E
2537 4657 2743 4714 Grmcis
2772 4657 2828 4714 S.
2859 4657 3096 4713 Basilius
3134 4656 3397 4715 Seleucus

1805 4754 1964 4809 habet
1988 4755 2145 4819 ἕξεσι,
2175 4767 2295 4823 pro,
2320 4750 2423 4808 ἕσι.

1872 4847 2067 4903 Joann.
2112 4862 2233 4917 cap.
2283 4862 2363 4911 ιιι,
2391 4845 2482 4901 16.
2515 4844 2824 4903 Vercellen.
2856 4852 2947 4901 vos
2964 4861 3096 4918 aqua
3124 4846 3395 4920 baptizabo

1797 4942 1854 4996 in
1893 4940 2291 5011 pwnitentiant.‘,
2315 4938 2511 4994 Veron.
2546 4955 2634 4993 vos
2662 4956 2797 5011 aqua
2824 4939 3027 5012 baptizo
3054 4940 3109 4995 in
3146 4941 3395 5011 paeniten-

1800 5037 1946 5090 tiam.
1992 5033 2113 5091 Gat.
2154 5034 2209 5088 in
2239 5033 2560 5105 paenitentia.
2595 5032 2962 5089 Tertullianus
2993 5048 3112 5105 pag.
3146 5032 3275 5100 228,
3306 5050 3394 5090 vos

1800 5130 1912 5184 sola
1937 5128 2231 5200 paenitentia
2256 5129 2421 5199 tingo.

1875 5221 2071 5275 Joaun.
2114 5217 2244 5289 Cap.
2279 5235 2331 5286 ν,
2358 5216 2450 5273 44.
2485 5216 2791 5276 Vercellen.
2826 5227 2874 5272 et
2893 5219 3202 5290 glorianrab
3239 5220 3392 5275 unico

1804 5331 1905 5369 non
1932 5312 2201 5381 queritis?
2230 5310 2525 5380 Veronen.,
2554 5320 2602 5364 et
2635 5312 2882 5366 honorem
2921 5316 3065 5385 ejus,
3094 5313 3184 5382 qui
3206 5321 3279 5367 est
3302 5329 3394 5369 so-

1803 5408 1904 5475 lus,
1948 5424 2050 5462 non
2087 5408 2355 5474 quwritis?
2392 5407 2451 5462 S.
2509 5410 2759 5475 Hilarius,
2790 5420 2839 5464 et
2875 5410 3116 5465 honorem
3144 5412 3278 5483 ejus,
3307 5410 3397 5478 qui

1803 5500 1946 5555 solus
1974 5509 2047 5555 est
2072 5500 2231 5570 Deus,
2260 5518 2359 5556 non
2387 5504 2668 5572 requiritis.

1875 5592 2007 5648 Luc.
2037 5607 2155 5663 cap.
2193 5610 2249 5660 χ,
2279 5592 2371 5648 22.
2406 5594 2735 5661 Vercellen.,
2767 5602 2815 5648 et
2842 5608 2990 5647 nemo
3017 5592 3156 5645 novit
3178 5592 3293 5663 quis
3320 5601 3397 5648 est

1805 5684 1985 5753 Pater,
2012 5686 2112 5740 nisi
2146 5684 2334 5754 Filius,
2361 5695 2467 5744 etc.
2497 5687 2723 5751 Veron.,
2750 5693 2797 5743 et
2827 5698 2974 5737 nemo
2997 5683 3136 5737 ηουδε
3162 5681 3391 5750 Patron.
