3950 6176
544 253 609 309 9i
1906 243 2451 301 paou-zcouexs.
3688 312 3691 313 ί
3772 246 3835 302 99.

543 368 647 423 nisi
674 366 870 432 Filius,
901 378 947 420 et
993 383 1248 436 que.......
1280 366 1349 417 rit
1380 362 1632 419 Fili......
1678 365 1777 417 nisi
1828 362 2004 429 Pater,
2035 376 2141 418 etc.
2173 376 2223 432 Α
2250 368 2491 434 quoniam
2514 377 2923 419 consummatum
2968 375 3077 420 erat
3121 366 3294 419 vinum
3332 368 3651 437 nuptiarum;
3681 375 3736 421 et
3767 367 3833 422 ita

549 458 781 515 Sanctus
840 459 1073 514 lrenmus
1103 458 1153 510 in
1178 458 1271 510 lib.
1322 472 1360 510 ιι
1408 467 1598 510 contra
1644 456 1892 511 Hmreses
1925 467 2057 511 tom.
2103 472 2142 519 ι.

552 566 673 619 pag.
714 550 835 613 122,
879 566 1022 601 nemo
1049 548 1309 618 cognoscit
1341 545 1582 613 Patrem,
1631 548 1730 601 nisi
1762 546 1957 611 Filius,
1986 566 2145 616 neque

550 641 771 709 Filium,
794 643 914 705 nisi,
940 639 1119 705 Pater,
1142 650 1249 694 etc.

620 734 804 787 Matth.
835 749 955 802 cap.
989 749 1068 797 ιιι,
1123 733 1177 788 9.
1208 734 1540 799 Vercellen.,
1572 745 1623 789 et
1646 736 1802 787 nolite
1823 736 2140 789 existimare.

555 824 822 879 Veronen.
855 836 908 879 et
942 826 1179 879 Brixian.
1234 834 1282 877 et
1328 827 1484 879 nolite
1522 831 1764 896 preferre
1806 844 1912 881 ros.
1961 828 2144 883 Codex

549 935 765 992 quoque
794 920 1286 989 regio-Gallicanus
1320 921 1377 976 8.
1411 920 1599 975 Hilarii
1633 932 1787 976 tract.
1837 923 1888 976 in
1942 923 2142 976 Psalzn.

550 1030 678 1078 ιη,
710 1015 910 1067 relatus
938 1015 1005 1067 ab
1030 1014 1327 1069 editoribus
1353 1016 1411 1069 8.
1439 1014 1608 1069 Mauri
1634 1028 1763 1070 tom.
1798 1032 1835 1082 ι,
1865 1032 1988 1087 pag.
2016 1017 2143 1081 20!,

554 1106 738 1170 habet,
775 1107 1042 1175 pra'ferre,
1074 1116 1179 1161 etc.

626 1197 816 1251 Matth.
843 1214 961 1267 cap.
990 1214 1042 1263 ν,
1076 1198 1168 1253 11.
1201 1198 1534 1264 Vcrccllen.,
1569 1217 1685 1253 cum
1711 1217 1796 1254 vos
1819 1201 2144 1269 mai'edicent,

554 1300 601 1344 et
632 1301 1021 1359 persequentur,
1055 1303 1102 1345 et
1128 1293 1298 1346 dicent
1338 1309 1703 1349 omne.........
1738 1297 2016 1366 justitiam.
2044 1296 2147 1349 Vc-

554 1401 699 1450 ron.,
734 1403 849 1438 cum
886 1402 971 1439 vos
1016 1387 1325 1441 maledi.....
1357 1399 1680 1457 quent.......
1715 1400 1826 1442 cent
1858 1407 2006 1443 omne
2034 1408 2149 1442 nta-

557 1478 663 1530 lum
695 1478 959 1529 adversam
990 1495 1078 1532 vos
1116 1490 1322 1551 prapter
1339 1482 1619 1551 justitiam.
1653 1480 2144 1547 S.in-Gerniaiien.,

566 1571 889 1636 ntnledirent,
938 1581 984 1624 et
1013 1584 1399 1642 persequentur,
1452 1584 1497 1626 et
1546 1576 1715 1628 dicent
1766 1592 1914 1629 omne
1962 1577 2151 1629 malum

559 1661 828 1715 adversum
859 1678 944 1716 ros
972 1674 1176 1731 prapter
1216 1667 1512 1733 justitiam,
1543 1676 1597 1721 et
1644 1667 1715 1721 ita
1746 1667 1804 1723 8.
1836 1670 2151 1722 Ambrosius

560 1754 616 1810 in
660 1754 753 1807 lib.
790 1771 803 1808 I
836 1754 902 1809 de
932 1754 1087 1811 Olﬁc.
1131 1756 1364 1811 Ministr.
1417 1774 1538 1828 cap.
1595 1761 1683 1826 16,
1737 1776 1857 1831 pag.
1903 1762 1987 1823 17,
2021 1763 2149 1816 etin
2184 1769 2229 1828 Β

561 1846 655 1900 lib.
688 1862 747 1912 ιι,
772 1862 892 1917 cap.
931 1849 984 1909 5,
1036 1865 1156 1918 pag.
1202 1851 1289 1904 75.
1331 1850 1566 1906 llilarius
1609 1868 1824 1922 quoque
1865 1852 2145 1920 diaconus,

563 1940 665 1994 sub
720 1940 990 1995 Ambrosii
1034 1942 1255 1996 nomine
1303 1944 1584 2011 vulgatus,
1641 1944 1693 1998 in
1750 1954 2042 1999 comment.
2101 1947 2151 1998 in

565 2035 724 2104 epiSI.
750 2034 807 2089 8.
843 2035 991 2088 l’auli
1024 2034 1091 2089 ad
1125 2036 1280 2089 llom.
1317 2051 1435 2104 pag.
1468 2036 1559 2101 52,
1594 2054 1711 2089 cum
1736 2053 1822 2090 vos
1853 2054 2156 2107 persequen-

566 2135 670 2190 tur,
696 2138 745 2182 et
772 2128 941 2183 dicent
990 2145 1137 2182 omne
1181 2129 1374 2183 malum
1399 2130 1669 2184 adversum
1696 2147 1781 2185 vos
1805 2144 2016 2203 propter
2036 2136 2156 2205 jus-

564 2220 754 2273 titiam.
783 2220 913 2273 ltem
945 2220 1209 2281 Brixian.,
1242 2234 1624 2292 persequentur.

640 2310 825 2364 Matth.
857 2326 977 2382 cap.
1006 2328 1060 2377 Χ,
1096 2313 1181 2367 10.
1214 2312 1517 2370 Vercellen.
1553 2332 1715 2385 neque
1758 2316 1955 2385 virgas;
1986 2326 2041 2370 et
2086 2316 2155 2367 ita

568 2400 751 2471 legunt
777 2403 961 2473 Steph.
996 2404 1156 2459 codd.
1184 2406 1270 2460 10.
1303 2406 1456 2461 Bodl.
1500 2407 1555 2474 4,
1606 2407 1791 2462 Vesul.
1828 2410 1879 2473 l,
1910 2408 2077 2463 Eunt.
2106 2410 2157 2473 1,

572 2493 758 2550 Usser.
788 2498 842 2561 2,
876 2496 1046 2551 Laud.
1071 2498 1126 2561 2,
1150 2498 1345 2568 aliique
1372 2500 1753 2569 quamplurimi
1781 2502 2158 2562 vetustissimi,

569 2587 636 2641 de
666 2588 858 2657 quibus
892 2590 997 2645 late
1025 2590 1243 2646 Millius.
1286 2592 1422 2647 lluic
1453 2592 1667 2648 lectioni
1695 2593 1964 2648 coiisentit
1995 2593 2157 2647 etiam

570 2680 742 2737 Lucas
773 2697 892 2746 cap.
921 2699 993 2749 ix,
1026 2685 1080 2739 5.
1758 2690 1763 2691 '

642 2775 826 2829 Matth.
856 2791 976 2844 cap.
1008 2791 1068 2839 ι,
1103 2774 1192 2829 42.
1239 2775 1569 2843 Vercellen.,
1605 2777 1786 2847 peribit
1812 2792 2001 2831 merces
2029 2776 2160 2846 ejus.

575 2868 777 2923 Veron.
807 2871 989 2940 peribit
1018 2886 1207 2923 merces
1260 2886 1375 2923 sua.
1408 2870 1641 2941 Vulgata
1683 2870 1867 2925 Italica
1908 2870 2060 2924 initio
2091 2870 2167 2923 le-

571 2960 676 3031 gcb
695 2970 751 3021 it,
778 2963 959 3030 peribit
988 2978 1177 3017 merces
1205 2972 1371 3016 vestra
1390 3004 1405 3029 ,
1437 2964 1608 3032 inquit
1638 2963 1835 3018 Millius
1866 2964 1916 3016 in
1950 2962 2163 3032 Proleg.

575 3068 696 3122 pag.
739 3054 827 3118 42,
878 3070 997 3107 cum
1030 3056 1090 3111 8.
1132 3053 1423 3127 Cypriano.
1475 3055 1743 3111 Hodierna
1771 3056 1970 3128 lectio,
2002 3054 2167 3110 Marci

573 3160 693 3199 esse
723 3145 954 3209 videtur,
990 3146 1093 3202 huc
1119 3148 1231 3219 jam
1264 3150 1392 3203 olim
1439 3150 1723 3203 translata.

647 3236 832 3288 Matth.
880 3254 998 3306 cap.
1046 3255 1159 3303 xui,
1216 3242 1300 3294 15.
1334 3241 1643 3296 Vercellen.
1675 3250 1729 3293 ut
1786 3242 2010 3293 videntes
2065 3256 2168 3293 non

574 3326 795 3389 videant,
823 3338 867 3379 et
899 3329 1163 3381 audientes
1193 3347 1292 3383 non
1322 3332 1561 3385 audiant.
1587 3332 1787 3387 Veron.
1812 3339 1867 3384 et
1892 3330 2167 3385 Sail-Ger-

578 3434 793 3472 manen.
826 3428 877 3470 ut
918 3420 1141 3474 videntes
1174 3438 1271 3474 non
1303 3424 1529 3489 videant,
1562 3434 1607 3476 et
1638 3425 1904 3477 audientes
1932 3424 2168 3488 audiant,

573 3519 619 3560 et
653 3526 755 3561 non
786 3510 1096 3582 intelligant.
1125 3513 1437 3579 C0rheien.,
1470 3525 1526 3569 ut
1556 3498 1779 3569 vidvites
1812 3533 1911 3569 non
1944 3516 2168 3581 rideant,

576 3609 625 3653 et
648 3600 905 3655 audientes
929 3620 1028 3657 non
1051 3605 1285 3667 audiant,
1312 3623 1470 3676 neque
1490 3606 1799 3675 intelligant.
1827 3606 1883 3660 8.
1912 3606 2164 3671 ιιθιιιυιις,

578 3703 631 3746 ιιι
664 3694 886 3747 videntes
913 3714 1015 3751 non
1043 3698 1280 3763 videant,
1312 3709 1355 3753 et
1386 3700 1650 3754 audientes
1689 3716 1790 3753 non
1822 3700 2059 3763 audiant,
2091 3700 2172 3753 iu-

579 3788 862 3860 telligentes
889 3807 987 3843 non
1014 3792 1325 3863 intelligant.

672 3885 862 3940 Malllt.
920 3901 1037 3958 cap.
1067 3904 1156 3942 xu
1185 3929 1198 3951 ,
1227 3888 1322 3942 22.
1388 3887 1697 3944 Vercellen.
1747 3891 2002 3961 propitius
2041 3892 2128 3945 tibi
2157 3932 2171 3956 ,

586 3974 825 4040 Domine,
859 3994 959 4030 non
992 3979 1083 4031 erit
1134 3979 1319 4044 istud,
1351 3990 1404 4045 et
1437 3980 1505 4032 ita
1535 3979 1591 4034 8.
1626 3979 1859 4035 llilarius
1892 3982 1941 4033 in
1979 3982 2071 4035 lib.
2122 3998 2172 4037 Vl

584 4067 653 4122 de
677 4068 940 4125 Trinitate
988 4082 1121 4126 tom.
1146 4088 1202 4138 ιι,
1235 4088 1352 4142 pag.
1382 4072 1504 4127 162.
1532 4072 1730 4127 Veron.
1753 4075 1882 4127 absit
1904 4092 1935 4128 a
1962 4084 2027 4139 te,
2054 4094 2175 4144 pro-

585 4162 745 4231 pitius
766 4174 903 4223 esto,
931 4161 1180 4230 Domine,
1208 4181 1307 4217 non
1336 4168 1430 4217 erit
1461 4165 1605 4216 istut.
1650 4164 1887 4219 Brixian.
1923 4168 2177 4237 pr0pitius

584 4263 689 4306 esto
720 4254 809 4307 tibi
832 4296 846 4319 ,
890 4252 1280 4321 Domine,ctt:.,
1327 4266 1379 4309 ct
1403 4258 1469 4309 ita
1506 4258 1561 4311 8.
1597 4256 1870 4325 llilarius,
1901 4257 2020 4311 loco
2059 4260 2175 4312 latt-

584 4344 743 4407 dato,
792 4346 843 4400 in
870 4348 1100 4418 quodam
1124 4348 1309 4404 codice
1337 4348 1593 4404 Vaticano
1621 4367 1634 4412 ;
1679 4350 1913 4420 itemque
1938 4350 1989 4404 in
2017 4350 2173 4406 Com-

587 4453 754 4495 ment.
792 4444 841 4496 in
867 4447 1007 4500 hunc
1038 4445 1270 4499 Matthaei
1302 4445 1498 4500 Ineunt.

2208 490 2213 501 λ
2248 458 2305 512 S.
2336 458 2673 513 Gaudentius
2700 459 2752 512 in
2783 458 3035 514 Sermnn.
3060 474 3173 517 vni.
3207 474 3262 528 p.
3286 456 3364 513 88
3419 468 3471 513 et
3503 473 3557 529 p.
3585 458 3678 524 97,
3709 474 3835 513 con-

2246 552 2363 605 sule
2391 552 2472 606 Cl.
2505 551 2755 605 Galeardi
2790 552 3113 605 Editionem.
3151 551 3423 604 Veronen.
3452 561 3498 603 et
3526 552 3704 603 vinum
3743 569 3834 605 non

2248 645 2519 705 habebant,
2551 663 2791 711 quoniam
2822 646 3025 713 ﬁnitum
3045 655 3149 696 erat
3174 645 3348 697 vinum
3368 644 3683 713 nuptiarum.
3712 645 3838 699 Cor-

2247 736 2426 791 beien.
2458 779 2475 803 ,
2519 748 2563 791 et
2597 740 2769 789 vinum
2801 755 2900 791 non
2932 737 3180 790 habebant
3207 778 3220 799 ,
3252 737 3492 802 quoniam
3522 753 3840 791 consumma-

2247 838 2355 881 tum
2386 838 2457 882 est
2480 830 2655 881 vinum
2679 830 3005 898 nuptiarum.

2317 921 2511 975 Jmnn.
2546 938 2665 989 cap.
2696 939 2776 985 tu,
2818 922 2906 977 56.
2945 921 3245 976 Vercellcn.
3276 921 3363 989 qui
3390 921 3442 973 in
3463 922 3599 974 dicto
3631 921 3843 976 inobau-

2247 1015 2390 1067 diens
2422 1026 2491 1068 est
2522 1013 2692 1078 Filio,
2720 1015 2778 1069 S.
2811 1014 3114 1085 Cyprianus
3142 1014 3194 1066 in
3244 1013 3335 1066 lib.
3364 1029 3398 1067 ιι
3446 1012 3709 1068 adversus
3753 1012 3843 1067 Ju-

2248 1105 2394 1158 dgeos
2420 1121 2540 1174 cap.
2568 1106 2636 1159 27
2659 1148 2671 1169 ,
2707 1122 2825 1176 pag.
2861 1107 2960 1159 561
2991 1147 3008 1169 ,
3036 1106 3124 1172 qui
3150 1105 3284 1157 dicto
3322 1120 3423 1156 non
3450 1104 3663 1157 audiens
3690 1113 3763 1158 est
3793 1106 3841 1157 iu

2252 1198 2470 1250 Filium.
2502 1199 2727 1266 Quidam
2759 1214 2863 1252 ms.
2896 1199 3016 1251 cod.
3049 1198 3296 1267 ejusdem
3324 1199 3507 1267 operis
3532 1197 3591 1252 8.
3622 1198 3842 1270 Cypria-

2252 1291 2303 1344 ni
2336 1292 2387 1343 in
2428 1291 2547 1345 loco
2578 1294 2746 1345 citato
2773 1291 2958 1357 habet,
2981 1291 3068 1359 qui
3096 1292 3149 1344 in
3178 1290 3316 1343 dicto
3345 1290 3635 1345 inobediens
3661 1301 3735 1346 est
3757 1290 3845 1344 Fi-

2250 1382 2341 1436 lio.
2387 1382 2654 1435 Veroncn.
2691 1382 2980 1437 Corbeien.
3026 1392 3080 1436 et
3120 1380 3358 1435 Brisian.
3402 1383 3487 1451 qui
3531 1391 3700 1435 autem
3748 1399 3846 1435 nou

2251 1476 2414 1528 credit
2444 1474 2603 1528 Filio.
2626 1476 2682 1530 8.
2709 1476 3040 1545 Augustinus
3068 1474 3118 1528 in
3147 1473 3427 1528 Enchiritl.
3451 1473 3520 1529 de
3539 1473 3691 1539 Fide,
3718 1474 3845 1546 Spe,

2254 1577 2307 1622 et
2335 1566 2633 1634 Charitate,
2671 1578 2801 1622 tom.
2832 1584 2905 1635 Vl,
2940 1584 3060 1639 pag.
3086 1566 3215 1634 209,
3245 1568 3331 1635 qui
3357 1576 3526 1620 autem
3566 1585 3669 1621 non
3696 1569 3850 1623 credit

2254 1661 2309 1713 in
2352 1659 2570 1714 Filium.

2328 1754 2485 1808 Joan.
2513 1769 2633 1823 cap.
2668 1770 2743 1819 vn,
2774 1755 2864 1809 58.
2899 1754 3203 1809 Vercellen.
3352 1755 3438 1825 qui
3463 1771 3541 1809 me
3565 1754 3723 1821 misit,
3754 1750 3857 1807 Pa-

2257 1847 2367 1900 tris.
2407 1847 2674 1901 Veronen.
2700 1888 2715 1912 ,
2748 1846 2858 1900 Nec
2882 1849 3015 1901 enim
3037 1847 3277 1901 descendi
3298 1848 3360 1900 de
3389 1848 3544 1915 (σξιο,
3580 1856 3635 1900 ιιι
3666 1847 3857 1916 faciam

2256 1942 2566 1995 voluntatem
2600 1959 2786 2006 meum,
2818 1942 2908 1994 sed
2939 1943 3247 1995 voluntatem
3277 1939 3488 2006 Patris,
3526 1940 3614 2010 qui
3654 1955 3735 1991 me
3765 1941 3860 1993 mi.

2256 2035 2343 2086 sit.
2400 2034 2806 2089 Ainbrosiastcr
2853 2034 2906 2087 iii
2954 2034 3113 2103 epist.
3168 2032 3234 2085 ad
3286 2032 3513 2085 Bonian.
3580 2046 3701 2100 cap.
3758 2030 3856 2095 H,

2262 2141 2383 2195 pag.
2422 2124 2524 2179 104
2554 2144 2567 2179 :
2610 2126 2731 2179 Non
2759 2128 2893 2179 enim
2926 2125 3167 2179 descendi
3196 2124 3261 2178 de
3290 2126 3435 2190 caelo,
3467 2134 3520 2178 ut
3546 2126 3735 2194 faciant
3773 2141 3859 2178 vo-

2262 2220 2508 2272 luntatem
2553 2236 2715 2274 meam
2742 2258 2759 2287 ,
2802 2221 2891 2273 scd
2934 2220 3242 2274 voluntatem
3288 2223 3400 2292 ejus
3430 2260 3447 2286 ,
3496 2220 3583 2290 qui
3615 2212 3755 2273 misit
3786 2236 3863 2273 me

2265 2310 2466 2365 Patris.

2334 2406 2492 2462 Joan.
2519 2420 2638 2474 cap.
2670 2421 2765 2469 xu,
2797 2404 2884 2459 55.
2947 2403 3312 2458 Vercellensis
3336 2444 3350 2467 ,
3397 2401 3724 2457 Veronensis
3747 2444 3766 2469 ,
3812 2412 3865 2457 et

2266 2499 2636 2564 Corbeiensis,
2668 2499 2856 2553 Adhuc
2884 2499 3139 2553 modicum
3160 2508 3377 2568 tempus.
3411 2496 3650 2552 Brixian.
3680 2495 3863 2549 Adhuc

2262 2594 2519 2647 modicum
2535 2589 3053 2660 temporis.TestusG
3063 2605 3233 2645 raecus
3246 2589 3618 2660 quoqueaddit
3639 2586 3860 2667 χρόνον,

2266 2686 2319 2741 id
2343 2695 2424 2741 est
2454 2696 2690 2751 tempus;
2725 2700 2843 2754 quae
2873 2698 2975 2738 vos
3005 2684 3057 2737 in
3087 2682 3309 2753 Vulgata
3333 2682 3554 2751 aliisque
3583 2681 3866 2736 codicibus

2271 2779 2545 2834 nonnullis
2575 2776 2934 2831 desideratur.

2339 2872 2495 2926 Joan.
2530 2884 2650 2937 cap.
2676 2885 2788 2935 xw,
2820 2870 2873 2922 7.
2909 2867 3237 2931 Vercellcn.,
3270 2864 3333 2920 Si
3360 2881 3440 2918 me
3466 2862 3795 2935 cognoristis,
3829 2873 3873 2916 et

2269 2962 2479 3017 Patrem
2502 2978 2666 3015 meum
2696 2961 3025 3033 cngnovistis.
3061 2959 3258 3013 Veron.
3285 2968 3338 3012 et
3363 2956 3649 3011 Corbeien.
3679 2956 3724 3008 si
3750 2972 3873 3025 cog—

2272 3055 2483 3109 novistis
2508 3070 2586 3107 me
2605 3095 2619 3117 ,
2649 3064 2696 3107 et
2726 3050 2936 3106 Patrem
2963 3066 3128 3103 meum
3157 3050 3484 3120 cognovistis.
3526 3046 3583 3102 S.
3618 3047 3877 3116 Augusti-

2196 3158 2241 3219 ί]
2274 3166 2374 3205 nus
2398 3151 2448 3204 in
2475 3149 2631 3203 Joan.
2667 3148 2922 3218 Evangel.
2950 3162 3069 3217 cap.
3100 3147 3189 3209 H,
3222 3144 3405 3199 Tract.
3436 3139 3705 3209 7i,et72,
3733 3149 3873 3193 tom.

2276 3258 2331 3296 ιιι
2360 3284 2374 3306 ,
2402 3257 2518 3311 par.
2546 3240 2580 3293 2
2604 3282 2619 3303 ,
2656 3256 2775 3311 pag.
2800 3241 2906 3295 685
2930 3282 2945 3304 ,
2979 3240 3023 3293 si
3053 3237 3362 3309 cognovisti:
3394 3250 3472 3287 me
3500 3274 3516 3297 ,
3560 3241 3608 3286 et
3657 3230 3879 3285 Patrem

2276 3354 2440 3391 meum
2470 3337 2641 3406 utique
2670 3335 2995 3404 cognovistis.
3030 3334 3239 3388 Erasm.
3282 3340 3336 3386 et
3366 3329 3507 3385 Gall.
3550 3342 3682 3382 mss.
3716 3328 3883 3380 item-

2277 3450 2377 3504 que
2425 3434 2483 3490 8.
2514 3434 2753 3488 lrenceus
2801 3432 2852 3485 in
2892 3430 2987 3484 lib.
3020 3445 3071 3484 iv
3096 3471 3110 3493 ,
3142 3435 3332 3483 contra
3366 3426 3604 3479 hmreses
3630 3421 3841 3476 habent
3865 3462 3879 3485 ,

2274 3529 2319 3581 si
2340 3528 2646 3599 cognovistis
2674 3543 2772 3580 me.
2810 3525 2877 3580 Et
2900 3525 2973 3579 ita
3000 3524 3056 3579 8.
3094 3522 3329 3578 llilaritts
3357 3522 3410 3577 in
3438 3519 3533 3576 lib.
3575 3532 3646 3571 Vll
3670 3514 3736 3571 de
3756 3515 3884 3570 Tri-

2276 3622 2463 3684 nitate,
2498 3629 2628 3672 tom.
2665 3634 2722 3681 ιι,
2757 3633 2876 3688 pag.
2908 3616 3035 3672 202.

2346 3713 2505 3767 Joan.
2535 3727 2656 3779 cap.
2692 3725 2783 3763 xiv
2805 3750 2820 3773 ,
2856 3710 2941 3763 to.
3000 3705 3331 3770 Vcrcellen.,
3360 3703 3630 3758 Veronen.
3664 3710 3719 3757 et
3748 3699 3880 3756 Bri~

2277 3806 2423 3860 xian.
2450 3846 2463 3866 ,
2498 3820 2599 3856 non
2636 3802 2846 3857 credis?
2881 3809 2936 3854 et
2966 3801 3039 3854 ita
3068 3799 3127 3853 S.
3160 3796 3397 3853 llilarius
3439 3795 3496 3849 in
3551 3792 3645 3849 lib.
3698 3807 3778 3849 vn
3818 3794 3887 3848 tle

2275 3896 2560 3959 Trinitate,
2593 3905 2724 3948 toni.
2754 3910 2813 3959 ιι,
2844 3908 2963 3963 pag.
2997 3892 3127 3955 202,
3156 3900 3208 3946 et
3238 3888 3455 3959 quidam
3482 3900 3611 3943 mss.
3636 3886 3790 3951 cod.,
3820 3888 3883 3942 8.

2277 3991 2530 4046 Ambros.
2575 3990 2627 4044 in
2680 3989 2777 4041 lib.
2821 4004 2839 4043 ι
2884 3984 3127 4056 Exposit.
3172 3982 3428 4052 Evangel.
3476 3995 3585 4035 sec.
3634 3979 3769 4034 Luc.
3824 3998 3883 4051 p.

2282 4085 2419 4139 1267
2447 4126 2459 4138 .
2490 4084 2543 4138 S.
2578 4082 2911 4151 Augustinus
2969 4093 3097 4131 vero
3140 4078 3191 4130 in
3222 4075 3474 4131 Sermon.
3520 4072 3584 4126 ad
3614 4071 3890 4126 Catechu-

2281 4192 2489 4240 mentis,
2519 4186 2648 4227 tom.
2680 4190 2751 4236 iv,
2788 4187 2910 4243 pag.
2939 4170 3065 4234 559,
3089 4185 3261 4222 annon
3284 4165 3517 4234 agnoscis
3545 4163 3570 4216 2’

2350 4269 2505 4323 Joan.
2540 4282 2659 4335 cap.
2691 4281 2805 4331 1n,
2836 4265 2919 4318 14.
2970 4261 3275 4315 Vercellen.
3308 4256 3690 4326 honori/ienuit;
3719 4262 3775 4309 et
3814 4255 3888 4308 ita

2282 4361 2339 4418 S.
2378 4362 2610 4416 llilarius
2634 4361 2683 4413 in
2712 4359 2804 4413 lib.
2862 4373 2919 4412 ιιι
2961 4356 3029 4411 de
3050 4354 3309 4409 'l‘rinitate
3335 4391 3352 4419 ,
3401 4364 3530 4405 tom.
3559 4364 3633 4412 ιι,
3675 4363 3730 4423 p.
3765 4349 3843 4404 «17
3876 4389 3891 4413 ,

2287 4454 2547 4517 Brixiam,
2579 4452 2851 4522 clariﬁcat.

665 4535 851 4589 )latth.
886 4552 1003 4608 cap.
1037 4554 1179 4604 xvu,
1207 4538 1297 4592 20.
1341 4538 1640 4592 Vercellen.
1663 4578 1679 4601 ,
1716 4554 1873 4609 genus
1903 4536 2177 4593 Dtemonii.
2210 4548 2262 4607 Ι)
2357 4546 2513 4601 Joan.
2544 4560 2665 4608 cap.
2704 4560 2798 4608 xx,
2826 4542 2919 4595 22.
2957 4540 3175 4605 Veron.,
3212 4539 3345 4605 hoc,
3379 4547 3432 4592 et
3462 4536 3533 4590 ila
3562 4534 3619 4590 S-
3651 4532 3895 4591 Ambro-

596 4625 891 4693 \'er0neti.,
923 4647 1080 4699 genus
1107 4629 1508 4684 Dwinoniorum.
1541 4630 1599 4684 S.
1630 4630 1947 4683 Ambrosius
1971 4646 2182 4699 quoque

588 4718 640 4769 in
672 4718 829 4786 epist.
862 4721 933 4773 42
980 4721 1137 4790 prim.
1167 4723 1351 4787 class.,
1392 4737 1513 4791 pag.
1544 4720 1649 4777 959
1678 4763 1691 4787 ,
1724 4731 1777 4777 ct
1805 4724 1855 4775 in
1883 4727 2043 4792 epist.
2076 4724 2178 4787 65,

590 4822 713 4881 pag.
749 4810 907 4873 1026,
934 4814 1103 4876 addit,
1130 4811 1533 4869 Da'moniorum.

664 4900 849 4954 Matth.
882 4920 1001 4970 cap.
1031 4920 1163 4965 xxv,
1192 4906 1280 4960 41.
1317 4907 1614 4962 Vercellen.
1636 4947 1651 4972 ,
1682 4907 1820 4977 quod
1841 4910 2041 4978 paravit
2073 4906 2182 4962 Pa-

596 4999 672 5042 ter
699 5008 857 5045 ineas.
918 4994 1115 5051 Veron.
1148 5006 1200 5051 ct
1232 4995 1517 5053 Corbeien.
1545 5038 1561 5064 ,
1607 5014 1750 5067 quem
1797 4999 1997 5069 paravit
2028 4998 2187 5053 Pater

598 5101 757 5137 meus.
796 5087 852 5141 8.
884 5087 1117 5140 Irena-us
1146 5089 1196 5141 in
1226 5089 1316 5143 lib.
1351 5105 1437 5153 ιιι,
1470 5102 1657 5143 contra
1701 5090 1936 5144 lia-roses
1983 5102 2109 5144 tom.
2135 5106 2185 5155 ι,

599 5192 719 5247 pag.
753 5176 855 5231 221
883 5219 897 5242 ,
931 5192 983 5235 et
1014 5180 1064 5232 in
1100 5179 1191 5235 lib.
1226 5196 1277 5234 iv
1304 5222 1316 5243 ,
1345 5198 1465 5254 pag.
1495 5184 1603 5238 27?»
1628 5226 1641 5247 ,
1687 5200 1834 5254 quem
1884 5187 2191 5253 prmparavit

606 5268 762 5322 Pater
802 5287 962 5334 metis.
1000 5282 1055 5326 et
1096 5275 1163 5328 ita
1227 5275 1380 5329 lectio
1424 5280 1655 5349 antiquae
1676 5279 1938 5333 versioais
1966 5279 2184 5344 Italicze,

599 5378 757 5430 quant
792 5361 960 5415 edidit
986 5362 1065 5417 Cl.
1099 5366 1156 5419 l’.
1190 5368 1418 5422 domnus
1446 5369 1809 5428 Martiana‘us.

672 5452 860 5509 Matth.
892 5472 1010 5526 cap.
1046 5474 1173 5525 xxv,
1206 5460 1298 5526 29,
1333 5461 1657 5531 Vercellen.,
1689 5466 1956 5521 \‘eronen.
1981 5474 2033 5519 et
2060 5463 2193 5521 Cor-

601 5545 812 5610 beien.,
858 5550 995 5618 quod
1032 5551 1177 5607 habet
1204 5594 1217 5620 ,
1251 5560 1548 5626 auferetur,
1589 5567 1645 5612 et
1687 5559 1755 5611 ita
1785 5558 1841 5613 S.
1876 5557 2106 5613 llilarius
2138 5560 2193 5613 in

596 5641 966 5700 Commentar.
1000 5645 1049 5700 in
1083 5649 1411 5715 Matthzeum,
1436 5665 1557 5721 cap.
1585 5650 1677 5703 27.

675 5736 870 5793 Joann.
899 5754 1017 5811 cap.
1039 5758 1098 5809 ιι,
1124 5744 1178 5796 5.
1201 5742 1505 5798 Vercellcn.
1530 5754 1577 5798 et
1600 5746 1772 5798 vinum
1796 5761 1897 5800 non
1920 5744 2191 5817 habebant,

2286 4640 2398 4693 sius
2426 4640 2475 4692 in
2508 4638 2767 4706 cxposit.,
2797 4636 3000 4690 Psalm.
3030 4649 3219 4699 cum,
3253 4616 3374 4701 pag.
3397 4628 3554 4685 l092.

2358 4734 2515 4787 Jnan.
2547 4749 2668 4798 cap.
2700 4746 2789 4795 xx,
2821 4730 2915 4783 25.
2948 4726 3260 4781 Vcrccllen.
3288 4767 3303 4792 ,
3330 4725 3375 4778 si
3406 4724 3551 4793 cujus
3586 4721 3896 4776 remiseritis

2290 4836 2517 4897 peccata,
2546 4825 2757 4876 remissa
2780 4830 2926 4875 erunt
2949 4822 3049 4883 illi,
3078 4820 3122 4871 si
3149 4823 3294 4891 cujus
3317 4815 3577 4871 tenueritis
3597 4856 3611 4878 ,
3639 4813 3897 4869 tenebun-

2287 4928 2390 4971 tur.
2438 4916 2639 4969 Ἶρι-οη.
2679 4927 2720 4968 et
2746 4932 2963 4984 quorum
2989 4912 3305 4966 detinueritis
3330 4952 3346 4975 ,
3378 4910 3579 4962 detenta
3606 4915 3792 4972 erunt,
3840 4918 3895 4962 ct

2287 5012 2357 5065 ita
2390 5010 2446 5064 S.
2484 5010 2796 5064 Ambrosius
2826 5009 2879 5061 in
2901 5009 2994 5063 lib.
3026 5006 3091 5061 de
3109 5004 3492 5060 Exhortatione
3516 5000 3728 5069 Virgin.
3754 5014 3889 5070 cap.

2290 5107 2345 5167 5,
2374 5113 2427 5161 et
2450 5104 2543 5159 lib.
2580 5103 2689 5158 tdu
2744 5102 2938 5155 Prenit.
2972 5116 3090 5169 cap.
3122 5100 3187 5161 2,
3217 5113 3332 5167 pag.
3361 5095 3487 5161 591,
3521 5092 3641 5148 Gal.
3679 5132 3694 5145 .
3718 5132 3730 5145 .
3756 5131 3772 5145 .
3811 5109 3898 5146 re—

2294 5199 2559 5251 mittentur
2610 5196 2683 5249 eis
2710 5238 2724 5258 ,
2777 5204 2823 5249 et
2856 5208 3075 5264 quorum
3103 5188 3423 5244 detinueritis
3448 5227 3462 5251 ,
3513 5185 3713 5238 detenta
3742 5196 3892 5239 sunt.

2294 5290 2531 5345 Bi'ixian.
2564 5290 2606 5341 si
2631 5288 2715 5341 cui
2756 5285 3048 5340 remiseritis
3074 5291 3279 5351 peccata
3304 5320 3317 5341 ,
3363 5280 3690 5331 remittuntur
3716 5277 3764 5329 ei
3794 5318 3810 5339 ,
3853 5278 3897 5329 si

2292 5383 2437 5450 cujus
2465 5379 2782 5435 detinueritis
2814 5418 2827 5440 ,
2858 5376 3233 5429 detinebantur.
3273 5372 3329 5426 S.
3354 5368 3647 5442 Cyprianus
3678 5369 3730 5422 in
3760 5368 3899 5439 Epi-

2294 5475 2432 5529 διοιᾶ
2464 5475 2533 5529 75
2562 5516 2575 5536 ,
2610 5488 2730 5544 pag.
2764 5471 2871 5525 202
2896 5512 2910 5535 ,
2942 5470 2984 5522 si
3006 5467 3152 5536 cujus
3347 5463 3662 5516 remittemur
3691 5461 3771 5512 illi
3803 5502 3819 5527 ,
3851 5472 3898 5517 et

2294 5568 2339 5620 si
2365 5567 2511 5635 cujus
2539 5563 2819 5628 tenueritis,
2845 5560 3161 5615 tentbuidur.

2369 5658 2499 5712 Luc.
2524 5672 2644 5726 cap.
2671 5672 2709 5719 ι,
2742 5656 2833 5711 50.
2868 5652 3168 5707 Vercellen.
3197 5691 3213 5714 ,
3246 5650 3299 5701 in
3334 5644 3639 5700 stt-culorum
3673 5645 3897 5701 secula.

2298 5749 2524 5817 Veron.,
2547 5750 2600 5802 in
2622 5748 2811 5804 sa'cula
2835 5745 3161 5801 steculorum.
3195 5739 3481 5797 Corbeien.
3512 5746 3569 5795 et
3601 5735 3853 5793 Brixian.
3882 5776 3901 5807 ,
