  <div class='ocr_page' id='page_1' title='image "/cluster/home/n/w/nwhite01/storage/ocr_20150623/12/uva.x000826551/052.png"; bbox 0 0 3950 6176; ppageno 0'>
   <div class='ocr_carea' id='block_1_1' title="bbox 133 248 3442 329">
    <p class='ocr_par' dir='ltr' id='par_1_1' title="bbox 133 248 3442 329">
     <span class='ocr_line' id='line_1_1' title="bbox 133 248 3442 329; baseline 0.004 -22"><span class='ocrx_word' id='word_1_1' title='bbox 133 249 197 307; x_wconf 73' lang='lat'><strong><em>93</em></strong></span> <span class='ocrx_word' id='word_1_2' title='bbox 1167 248 1507 308; x_wconf 82' lang='lat' dir='ltr'><strong><em>EPISTOLA</em></strong></span> <span class='ocrx_word' id='word_1_3' title='bbox 1544 248 1881 313; x_wconf 77' lang='lat' dir='ltr'><strong><em>RUGGERII</em></strong></span> <span class='ocrx_word' id='word_1_4' title='bbox 1920 248 2404 313; x_wconf 79' lang='lat' dir='ltr'><strong><em>NOVARIENSIS.</em></strong></span> <span class='ocrx_word' id='word_1_5' title='bbox 2604 322 2615 329; x_wconf 86' lang='lat'><strong>_</strong></span> <span class='ocrx_word' id='word_1_6' title='bbox 3370 260 3442 319; x_wconf 70' lang='lat'><strong><em>94</em></strong></span> 
     </span>
    </p>
   </div>
   <div class='ocr_carea' id='block_1_2' title="bbox 129 362 3439 439">
    <p class='ocr_par' dir='ltr' id='par_1_2' title="bbox 129 362 3439 439">
     <span class='ocr_line' id='line_1_2' title="bbox 129 362 3439 439; baseline 0.004 -17"><span class='ocrx_word' id='word_1_7' title='bbox 129 362 495 437; x_wconf 82' lang='lat' dir='ltr'><strong><em>inprogeniem</em></strong></span> <span class='ocrx_word' id='word_1_8' title='bbox 521 373 568 420; x_wconf 89' lang='lat' dir='ltr'><strong><em>et</em></strong></span> <span class='ocrx_word' id='word_1_9' title='bbox 594 367 944 437; x_wconf 73' lang='lat' dir='ltr'><strong><em>progeniem,</em></strong></span> <span class='ocrx_word' id='word_1_10' title='bbox 972 365 1093 422; x_wconf 86' lang='lat' dir='ltr'><strong><em>Gat.</em></strong></span> <span class='ocrx_word' id='word_1_11' title='bbox 1132 366 1188 423; x_wconf 89' lang='lat' dir='ltr'><strong><em>in</em></strong></span> <span class='ocrx_word' id='word_1_12' title='bbox 1227 365 1468 439; x_wconf 76' lang='lat' dir='ltr'><strong><em>progenie</em></strong></span> <span class='ocrx_word' id='word_1_13' title='bbox 1511 374 1565 421; x_wconf 85' lang='lat' dir='ltr'><strong><em>et</em></strong></span> <span class='ocrx_word' id='word_1_14' title='bbox 1612 383 1729 437; x_wconf 89' lang='lat' dir='ltr'><strong><em>pro-</em></strong></span> <span class='ocrx_word' id='word_1_15' title='bbox 1760 370 1814 431; x_wconf 78' lang='grc' dir='ltr'>Α</span> <span class='ocrx_word' id='word_1_16' title='bbox 1838 369 2016 425; x_wconf 88' lang='lat' dir='ltr'><strong><em>nasio.</em></strong></span> <span class='ocrx_word' id='word_1_17' title='bbox 2065 369 2197 425; x_wconf 82' lang='lat' dir='ltr'><strong><em>item</em></strong></span> <span class='ocrx_word' id='word_1_18' title='bbox 2243 369 2302 425; x_wconf 92' lang='lat' dir='ltr'><strong><em>S.</em></strong></span> <span class='ocrx_word' id='word_1_19' title='bbox 2335 371 2572 429; x_wconf 73' lang='lat' dir='ltr'><strong><em>lreumus</em></strong></span> <span class='ocrx_word' id='word_1_20' title='bbox 2614 371 2665 428; x_wconf 91' lang='lat' dir='ltr'><strong><em>in</em></strong></span> <span class='ocrx_word' id='word_1_21' title='bbox 2713 373 2810 430; x_wconf 88' lang='lat' dir='ltr'><strong><em>lib.</em></strong></span> <span class='ocrx_word' id='word_1_22' title='bbox 2840 389 2892 429; x_wconf 81' lang='lat' dir='ltr'><strong><em>tv</em></strong></span> <span class='ocrx_word' id='word_1_23' title='bbox 2944 381 3133 431; x_wconf 88' lang='lat' dir='ltr'><strong><em>contra</em></strong></span> <span class='ocrx_word' id='word_1_24' title='bbox 3190 370 3439 435; x_wconf 77' lang='lat' dir='ltr'><strong><em>Htcrescs</em></strong></span> 
     </span>
    </p>
   </div>
   <div class='ocr_carea' id='block_1_3' title="bbox 139 455 3436 543">
    <p class='ocr_par' dir='ltr' id='par_1_3' title="bbox 139 455 3436 543">
     <span class='ocr_line' id='line_1_3' title="bbox 139 455 3436 543; baseline 0.004 -30"><span class='ocrx_word' id='word_1_25' title='bbox 139 460 317 531; x_wconf 84' lang='lat' dir='ltr'><strong><em>genies.</em></strong></span> <span class='ocrx_word' id='word_1_26' title='bbox 337 456 452 512; x_wconf 85' lang='lat' dir='ltr'><strong><em>Duo</em></strong></span> <span class='ocrx_word' id='word_1_27' title='bbox 478 455 647 510; x_wconf 85' lang='lat' dir='ltr'><strong><em>Biblia</em></strong></span> <span class='ocrx_word' id='word_1_28' title='bbox 672 456 799 512; x_wconf 86' lang='lat' dir='ltr'><strong><em>Lat.</em></strong></span> <span class='ocrx_word' id='word_1_29' title='bbox 823 457 1029 528; x_wconf 77' lang='lat' dir='ltr'><strong><em>reginae</em></strong></span> <span class='ocrx_word' id='word_1_30' title='bbox 1046 458 1343 517; x_wconf 87' lang='lat' dir='ltr'><strong><em>Succorum</em></strong></span> <span class='ocrx_word' id='word_1_31' title='bbox 1376 471 1509 513; x_wconf 86' lang='lat' dir='ltr'><strong><em>mss.</em></strong></span> <span class='ocrx_word' id='word_1_32' title='bbox 1538 457 1593 511; x_wconf 86' lang='lat' dir='ltr'><strong><em>in</em></strong></span> <span class='ocrx_word' id='word_1_33' title='bbox 1617 472 1733 528; x_wconf 85' lang='lat' dir='ltr'><strong><em>pro-</em></strong></span> <span class='ocrx_word' id='word_1_34' title='bbox 1837 470 1970 515; x_wconf 90' lang='lat' dir='ltr'><strong><em>tom.</em></strong></span> <span class='ocrx_word' id='word_1_35' title='bbox 1993 477 2031 527; x_wconf 85' lang='grc' dir='ltr'><strong><em>ι,</em></strong></span> <span class='ocrx_word' id='word_1_36' title='bbox 2061 476 2186 532; x_wconf 88' lang='lat' dir='ltr'><strong><em>pag.</em></strong></span> <span class='ocrx_word' id='word_1_37' title='bbox 2226 461 2354 528; x_wconf 81' lang='lat'><strong>277,</strong></span> <span class='ocrx_word' id='word_1_38' title='bbox 2379 472 2434 519; x_wconf 91' lang='lat' dir='ltr'><strong><em>et</em></strong></span> <span class='ocrx_word' id='word_1_39' title='bbox 2460 464 2517 519; x_wconf 91' lang='lat' dir='ltr'><strong><em>S.</em></strong></span> <span class='ocrx_word' id='word_1_40' title='bbox 2550 465 2869 521; x_wconf 84' lang='lat' dir='ltr'><strong><em>Ambrosius</em></strong></span> <span class='ocrx_word' id='word_1_41' title='bbox 2894 466 2948 522; x_wconf 92' lang='lat' dir='ltr'><strong><em>in</em></strong></span> <span class='ocrx_word' id='word_1_42' title='bbox 2976 467 3071 523; x_wconf 89' lang='lat' dir='ltr'><strong>lib.</strong></span> <span class='ocrx_word' id='word_1_43' title='bbox 3103 484 3173 535; x_wconf 75' lang='grc' dir='ltr'><strong>ν,</strong></span> <span class='ocrx_word' id='word_1_44' title='bbox 3204 467 3273 525; x_wconf 90' lang='lat' dir='ltr'><strong><em>de</em></strong></span> <span class='ocrx_word' id='word_1_45' title='bbox 3302 468 3436 543; x_wconf 83' lang='lat' dir='ltr'><strong><em>Fide</em></strong></span> 
     </span>
    </p>
   </div>
   <div class='ocr_carea' id='block_1_4' title="bbox 143 550 2633 625">
    <p class='ocr_par' dir='ltr' id='par_1_4' title="bbox 143 550 2633 625">
     <span class='ocr_line' id='line_1_4' title="bbox 143 550 2633 625; baseline 0.001 -18"><span class='ocrx_word' id='word_1_46' title='bbox 143 553 306 624; x_wconf 73' lang='lat' dir='ltr'><strong><em>genie:</em></strong></span> <span class='ocrx_word' id='word_1_47' title='bbox 324 561 367 604; x_wconf 81' lang='lat' dir='ltr'><strong><em>et</em></strong></span> <span class='ocrx_word' id='word_1_48' title='bbox 385 550 671 621; x_wconf 70' lang='lat' dir='ltr'><strong><em>progenies.</em></strong></span> <span class='ocrx_word' id='word_1_49' title='bbox 1834 566 1955 621; x_wconf 86' lang='lat' dir='ltr'><strong><em>cap.</em></strong></span> <span class='ocrx_word' id='word_1_50' title='bbox 1988 553 2041 619; x_wconf 93' lang='lat'><strong><em>7,</em></strong></span> <span class='ocrx_word' id='word_1_51' title='bbox 2073 568 2192 625; x_wconf 90' lang='lat' dir='ltr'><strong><em>pag.</em></strong></span> <span class='ocrx_word' id='word_1_52' title='bbox 2222 553 2350 618; x_wconf 82' lang='lat'><strong>567,</strong></span> <span class='ocrx_word' id='word_1_53' title='bbox 2374 556 2511 609; x_wconf 84' lang='lat' dir='ltr'><strong><em>misit</em></strong></span> <span class='ocrx_word' id='word_1_54' title='bbox 2538 559 2633 611; x_wconf 83' lang='lat' dir='ltr'><strong><em>eis.</em></strong></span> 
     </span>
    </p>
   </div>
   <div class='ocr_carea' id='block_1_5' title="bbox 207 632 3434 716">
    <p class='ocr_par' dir='ltr' id='par_1_5' title="bbox 207 632 3434 716">
     <span class='ocr_line' id='line_1_5' title="bbox 207 632 3434 716; baseline 0.003 -18"><span class='ocrx_word' id='word_1_55' title='bbox 207 641 331 699; x_wconf 86' lang='lat' dir='ltr'><strong><em>Luc.</em></strong></span> <span class='ocrx_word' id='word_1_56' title='bbox 357 657 469 712; x_wconf 74' lang='lat' dir='ltr'><strong><em>cap.</em></strong></span> <span class='ocrx_word' id='word_1_57' title='bbox 499 656 559 705; x_wconf 90' lang='grc' dir='ltr'><strong><em>ιι,</em></strong></span> <span class='ocrx_word' id='word_1_58' title='bbox 592 640 691 697; x_wconf 74' lang='grc'><strong><em>55.</em></strong></span> <span class='ocrx_word' id='word_1_59' title='bbox 742 639 1007 708; x_wconf 90' lang='lat' dir='ltr'><strong><em>Vercell.,</em></strong></span> <span class='ocrx_word' id='word_1_60' title='bbox 1034 640 1335 711; x_wconf 74' lang='lat' dir='ltr'><strong><em>Veronam,</em></strong></span> <span class='ocrx_word' id='word_1_61' title='bbox 1358 639 1647 698; x_wconf 87' lang='lat' dir='ltr'><strong><em>Corbcien.</em></strong></span> <span class='ocrx_word' id='word_1_62' title='bbox 1674 650 1731 697; x_wconf 90' lang='lat' dir='ltr'><strong><em>ct</em></strong></span> <span class='ocrx_word' id='word_1_63' title='bbox 1904 632 2094 699; x_wconf 83' lang='lat' dir='ltr'><strong><em>Matth.</em></strong></span> <span class='ocrx_word' id='word_1_64' title='bbox 2122 660 2239 716; x_wconf 88' lang='lat' dir='ltr'><strong><em>cap.</em></strong></span> <span class='ocrx_word' id='word_1_65' title='bbox 2271 661 2409 703; x_wconf 74' lang='lat' dir='ltr'><strong><em>XXIV</em></strong></span> <span class='ocrx_word' id='word_1_66' title='bbox 2433 688 2448 713; x_wconf 96' lang='lat'><strong><em>,</em></strong></span> <span class='ocrx_word' id='word_1_67' title='bbox 2479 648 2571 703; x_wconf 78' lang='lat'><strong><em>56.</em></strong></span> <span class='ocrx_word' id='word_1_68' title='bbox 2621 646 2923 705; x_wconf 89' lang='lat' dir='ltr'><strong><em>Vercellen.</em></strong></span> <span class='ocrx_word' id='word_1_69' title='bbox 2978 660 3032 705; x_wconf 89' lang='lat' dir='ltr'><strong><em>ct</em></strong></span> <span class='ocrx_word' id='word_1_70' title='bbox 3059 651 3303 708; x_wconf 81' lang='lat' dir='ltr'><strong><em>Brixian.</em></strong></span> <span class='ocrx_word' id='word_1_71' title='bbox 3337 651 3434 709; x_wconf 85' lang='lat' dir='ltr'><strong><em>ba-</em></strong></span> 
     </span>
    </p>
   </div>
   <div class='ocr_carea' id='block_1_6' title="bbox 143 731 3429 811">
    <p class='ocr_par' dir='ltr' id='par_1_6' title="bbox 143 731 3429 811">
     <span class='ocr_line' id='line_1_6' title="bbox 143 731 3429 811; baseline 0.003 -21"><span class='ocrx_word' id='word_1_72' title='bbox 143 732 364 790; x_wconf 78' lang='lat' dir='ltr'><strong><em>Brixiau.</em></strong></span> <span class='ocrx_word' id='word_1_73' title='bbox 394 743 512 803; x_wconf 91' lang='lat' dir='ltr'><strong><em>post</em></strong></span> <span class='ocrx_word' id='word_1_74' title='bbox 539 733 774 788; x_wconf 80' lang='lat' dir='ltr'><strong>verbum</strong></span> <span class='ocrx_word' id='word_1_75' title='bbox 796 744 923 799; x_wconf 90' lang='lat' dir='ltr'><strong><em>erat,</em></strong></span> <span class='ocrx_word' id='word_1_76' title='bbox 950 731 1150 788; x_wconf 90' lang='lat' dir='ltr'><strong><em>habent</em></strong></span> <span class='ocrx_word' id='word_1_77' title='bbox 1173 732 1389 803; x_wconf 91' lang='lat' dir='ltr'><strong><em>Ioseph,</em></strong></span> <span class='ocrx_word' id='word_1_78' title='bbox 1412 747 1530 803; x_wconf 88' lang='lat' dir='ltr'><strong><em>pro,</em></strong></span> <span class='ocrx_word' id='word_1_79' title='bbox 1564 731 1729 788; x_wconf 85' lang='lat' dir='ltr'><strong><em>Pater</em></strong></span> <span class='ocrx_word' id='word_1_80' title='bbox 1830 734 1981 802; x_wconf 91' lang='lat' dir='ltr'><strong><em>bent,</em></strong></span> <span class='ocrx_word' id='word_1_81' title='bbox 2014 752 2175 806; x_wconf 84' lang='lat' dir='ltr'><strong><em>neque</em></strong></span> <span class='ocrx_word' id='word_1_82' title='bbox 2203 737 2386 811; x_wconf 78' lang='lat' dir='ltr'><strong><em>Angeli</em></strong></span> <span class='ocrx_word' id='word_1_83' title='bbox 2412 739 2654 794; x_wconf 64' lang='lat' dir='ltr'><strong><em>calorum</em></strong></span> <span class='ocrx_word' id='word_1_84' title='bbox 2680 782 2694 806; x_wconf 92' lang='lat'><strong><em>,</em></strong></span> <span class='ocrx_word' id='word_1_85' title='bbox 2720 757 2879 811; x_wconf 87' lang='lat' dir='ltr'><strong><em>neque</em></strong></span> <span class='ocrx_word' id='word_1_86' title='bbox 2902 741 3093 797; x_wconf 83' lang='lat' dir='ltr'><strong><em>Filius.</em></strong></span> <span class='ocrx_word' id='word_1_87' title='bbox 3142 742 3345 800; x_wconf 87' lang='lat' dir='ltr'><strong><em>Veron.</em></strong></span> <span class='ocrx_word' id='word_1_88' title='bbox 3375 754 3429 801; x_wconf 83' lang='lat' dir='ltr'><strong><em>et</em></strong></span> 
     </span>
    </p>
   </div>
   <div class='ocr_carea' id='block_1_7' title="bbox 136 821 3422 904">
    <p class='ocr_par' dir='ltr' id='par_1_7' title="bbox 136 821 3422 904">
     <span class='ocr_line' id='line_1_7' title="bbox 136 821 3422 904; baseline 0.003 -25"><span class='ocrx_word' id='word_1_89' title='bbox 136 829 259 899; x_wconf 70' lang='lat' dir='ltr'><strong><em>ejus,</em></strong></span> <span class='ocrx_word' id='word_1_90' title='bbox 306 826 362 880; x_wconf 76' lang='grc' dir='ltr'><strong><em>τὸ</em></strong></span> <span class='ocrx_word' id='word_1_91' title='bbox 386 821 593 896; x_wconf 86' lang='lat' dir='ltr'><strong><em>Ioseph</em></strong></span> <span class='ocrx_word' id='word_1_92' title='bbox 620 824 844 893; x_wconf 85' lang='lat' dir='ltr'><strong><em>irrepsit</em></strong></span> <span class='ocrx_word' id='word_1_93' title='bbox 872 840 945 880; x_wconf 82' lang='lat' dir='ltr'><strong><em>ex</em></strong></span> <span class='ocrx_word' id='word_1_94' title='bbox 972 823 1249 896; x_wconf 77' lang='lat' dir='ltr'><strong><em>margine,</em></strong></span> <span class='ocrx_word' id='word_1_95' title='bbox 1282 835 1337 879; x_wconf 94' lang='lat' dir='ltr'><strong><em>ut</em></strong></span> <span class='ocrx_word' id='word_1_96' title='bbox 1363 823 1581 891; x_wconf 74' lang='lat' dir='ltr'><strong><em>coniicit</em></strong></span> <span class='ocrx_word' id='word_1_97' title='bbox 1609 824 1726 879; x_wconf 64' lang='lat' dir='ltr'><strong><em>Milo</em></strong></span> <span class='ocrx_word' id='word_1_98' title='bbox 1828 825 2115 883; x_wconf 84' lang='lat' dir='ltr'><strong><em>Corbeicn.</em></strong></span> <span class='ocrx_word' id='word_1_99' title='bbox 2145 846 2304 896; x_wconf 86' lang='lat' dir='ltr'><strong><em>neque</em></strong></span> <span class='ocrx_word' id='word_1_100' title='bbox 2327 831 2497 901; x_wconf 82' lang='lat' dir='ltr'><strong><em>angeli</em></strong></span> <span class='ocrx_word' id='word_1_101' title='bbox 2521 831 2762 885; x_wconf 69' lang='lat' dir='ltr'><strong><em>actorum</em></strong></span> <span class='ocrx_word' id='word_1_102' title='bbox 2808 831 2827 903; x_wconf 94' lang='lat'>(</span> <span class='ocrx_word' id='word_1_103' title='bbox 2850 830 3138 889; x_wconf 85' lang='lat' dir='ltr'><strong><em>Corbcien.</em></strong></span> <span class='ocrx_word' id='word_1_104' title='bbox 3187 837 3277 889; x_wconf 90' lang='lat' dir='ltr'><strong><em>sed</em></strong></span> <span class='ocrx_word' id='word_1_105' title='bbox 3304 853 3422 904; x_wconf 88' lang='lat' dir='ltr'><strong><em>nec,</em></strong></span> 
     </span>
    </p>
   </div>
   <div class='ocr_carea' id='block_1_8' title="bbox 130 915 3427 996">
    <p class='ocr_par' dir='ltr' id='par_1_8' title="bbox 130 915 3427 996">
     <span class='ocr_line' id='line_1_8' title="bbox 130 915 3427 996; baseline 0.002 -22"><span class='ocrx_word' id='word_1_106' title='bbox 130 918 228 974; x_wconf 81' lang='lat' dir='ltr'><strong><em>lius</em></strong></span> <span class='ocrx_word' id='word_1_107' title='bbox 257 917 307 972; x_wconf 91' lang='lat' dir='ltr'><strong><em>in</em></strong></span> <span class='ocrx_word' id='word_1_108' title='bbox 326 916 547 986; x_wconf 85' lang='lat' dir='ltr'><strong><em>Proleg.</em></strong></span> <span class='ocrx_word' id='word_1_109' title='bbox 585 932 707 989; x_wconf 87' lang='lat' dir='ltr'><strong><em>pag.</em></strong></span> <span class='ocrx_word' id='word_1_110' title='bbox 736 915 827 972; x_wconf 73' lang='grc'><strong><em>44.</em></strong></span> <span class='ocrx_word' id='word_1_111' title='bbox 1828 920 1961 993; x_wconf 91' lang='lat' dir='ltr'><strong><em>etc.)</em></strong></span> <span class='ocrx_word' id='word_1_112' title='bbox 1992 938 2081 976; x_wconf 88' lang='lat' dir='ltr'><strong><em>nec</em></strong></span> <span class='ocrx_word' id='word_1_113' title='bbox 2120 921 2288 977; x_wconf 86' lang='lat' dir='ltr'><strong><em>Filius</em></strong></span> <span class='ocrx_word' id='word_1_114' title='bbox 2308 938 2327 978; x_wconf 92' lang='lat'><strong><em>:</em></strong></span> <span class='ocrx_word' id='word_1_115' title='bbox 2347 938 2410 978; x_wconf 81' lang='lat' dir='ltr'><strong><em>ex</em></strong></span> <span class='ocrx_word' id='word_1_116' title='bbox 2438 924 2496 979; x_wconf 90' lang='lat' dir='ltr'><strong><em>S.</em></strong></span> <span class='ocrx_word' id='word_1_117' title='bbox 2528 924 2706 979; x_wconf 81' lang='lat' dir='ltr'><strong><em>Marco</em></strong></span> <span class='ocrx_word' id='word_1_118' title='bbox 2754 925 2866 996; x_wconf 89' lang='lat' dir='ltr'><strong><em>qui,</em></strong></span> <span class='ocrx_word' id='word_1_119' title='bbox 2914 940 3035 994; x_wconf 87' lang='lat' dir='ltr'><strong><em>cap.</em></strong></span> <span class='ocrx_word' id='word_1_120' title='bbox 3067 941 3179 993; x_wconf 74' lang='lat' dir='ltr'><strong><em>sui,</em></strong></span> <span class='ocrx_word' id='word_1_121' title='bbox 3213 925 3306 992; x_wconf 73' lang='lat'><strong><em>&#39;52,</em></strong></span> <span class='ocrx_word' id='word_1_122' title='bbox 3328 925 3427 980; x_wconf 88' lang='lat' dir='ltr'><strong><em>ad-</em></strong></span> 
     </span>
    </p>
   </div>
   <div class='ocr_carea' id='block_1_9' title="bbox 186 1007 3427 1087">
    <p class='ocr_par' dir='ltr' id='par_1_9' title="bbox 186 1007 3427 1087">
     <span class='ocr_line' id='line_1_9' title="bbox 186 1007 3427 1087; baseline 0.002 -22"><span class='ocrx_word' id='word_1_123' title='bbox 186 1007 317 1066; x_wconf 85' lang='lat' dir='ltr'><strong><em>Luc.</em></strong></span> <span class='ocrx_word' id='word_1_124' title='bbox 339 1025 459 1081; x_wconf 84' lang='lat' dir='ltr'><strong><em>cap.</em></strong></span> <span class='ocrx_word' id='word_1_125' title='bbox 484 1025 523 1065; x_wconf 96' lang='grc' dir='ltr'><strong><em>ιι</em></strong></span> <span class='ocrx_word' id='word_1_126' title='bbox 550 1052 565 1076; x_wconf 87' lang='grc'><strong><em>,</em></strong></span> <span class='ocrx_word' id='word_1_127' title='bbox 594 1009 690 1065; x_wconf 60' lang='grc'><strong><em>58.</em></strong></span> <span class='ocrx_word' id='word_1_128' title='bbox 744 1007 1052 1066; x_wconf 83' lang='lat' dir='ltr'><strong><em>Vercellen.</em></strong></span> <span class='ocrx_word' id='word_1_129' title='bbox 1076 1051 1093 1076; x_wconf 90' lang='lat'><strong><em>,</em></strong></span> <span class='ocrx_word' id='word_1_130' title='bbox 1122 1007 1493 1062; x_wconf 86' lang='lat' dir='ltr'><strong><em>contradicitur</em></strong></span> <span class='ocrx_word' id='word_1_131' title='bbox 1514 1048 1529 1074; x_wconf 92' lang='lat'><strong><em>,</em></strong></span> <span class='ocrx_word' id='word_1_132' title='bbox 1564 1016 1619 1063; x_wconf 89' lang='lat' dir='ltr'><strong><em>et</em></strong></span> <span class='ocrx_word' id='word_1_133' title='bbox 1649 1009 1722 1064; x_wconf 89' lang='lat' dir='ltr'><strong><em>ita</em></strong></span> <span class='ocrx_word' id='word_1_134' title='bbox 1827 1010 1942 1079; x_wconf 91' lang='lat' dir='ltr'><strong><em>dit,</em></strong></span> <span class='ocrx_word' id='word_1_135' title='bbox 1975 1031 2136 1084; x_wconf 82' lang='lat' dir='ltr'><strong><em>neque</em></strong></span> <span class='ocrx_word' id='word_1_136' title='bbox 2166 1014 2353 1069; x_wconf 72' lang='lat' dir='ltr'><strong><em>Filius.</em></strong></span> <span class='ocrx_word' id='word_1_137' title='bbox 2402 1015 2528 1070; x_wconf 62' lang='lat' dir='ltr'><strong><em>llaec</em></strong></span> <span class='ocrx_word' id='word_1_138' title='bbox 2568 1016 2728 1071; x_wconf 78' lang='lat' dir='ltr'><strong><em>verba</em></strong></span> <span class='ocrx_word' id='word_1_139' title='bbox 2770 1015 2913 1087; x_wconf 92' lang='lat' dir='ltr'><strong><em>apud</em></strong></span> <span class='ocrx_word' id='word_1_140' title='bbox 2940 1017 3249 1072; x_wconf 62' lang='lat' dir='ltr'><strong><em>Matthxi-uin</em></strong></span> <span class='ocrx_word' id='word_1_141' title='bbox 3301 1018 3427 1073; x_wconf 91' lang='lat' dir='ltr'><strong><em>inde</em></strong></span> 
     </span>
    </p>
   </div>
   <div class='ocr_carea' id='block_1_10' title="bbox 113 1100 3421 1179">
    <p class='ocr_par' dir='ltr' id='par_1_10' title="bbox 113 1100 3421 1179">
     <span class='ocr_line' id='line_1_10' title="bbox 113 1100 3421 1179; baseline 0.002 -22"><span class='ocrx_word' id='word_1_142' title='bbox 113 1101 329 1172; x_wconf 84' lang='lat' dir='ltr'><strong><em>quidam</em></strong></span> <span class='ocrx_word' id='word_1_143' title='bbox 360 1118 495 1157; x_wconf 86' lang='lat' dir='ltr'><strong><em>mss.</em></strong></span> <span class='ocrx_word' id='word_1_144' title='bbox 545 1103 765 1159; x_wconf 79' lang='lat' dir='ltr'><strong><em>codices</em></strong></span> <span class='ocrx_word' id='word_1_145' title='bbox 810 1109 867 1158; x_wconf 91' lang='lat' dir='ltr'><strong><em>ct</em></strong></span> <span class='ocrx_word' id='word_1_146' title='bbox 890 1101 1159 1157; x_wconf 89' lang='lat' dir='ltr'><strong><em>editiones</em></strong></span> <span class='ocrx_word' id='word_1_147' title='bbox 1201 1100 1266 1157; x_wconf 92' lang='lat' dir='ltr'><strong><em>S.</em></strong></span> <span class='ocrx_word' id='word_1_148' title='bbox 1309 1100 1625 1173; x_wconf 76' lang='lat' dir='ltr'><strong><em>Hieronymi</em></strong></span> <span class='ocrx_word' id='word_1_149' title='bbox 1666 1100 1719 1157; x_wconf 89' lang='lat' dir='ltr'><strong><em>in</em></strong></span> <span class='ocrx_word' id='word_1_150' title='bbox 1825 1105 2086 1160; x_wconf 78' lang='lat' dir='ltr'><strong><em>translata</em></strong></span> <span class='ocrx_word' id='word_1_151' title='bbox 2118 1105 2370 1177; x_wconf 81' lang='lat' dir='ltr'><strong><em>leguntur</em></strong></span> <span class='ocrx_word' id='word_1_152' title='bbox 2410 1108 2462 1162; x_wconf 92' lang='lat' dir='ltr'><strong><em>in</em></strong></span> <span class='ocrx_word' id='word_1_153' title='bbox 2495 1107 2680 1162; x_wconf 86' lang='lat' dir='ltr'><strong><em>codice</em></strong></span> <span class='ocrx_word' id='word_1_154' title='bbox 2727 1123 2941 1179; x_wconf 87' lang='lat' dir='ltr'><strong><em>quoque</em></strong></span> <span class='ocrx_word' id='word_1_155' title='bbox 2970 1107 3379 1179; x_wconf 87' lang='lat' dir='ltr'><strong><em>Cantabrigensi</em></strong></span> <span class='ocrx_word' id='word_1_156' title='bbox 3406 1152 3421 1178; x_wconf 92' lang='lat'><strong><em>,</em></strong></span> 
     </span>
    </p>
   </div>
   <div class='ocr_carea' id='block_1_11' title="bbox 110 1194 3422 1271">
    <p class='ocr_par' dir='ltr' id='par_1_11' title="bbox 110 1194 3422 1271">
     <span class='ocr_line' id='line_1_11' title="bbox 110 1194 3422 1271; baseline 0.001 -18"><span class='ocrx_word' id='word_1_157' title='bbox 110 1196 287 1268; x_wconf 79' lang='lat' dir='ltr'><strong><em>Epist.</em></strong></span> <span class='ocrx_word' id='word_1_158' title='bbox 322 1196 425 1253; x_wconf 67' lang='lat' dir='ltr'><strong><em>rso</em></strong></span> <span class='ocrx_word' id='word_1_159' title='bbox 448 1196 518 1252; x_wconf 84' lang='lat' dir='ltr'><strong><em>ad</em></strong></span> <span class='ocrx_word' id='word_1_160' title='bbox 548 1195 857 1253; x_wconf 87' lang='lat' dir='ltr'><strong><em>llcdibiam.</em></strong></span> <span class='ocrx_word' id='word_1_161' title='bbox 1823 1194 2106 1271; x_wconf 82' lang='lat' dir='ltr'><strong><em>Chrysost.</em></strong></span> <span class='ocrx_word' id='word_1_162' title='bbox 2142 1198 2315 1254; x_wconf 80' lang='lat' dir='ltr'><strong><em>Paris.</em></strong></span> <span class='ocrx_word' id='word_1_163' title='bbox 2346 1199 2468 1255; x_wconf 87' lang='lat' dir='ltr'><strong><em>cod.</em></strong></span> <span class='ocrx_word' id='word_1_164' title='bbox 2502 1199 2558 1265; x_wconf 89' lang='lat'><strong><em>6,</em></strong></span> <span class='ocrx_word' id='word_1_165' title='bbox 2590 1200 2818 1270; x_wconf 85' lang='lat' dir='ltr'><strong><em>aliisque</em></strong></span> <span class='ocrx_word' id='word_1_166' title='bbox 2845 1200 3126 1256; x_wconf 86' lang='lat' dir='ltr'><strong><em>nonnullis</em></strong></span> <span class='ocrx_word' id='word_1_167' title='bbox 3152 1201 3342 1257; x_wconf 85' lang='lat' dir='ltr'><strong><em>relatis</em></strong></span> <span class='ocrx_word' id='word_1_168' title='bbox 3371 1202 3422 1257; x_wconf 94' lang='lat' dir='ltr'><strong><em>in</em></strong></span> 
     </span>
    </p>
   </div>
   <div class='ocr_carea' id='block_1_12' title="bbox 174 1285 3423 1369">
    <p class='ocr_par' dir='ltr' id='par_1_12' title="bbox 174 1285 3423 1369">
     <span class='ocr_line' id='line_1_12' title="bbox 174 1285 3423 1369; baseline 0.002 -25"><span class='ocrx_word' id='word_1_169' title='bbox 174 1289 311 1346; x_wconf 87' lang='lat' dir='ltr'><strong><em>Luc.</em></strong></span> <span class='ocrx_word' id='word_1_170' title='bbox 355 1305 477 1362; x_wconf 73' lang='lat' dir='ltr'><strong><em>Cap.</em></strong></span> <span class='ocrx_word' id='word_1_171' title='bbox 513 1305 610 1354; x_wconf 76' lang='lat' dir='ltr'><strong><em>tv,</em></strong></span> <span class='ocrx_word' id='word_1_172' title='bbox 654 1290 706 1345; x_wconf 82' lang='lat' dir='ltr'><strong><em>l.</em></strong></span> <span class='ocrx_word' id='word_1_173' title='bbox 775 1289 991 1347; x_wconf 85' lang='lat' dir='ltr'><strong><em>Vercel.</em></strong></span> <span class='ocrx_word' id='word_1_174' title='bbox 1017 1297 1071 1345; x_wconf 92' lang='lat' dir='ltr'><strong><em>et</em></strong></span> <span class='ocrx_word' id='word_1_175' title='bbox 1095 1288 1299 1347; x_wconf 77' lang='lat' dir='ltr'><strong><em>Veron.</em></strong></span> <span class='ocrx_word' id='word_1_176' title='bbox 1339 1286 1401 1342; x_wconf 91' lang='lat' dir='ltr'><strong><em>ab</em></strong></span> <span class='ocrx_word' id='word_1_177' title='bbox 1425 1285 1721 1343; x_wconf 76' lang='lat' dir='ltr'><strong><em>Iordanen.</em></strong></span> <span class='ocrx_word' id='word_1_178' title='bbox 1824 1290 1951 1348; x_wconf 88' lang='lat' dir='ltr'><strong><em>Var.</em></strong></span> <span class='ocrx_word' id='word_1_179' title='bbox 1982 1293 2135 1349; x_wconf 86' lang='lat' dir='ltr'><strong><em>Lect.</em></strong></span> <span class='ocrx_word' id='word_1_180' title='bbox 2162 1310 2190 1348; x_wconf 87' lang='lat' dir='ltr'><strong><em>a</em></strong></span> <span class='ocrx_word' id='word_1_181' title='bbox 2221 1294 2407 1351; x_wconf 86' lang='lat' dir='ltr'><strong><em>Millio.</em></strong></span> <span class='ocrx_word' id='word_1_182' title='bbox 2443 1294 2541 1351; x_wconf 88' lang='lat' dir='ltr'><strong><em>SS.</em></strong></span> <span class='ocrx_word' id='word_1_183' title='bbox 2575 1294 2833 1361; x_wconf 84' lang='lat' dir='ltr'><strong><em>llilarius,</em></strong></span> <span class='ocrx_word' id='word_1_184' title='bbox 2860 1296 3213 1363; x_wconf 83' lang='lat' dir='ltr'><strong><em>Ambrosius,</em></strong></span> <span class='ocrx_word' id='word_1_185' title='bbox 3242 1297 3423 1369; x_wconf 87' lang='lat' dir='ltr'><strong><em>Augu-</em></strong></span> 
     </span>
    </p>
   </div>
   <div class='ocr_carea' id='block_1_13' title="bbox 99 1378 3421 1460">
    <p class='ocr_par' dir='ltr' id='par_1_13' title="bbox 99 1378 3421 1460">
     <span class='ocr_line' id='line_1_13' title="bbox 99 1378 3421 1460; baseline 0.002 -23"><span class='ocrx_word' id='word_1_186' title='bbox 99 1382 250 1437; x_wconf 79' lang='lat' dir='ltr'><strong><em>Brix.</em></strong></span> <span class='ocrx_word' id='word_1_187' title='bbox 274 1382 340 1436; x_wconf 86' lang='lat' dir='ltr'><strong><em>ab</em></strong></span> <span class='ocrx_word' id='word_1_188' title='bbox 361 1380 623 1449; x_wconf 85' lang='lat' dir='ltr'><strong><em>Iordane,</em></strong></span> <span class='ocrx_word' id='word_1_189' title='bbox 655 1390 711 1437; x_wconf 88' lang='lat' dir='ltr'><strong><em>et</em></strong></span> <span class='ocrx_word' id='word_1_190' title='bbox 732 1381 805 1437; x_wconf 90' lang='lat' dir='ltr'><strong><em>ita</em></strong></span> <span class='ocrx_word' id='word_1_191' title='bbox 838 1380 897 1439; x_wconf 91' lang='lat' dir='ltr'><strong><em>S.</em></strong></span> <span class='ocrx_word' id='word_1_192' title='bbox 924 1380 1179 1437; x_wconf 85' lang='lat' dir='ltr'><strong><em>Ambros.</em></strong></span> <span class='ocrx_word' id='word_1_193' title='bbox 1208 1382 1261 1436; x_wconf 87' lang='lat' dir='ltr'><strong><em>in</em></strong></span> <span class='ocrx_word' id='word_1_194' title='bbox 1291 1379 1386 1435; x_wconf 86' lang='lat' dir='ltr'><strong><em>lib.</em></strong></span> <span class='ocrx_word' id='word_1_195' title='bbox 1428 1396 1447 1436; x_wconf 95' lang='grc' dir='ltr'><strong><em>ι</em></strong></span> <span class='ocrx_word' id='word_1_196' title='bbox 1476 1378 1544 1435; x_wconf 88' lang='lat' dir='ltr'><strong><em>de</em></strong></span> <span class='ocrx_word' id='word_1_197' title='bbox 1570 1379 1713 1449; x_wconf 87' lang='lat' dir='ltr'><strong><em>Spir.</em></strong></span> <span class='ocrx_word' id='word_1_198' title='bbox 1820 1385 1995 1440; x_wconf 88' lang='lat' dir='ltr'><strong><em>stinus</em></strong></span> <span class='ocrx_word' id='word_1_199' title='bbox 2018 1428 2033 1453; x_wconf 95' lang='lat'><strong><em>,</em></strong></span> <span class='ocrx_word' id='word_1_200' title='bbox 2081 1384 2523 1460; x_wconf 86' lang='lat' dir='ltr'><strong><em>Theophylactus</em></strong></span> <span class='ocrx_word' id='word_1_201' title='bbox 2544 1387 2732 1443; x_wconf 83' lang='lat' dir='ltr'><strong><em>eadem</em></strong></span> <span class='ocrx_word' id='word_1_202' title='bbox 2775 1387 2941 1444; x_wconf 81' lang='lat' dir='ltr'><strong><em>verba</em></strong></span> <span class='ocrx_word' id='word_1_203' title='bbox 2973 1387 3075 1444; x_wconf 92' lang='lat' dir='ltr'><strong><em>hoc</em></strong></span> <span class='ocrx_word' id='word_1_204' title='bbox 3105 1389 3225 1445; x_wconf 91' lang='lat' dir='ltr'><strong><em>loco</em></strong></span> <span class='ocrx_word' id='word_1_205' title='bbox 3252 1390 3421 1446; x_wconf 83' lang='lat' dir='ltr'><strong><em>inter—</em></strong></span> 
     </span>
    </p>
   </div>
   <div class='ocr_carea' id='block_1_14' title="bbox 95 1472 3419 1552">
    <p class='ocr_par' dir='ltr' id='par_1_14' title="bbox 95 1472 3419 1552">
     <span class='ocr_line' id='line_1_14' title="bbox 95 1472 3419 1552; baseline 0.003 -23"><span class='ocrx_word' id='word_1_206' title='bbox 95 1472 289 1529; x_wconf 85' lang='lat' dir='ltr'><strong><em>Sanct.</em></strong></span> <span class='ocrx_word' id='word_1_207' title='bbox 319 1490 446 1546; x_wconf 82' lang='lat' dir='ltr'><strong><em>cap.</em></strong></span> <span class='ocrx_word' id='word_1_208' title='bbox 480 1474 540 1543; x_wconf 88' lang='lat'><strong><em>9,</em></strong></span> <span class='ocrx_word' id='word_1_209' title='bbox 573 1489 695 1545; x_wconf 88' lang='lat' dir='ltr'><strong><em>pag.</em></strong></span> <span class='ocrx_word' id='word_1_210' title='bbox 730 1472 858 1529; x_wconf 88' lang='lat' dir='ltr'><strong><em>6l8.</em></strong></span> <span class='ocrx_word' id='word_1_211' title='bbox 1817 1487 2133 1546; x_wconf 76' lang='lat' dir='ltr'><strong><em>pretantur:</em></strong></span> <span class='ocrx_word' id='word_1_212' title='bbox 2168 1478 2295 1536; x_wconf 90' lang='lat' dir='ltr'><strong><em>hinc</em></strong></span> <span class='ocrx_word' id='word_1_213' title='bbox 2327 1488 2503 1535; x_wconf 88' lang='lat' dir='ltr'><strong><em>tamen</em></strong></span> <span class='ocrx_word' id='word_1_214' title='bbox 2536 1496 2644 1536; x_wconf 91' lang='lat' dir='ltr'><strong><em>non</em></strong></span> <span class='ocrx_word' id='word_1_215' title='bbox 2672 1479 2795 1552; x_wconf 87' lang='lat' dir='ltr'><strong><em>jure</em></strong></span> <span class='ocrx_word' id='word_1_216' title='bbox 2822 1481 3107 1552; x_wconf 82' lang='lat' dir='ltr'><strong><em>collegeris</em></strong></span> <span class='ocrx_word' id='word_1_217' title='bbox 3134 1524 3148 1548; x_wconf 91' lang='lat'><strong><em>,</em></strong></span> <span class='ocrx_word' id='word_1_218' title='bbox 3180 1482 3303 1538; x_wconf 90' lang='lat' dir='ltr'><strong><em>illos</em></strong></span> <span class='ocrx_word' id='word_1_219' title='bbox 3322 1497 3419 1538; x_wconf 80' lang='lat' dir='ltr'><strong><em>ca-</em></strong></span> 
     </span>
    </p>
   </div>
   <div class='ocr_carea' id='block_1_15' title="bbox 163 1563 3420 1647">
    <p class='ocr_par' dir='ltr' id='par_1_15' title="bbox 163 1563 3420 1647">
     <span class='ocr_line' id='line_1_15' title="bbox 163 1563 3420 1647; baseline 0.004 -26"><span class='ocrx_word' id='word_1_220' title='bbox 163 1564 301 1621; x_wconf 85' lang='lat' dir='ltr'><strong><em>Luc.</em></strong></span> <span class='ocrx_word' id='word_1_221' title='bbox 331 1580 460 1636; x_wconf 82' lang='lat' dir='ltr'><strong><em>cap.</em></strong></span> <span class='ocrx_word' id='word_1_222' title='bbox 492 1582 549 1633; x_wconf 73' lang='grc' dir='ltr'><strong>ν,</strong></span> <span class='ocrx_word' id='word_1_223' title='bbox 577 1565 671 1621; x_wconf 74' lang='lat'><strong><em>20.</em></strong></span> <span class='ocrx_word' id='word_1_224' title='bbox 705 1564 944 1631; x_wconf 88' lang='lat' dir='ltr'><strong><em>Vercel.,</em></strong></span> <span class='ocrx_word' id='word_1_225' title='bbox 972 1563 1178 1620; x_wconf 90' lang='lat' dir='ltr'><strong><em>Veron.</em></strong></span> <span class='ocrx_word' id='word_1_226' title='bbox 1210 1573 1267 1620; x_wconf 94' lang='lat' dir='ltr'><strong><em>et</em></strong></span> <span class='ocrx_word' id='word_1_227' title='bbox 1293 1565 1458 1624; x_wconf 89' lang='lat' dir='ltr'><strong><em>Corb.</em></strong></span> <span class='ocrx_word' id='word_1_228' title='bbox 1499 1568 1712 1622; x_wconf 88' lang='lat' dir='ltr'><strong><em>remissa</em></strong></span> <span class='ocrx_word' id='word_1_229' title='bbox 1816 1568 1938 1625; x_wconf 89' lang='lat' dir='ltr'><strong><em>dem</em></strong></span> <span class='ocrx_word' id='word_1_230' title='bbox 1970 1571 2021 1625; x_wconf 90' lang='lat' dir='ltr'><strong><em>in</em></strong></span> <span class='ocrx_word' id='word_1_231' title='bbox 2052 1572 2164 1628; x_wconf 91' lang='lat' dir='ltr'><strong><em>suis</em></strong></span> <span class='ocrx_word' id='word_1_232' title='bbox 2187 1572 2337 1628; x_wconf 87' lang='lat' dir='ltr'><strong><em>libris</em></strong></span> <span class='ocrx_word' id='word_1_233' title='bbox 2364 1572 2638 1630; x_wconf 88' lang='lat' dir='ltr'><strong><em>habuisse.</em></strong></span> <span class='ocrx_word' id='word_1_234' title='bbox 2672 1573 2762 1629; x_wconf 87' lang='lat' dir='ltr'><strong><em>Illa</em></strong></span> <span class='ocrx_word' id='word_1_235' title='bbox 2788 1575 2985 1647; x_wconf 87' lang='lat' dir='ltr'><strong><em>quippe</em></strong></span> <span class='ocrx_word' id='word_1_236' title='bbox 3015 1592 3079 1632; x_wconf 77' lang='lat' dir='ltr'><strong><em>ex</em></strong></span> <span class='ocrx_word' id='word_1_237' title='bbox 3106 1576 3284 1632; x_wconf 82' lang='lat' dir='ltr'><strong><em>Marco</em></strong></span> <span class='ocrx_word' id='word_1_238' title='bbox 3303 1594 3420 1633; x_wconf 88' lang='lat' dir='ltr'><strong><em>mu-</em></strong></span> 
     </span>
    </p>
   </div>
   <div class='ocr_carea' id='block_1_16' title="bbox 94 1654 3420 1737">
    <p class='ocr_par' dir='ltr' id='par_1_16' title="bbox 94 1654 3420 1737">
     <span class='ocr_line' id='line_1_16' title="bbox 94 1654 3420 1737; baseline 0.005 -28"><span class='ocrx_word' id='word_1_239' title='bbox 94 1665 234 1710; x_wconf 77' lang='lat' dir='ltr'><strong><em>sunt.</em></strong></span> <span class='ocrx_word' id='word_1_240' title='bbox 259 1656 414 1712; x_wconf 78' lang='lat' dir='ltr'><strong><em>Brix.</em></strong></span> <span class='ocrx_word' id='word_1_241' title='bbox 446 1657 666 1712; x_wconf 85' lang='lat' dir='ltr'><strong><em>dimissa</em></strong></span> <span class='ocrx_word' id='word_1_242' title='bbox 687 1666 838 1725; x_wconf 85' lang='lat' dir='ltr'><strong><em>sunt,</em></strong></span> <span class='ocrx_word' id='word_1_243' title='bbox 866 1666 923 1713; x_wconf 87' lang='lat' dir='ltr'><strong><em>et</em></strong></span> <span class='ocrx_word' id='word_1_244' title='bbox 960 1654 1033 1713; x_wconf 87' lang='lat' dir='ltr'><strong><em>ita</em></strong></span> <span class='ocrx_word' id='word_1_245' title='bbox 1065 1656 1125 1714; x_wconf 88' lang='lat' dir='ltr'><strong><em>S.</em></strong></span> <span class='ocrx_word' id='word_1_246' title='bbox 1151 1657 1344 1713; x_wconf 83' lang='lat' dir='ltr'><strong><em>Ambr.</em></strong></span> <span class='ocrx_word' id='word_1_247' title='bbox 1398 1658 1495 1714; x_wconf 85' lang='lat' dir='ltr'><strong><em>lib.</em></strong></span> <span class='ocrx_word' id='word_1_248' title='bbox 1528 1674 1590 1715; x_wconf 90' lang='grc' dir='ltr'><strong><em>ιιι</em></strong></span> <span class='ocrx_word' id='word_1_249' title='bbox 1642 1660 1711 1716; x_wconf 86' lang='lat' dir='ltr'><strong><em>de</em></strong></span> <span class='ocrx_word' id='word_1_250' title='bbox 1816 1661 2104 1718; x_wconf 85' lang='lat' dir='ltr'><strong><em>tuabantur</em></strong></span> <span class='ocrx_word' id='word_1_251' title='bbox 2128 1704 2144 1730; x_wconf 94' lang='lat'><strong><em>,</em></strong></span> <span class='ocrx_word' id='word_1_252' title='bbox 2190 1674 2248 1719; x_wconf 93' lang='lat' dir='ltr'><strong><em>ut</em></strong></span> <span class='ocrx_word' id='word_1_253' title='bbox 2293 1665 2509 1720; x_wconf 88' lang='lat' dir='ltr'><strong><em>Arianis</em></strong></span> <span class='ocrx_word' id='word_1_254' title='bbox 2556 1666 2969 1737; x_wconf 88' lang='lat' dir='ltr'><strong><em>responderent.</em></strong></span> <span class='ocrx_word' id='word_1_255' title='bbox 3023 1667 3420 1726; x_wconf 74' lang='lat' dir='ltr'><strong><em>Animadvertit</em></strong></span> 
     </span>
    </p>
   </div>
   <div class='ocr_carea' id='block_1_17' title="bbox 92 1746 3414 1831">
    <p class='ocr_par' dir='ltr' id='par_1_17' title="bbox 92 1746 3414 1831">
     <span class='ocr_line' id='line_1_17' title="bbox 92 1746 3414 1831; baseline 0.004 -27"><span class='ocrx_word' id='word_1_256' title='bbox 92 1746 255 1813; x_wconf 77' lang='lat' dir='ltr'><strong><em>Fide,</em></strong></span> <span class='ocrx_word' id='word_1_257' title='bbox 284 1763 408 1818; x_wconf 94' lang='lat' dir='ltr'><strong><em>cap.</em></strong></span> <span class='ocrx_word' id='word_1_258' title='bbox 434 1748 495 1814; x_wconf 71' lang='lat'><strong><em>2,</em></strong></span> <span class='ocrx_word' id='word_1_259' title='bbox 530 1763 653 1819; x_wconf 84' lang='lat' dir='ltr'><strong><em>pag.</em></strong></span> <span class='ocrx_word' id='word_1_260' title='bbox 686 1748 815 1804; x_wconf 74' lang='lat'><strong>499.</strong></span> <span class='ocrx_word' id='word_1_261' title='bbox 1738 1766 1787 1827; x_wconf 73' lang='grc' dir='ltr'>Β</span> <span class='ocrx_word' id='word_1_262' title='bbox 1815 1750 1874 1808; x_wconf 93' lang='lat' dir='ltr'><strong><em>S.</em></strong></span> <span class='ocrx_word' id='word_1_263' title='bbox 1909 1753 2305 1828; x_wconf 82' lang='lat' dir='ltr'><strong><em>Hieronymus,</em></strong></span> <span class='ocrx_word' id='word_1_264' title='bbox 2351 1756 2465 1813; x_wconf 62' lang='lat' dir='ltr'><strong><em>hinc</em></strong></span> <span class='ocrx_word' id='word_1_265' title='bbox 2490 1774 2597 1813; x_wconf 90' lang='lat' dir='ltr'><strong><em>non</em></strong></span> <span class='ocrx_word' id='word_1_266' title='bbox 2625 1756 2791 1813; x_wconf 79' lang='lat' dir='ltr'><strong><em>fuisse</em></strong></span> <span class='ocrx_word' id='word_1_267' title='bbox 2821 1757 2873 1812; x_wconf 90' lang='lat' dir='ltr'><strong><em>in</em></strong></span> <span class='ocrx_word' id='word_1_268' title='bbox 2906 1757 3058 1813; x_wconf 87' lang='lat' dir='ltr'><strong><em>libris</em></strong></span> <span class='ocrx_word' id='word_1_269' title='bbox 3085 1757 3331 1831; x_wconf 84' lang='lat' dir='ltr'><strong><em>Origcnis</em></strong></span> <span class='ocrx_word' id='word_1_270' title='bbox 3360 1770 3414 1816; x_wconf 87' lang='lat' dir='ltr'><strong><em>et</em></strong></span> 
     </span>
    </p>
   </div>
   <div class='ocr_carea' id='block_1_18' title="bbox 160 1842 3411 1922">
    <p class='ocr_par' dir='ltr' id='par_1_18' title="bbox 160 1842 3411 1922">
     <span class='ocr_line' id='line_1_18' title="bbox 160 1842 3411 1922; baseline 0.003 -24"><span class='ocrx_word' id='word_1_271' title='bbox 160 1842 298 1900; x_wconf 87' lang='lat' dir='ltr'><strong><em>Luc.</em></strong></span> <span class='ocrx_word' id='word_1_272' title='bbox 324 1858 448 1914; x_wconf 89' lang='lat' dir='ltr'><strong><em>cap.</em></strong></span> <span class='ocrx_word' id='word_1_273' title='bbox 478 1859 557 1910; x_wconf 71' lang='grc' dir='ltr'><strong><em>ιχ,</em></strong></span> <span class='ocrx_word' id='word_1_274' title='bbox 593 1842 685 1896; x_wconf 76' lang='grc'><strong><em>22.</em></strong></span> <span class='ocrx_word' id='word_1_275' title='bbox 718 1842 1052 1912; x_wconf 86' lang='lat' dir='ltr'><strong><em>Vercellen.,</em></strong></span> <span class='ocrx_word' id='word_1_276' title='bbox 1080 1853 1128 1918; x_wconf 84' lang='lat' dir='ltr'><strong><em>et</em></strong></span> <span class='ocrx_word' id='word_1_277' title='bbox 1157 1852 1272 1914; x_wconf 89' lang='lat' dir='ltr'><strong><em>post</em></strong></span> <span class='ocrx_word' id='word_1_278' title='bbox 1294 1844 1499 1898; x_wconf 90' lang='lat' dir='ltr'><strong><em>tertium</em></strong></span> <span class='ocrx_word' id='word_1_279' title='bbox 1531 1845 1663 1899; x_wconf 87' lang='lat' dir='ltr'><strong><em>diem</em></strong></span> <span class='ocrx_word' id='word_1_280' title='bbox 1685 1896 1700 1917; x_wconf 81' lang='grc'><strong><em>,</em></strong></span> <span class='ocrx_word' id='word_1_281' title='bbox 1813 1845 1993 1903; x_wconf 84' lang='lat' dir='ltr'><strong><em>Pierii.</em></strong></span> <span class='ocrx_word' id='word_1_282' title='bbox 2024 1847 2510 1906; x_wconf 46' lang='lat' dir='ltr'><strong><em>Habenturctamcn</em></strong></span> <span class='ocrx_word' id='word_1_283' title='bbox 2541 1853 2592 1907; x_wconf 92' lang='lat' dir='ltr'><strong><em>in</em></strong></span> <span class='ocrx_word' id='word_1_284' title='bbox 2617 1851 2798 1908; x_wconf 83' lang='lat' dir='ltr'><strong><em>Veteri</em></strong></span> <span class='ocrx_word' id='word_1_285' title='bbox 2832 1852 3059 1922; x_wconf 71' lang='lat' dir='ltr'><strong><em>Vulgata</em></strong></span> <span class='ocrx_word' id='word_1_286' title='bbox 3092 1853 3411 1909; x_wconf 72' lang='lat' dir='ltr'><strong><em>Mat&#39;tianmi.</em></strong></span> 
     </span>
    </p>
   </div>
   <div class='ocr_carea' id='block_1_19' title="bbox 91 1935 3412 2014">
    <p class='ocr_par' dir='ltr' id='par_1_19' title="bbox 91 1935 3412 2014">
     <span class='ocr_line' id='line_1_19' title="bbox 91 1935 3412 2014; baseline 0.003 -23"><span class='ocrx_word' id='word_1_287' title='bbox 91 1942 145 1991; x_wconf 77' lang='lat' dir='ltr'><strong><em>et</em></strong></span> <span class='ocrx_word' id='word_1_288' title='bbox 191 1937 270 1992; x_wconf 86' lang='lat' dir='ltr'><strong><em>ita</em></strong></span> <span class='ocrx_word' id='word_1_289' title='bbox 316 1936 692 1997; x_wconf 85' lang='lat' dir='ltr'><strong><em>Tertullianus</em></strong></span> <span class='ocrx_word' id='word_1_290' title='bbox 736 1935 1002 2010; x_wconf 39' lang='lat' dir='ltr'><strong><em>pag..455</em></strong></span> <span class='ocrx_word' id='word_1_291' title='bbox 1027 1978 1042 2005; x_wconf 95' lang='lat'><strong><em>,</em></strong></span> <span class='ocrx_word' id='word_1_292' title='bbox 1088 1937 1327 2004; x_wconf 87' lang='lat' dir='ltr'><strong><em>Veron.,</em></strong></span> <span class='ocrx_word' id='word_1_293' title='bbox 1374 1947 1421 1992; x_wconf 90' lang='lat' dir='ltr'><strong><em>et</em></strong></span> <span class='ocrx_word' id='word_1_294' title='bbox 1460 1949 1573 2010; x_wconf 85' lang='lat' dir='ltr'><strong><em>post</em></strong></span> <span class='ocrx_word' id='word_1_295' title='bbox 1599 1938 1707 1995; x_wconf 84' lang='lat' dir='ltr'><strong><em>dies</em></strong></span> <span class='ocrx_word' id='word_1_296' title='bbox 1816 1938 1993 1995; x_wconf 91' lang='lat' dir='ltr'><strong><em>Locus</em></strong></span> <span class='ocrx_word' id='word_1_297' title='bbox 2022 1941 2109 1996; x_wconf 90' lang='lat' dir='ltr'><strong><em>hic</em></strong></span> <span class='ocrx_word' id='word_1_298' title='bbox 2139 1957 2453 2013; x_wconf 85' lang='lat' dir='ltr'><strong><em>magnarum</em></strong></span> <span class='ocrx_word' id='word_1_299' title='bbox 2490 1944 2842 2014; x_wconf 83' lang='lat' dir='ltr'><strong><em>litiumscges</em></strong></span> <span class='ocrx_word' id='word_1_300' title='bbox 2874 1943 2970 1999; x_wconf 80' lang='lat' dir='ltr'><strong><em>fuit</em></strong></span> <span class='ocrx_word' id='word_1_301' title='bbox 2996 1944 3303 2000; x_wconf 86' lang='lat' dir='ltr'><strong><em>Catholicos</em></strong></span> <span class='ocrx_word' id='word_1_302' title='bbox 3328 1946 3412 2000; x_wconf 89' lang='lat' dir='ltr'><strong><em>in-</em></strong></span> 
     </span>
    </p>
   </div>
   <div class='ocr_carea' id='block_1_20' title="bbox 93 2030 3409 2105">
    <p class='ocr_par' dir='ltr' id='par_1_20' title="bbox 93 2030 3409 2105">
     <span class='ocr_line' id='line_1_20' title="bbox 93 2030 3409 2105; baseline 0.003 -22"><span class='ocrx_word' id='word_1_303' title='bbox 93 2038 225 2085; x_wconf 85' lang='lat' dir='ltr'><strong><em>tres.</em></strong></span> <span class='ocrx_word' id='word_1_304' title='bbox 1810 2038 1896 2085; x_wconf 90' lang='lat' dir='ltr'><strong><em>ter</em></strong></span> <span class='ocrx_word' id='word_1_305' title='bbox 1926 2041 1980 2086; x_wconf 90' lang='lat' dir='ltr'><strong><em>et</em></strong></span> <span class='ocrx_word' id='word_1_306' title='bbox 2020 2030 2285 2097; x_wconf 85' lang='lat' dir='ltr'><strong><em>Ariauos;</em></strong></span> <span class='ocrx_word' id='word_1_307' title='bbox 2319 2049 2440 2089; x_wconf 91' lang='lat' dir='ltr'><strong><em>cum</em></strong></span> <span class='ocrx_word' id='word_1_308' title='bbox 2468 2034 2605 2091; x_wconf 83' lang='lat' dir='ltr'><strong><em>hiex</em></strong></span> <span class='ocrx_word' id='word_1_309' title='bbox 2631 2050 2697 2091; x_wconf 90' lang='lat' dir='ltr'><strong><em>eo</em></strong></span> <span class='ocrx_word' id='word_1_310' title='bbox 2717 2035 2853 2090; x_wconf 82' lang='lat' dir='ltr'><strong><em>falso</em></strong></span> <span class='ocrx_word' id='word_1_311' title='bbox 2867 2035 3208 2105; x_wconf 87' lang='lat' dir='ltr'><strong><em>colligerent,</em></strong></span> <span class='ocrx_word' id='word_1_312' title='bbox 3240 2037 3409 2093; x_wconf 89' lang='lat' dir='ltr'><strong><em>Deum</em></strong></span> 
     </span>
    </p>
   </div>
   <div class='ocr_carea' id='block_1_21' title="bbox 161 2123 3409 2198">
    <p class='ocr_par' dir='ltr' id='par_1_21' title="bbox 161 2123 3409 2198">
     <span class='ocr_line' id='line_1_21' title="bbox 161 2123 3409 2198; baseline 0.002 -23"><span class='ocrx_word' id='word_1_313' title='bbox 161 2124 335 2181; x_wconf 64' lang='lat' dir='ltr'><strong><em>hlaro.</em></strong></span> <span class='ocrx_word' id='word_1_314' title='bbox 368 2140 490 2196; x_wconf 79' lang='lat' dir='ltr'><strong><em>cap.</em></strong></span> <span class='ocrx_word' id='word_1_315' title='bbox 523 2142 639 2191; x_wconf 71' lang='lat' dir='ltr'><strong><em>vui,</em></strong></span> <span class='ocrx_word' id='word_1_316' title='bbox 671 2124 761 2182; x_wconf 78' lang='lat'><strong><em>58.</em></strong></span> <span class='ocrx_word' id='word_1_317' title='bbox 786 2124 1328 2191; x_wconf 79' lang='lat' dir='ltr'><strong><em>Vercellen.,Veron.</em></strong></span> <span class='ocrx_word' id='word_1_318' title='bbox 1354 2135 1406 2182; x_wconf 84' lang='lat' dir='ltr'><strong><em>et</em></strong></span> <span class='ocrx_word' id='word_1_319' title='bbox 1427 2125 1700 2194; x_wconf 77' lang='lat' dir='ltr'><strong><em>Brixian.,</em></strong></span> <span class='ocrx_word' id='word_1_320' title='bbox 1806 2136 1913 2176; x_wconf 88' lang='lat' dir='ltr'><strong><em>non</em></strong></span> <span class='ocrx_word' id='word_1_321' title='bbox 1941 2137 2062 2178; x_wconf 80' lang='lat' dir='ltr'><strong><em>esse</em></strong></span> <span class='ocrx_word' id='word_1_322' title='bbox 2088 2123 2296 2191; x_wconf 80' lang='lat' dir='ltr'><strong><em>Iesum,</em></strong></span> <span class='ocrx_word' id='word_1_323' title='bbox 2330 2140 2450 2180; x_wconf 87' lang='lat' dir='ltr'><strong><em>cum</em></strong></span> <span class='ocrx_word' id='word_1_324' title='bbox 2484 2126 2683 2198; x_wconf 83' lang='lat' dir='ltr'><strong><em>aliquid</em></strong></span> <span class='ocrx_word' id='word_1_325' title='bbox 2713 2135 2879 2194; x_wconf 85' lang='lat' dir='ltr'><strong><em>esset,</em></strong></span> <span class='ocrx_word' id='word_1_326' title='bbox 2913 2127 3055 2196; x_wconf 78' lang='lat' dir='ltr'><strong><em>quod</em></strong></span> <span class='ocrx_word' id='word_1_327' title='bbox 3088 2128 3235 2183; x_wconf 89' lang='lat' dir='ltr'><strong><em>illius</em></strong></span> <span class='ocrx_word' id='word_1_328' title='bbox 3265 2129 3409 2185; x_wconf 86' lang='lat' dir='ltr'><strong><em>nuti-</em></strong></span> 
     </span>
    </p>
   </div>
   <div class='ocr_carea' id='block_1_22' title="bbox 88 2211 3409 2289">
    <p class='ocr_par' dir='ltr' id='par_1_22' title="bbox 88 2211 3409 2289">
     <span class='ocr_line' id='line_1_22' title="bbox 88 2211 3409 2289; baseline 0.004 -25"><span class='ocrx_word' id='word_1_329' title='bbox 88 2218 371 2289; x_wconf 70' lang='grc' dir='ltr'><strong><em>ιοηίακάει</em></strong></span> <span class='ocrx_word' id='word_1_330' title='bbox 413 2235 574 2286; x_wconf 59' lang='grc' dir='ltr'>θείως</span> <span class='ocrx_word' id='word_1_331' title='bbox 634 2230 689 2276; x_wconf 77' lang='grc' dir='ltr'><strong>ει</strong></span> <span class='ocrx_word' id='word_1_332' title='bbox 730 2220 805 2275; x_wconf 70' lang='lat' dir='ltr'><strong><em>ita</em></strong></span> <span class='ocrx_word' id='word_1_333' title='bbox 887 2218 946 2275; x_wconf 81' lang='lat' dir='ltr'><strong><em>s.</em></strong></span> <span class='ocrx_word' id='word_1_334' title='bbox 1000 2219 1322 2277; x_wconf 72' lang='lat' dir='ltr'><strong><em>Ambrosius</em></strong></span> <span class='ocrx_word' id='word_1_335' title='bbox 1370 2219 1422 2274; x_wconf 79' lang='lat' dir='ltr'><strong><em>in</em></strong></span> <span class='ocrx_word' id='word_1_336' title='bbox 1487 2218 1583 2275; x_wconf 79' lang='lat' dir='ltr'><strong><em>lib.</em></strong></span> <span class='ocrx_word' id='word_1_337' title='bbox 1644 2235 1701 2276; x_wconf 80' lang='grc' dir='ltr'><strong><em>ιιι</em></strong></span> <span class='ocrx_word' id='word_1_338' title='bbox 1804 2211 1932 2267; x_wconf 88' lang='lat' dir='ltr'><strong><em>tiam</em></strong></span> <span class='ocrx_word' id='word_1_339' title='bbox 1963 2212 2197 2284; x_wconf 77' lang='lat' dir='ltr'><strong><em>fugeret.</em></strong></span> <span class='ocrx_word' id='word_1_340' title='bbox 2232 2215 2365 2271; x_wconf 91' lang='lat' dir='ltr'><strong><em>lluic</em></strong></span> <span class='ocrx_word' id='word_1_341' title='bbox 2389 2216 2679 2288; x_wconf 86' lang='lat' dir='ltr'><strong><em>objectioni</em></strong></span> <span class='ocrx_word' id='word_1_342' title='bbox 2712 2217 3409 2276; x_wconf 73' lang='lat' dir='ltr'><strong><em>occurrensSAmbrosius</em></strong></span> 
     </span>
    </p>
   </div>
   <div class='ocr_carea' id='block_1_23' title="bbox 89 2292 3408 2384">
    <p class='ocr_par' dir='ltr' id='par_1_23' title="bbox 89 2292 3408 2384">
     <span class='ocr_line' id='line_1_23' title="bbox 89 2292 3408 2384; baseline 0.001 -19"><span class='ocrx_word' id='word_1_343' title='bbox 89 2309 156 2368; x_wconf 85' lang='lat' dir='ltr'><strong><em>de</em></strong></span> <span class='ocrx_word' id='word_1_344' title='bbox 185 2292 343 2378; x_wconf 79' lang='lat' dir='ltr'><strong><em>Fide,</em></strong></span> <span class='ocrx_word' id='word_1_345' title='bbox 368 2326 491 2383; x_wconf 86' lang='lat' dir='ltr'><strong><em>cap.</em></strong></span> <span class='ocrx_word' id='word_1_346' title='bbox 528 2311 618 2383; x_wconf 62' lang='lat'><strong><em>1&#39;5,</em></strong></span> <span class='ocrx_word' id='word_1_347' title='bbox 651 2320 782 2367; x_wconf 91' lang='lat' dir='ltr'><strong><em>tom.</em></strong></span> <span class='ocrx_word' id='word_1_348' title='bbox 814 2327 873 2380; x_wconf 86' lang='grc' dir='ltr'><strong><em>ιι,</em></strong></span> <span class='ocrx_word' id='word_1_349' title='bbox 904 2326 1023 2383; x_wconf 88' lang='lat' dir='ltr'><strong><em>pag.</em></strong></span> <span class='ocrx_word' id='word_1_350' title='bbox 1055 2310 1183 2376; x_wconf 78' lang='lat'><strong><em>516,</em></strong></span> <span class='ocrx_word' id='word_1_351' title='bbox 1208 2320 1262 2365; x_wconf 88' lang='lat' dir='ltr'><strong><em>et</em></strong></span> <span class='ocrx_word' id='word_1_352' title='bbox 1289 2309 1345 2367; x_wconf 90' lang='lat' dir='ltr'><strong><em>S.</em></strong></span> <span class='ocrx_word' id='word_1_353' title='bbox 1368 2310 1702 2384; x_wconf 79' lang='lat' dir='ltr'><strong><em>Augustinus</em></strong></span> <span class='ocrx_word' id='word_1_354' title='bbox 1804 2303 1900 2358; x_wconf 90' lang='lat' dir='ltr'><strong><em>lib.</em></strong></span> <span class='ocrx_word' id='word_1_355' title='bbox 1948 2320 1978 2358; x_wconf 75' lang='grc' dir='ltr'><strong>ν</strong></span> <span class='ocrx_word' id='word_1_356' title='bbox 2027 2306 2093 2361; x_wconf 91' lang='lat' dir='ltr'><strong><em>de</em></strong></span> <span class='ocrx_word' id='word_1_357' title='bbox 2138 2305 2292 2373; x_wconf 80' lang='lat' dir='ltr'><strong><em>Fide,</em></strong></span> <span class='ocrx_word' id='word_1_358' title='bbox 2326 2323 2444 2378; x_wconf 90' lang='lat' dir='ltr'><strong><em>cap.</em></strong></span> <span class='ocrx_word' id='word_1_359' title='bbox 2476 2309 2507 2364; x_wconf 92' lang='lat'>8</span> <span class='ocrx_word' id='word_1_360' title='bbox 2538 2351 2551 2374; x_wconf 94' lang='lat'><strong><em>,</em></strong></span> <span class='ocrx_word' id='word_1_361' title='bbox 2583 2310 2690 2363; x_wconf 87' lang='lat' dir='ltr'><strong><em>ait:</em></strong></span> <span class='ocrx_word' id='word_1_362' title='bbox 2756 2309 2961 2364; x_wconf 81' lang='lat' dir='ltr'><strong><em>Veteres</em></strong></span> <span class='ocrx_word' id='word_1_363' title='bbox 3007 2307 3176 2365; x_wconf 75' lang='lat' dir='ltr'><strong><em>erci</em></strong></span> <span class='ocrx_word' id='word_1_364' title='bbox 3204 2313 3408 2368; x_wconf 80' lang='lat' dir='ltr'><strong><em>codices</em></strong></span> 
     </span>
    </p>
   </div>
   <div class='ocr_carea' id='block_1_24' title="bbox 88 2394 3406 2478">
    <p class='ocr_par' dir='ltr' id='par_1_24' title="bbox 88 2394 3406 2478">
     <span class='ocr_line' id='line_1_24' title="bbox 88 2394 3406 2478; baseline -0.001 -17"><span class='ocrx_word' id='word_1_365' title='bbox 88 2402 142 2458; x_wconf 76' lang='lat' dir='ltr'><strong><em>in</em></strong></span> <span class='ocrx_word' id='word_1_366' title='bbox 170 2402 410 2475; x_wconf 85' lang='lat' dir='ltr'><strong><em>Speculo</em></strong></span> <span class='ocrx_word' id='word_1_367' title='bbox 429 2403 500 2460; x_wconf 87' lang='lat' dir='ltr'><strong><em>de</em></strong></span> <span class='ocrx_word' id='word_1_368' title='bbox 521 2405 837 2478; x_wconf 76' lang='lat' dir='ltr'><strong><em>Evangelia,</em></strong></span> <span class='ocrx_word' id='word_1_369' title='bbox 868 2403 1164 2462; x_wconf 83' lang='lat' dir='ltr'><strong><em>secundum</em></strong></span> <span class='ocrx_word' id='word_1_370' title='bbox 1190 2404 1451 2473; x_wconf 80' lang='lat' dir='ltr'><strong><em>Marcum,</em></strong></span> <span class='ocrx_word' id='word_1_371' title='bbox 1473 2415 1601 2461; x_wconf 91' lang='lat' dir='ltr'><strong><em>tom.</em></strong></span> <span class='ocrx_word' id='word_1_372' title='bbox 1619 2422 1696 2473; x_wconf 88' lang='grc' dir='ltr'><strong>ιιι,</strong></span> <span class='ocrx_word' id='word_1_373' title='bbox 1809 2394 2020 2467; x_wconf 84' lang='lat' dir='ltr'><strong><em>(Marci)</em></strong></span> <span class='ocrx_word' id='word_1_374' title='bbox 2038 2414 2140 2451; x_wconf 92' lang='lat' dir='ltr'><strong><em>non</em></strong></span> <span class='ocrx_word' id='word_1_375' title='bbox 2163 2399 2349 2453; x_wconf 81' lang='lat' dir='ltr'><strong><em>habent</em></strong></span> <span class='ocrx_word' id='word_1_376' title='bbox 2371 2415 2389 2453; x_wconf 83' lang='lat'><strong>.&#39;</strong></span> <span class='ocrx_word' id='word_1_377' title='bbox 2411 2418 2431 2451; x_wconf 84' lang='grc'><em>‹</em></span> <span class='ocrx_word' id='word_1_378' title='bbox 2474 2399 2627 2468; x_wconf 84' lang='lat' dir='ltr'><strong><em>Quod</em></strong></span> <span class='ocrx_word' id='word_1_379' title='bbox 2652 2417 2743 2455; x_wconf 90' lang='lat' dir='ltr'><strong><em>nec</em></strong></span> <span class='ocrx_word' id='word_1_380' title='bbox 2775 2400 2947 2455; x_wconf 85' lang='lat' dir='ltr'><strong><em>Filius</em></strong></span> <span class='ocrx_word' id='word_1_381' title='bbox 2972 2403 3101 2467; x_wconf 87' lang='lat' dir='ltr'><strong><em>scit;</em></strong></span> <span class='ocrx_word' id='word_1_382' title='bbox 3130 2421 3150 2455; x_wconf 86' lang='grc'><strong>›</strong></span> <span class='ocrx_word' id='word_1_383' title='bbox 3185 2403 3277 2457; x_wconf 90' lang='lat' dir='ltr'><strong><em>sed</em></strong></span> <span class='ocrx_word' id='word_1_384' title='bbox 3301 2420 3406 2459; x_wconf 89' lang='lat' dir='ltr'><strong><em>non</em></strong></span> 
     </span>
    </p>
   </div>
   <div class='ocr_carea' id='block_1_25' title="bbox 84 2489 3405 2574">
    <p class='ocr_par' dir='ltr' id='par_1_25' title="bbox 84 2489 3405 2574">
     <span class='ocr_line' id='line_1_25' title="bbox 84 2489 3405 2574; baseline 0.003 -37"><span class='ocrx_word' id='word_1_385' title='bbox 84 2510 239 2571; x_wconf 49' lang='lat' dir='ltr'><strong><em>pa&quot;.</em></strong></span> <span class='ocrx_word' id='word_1_386' title='bbox 272 2502 325 2570; x_wconf 56' lang='grc' dir='ltr'><strong>ί,</strong></span> <span class='ocrx_word' id='word_1_387' title='bbox 349 2516 473 2574; x_wconf 58' lang='grc' dir='ltr'><strong><em>με,</em></strong></span> <span class='ocrx_word' id='word_1_388' title='bbox 505 2500 635 2558; x_wconf 59' lang='grc'><strong><em>764,</em></strong></span> <span class='ocrx_word' id='word_1_389' title='bbox 1801 2489 1987 2542; x_wconf 89' lang='lat' dir='ltr'><strong><em>mirum</em></strong></span> <span class='ocrx_word' id='word_1_390' title='bbox 2008 2499 2105 2555; x_wconf 85' lang='lat' dir='ltr'><strong><em>est,</em></strong></span> <span class='ocrx_word' id='word_1_391' title='bbox 2147 2491 2193 2544; x_wconf 75' lang='lat' dir='ltr'><strong><em>si</em></strong></span> <span class='ocrx_word' id='word_1_392' title='bbox 2222 2501 2269 2544; x_wconf 86' lang='lat' dir='ltr'><strong><em>et</em></strong></span> <span class='ocrx_word' id='word_1_393' title='bbox 2300 2492 2397 2545; x_wconf 82' lang='lat' dir='ltr'><strong><em>hoc</em></strong></span> <span class='ocrx_word' id='word_1_394' title='bbox 2418 2492 2709 2561; x_wconf 80' lang='lat' dir='ltr'><strong><em>falsarunt,</em></strong></span> <span class='ocrx_word' id='word_1_395' title='bbox 2736 2492 2824 2562; x_wconf 89' lang='lat' dir='ltr'><strong><em>qui</em></strong></span> <span class='ocrx_word' id='word_1_396' title='bbox 2855 2492 3158 2563; x_wconf 86' lang='lat' dir='ltr'><strong><em>Scripturas</em></strong></span> <span class='ocrx_word' id='word_1_397' title='bbox 3178 2494 3405 2565; x_wconf 86' lang='lat' dir='ltr'><strong><em>interpo-</em></strong></span> 
     </span>
    </p>
   </div>
   <div class='ocr_carea' id='block_1_26' title="bbox 156 2579 3405 2665">
    <p class='ocr_par' dir='ltr' id='par_1_26' title="bbox 156 2579 3405 2665">
     <span class='ocr_line' id='line_1_26' title="bbox 156 2579 3405 2665; baseline 0.003 -35"><span class='ocrx_word' id='word_1_398' title='bbox 156 2592 328 2647; x_wconf 57' lang='lat' dir='ltr'><strong><em>nam.</em></strong></span> <span class='ocrx_word' id='word_1_399' title='bbox 356 2608 480 2665; x_wconf 55' lang='grc' dir='ltr'><strong><em>αρ’</em></strong></span> <span class='ocrx_word' id='word_1_400' title='bbox 508 2609 604 2651; x_wconf 60' lang='lat' dir='ltr'><strong><em>XIV</em></strong></span> <span class='ocrx_word' id='word_1_401' title='bbox 624 2635 641 2663; x_wconf 60' lang='lat'><strong>’</strong></span> <span class='ocrx_word' id='word_1_402' title='bbox 671 2591 765 2648; x_wconf 62' lang='lat'><strong><em>56.</em></strong></span> <span class='ocrx_word' id='word_1_403' title='bbox 806 2592 1134 2659; x_wconf 37' lang='lat' dir='ltr'><strong><em>Vel-cenet.”</em></strong></span> <span class='ocrx_word' id='word_1_404' title='bbox 1162 2609 1266 2648; x_wconf 82' lang='grc' dir='ltr'><strong><em>ηοη</em></strong></span> <span class='ocrx_word' id='word_1_405' title='bbox 1309 2601 1455 2648; x_wconf 67' lang='lat' dir='ltr'><strong><em>erant</em></strong></span> <span class='ocrx_word' id='word_1_406' title='bbox 1479 2592 1699 2662; x_wconf 68' lang='grc' dir='ltr'><strong><em>ωηιιαιία</em></strong></span> <span class='ocrx_word' id='word_1_407' title='bbox 1801 2579 1965 2634; x_wconf 83' lang='lat' dir='ltr'><strong><em>lavere</em></strong></span> <span class='ocrx_word' id='word_1_408' title='bbox 1980 2582 2197 2637; x_wconf 83' lang='lat' dir='ltr'><strong><em>divinas.</em></strong></span> <span class='ocrx_word' id='word_1_409' title='bbox 2230 2582 2497 2637; x_wconf 66' lang='lat' dir='ltr'><strong><em>Caeterum</em></strong></span> <span class='ocrx_word' id='word_1_410' title='bbox 2530 2582 2751 2639; x_wconf 73' lang='lat' dir='ltr'><strong><em>COlliceS</em></strong></span> <span class='ocrx_word' id='word_1_411' title='bbox 2780 2598 2970 2640; x_wconf 85' lang='lat' dir='ltr'><strong><em>omnes</em></strong></span> <span class='ocrx_word' id='word_1_412' title='bbox 2998 2583 3171 2640; x_wconf 62' lang='lat' dir='ltr'><strong><em>GTRI‘Ci</em></strong></span> <span class='ocrx_word' id='word_1_413' title='bbox 3226 2594 3281 2640; x_wconf 69' lang='lat' dir='ltr'><strong><em>Cl.</em></strong></span> <span class='ocrx_word' id='word_1_414' title='bbox 3308 2585 3405 2641; x_wconf 87' lang='lat' dir='ltr'><strong><em>La-</em></strong></span> 
     </span>
    </p>
   </div>
   <div class='ocr_carea' id='block_1_27' title="bbox 81 2670 1641 2766">
    <p class='ocr_par' dir='ltr' id='par_1_27' title="bbox 81 2685 1641 2766">
     <span class='ocr_line' id='line_1_27' title="bbox 81 2685 1641 2766; baseline 0.004 -28"><span class='ocrx_word' id='word_1_415' title='bbox 81 2685 379 2743; x_wconf 76' lang='lat' dir='ltr'><strong><em>testimonia</em></strong></span> <span class='ocrx_word' id='word_1_416' title='bbox 405 2703 606 2742; x_wconf 85' lang='lat' dir='ltr'><strong><em>eorum.</em></strong></span> <span class='ocrx_word' id='word_1_417' title='bbox 656 2686 899 2755; x_wconf 61' lang='lat' dir='ltr'><strong><em>Griecus,</em></strong></span> <span class='ocrx_word' id='word_1_418' title='bbox 933 2686 1166 2744; x_wconf 70' lang='lat' dir='ltr'><strong><em>Italiam.</em></strong></span> <span class='ocrx_word' id='word_1_419' title='bbox 1193 2687 1247 2745; x_wconf 73' lang='grc' dir='ltr'>αἱ</span> <span class='ocrx_word' id='word_1_420' title='bbox 1281 2690 1568 2766; x_wconf 76' lang='grc' dir='ltr'><strong><em>μαρτυρίαι</em></strong></span> <span class='ocrx_word' id='word_1_421' title='bbox 1605 2710 1641 2744; x_wconf 53' lang='lat' dir='ltr'><strong><em>oi</em></strong></span> 
     </span>
    </p>
   </div>
   <div class='ocr_carea' id='block_1_28' title="bbox 1831 2670 3391 2766">
    <p class='ocr_par' dir='ltr' id='par_1_28' title="bbox 1831 2670 3391 2747">
     <span class='ocr_line' id='line_1_28' title="bbox 1831 2670 3391 2747; baseline 0.004 -20"><span class='ocrx_word' id='word_1_422' title='bbox 1831 2670 1901 2727; x_wconf 92' lang='lat' dir='ltr'><strong><em>ini</em></strong></span> <span class='ocrx_word' id='word_1_423' title='bbox 1926 2714 1940 2738; x_wconf 95' lang='lat'><strong><em>,</em></strong></span> <span class='ocrx_word' id='word_1_424' title='bbox 1974 2675 2063 2743; x_wconf 91' lang='lat' dir='ltr'><strong><em>qui</em></strong></span> <span class='ocrx_word' id='word_1_425' title='bbox 2095 2683 2274 2729; x_wconf 91' lang='lat' dir='ltr'><strong><em>nostra</em></strong></span> <span class='ocrx_word' id='word_1_426' title='bbox 2307 2683 2465 2731; x_wconf 59' lang='lat' dir='ltr'><strong><em>astate</em></strong></span> <span class='ocrx_word' id='word_1_427' title='bbox 2503 2686 2832 2747; x_wconf 88' lang='lat' dir='ltr'><strong><em>supersunt,</em></strong></span> <span class='ocrx_word' id='word_1_428' title='bbox 2876 2693 3035 2732; x_wconf 84' lang='lat' dir='ltr'><strong><em>manu</em></strong></span> <span class='ocrx_word' id='word_1_429' title='bbox 3085 2679 3291 2734; x_wconf 77' lang='lat' dir='ltr'><strong><em>exarati</em></strong></span> <span class='ocrx_word' id='word_1_430' title='bbox 3337 2690 3391 2734; x_wconf 93' lang='lat' dir='ltr'><strong><em>ct</em></strong></span> 
     </span>
    </p>
   </div>
   <div class='ocr_carea' id='block_1_29' title="bbox 81 2765 1641 2850">
    <p class='ocr_par' dir='ltr' id='par_1_29' title="bbox 81 2765 1641 2850">
     <span class='ocr_line' id='line_1_29' title="bbox 81 2765 1641 2850; baseline 0.002 -17"><span class='ocrx_word' id='word_1_431' title='bbox 81 2774 247 2844; x_wconf 64' lang='grc' dir='ltr'><strong>ἦσαν,</strong></span> <span class='ocrx_word' id='word_1_432' title='bbox 276 2778 369 2850; x_wconf 87' lang='lat' dir='ltr'><strong><em>qui</em></strong></span> <span class='ocrx_word' id='word_1_433' title='bbox 399 2777 469 2834; x_wconf 88' lang='lat' dir='ltr'><strong><em>ad</em></strong></span> <span class='ocrx_word' id='word_1_434' title='bbox 499 2779 725 2836; x_wconf 77' lang='lat' dir='ltr'><strong><em>verbum</em></strong></span> <span class='ocrx_word' id='word_1_435' title='bbox 754 2788 933 2847; x_wconf 88' lang='lat' dir='ltr'><strong><em>sonat,</em></strong></span> <span class='ocrx_word' id='word_1_436' title='bbox 957 2789 1004 2835; x_wconf 90' lang='lat' dir='ltr'><strong><em>et</em></strong></span> <span class='ocrx_word' id='word_1_437' title='bbox 1023 2778 1247 2847; x_wconf 79' lang='lat' dir='ltr'><strong><em>wqualia</em></strong></span> <span class='ocrx_word' id='word_1_438' title='bbox 1276 2765 1565 2836; x_wconf 86' lang='lat' dir='ltr'><strong><em>testimonia</em></strong></span> <span class='ocrx_word' id='word_1_439' title='bbox 1593 2798 1641 2836; x_wconf 78' lang='grc' dir='ltr'><strong><em>ιιι</em></strong></span> 
     </span>
    </p>
   </div>
   <div class='ocr_carea' id='block_1_30' title="bbox 1833 2765 3393 2850">
    <p class='ocr_par' dir='ltr' id='par_1_30' title="bbox 1833 2765 3393 2842">
     <span class='ocr_line' id='line_1_30' title="bbox 1833 2765 3393 2842; baseline 0.004 -24"><span class='ocrx_word' id='word_1_440' title='bbox 1833 2765 1941 2835; x_wconf 76' lang='lat' dir='ltr'><strong><em>ypis</em></strong></span> <span class='ocrx_word' id='word_1_441' title='bbox 1969 2766 2124 2833; x_wconf 85' lang='lat' dir='ltr'><strong><em>editi,</em></strong></span> <span class='ocrx_word' id='word_1_442' title='bbox 2155 2781 2265 2821; x_wconf 91' lang='lat' dir='ltr'><strong><em>uno</em></strong></span> <span class='ocrx_word' id='word_1_443' title='bbox 2291 2782 2562 2823; x_wconf 85' lang='lat' dir='ltr'><strong><em>consensu</em></strong></span> <span class='ocrx_word' id='word_1_444' title='bbox 2590 2768 2705 2824; x_wconf 58' lang='lat' dir='ltr'><strong><em>haec</em></strong></span> <span class='ocrx_word' id='word_1_445' title='bbox 2730 2768 2870 2840; x_wconf 87' lang='lat' dir='ltr'><strong><em>apud</em></strong></span> <span class='ocrx_word' id='word_1_446' title='bbox 2902 2770 3141 2825; x_wconf 85' lang='lat' dir='ltr'><strong><em>Marcum</em></strong></span> <span class='ocrx_word' id='word_1_447' title='bbox 3180 2771 3393 2842; x_wconf 79' lang='lat' dir='ltr'><strong><em>legunt,</em></strong></span> 
     </span>
    </p>
   </div>
   <div class='ocr_carea' id='block_1_31' title="bbox 80 2860 3398 2934">
    <p class='ocr_par' dir='ltr' id='par_1_31' title="bbox 80 2860 3398 2934">
     <span class='ocr_line' id='line_1_31' title="bbox 80 2860 3398 2934; baseline 0.003 -25"><span class='ocrx_word' id='word_1_448' title='bbox 80 2879 259 2923; x_wconf 70' lang='grc' dir='ltr'><strong>εωηι,</strong></span> <span class='ocrx_word' id='word_1_449' title='bbox 1797 2866 1852 2914; x_wconf 90' lang='lat' dir='ltr'><strong><em>ct</em></strong></span> <span class='ocrx_word' id='word_1_450' title='bbox 1880 2861 2031 2915; x_wconf 88' lang='lat' dir='ltr'><strong><em>multi</em></strong></span> <span class='ocrx_word' id='word_1_451' title='bbox 2062 2860 2224 2915; x_wconf 85' lang='lat' dir='ltr'><strong><em>etiam</em></strong></span> <span class='ocrx_word' id='word_1_452' title='bbox 2251 2860 2391 2934; x_wconf 88' lang='lat' dir='ltr'><strong><em>apud</em></strong></span> <span class='ocrx_word' id='word_1_453' title='bbox 2416 2863 2751 2918; x_wconf 70' lang='lat' dir='ltr'><strong><em>Matthazum.</em></strong></span> <span class='ocrx_word' id='word_1_454' title='bbox 2795 2863 3109 2934; x_wconf 85' lang='lat' dir='ltr'><strong><em>Agnoscunt</em></strong></span> <span class='ocrx_word' id='word_1_455' title='bbox 3138 2873 3398 2934; x_wconf 66' lang='lat' dir='ltr'><strong><em>praetcrea</em></strong></span> 
     </span>
    </p>
   </div>
   <div class='ocr_carea' id='block_1_32' title="bbox 148 2953 1708 3038">
    <p class='ocr_par' dir='ltr' id='par_1_32' title="bbox 148 2960 1688 3038">
     <span class='ocr_line' id='line_1_32' title="bbox 148 2960 1688 3038; baseline 0.003 -21"><span class='ocrx_word' id='word_1_456' title='bbox 148 2960 290 3017; x_wconf 87' lang='lat' dir='ltr'><strong><em>Luc.</em></strong></span> <span class='ocrx_word' id='word_1_457' title='bbox 323 2977 443 3035; x_wconf 86' lang='lat' dir='ltr'><strong><em>cap.</em></strong></span> <span class='ocrx_word' id='word_1_458' title='bbox 478 2979 539 3029; x_wconf 84' lang='grc' dir='ltr'><strong><em>ιι,</em></strong></span> <span class='ocrx_word' id='word_1_459' title='bbox 564 2963 658 3019; x_wconf 72' lang='lat'><strong><em>22.</em></strong></span> <span class='ocrx_word' id='word_1_460' title='bbox 691 2962 1019 3034; x_wconf 84' lang='lat' dir='ltr'><strong><em>Vercellen.,</em></strong></span> <span class='ocrx_word' id='word_1_461' title='bbox 1055 2974 1244 3020; x_wconf 82' lang='lat' dir='ltr'><strong><em>etcum</em></strong></span> <span class='ocrx_word' id='word_1_462' title='bbox 1272 2965 1461 3038; x_wconf 72' lang='lat' dir='ltr'><strong><em>expleti</em></strong></span> <span class='ocrx_word' id='word_1_463' title='bbox 1504 2976 1688 3022; x_wconf 83' lang='lat' dir='ltr'><strong><em>essent.</em></strong></span> 
     </span>
    </p>
   </div>
   <div class='ocr_carea' id='block_1_33' title="bbox 904 2953 2464 3038">
    <p class='ocr_par' dir='ltr' id='par_1_33' title="bbox 909 2953 2464 3038">
     <span class='ocr_line' id='line_1_33' title="bbox 909 2953 2464 3038; baseline 0.003 -19"><span class='ocrx_word' id='word_1_464' title='bbox 909 2980 1019 3034; x_wconf 83' lang='lat' dir='ltr'><strong><em>en.,</em></strong></span> <span class='ocrx_word' id='word_1_465' title='bbox 1055 2974 1244 3020; x_wconf 83' lang='lat' dir='ltr'><strong><em>etcum</em></strong></span> <span class='ocrx_word' id='word_1_466' title='bbox 1272 2965 1461 3038; x_wconf 72' lang='lat' dir='ltr'><strong><em>expleti</em></strong></span> <span class='ocrx_word' id='word_1_467' title='bbox 1504 2976 1688 3022; x_wconf 83' lang='lat' dir='ltr'><strong><em>essent.</em></strong></span> <span class='ocrx_word' id='word_1_468' title='bbox 1795 2953 1976 3007; x_wconf 60' lang='lat' dir='ltr'><strong><em>“meri</em></strong></span> <span class='ocrx_word' id='word_1_469' title='bbox 2009 2953 2220 3009; x_wconf 62' lang='grc' dir='ltr'><strong><em>Ρίητεε·</em></strong></span> <span class='ocrx_word' id='word_1_470' title='bbox 2458 3006 2464 3009; x_wconf 56' lang='grc' dir='ltr'>η</span> 
     </span>
    </p>
   </div>
   <div class='ocr_carea' id='block_1_34' title="bbox 82 3044 1642 3128">
    <p class='ocr_par' dir='ltr' id='par_1_34' title="bbox 82 3051 1642 3127">
     <span class='ocr_line' id='line_1_34' title="bbox 82 3051 1642 3127; baseline 0.003 -18"><span class='ocrx_word' id='word_1_471' title='bbox 82 3051 143 3109; x_wconf 87' lang='lat' dir='ltr'><strong>S.</strong></span> <span class='ocrx_word' id='word_1_472' title='bbox 171 3052 413 3111; x_wconf 61' lang='lat' dir='ltr'><strong><em>ltenwus</em></strong></span> <span class='ocrx_word' id='word_1_473' title='bbox 455 3055 511 3111; x_wconf 89' lang='lat' dir='ltr'><strong><em>in</em></strong></span> <span class='ocrx_word' id='word_1_474' title='bbox 543 3057 640 3112; x_wconf 91' lang='lat' dir='ltr'><strong><em>lib.</em></strong></span> <span class='ocrx_word' id='word_1_475' title='bbox 698 3072 773 3111; x_wconf 80' lang='lat' dir='ltr'><strong><em>vn</em></strong></span> <span class='ocrx_word' id='word_1_476' title='bbox 820 3064 1009 3113; x_wconf 88' lang='lat' dir='ltr'><strong><em>contra</em></strong></span> <span class='ocrx_word' id='word_1_477' title='bbox 1038 3056 1285 3121; x_wconf 69' lang='lat' dir='ltr'><strong><em>llmreses</em></strong></span> <span class='ocrx_word' id='word_1_478' title='bbox 1316 3067 1447 3113; x_wconf 91' lang='lat' dir='ltr'><strong><em>tom.</em></strong></span> <span class='ocrx_word' id='word_1_479' title='bbox 1479 3074 1534 3122; x_wconf 86' lang='grc' dir='ltr'><strong><em>ι,</em></strong></span> <span class='ocrx_word' id='word_1_480' title='bbox 1566 3072 1642 3127; x_wconf 60' lang='lat' dir='ltr'><strong><em>pa;</em></strong></span> 
     </span>
    </p>
   </div>
   <div class='ocr_carea' id='block_1_35' title="bbox 1835 3044 3395 3128">
    <p class='ocr_par' dir='ltr' id='par_1_35' title="bbox 1865 3044 3395 3119">
     <span class='ocr_line' id='line_1_35' title="bbox 1865 3044 3395 3119; baseline 0.003 -20"><span class='ocrx_word' id='word_1_481' title='bbox 1865 3044 2022 3100; x_wconf 86' lang='lat' dir='ltr'><strong><em>Ioan.</em></strong></span> <span class='ocrx_word' id='word_1_482' title='bbox 2056 3060 2171 3115; x_wconf 86' lang='lat' dir='ltr'><strong><em>cap.</em></strong></span> <span class='ocrx_word' id='word_1_483' title='bbox 2206 3063 2288 3112; x_wconf 87' lang='grc' dir='ltr'><strong>ιιι,</strong></span> <span class='ocrx_word' id='word_1_484' title='bbox 2321 3046 2375 3104; x_wconf 90' lang='lat'><strong>6.</strong></span> <span class='ocrx_word' id='word_1_485' title='bbox 2418 3045 2729 3103; x_wconf 87' lang='lat' dir='ltr'><strong><em>Vercellcu.</em></strong></span> <span class='ocrx_word' id='word_1_486' title='bbox 2761 3047 2949 3117; x_wconf 88' lang='lat' dir='ltr'><strong><em>addit,</em></strong></span> <span class='ocrx_word' id='word_1_487' title='bbox 2979 3049 3100 3119; x_wconf 83' lang='lat' dir='ltr'><strong><em>quia</em></strong></span> <span class='ocrx_word' id='word_1_488' title='bbox 3138 3050 3203 3103; x_wconf 91' lang='lat' dir='ltr'><strong><em>de</em></strong></span> <span class='ocrx_word' id='word_1_489' title='bbox 3240 3065 3395 3104; x_wconf 86' lang='lat' dir='ltr'><strong><em>carne</em></strong></span> 
     </span>
    </p>
   </div>
   <div class='ocr_carea' id='block_1_36' title="bbox 85 3137 1645 3219">
    <p class='ocr_par' dir='ltr' id='par_1_36' title="bbox 85 3144 1645 3219">
     <span class='ocr_line' id='line_1_36' title="bbox 85 3144 1645 3219; baseline 0.004 -21"><span class='ocrx_word' id='word_1_490' title='bbox 85 3144 231 3219; x_wconf 68' lang='lat'><strong><em>187,</em></strong></span> <span class='ocrx_word' id='word_1_491' title='bbox 260 3165 381 3202; x_wconf 79' lang='lat' dir='ltr'><strong><em>cum</em></strong></span> <span class='ocrx_word' id='word_1_492' title='bbox 406 3150 607 3217; x_wconf 88' lang='lat' dir='ltr'><strong><em>impleti</em></strong></span> <span class='ocrx_word' id='word_1_493' title='bbox 629 3159 814 3205; x_wconf 86' lang='lat' dir='ltr'><strong><em>essent.</em></strong></span> <span class='ocrx_word' id='word_1_494' title='bbox 857 3150 915 3207; x_wconf 90' lang='lat' dir='ltr'><strong><em>S.</em></strong></span> <span class='ocrx_word' id='word_1_495' title='bbox 950 3150 1270 3211; x_wconf 86' lang='lat' dir='ltr'><strong><em>Ambrosius</em></strong></span> <span class='ocrx_word' id='word_1_496' title='bbox 1295 3148 1348 3206; x_wconf 88' lang='lat' dir='ltr'><strong><em>in</em></strong></span> <span class='ocrx_word' id='word_1_497' title='bbox 1390 3151 1484 3206; x_wconf 91' lang='lat' dir='ltr'><strong><em>lib.</em></strong></span> <span class='ocrx_word' id='word_1_498' title='bbox 1544 3166 1580 3205; x_wconf 92' lang='grc' dir='ltr'><strong><em>ιι</em></strong></span> <span class='ocrx_word' id='word_1_499' title='bbox 1622 3151 1645 3205; x_wconf 82' lang='lat' dir='ltr'><strong><em>d</em></strong></span> 
     </span>
    </p>
   </div>
   <div class='ocr_carea' id='block_1_37' title="bbox 1836 3137 3396 3219">
    <p class='ocr_par' dir='ltr' id='par_1_37' title="bbox 1836 3137 3396 3206">
     <span class='ocr_line' id='line_1_37' title="bbox 1836 3137 3396 3206; baseline 0.003 -16"><span class='ocrx_word' id='word_1_500' title='bbox 1836 3146 1970 3190; x_wconf 89' lang='lat' dir='ltr'><strong><em>atum</em></strong></span> <span class='ocrx_word' id='word_1_501' title='bbox 1994 3145 2087 3191; x_wconf 87' lang='lat' dir='ltr'><strong><em>est.</em></strong></span> <span class='ocrx_word' id='word_1_502' title='bbox 2117 3137 2320 3194; x_wconf 88' lang='lat' dir='ltr'><strong><em>Veron.</em></strong></span> <span class='ocrx_word' id='word_1_503' title='bbox 2351 3138 2591 3206; x_wconf 86' lang='lat' dir='ltr'><strong><em>quoniam</em></strong></span> <span class='ocrx_word' id='word_1_504' title='bbox 2622 3138 2685 3192; x_wconf 91' lang='lat' dir='ltr'><strong><em>de</em></strong></span> <span class='ocrx_word' id='word_1_505' title='bbox 2712 3153 2867 3192; x_wconf 85' lang='lat' dir='ltr'><strong><em>carne</em></strong></span> <span class='ocrx_word' id='word_1_506' title='bbox 2906 3146 3081 3192; x_wconf 85' lang='lat' dir='ltr'><strong><em>natum</em></strong></span> <span class='ocrx_word' id='word_1_507' title='bbox 3118 3148 3211 3193; x_wconf 89' lang='lat' dir='ltr'><strong><em>est.</em></strong></span> <span class='ocrx_word' id='word_1_508' title='bbox 3264 3139 3396 3194; x_wconf 81' lang='lat' dir='ltr'><strong><em>Ter-</em></strong></span> 
     </span>
    </p>
   </div>
   <div class='ocr_carea' id='block_1_38' title="bbox 87 3227 3393 3317">
    <p class='ocr_par' dir='ltr' id='par_1_38' title="bbox 87 3227 3393 3317">
     <span class='ocr_line' id='line_1_38' title="bbox 87 3227 3393 3317; baseline 0.002 -37"><span class='ocrx_word' id='word_1_509' title='bbox 87 3236 360 3297; x_wconf 61' lang='grc' dir='ltr'><strong><em>Αιηιιιιηω</em></strong></span> <span class='ocrx_word' id='word_1_510' title='bbox 403 3252 543 3299; x_wconf 54' lang='lat' dir='ltr'><strong><em>tom.</em></strong></span> <span class='ocrx_word' id='word_1_511' title='bbox 587 3258 639 3311; x_wconf 52' lang='grc' dir='ltr'><strong>ι,</strong></span> <span class='ocrx_word' id='word_1_512' title='bbox 683 3258 805 3317; x_wconf 59' lang='grc' dir='ltr'><strong><em>ρος,</em></strong></span> <span class='ocrx_word' id='word_1_513' title='bbox 846 3242 953 3299; x_wconf 75' lang='lat'><strong><em>535</em></strong></span> <span class='ocrx_word' id='word_1_514' title='bbox 980 3285 998 3312; x_wconf 39' lang='lat'><strong><em>9</em></strong></span> <span class='ocrx_word' id='word_1_515' title='bbox 1039 3260 1154 3298; x_wconf 67' lang='lat' dir='ltr'><strong><em>cum</em></strong></span> <span class='ocrx_word' id='word_1_516' title='bbox 1200 3243 1310 3299; x_wconf 64' lang='lat' dir='ltr'><strong><em>die,</em></strong></span> <span class='ocrx_word' id='word_1_517' title='bbox 1347 3243 1688 3317; x_wconf 65' lang='lat' dir='ltr'><strong><em>quadragima</em></strong></span> <span class='ocrx_word' id='word_1_518' title='bbox 1794 3229 2051 3285; x_wconf 88' lang='lat' dir='ltr'><strong><em>tullianus</em></strong></span> <span class='ocrx_word' id='word_1_519' title='bbox 2077 3229 2127 3285; x_wconf 91' lang='lat' dir='ltr'><strong><em>in</em></strong></span> <span class='ocrx_word' id='word_1_520' title='bbox 2156 3230 2297 3285; x_wconf 91' lang='lat' dir='ltr'><strong><em>libro</em></strong></span> <span class='ocrx_word' id='word_1_521' title='bbox 2320 3228 2388 3286; x_wconf 90' lang='lat' dir='ltr'><strong><em>de</em></strong></span> <span class='ocrx_word' id='word_1_522' title='bbox 2416 3227 2591 3285; x_wconf 89' lang='lat' dir='ltr'><strong><em>Carne</em></strong></span> <span class='ocrx_word' id='word_1_523' title='bbox 2622 3229 2825 3285; x_wconf 88' lang='lat' dir='ltr'><strong><em>Christi</em></strong></span> <span class='ocrx_word' id='word_1_524' title='bbox 2858 3245 2978 3299; x_wconf 89' lang='lat' dir='ltr'><strong><em>cap.</em></strong></span> <span class='ocrx_word' id='word_1_525' title='bbox 3015 3231 3083 3287; x_wconf 78' lang='lat' dir='ltr'><strong><em>l8</em></strong></span> <span class='ocrx_word' id='word_1_526' title='bbox 3110 3273 3124 3298; x_wconf 94' lang='lat'><strong><em>,</em></strong></span> <span class='ocrx_word' id='word_1_527' title='bbox 3155 3231 3393 3288; x_wconf 71' lang='lat' dir='ltr'><strong><em>Ambro~</em></strong></span> 
     </span>
    </p>
   </div>
   <div class='ocr_carea' id='block_1_39' title="bbox 86 3323 3391 3401">
    <p class='ocr_par' dir='ltr' id='par_1_39' title="bbox 86 3323 3391 3401">
     <span class='ocr_line' id='line_1_39' title="bbox 86 3323 3391 3401; baseline 0 -20"><span class='ocrx_word' id='word_1_528' title='bbox 86 3334 486 3401; x_wconf 63' lang='lat' dir='ltr'><strong><em>conplerentur.</em></strong></span> <span class='ocrx_word' id='word_1_529' title='bbox 1790 3323 1904 3379; x_wconf 91' lang='lat' dir='ltr'><strong><em>sius</em></strong></span> <span class='ocrx_word' id='word_1_530' title='bbox 1945 3324 2042 3379; x_wconf 89' lang='lat' dir='ltr'><strong><em>lib.</em></strong></span> <span class='ocrx_word' id='word_1_531' title='bbox 2100 3341 2201 3390; x_wconf 87' lang='grc' dir='ltr'><strong>ιιι,</strong></span> <span class='ocrx_word' id='word_1_532' title='bbox 2242 3339 2362 3394; x_wconf 87' lang='lat' dir='ltr'><strong><em>cap.</em></strong></span> <span class='ocrx_word' id='word_1_533' title='bbox 2403 3324 2459 3379; x_wconf 83' lang='lat' dir='ltr'><strong><em>ll</em></strong></span> <span class='ocrx_word' id='word_1_534' title='bbox 2510 3324 2579 3379; x_wconf 89' lang='lat' dir='ltr'><strong><em>de</em></strong></span> <span class='ocrx_word' id='word_1_535' title='bbox 2618 3324 2822 3395; x_wconf 88' lang='lat' dir='ltr'><strong><em>Spiritu</em></strong></span> <span class='ocrx_word' id='word_1_536' title='bbox 2854 3323 3056 3380; x_wconf 89' lang='lat' dir='ltr'><strong><em>Sancto</em></strong></span> <span class='ocrx_word' id='word_1_537' title='bbox 3081 3366 3096 3390; x_wconf 94' lang='lat'><strong><em>,</em></strong></span> <span class='ocrx_word' id='word_1_538' title='bbox 3140 3333 3195 3381; x_wconf 84' lang='lat' dir='ltr'><strong><em>ct</em></strong></span> <span class='ocrx_word' id='word_1_539' title='bbox 3222 3325 3391 3381; x_wconf 83' lang='lat' dir='ltr'><strong><em>codex</em></strong></span> 
     </span>
    </p>
   </div>
   <div class='ocr_carea' id='block_1_40' title="bbox 158 3416 1718 3498">
    <p class='ocr_par' dir='ltr' id='par_1_40' title="bbox 158 3423 1686 3498">
     <span class='ocr_line' id='line_1_40' title="bbox 158 3423 1686 3498; baseline 0.003 -22"><span class='ocrx_word' id='word_1_540' title='bbox 158 3423 348 3479; x_wconf 80' lang='lat' dir='ltr'><strong><em>Matth.</em></strong></span> <span class='ocrx_word' id='word_1_541' title='bbox 374 3440 500 3495; x_wconf 87' lang='lat' dir='ltr'><strong><em>cap.</em></strong></span> <span class='ocrx_word' id='word_1_542' title='bbox 531 3440 596 3491; x_wconf 81' lang='grc' dir='ltr'><strong>ν,</strong></span> <span class='ocrx_word' id='word_1_543' title='bbox 640 3423 695 3479; x_wconf 67' lang='grc'><strong><em>4.</em></strong></span> <span class='ocrx_word' id='word_1_544' title='bbox 750 3425 1053 3481; x_wconf 86' lang='lat' dir='ltr'><strong><em>Vercellen.</em></strong></span> <span class='ocrx_word' id='word_1_545' title='bbox 1086 3468 1100 3492; x_wconf 94' lang='lat'><strong><em>,</em></strong></span> <span class='ocrx_word' id='word_1_546' title='bbox 1137 3425 1433 3481; x_wconf 74' lang='lat' dir='ltr'><strong><em>hwreditate</em></strong></span> <span class='ocrx_word' id='word_1_547' title='bbox 1455 3425 1686 3498; x_wconf 87' lang='lat' dir='ltr'><strong><em>posside-</em></strong></span> 
     </span>
    </p>
   </div>
   <div class='ocr_carea' id='block_1_41' title="bbox 1831 3416 3391 3498">
    <p class='ocr_par' dir='ltr' id='par_1_41' title="bbox 1837 3416 3391 3487">
     <span class='ocr_line' id='line_1_41' title="bbox 1837 3416 3391 3487; baseline 0.003 -18"><span class='ocrx_word' id='word_1_548' title='bbox 1837 3416 2203 3487; x_wconf 86' lang='lat' dir='ltr'><strong><em>vangcliorum</em></strong></span> <span class='ocrx_word' id='word_1_549' title='bbox 2246 3416 2645 3472; x_wconf 87' lang='lat' dir='ltr'><strong><em>vetustissimus</em></strong></span> <span class='ocrx_word' id='word_1_550' title='bbox 2682 3416 2734 3472; x_wconf 91' lang='lat' dir='ltr'><strong><em>in</em></strong></span> <span class='ocrx_word' id='word_1_551' title='bbox 2779 3416 2916 3472; x_wconf 88' lang='lat' dir='ltr'><strong><em>Bibl.</em></strong></span> <span class='ocrx_word' id='word_1_552' title='bbox 2952 3416 3108 3473; x_wconf 85' lang='lat' dir='ltr'><strong><em>Bodl.</em></strong></span> <span class='ocrx_word' id='word_1_553' title='bbox 3138 3417 3391 3474; x_wconf 88' lang='lat' dir='ltr'><strong><em>similiter</em></strong></span> 
     </span>
    </p>
   </div>
   <div class='ocr_carea' id='block_1_42' title="bbox 92 3508 1652 3587">
    <p class='ocr_par' dir='ltr' id='par_1_42' title="bbox 92 3514 1647 3587">
     <span class='ocr_line' id='line_1_42' title="bbox 92 3514 1647 3587; baseline 0.004 -19"><span class='ocrx_word' id='word_1_554' title='bbox 92 3514 211 3570; x_wconf 71' lang='grc' dir='ltr'><strong>ιω</strong></span> <span class='ocrx_word' id='word_1_555' title='bbox 247 3528 457 3575; x_wconf 72' lang='lat' dir='ltr'><strong><em>(errant.</em></strong></span> <span class='ocrx_word' id='word_1_556' title='bbox 514 3517 755 3575; x_wconf 82' lang='lat' dir='ltr'><strong><em>Brixian.</em></strong></span> <span class='ocrx_word' id='word_1_557' title='bbox 807 3519 1179 3587; x_wconf 73' lang='lat' dir='ltr'><strong><em>[nereditabunt</em></strong></span> <span class='ocrx_word' id='word_1_558' title='bbox 1224 3529 1415 3575; x_wconf 87' lang='lat' dir='ltr'><strong><em>terram</em></strong></span> <span class='ocrx_word' id='word_1_559' title='bbox 1441 3560 1458 3587; x_wconf 91' lang='lat'><strong><em>,</em></strong></span> <span class='ocrx_word' id='word_1_560' title='bbox 1512 3528 1568 3574; x_wconf 87' lang='lat' dir='ltr'><strong><em>et</em></strong></span> <span class='ocrx_word' id='word_1_561' title='bbox 1611 3520 1647 3574; x_wconf 92' lang='lat' dir='ltr'><strong><em>it</em></strong></span> 
     </span>
    </p>
   </div>
   <div class='ocr_carea' id='block_1_43' title="bbox 1170 3508 2730 3587">
    <p class='ocr_par' dir='ltr' id='par_1_43' title="bbox 1170 3508 2730 3587">
     <span class='ocr_line' id='line_1_43' title="bbox 1170 3508 2730 3587; baseline -0.006 -14"><span class='ocrx_word' id='word_1_562' title='bbox 1170 3528 1179 3573; x_wconf 75' lang='grc' dir='ltr'><strong><em>ι</em></strong></span> <span class='ocrx_word' id='word_1_563' title='bbox 1224 3529 1415 3575; x_wconf 88' lang='lat' dir='ltr'><strong><em>terram</em></strong></span> <span class='ocrx_word' id='word_1_564' title='bbox 1441 3560 1458 3587; x_wconf 89' lang='lat'><strong><em>,</em></strong></span> <span class='ocrx_word' id='word_1_565' title='bbox 1512 3528 1568 3574; x_wconf 85' lang='lat' dir='ltr'><strong><em>et</em></strong></span> <span class='ocrx_word' id='word_1_566' title='bbox 1611 3520 1683 3575; x_wconf 80' lang='lat' dir='ltr'><strong><em>ita</em></strong></span> <span class='ocrx_word' id='word_1_567' title='bbox 1789 3508 2012 3575; x_wconf 87' lang='lat' dir='ltr'><strong><em>addunt,</em></strong></span> <span class='ocrx_word' id='word_1_568' title='bbox 2044 3511 2163 3581; x_wconf 89' lang='lat' dir='ltr'><strong><em>quia</em></strong></span> <span class='ocrx_word' id='word_1_569' title='bbox 2184 3511 2248 3564; x_wconf 89' lang='lat' dir='ltr'><strong><em>de</em></strong></span> <span class='ocrx_word' id='word_1_570' title='bbox 2265 3527 2421 3565; x_wconf 88' lang='lat' dir='ltr'><strong><em>carne</em></strong></span> <span class='ocrx_word' id='word_1_571' title='bbox 2448 3521 2730 3566; x_wconf 86' lang='lat' dir='ltr'><strong><em>natumest.</em></strong></span> 
     </span>
    </p>
   </div>
   <div class='ocr_carea' id='block_1_44' title="bbox 95 3600 1655 3685">
    <p class='ocr_par' dir='ltr' id='par_1_44' title="bbox 95 3606 1655 3685">
     <span class='ocr_line' id='line_1_44' title="bbox 95 3606 1655 3685; baseline 0.003 -24"><span class='ocrx_word' id='word_1_572' title='bbox 95 3606 319 3667; x_wconf 78' lang='lat' dir='ltr'><strong><em>Sanctus</em></strong></span> <span class='ocrx_word' id='word_1_573' title='bbox 356 3611 597 3667; x_wconf 57' lang='lat' dir='ltr'><strong><em>[renatus</em></strong></span> <span class='ocrx_word' id='word_1_574' title='bbox 642 3612 696 3667; x_wconf 91' lang='lat' dir='ltr'><strong><em>iu</em></strong></span> <span class='ocrx_word' id='word_1_575' title='bbox 729 3612 824 3667; x_wconf 87' lang='lat' dir='ltr'><strong><em>lib.</em></strong></span> <span class='ocrx_word' id='word_1_576' title='bbox 880 3628 938 3669; x_wconf 88' lang='grc' dir='ltr'><strong><em>ιιι</em></strong></span> <span class='ocrx_word' id='word_1_577' title='bbox 1001 3621 1189 3667; x_wconf 89' lang='lat' dir='ltr'><strong><em>contra</em></strong></span> <span class='ocrx_word' id='word_1_578' title='bbox 1238 3611 1519 3676; x_wconf 70' lang='lat' dir='ltr'><strong><em>Haereses,</em></strong></span> <span class='ocrx_word' id='word_1_579' title='bbox 1552 3626 1655 3685; x_wconf 87' lang='lat' dir='ltr'><strong><em>pag</em></strong></span> 
     </span>
    </p>
   </div>
   <div class='ocr_carea' id='block_1_45' title="bbox 1824 3600 3384 3685">
    <p class='ocr_par' dir='ltr' id='par_1_45' title="bbox 1857 3600 3384 3675">
     <span class='ocr_line' id='line_1_45' title="bbox 1857 3600 3384 3675; baseline 0.001 -19"><span class='ocrx_word' id='word_1_580' title='bbox 1857 3600 2013 3656; x_wconf 84' lang='lat' dir='ltr'><strong><em>Joan.</em></strong></span> <span class='ocrx_word' id='word_1_581' title='bbox 2039 3615 2154 3672; x_wconf 91' lang='lat' dir='ltr'><strong><em>cap.</em></strong></span> <span class='ocrx_word' id='word_1_582' title='bbox 2186 3616 2265 3665; x_wconf 90' lang='grc' dir='ltr'><strong>ιιι,</strong></span> <span class='ocrx_word' id='word_1_583' title='bbox 2296 3600 2348 3654; x_wconf 82' lang='grc' dir='ltr'><strong>ϐ.</strong></span> <span class='ocrx_word' id='word_1_584' title='bbox 2372 3600 2431 3655; x_wconf 86' lang='grc' dir='ltr'><strong><em>1η</em></strong></span> <span class='ocrx_word' id='word_1_585' title='bbox 2464 3601 2764 3658; x_wconf 84' lang='lat' dir='ltr'><strong><em>Vercellen.</em></strong></span> <span class='ocrx_word' id='word_1_586' title='bbox 2799 3600 3021 3658; x_wconf 86' lang='lat' dir='ltr'><strong><em>additur</em></strong></span> <span class='ocrx_word' id='word_1_587' title='bbox 3044 3644 3058 3668; x_wconf 93' lang='lat'><strong><em>,</em></strong></span> <span class='ocrx_word' id='word_1_588' title='bbox 3091 3604 3213 3675; x_wconf 91' lang='lat' dir='ltr'><strong><em>quia</em></strong></span> <span class='ocrx_word' id='word_1_589' title='bbox 3242 3602 3384 3659; x_wconf 87' lang='lat' dir='ltr'><strong><em>Deus</em></strong></span> 
     </span>
    </p>
   </div>
   <div class='ocr_carea' id='block_1_46' title="bbox 93 3692 3409 3777">
    <p class='ocr_par' dir='ltr' id='par_1_46' title="bbox 93 3692 3409 3777">
     <span class='ocr_line' id='line_1_46' title="bbox 93 3692 3409 3777; baseline 0.002 -34"><span class='ocrx_word' id='word_1_590' title='bbox 93 3698 229 3773; x_wconf 57' lang='grc' dir='ltr'><strong><em>ξω,</em></strong></span> <span class='ocrx_word' id='word_1_591' title='bbox 256 3710 314 3759; x_wconf 68' lang='grc' dir='ltr'><strong>ει</strong></span> <span class='ocrx_word' id='word_1_592' title='bbox 334 3703 393 3759; x_wconf 68' lang='grc' dir='ltr'><strong>δ,</strong></span> <span class='ocrx_word' id='word_1_593' title='bbox 421 3704 725 3775; x_wconf 62' lang='lat' dir='ltr'><strong><em>Cyprianus</em></strong></span> <span class='ocrx_word' id='word_1_594' title='bbox 748 3703 800 3758; x_wconf 73' lang='grc' dir='ltr'><strong>ίι,</strong></span> <span class='ocrx_word' id='word_1_595' title='bbox 828 3703 923 3763; x_wconf 70' lang='grc' dir='ltr'><strong>ιη),</strong></span> <span class='ocrx_word' id='word_1_596' title='bbox 974 3719 1032 3761; x_wconf 76' lang='grc' dir='ltr'><strong>ιιι</strong></span> <span class='ocrx_word' id='word_1_597' title='bbox 1097 3702 1399 3765; x_wconf 68' lang='grc' dir='ltr'><strong><em>Τθειίιηοη,</em></strong></span> <span class='ocrx_word' id='word_1_598' title='bbox 1447 3718 1566 3777; x_wconf 62' lang='grc' dir='ltr'><strong><em>περ,</em></strong></span> <span class='ocrx_word' id='word_1_599' title='bbox 1603 3703 1638 3759; x_wconf 83' lang='lat'><strong>5</strong></span> <span class='ocrx_word' id='word_1_600' title='bbox 1664 3745 1679 3771; x_wconf 63' lang='grc'><strong><em>,</em></strong></span> <span class='ocrx_word' id='word_1_601' title='bbox 1784 3692 1997 3762; x_wconf 79' lang='lat' dir='ltr'><strong><em>spiritus</em></strong></span> <span class='ocrx_word' id='word_1_602' title='bbox 2025 3705 2139 3761; x_wconf 92' lang='lat' dir='ltr'><strong><em>est,</em></strong></span> <span class='ocrx_word' id='word_1_603' title='bbox 2173 3702 2220 3747; x_wconf 91' lang='lat' dir='ltr'><strong><em>et</em></strong></span> <span class='ocrx_word' id='word_1_604' title='bbox 2249 3710 2312 3748; x_wconf 81' lang='lat' dir='ltr'><strong><em>ea:</em></strong></span> <span class='ocrx_word' id='word_1_605' title='bbox 2337 3692 2446 3748; x_wconf 88' lang='lat' dir='ltr'><strong><em>Deo</em></strong></span> <span class='ocrx_word' id='word_1_606' title='bbox 2476 3704 2627 3749; x_wconf 88' lang='lat' dir='ltr'><strong><em>natus</em></strong></span> <span class='ocrx_word' id='word_1_607' title='bbox 2666 3702 2759 3749; x_wconf 90' lang='lat' dir='ltr'><strong><em>est.</em></strong></span> <span class='ocrx_word' id='word_1_608' title='bbox 2807 3694 2865 3749; x_wconf 88' lang='lat' dir='ltr'><strong><em>In</em></strong></span> <span class='ocrx_word' id='word_1_609' title='bbox 2914 3694 3206 3751; x_wconf 88' lang='lat' dir='ltr'><strong><em>Corbeieu.</em></strong></span> <span class='ocrx_word' id='word_1_610' title='bbox 3264 3696 3409 3767; x_wconf 78' lang='lat' dir='ltr'><strong><em>quia</em></strong></span> 
     </span>
    </p>
   </div>
   <div class='ocr_carea' id='block_1_47' title="bbox 92 3786 3383 3861">
    <p class='ocr_par' dir='ltr' id='par_1_47' title="bbox 92 3786 3383 3861">
     <span class='ocr_line' id='line_1_47' title="bbox 92 3786 3383 3861; baseline 0.003 -26"><span class='ocrx_word' id='word_1_611' title='bbox 92 3804 141 3861; x_wconf 68' lang='grc' dir='ltr'><strong>ρ,</strong></span> <span class='ocrx_word' id='word_1_612' title='bbox 164 3793 291 3849; x_wconf 68' lang='grc'><strong><em>375,</em></strong></span> <span class='ocrx_word' id='word_1_613' title='bbox 1785 3786 1926 3841; x_wconf 86' lang='lat' dir='ltr'><strong><em>Deus</em></strong></span> <span class='ocrx_word' id='word_1_614' title='bbox 1950 3787 2183 3858; x_wconf 82' lang='lat' dir='ltr'><strong><em>Spiritus</em></strong></span> <span class='ocrx_word' id='word_1_615' title='bbox 2205 3797 2304 3842; x_wconf 90' lang='lat' dir='ltr'><strong><em>est.</em></strong></span> <span class='ocrx_word' id='word_1_616' title='bbox 2330 3786 2390 3843; x_wconf 89' lang='lat' dir='ltr'><strong><em>S.</em></strong></span> <span class='ocrx_word' id='word_1_617' title='bbox 2422 3788 2741 3844; x_wconf 85' lang='lat' dir='ltr'><strong><em>Ambrosius</em></strong></span> <span class='ocrx_word' id='word_1_618' title='bbox 2772 3789 2825 3842; x_wconf 90' lang='lat' dir='ltr'><strong><em>in</em></strong></span> <span class='ocrx_word' id='word_1_619' title='bbox 2858 3787 2952 3843; x_wconf 87' lang='lat' dir='ltr'><strong><em>lib.</em></strong></span> <span class='ocrx_word' id='word_1_620' title='bbox 2983 3805 3042 3843; x_wconf 90' lang='grc' dir='ltr'><strong><em>ιιι</em></strong></span> <span class='ocrx_word' id='word_1_621' title='bbox 3067 3788 3135 3845; x_wconf 92' lang='lat' dir='ltr'><strong><em>de</em></strong></span> <span class='ocrx_word' id='word_1_622' title='bbox 3179 3788 3383 3859; x_wconf 88' lang='lat' dir='ltr'><strong><em>Spiritu</em></strong></span> 
     </span>
    </p>
   </div>
   <div class='ocr_carea' id='block_1_48' title="bbox 108 3878 3385 3964">
    <p class='ocr_par' dir='ltr' id='par_1_48' title="bbox 108 3878 3385 3964">
     <span class='ocr_line' id='line_1_48' title="bbox 108 3878 3385 3964; baseline -0.002 -25"><span class='ocrx_word' id='word_1_623' title='bbox 108 3882 334 3964; x_wconf 50' lang='lat' dir='ltr'><strong><em>-Matth.</em></strong></span> <span class='ocrx_word' id='word_1_624' title='bbox 364 3900 487 3961; x_wconf 86' lang='lat' dir='ltr'><strong><em>cap.</em></strong></span> <span class='ocrx_word' id='word_1_625' title='bbox 518 3901 588 3956; x_wconf 75' lang='grc' dir='ltr'><strong>ν,</strong></span> <span class='ocrx_word' id='word_1_626' title='bbox 620 3886 672 3941; x_wconf 93' lang='grc'>7.</span> <span class='ocrx_word' id='word_1_627' title='bbox 721 3885 1030 3943; x_wconf 86' lang='lat' dir='ltr'><strong><em>Vercellcn.</em></strong></span> <span class='ocrx_word' id='word_1_628' title='bbox 1059 3927 1074 3942; x_wconf 95' lang='lat'><strong><em>.</em></strong></span> <span class='ocrx_word' id='word_1_629' title='bbox 1102 3925 1117 3940; x_wconf 95' lang='lat'><strong>.</strong></span> <span class='ocrx_word' id='word_1_630' title='bbox 1144 3926 1159 3940; x_wconf 96' lang='lat'><strong><em>.</em></strong></span> <span class='ocrx_word' id='word_1_631' title='bbox 1184 3924 1199 3941; x_wconf 97' lang='lat'><strong>.</strong></span> <span class='ocrx_word' id='word_1_632' title='bbox 1228 3927 1241 3940; x_wconf 94' lang='lat'><strong>.</strong></span> <span class='ocrx_word' id='word_1_633' title='bbox 1266 3928 1280 3942; x_wconf 96' lang='lat'><strong>.</strong></span> <span class='ocrx_word' id='word_1_634' title='bbox 1304 3926 1319 3941; x_wconf 95' lang='lat'><strong>.</strong></span> <span class='ocrx_word' id='word_1_635' title='bbox 1346 3926 1360 3941; x_wconf 96' lang='lat'><strong>.</strong></span> <span class='ocrx_word' id='word_1_636' title='bbox 1389 3925 1403 3941; x_wconf 94' lang='lat'><strong>.</strong></span> <span class='ocrx_word' id='word_1_637' title='bbox 1432 3927 1445 3940; x_wconf 94' lang='lat'><strong><em>.</em></strong></span> <span class='ocrx_word' id='word_1_638' title='bbox 1475 3886 1681 3941; x_wconf 87' lang='lat' dir='ltr'><strong><em>rebitur</em></strong></span> <span class='ocrx_word' id='word_1_639' title='bbox 1782 3878 2007 3947; x_wconf 85' lang='lat' dir='ltr'><strong><em>Sancto,</em></strong></span> <span class='ocrx_word' id='word_1_640' title='bbox 2042 3887 2173 3933; x_wconf 91' lang='lat' dir='ltr'><strong><em>tom.</em></strong></span> <span class='ocrx_word' id='word_1_641' title='bbox 2199 3894 2260 3946; x_wconf 87' lang='grc' dir='ltr'><strong><em>ιι,</em></strong></span> <span class='ocrx_word' id='word_1_642' title='bbox 2296 3893 2349 3949; x_wconf 91' lang='lat' dir='ltr'><strong><em>p.</em></strong></span> <span class='ocrx_word' id='word_1_643' title='bbox 2383 3879 2509 3945; x_wconf 89' lang='lat'><strong>677,</strong></span> <span class='ocrx_word' id='word_1_644' title='bbox 2541 3880 2740 3948; x_wconf 90' lang='lat' dir='ltr'><strong><em>habet,</em></strong></span> <span class='ocrx_word' id='word_1_645' title='bbox 2765 3880 3006 3949; x_wconf 89' lang='lat' dir='ltr'><strong><em>quoniam</em></strong></span> <span class='ocrx_word' id='word_1_646' title='bbox 3052 3880 3193 3937; x_wconf 86' lang='lat' dir='ltr'><strong><em>Deus</em></strong></span> <span class='ocrx_word' id='word_1_647' title='bbox 3230 3881 3385 3953; x_wconf 81' lang='lat' dir='ltr'><strong><em>spiri-</em></strong></span> 
     </span>
    </p>
   </div>
   <div class='ocr_carea' id='block_1_49' title="bbox 93 3962 3160 4048">
    <p class='ocr_par' dir='ltr' id='par_1_49' title="bbox 93 3962 3160 4048">
     <span class='ocr_line' id='line_1_49' title="bbox 93 3962 3160 4048; baseline 0.005 -22"><span class='ocrx_word' id='word_1_648' title='bbox 272 3978 571 4048; x_wconf 85' lang='lat' dir='ltr'><strong><em>Suppletur</em></strong></span> <span class='ocrx_word' id='word_1_649' title='bbox 595 3979 785 4035; x_wconf 84' lang='lat' dir='ltr'><strong><em>lacuna</em></strong></span> <span class='ocrx_word' id='word_1_650' title='bbox 818 3995 883 4036; x_wconf 83' lang='lat' dir='ltr'><strong><em>ex</em></strong></span> <span class='ocrx_word' id='word_1_651' title='bbox 916 3979 1186 4036; x_wconf 84' lang='lat' dir='ltr'><strong><em>Veronen.</em></strong></span> <span class='ocrx_word' id='word_1_652' title='bbox 1219 3990 1274 4037; x_wconf 90' lang='lat' dir='ltr'><strong><em>et</em></strong></span> <span class='ocrx_word' id='word_1_653' title='bbox 1313 3980 1679 4037; x_wconf 87' lang='lat' dir='ltr'><strong><em>San-Gcrma-</em></strong></span> <span class='ocrx_word' id='word_1_654' title='bbox 1783 3981 1862 4026; x_wconf 70' lang='grc' dir='ltr'><strong><em>τηε</em></strong></span> <span class='ocrx_word' id='word_1_655' title='bbox 1891 3981 1986 4026; x_wconf 73' lang='grc' dir='ltr'><strong><em>εει·</em></strong></span> <span class='ocrx_word' id='word_1_656' title='bbox 3156 3970 3160 3974; x_wconf 54' lang='grc'><em>’</em></span> 
     </span>
    </p>
   </div>
   <div class='ocr_carea' id='block_1_50' title="bbox 95 4061 3378 4145">
    <p class='ocr_par' dir='ltr' id='par_1_50' title="bbox 95 4061 3378 4145">
     <span class='ocr_line' id='line_1_50' title="bbox 95 4061 3378 4145; baseline 0.003 -24"><span class='ocrx_word' id='word_1_657' title='bbox 95 4081 235 4139; x_wconf 66' lang='lat' dir='ltr'><strong><em>lem,</em></strong></span> <span class='ocrx_word' id='word_1_658' title='bbox 257 4070 347 4142; x_wconf 88' lang='lat' dir='ltr'><strong><em>qui</em></strong></span> <span class='ocrx_word' id='word_1_659' title='bbox 374 4072 597 4138; x_wconf 81' lang='lat' dir='ltr'><strong><em>habent,</em></strong></span> <span class='ocrx_word' id='word_1_660' title='bbox 631 4073 758 4145; x_wconf 84' lang='lat' dir='ltr'><strong><em>ipsis</em></strong></span> <span class='ocrx_word' id='word_1_661' title='bbox 786 4073 1112 4128; x_wconf 83' lang='lat' dir='ltr'><strong><em>miserebitur</em></strong></span> <span class='ocrx_word' id='word_1_662' title='bbox 1127 4072 1297 4141; x_wconf 83' lang='lat' dir='ltr'><strong><em>Deus,</em></strong></span> <span class='ocrx_word' id='word_1_663' title='bbox 1330 4086 1384 4130; x_wconf 91' lang='lat' dir='ltr'><strong><em>et</em></strong></span> <span class='ocrx_word' id='word_1_664' title='bbox 1410 4075 1482 4129; x_wconf 88' lang='lat' dir='ltr'><strong><em>ita</em></strong></span> <span class='ocrx_word' id='word_1_665' title='bbox 1510 4075 1679 4131; x_wconf 84' lang='lat' dir='ltr'><strong><em>Sanc-</em></strong></span> <span class='ocrx_word' id='word_1_666' title='bbox 1850 4063 2008 4118; x_wconf 63' lang='grc'><strong><em>³0³1³·</em></strong></span> <span class='ocrx_word' id='word_1_667' title='bbox 2051 4077 2171 4135; x_wconf 70' lang='lat' dir='ltr'><strong><em>caP-</em></strong></span> <span class='ocrx_word' id='word_1_668' title='bbox 2198 4077 2268 4128; x_wconf 64' lang='grc' dir='ltr'><strong><em>νιν</em></strong></span> <span class='ocrx_word' id='word_1_669' title='bbox 2297 4061 2387 4118; x_wconf 79' lang='lat'><strong><em>57-</em></strong></span> <span class='ocrx_word' id='word_1_670' title='bbox 2430 4062 2739 4120; x_wconf 67' lang='grc' dir='ltr'><strong><em>νθτθθηθηο</em></strong></span> <span class='ocrx_word' id='word_1_671' title='bbox 2768 4062 2822 4119; x_wconf 70' lang='lat' dir='ltr'><strong>in</strong></span> <span class='ocrx_word' id='word_1_672' title='bbox 2848 4063 2956 4119; x_wconf 72' lang='lat' dir='ltr'><strong><em>“ne</em></strong></span> <span class='ocrx_word' id='word_1_673' title='bbox 2982 4078 3174 4121; x_wconf 66' lang='lat' dir='ltr'><strong><em>versus</em></strong></span> <span class='ocrx_word' id='word_1_674' title='bbox 3201 4063 3378 4130; x_wconf 62' lang='lat' dir='ltr'><strong><em>add”.</em></strong></span> 
     </span>
    </p>
   </div>
   <div class='ocr_carea' id='block_1_51' title="bbox 93 4153 1653 4236">
    <p class='ocr_par' dir='ltr' id='par_1_51' title="bbox 93 4161 1637 4236">
     <span class='ocr_line' id='line_1_51' title="bbox 93 4161 1637 4236; baseline 0.004 -19"><span class='ocrx_word' id='word_1_675' title='bbox 93 4166 167 4217; x_wconf 71' lang='lat' dir='ltr'><strong><em>tus</em></strong></span> <span class='ocrx_word' id='word_1_676' title='bbox 199 4161 523 4220; x_wconf 82' lang='lat' dir='ltr'><strong><em>Ambrosius</em></strong></span> <span class='ocrx_word' id='word_1_677' title='bbox 569 4165 624 4218; x_wconf 83' lang='lat' dir='ltr'><strong><em>in</em></strong></span> <span class='ocrx_word' id='word_1_678' title='bbox 670 4164 767 4220; x_wconf 90' lang='lat' dir='ltr'><strong><em>lib.</em></strong></span> <span class='ocrx_word' id='word_1_679' title='bbox 819 4163 890 4222; x_wconf 94' lang='lat' dir='ltr'><strong><em>de</em></strong></span> <span class='ocrx_word' id='word_1_680' title='bbox 929 4163 1088 4221; x_wconf 81' lang='lat' dir='ltr'><strong><em>Oilic.</em></strong></span> <span class='ocrx_word' id='word_1_681' title='bbox 1133 4166 1363 4222; x_wconf 65' lang='lat' dir='ltr'><strong><em>Minis&quot;.</em></strong></span> <span class='ocrx_word' id='word_1_682' title='bbox 1415 4181 1535 4236; x_wconf 88' lang='lat' dir='ltr'><strong><em>cap.</em></strong></span> <span class='ocrx_word' id='word_1_683' title='bbox 1571 4167 1637 4223; x_wconf 81' lang='grc'>16</span> 
     </span>
    </p>
   </div>
   <div class='ocr_carea' id='block_1_52' title="bbox 1820 4153 3380 4236">
    <p class='ocr_par' dir='ltr' id='par_1_52' title="bbox 1820 4153 3380 4227">
     <span class='ocr_line' id='line_1_52' title="bbox 1820 4153 3380 4227; baseline 0.002 -19"><span class='ocrx_word' id='word_1_684' title='bbox 1820 4154 1836 4208; x_wconf 88' lang='lat' dir='ltr'><strong><em>i</em></strong></span> <span class='ocrx_word' id='word_1_685' title='bbox 1860 4155 2111 4225; x_wconf 81' lang='lat' dir='ltr'><strong><em>acceperit</em></strong></span> <span class='ocrx_word' id='word_1_686' title='bbox 2142 4153 2295 4211; x_wconf 79' lang='lat' dir='ltr'><strong><em>homo</em></strong></span> <span class='ocrx_word' id='word_1_687' title='bbox 2323 4171 2512 4226; x_wconf 86' lang='lat' dir='ltr'><strong><em>corpus</em></strong></span> <span class='ocrx_word' id='word_1_688' title='bbox 2541 4156 2638 4225; x_wconf 85' lang='lat' dir='ltr'><strong><em>ﬁlii</em></strong></span> <span class='ocrx_word' id='word_1_689' title='bbox 2665 4156 2887 4211; x_wconf 82' lang='lat' dir='ltr'><strong><em>hominis</em></strong></span> <span class='ocrx_word' id='word_1_690' title='bbox 2905 4198 2920 4221; x_wconf 96' lang='lat'><strong><em>,</em></strong></span> <span class='ocrx_word' id='word_1_691' title='bbox 2952 4158 3380 4227; x_wconf 82' lang='lat' dir='ltr'><strong><em>quemadmodum</em></strong></span> 
     </span>
    </p>
   </div>
   <div class='ocr_carea' id='block_1_53' title="bbox 97 4247 3380 4323">
    <p class='ocr_par' dir='ltr' id='par_1_53' title="bbox 97 4247 3380 4323">
     <span class='ocr_line' id='line_1_53' title="bbox 97 4247 3380 4323; baseline -0.001 -17"><span class='ocrx_word' id='word_1_692' title='bbox 97 4265 143 4323; x_wconf 85' lang='lat' dir='ltr'><strong><em>p.</em></strong></span> <span class='ocrx_word' id='word_1_693' title='bbox 171 4256 257 4311; x_wconf 79' lang='lat' dir='ltr'><strong><em>l7.</em></strong></span> <span class='ocrx_word' id='word_1_694' title='bbox 884 4305 891 4309; x_wconf 81' lang='lat'><strong>.</strong></span> <span class='ocrx_word' id='word_1_695' title='bbox 1779 4265 1961 4317; x_wconf 85' lang='lat' dir='ltr'><strong><em>panem</em></strong></span> <span class='ocrx_word' id='word_1_696' title='bbox 1977 4250 2111 4314; x_wconf 68' lang='lat' dir='ltr'><strong><em>vitaz,</em></strong></span> <span class='ocrx_word' id='word_1_697' title='bbox 2137 4247 2338 4302; x_wconf 84' lang='lat' dir='ltr'><strong><em>habebit</em></strong></span> <span class='ocrx_word' id='word_1_698' title='bbox 2365 4247 2521 4302; x_wconf 79' lang='lat' dir='ltr'><strong><em>vitam</em></strong></span> <span class='ocrx_word' id='word_1_699' title='bbox 2543 4248 2598 4301; x_wconf 88' lang='lat' dir='ltr'><strong><em>in</em></strong></span> <span class='ocrx_word' id='word_1_700' title='bbox 2628 4264 2706 4301; x_wconf 92' lang='lat' dir='ltr'><strong><em>eo.</em></strong></span> <span class='ocrx_word' id='word_1_701' title='bbox 2750 4247 2915 4303; x_wconf 82' lang='lat' dir='ltr'><strong><em>Vetus</em></strong></span> <span class='ocrx_word' id='word_1_702' title='bbox 2959 4248 3129 4304; x_wconf 84' lang='lat' dir='ltr'><strong><em>codex</em></strong></span> <span class='ocrx_word' id='word_1_703' title='bbox 3162 4248 3380 4304; x_wconf 61' lang='lat' dir='ltr'><strong><em>Graeco—</em></strong></span> 
     </span>
    </p>
   </div>
   <div class='ocr_carea' id='block_1_54' title="bbox 149 4342 1709 4420">
    <p class='ocr_par' dir='ltr' id='par_1_54' title="bbox 149 4347 1667 4420">
     <span class='ocr_line' id='line_1_54' title="bbox 149 4347 1667 4420; baseline 0.003 -15"><span class='ocrx_word' id='word_1_704' title='bbox 149 4347 330 4405; x_wconf 67' lang='lat' dir='ltr'><strong><em>Mstth.</em></strong></span> <span class='ocrx_word' id='word_1_705' title='bbox 359 4364 483 4420; x_wconf 84' lang='lat' dir='ltr'><strong><em>cap.</em></strong></span> <span class='ocrx_word' id='word_1_706' title='bbox 510 4365 549 4407; x_wconf 74' lang='grc' dir='ltr'><strong><em>ι</em></strong></span> <span class='ocrx_word' id='word_1_707' title='bbox 572 4391 588 4417; x_wconf 91' lang='grc'><strong><em>,</em></strong></span> <span class='ocrx_word' id='word_1_708' title='bbox 613 4349 705 4406; x_wconf 75' lang='lat'><strong><em>25.</em></strong></span> <span class='ocrx_word' id='word_1_709' title='bbox 751 4349 964 4407; x_wconf 89' lang='lat' dir='ltr'><strong><em>Vercel.</em></strong></span> <span class='ocrx_word' id='word_1_710' title='bbox 989 4393 1006 4419; x_wconf 90' lang='lat'><strong><em>,</em></strong></span> <span class='ocrx_word' id='word_1_711' title='bbox 1058 4350 1262 4408; x_wconf 86' lang='lat' dir='ltr'><strong><em>Veron.</em></strong></span> <span class='ocrx_word' id='word_1_712' title='bbox 1297 4362 1352 4407; x_wconf 91' lang='lat' dir='ltr'><strong><em>et</em></strong></span> <span class='ocrx_word' id='word_1_713' title='bbox 1380 4352 1667 4411; x_wconf 88' lang='lat' dir='ltr'><strong><em>Corbeicn.</em></strong></span> 
     </span>
    </p>
   </div>
   <div class='ocr_carea' id='block_1_55' title="bbox 1815 4342 3375 4420">
    <p class='ocr_par' dir='ltr' id='par_1_55' title="bbox 1815 4343 3375 4416">
     <span class='ocr_line' id='line_1_55' title="bbox 1815 4343 3375 4416; baseline 0.003 -21"><span class='ocrx_word' id='word_1_714' title='bbox 1815 4343 2000 4398; x_wconf 87' lang='lat' dir='ltr'><strong><em>.atinus</em></strong></span> <span class='ocrx_word' id='word_1_715' title='bbox 2029 4344 2471 4415; x_wconf 82' lang='lat' dir='ltr'><strong><em>Cantabrigensis</em></strong></span> <span class='ocrx_word' id='word_1_716' title='bbox 2496 4386 2511 4411; x_wconf 92' lang='lat'><strong><em>,</em></strong></span> <span class='ocrx_word' id='word_1_717' title='bbox 2559 4353 2783 4399; x_wconf 85' lang='lat' dir='ltr'><strong><em>octavus</em></strong></span> <span class='ocrx_word' id='word_1_718' title='bbox 2828 4344 3046 4401; x_wconf 87' lang='lat' dir='ltr'><strong><em>Henrici</em></strong></span> <span class='ocrx_word' id='word_1_719' title='bbox 3074 4344 3332 4416; x_wconf 88' lang='lat' dir='ltr'><strong><em>Stephani</em></strong></span> <span class='ocrx_word' id='word_1_720' title='bbox 3360 4389 3375 4413; x_wconf 93' lang='lat'><strong><em>,</em></strong></span> 
     </span>
    </p>
   </div>
   <div class='ocr_carea' id='block_1_56' title="bbox 94 4435 3375 4514">
    <p class='ocr_par' dir='ltr' id='par_1_56' title="bbox 94 4435 3375 4514">
     <span class='ocr_line' id='line_1_56' title="bbox 94 4435 3375 4514; baseline 0 -19"><span class='ocrx_word' id='word_1_721' title='bbox 94 4449 201 4513; x_wconf 67' lang='lat' dir='ltr'><strong><em>put</em></strong></span> <span class='ocrx_word' id='word_1_722' title='bbox 224 4441 309 4497; x_wconf 90' lang='lat' dir='ltr'><strong><em>illa</em></strong></span> <span class='ocrx_word' id='word_1_723' title='bbox 334 4442 501 4501; x_wconf 73' lang='lat' dir='ltr'><strong><em>verba</em></strong></span> <span class='ocrx_word' id='word_1_724' title='bbox 527 4484 543 4509; x_wconf 93' lang='lat'><strong><em>,</em></strong></span> <span class='ocrx_word' id='word_1_725' title='bbox 595 4443 758 4514; x_wconf 73' lang='lat' dir='ltr'><strong><em>fugite</em></strong></span> <span class='ocrx_word' id='word_1_726' title='bbox 796 4444 849 4498; x_wconf 86' lang='lat' dir='ltr'><strong><em>in</em></strong></span> <span class='ocrx_word' id='word_1_727' title='bbox 899 4443 1056 4498; x_wconf 90' lang='lat' dir='ltr'><strong><em>aliam</em></strong></span> <span class='ocrx_word' id='word_1_728' title='bbox 1088 4484 1106 4512; x_wconf 92' lang='lat'><strong><em>,</em></strong></span> <span class='ocrx_word' id='word_1_729' title='bbox 1156 4443 1355 4503; x_wconf 87' lang='lat' dir='ltr'><strong><em>habent</em></strong></span> <span class='ocrx_word' id='word_1_730' title='bbox 1379 4445 1516 4513; x_wconf 87' lang='lat' dir='ltr'><strong><em>quod</em></strong></span> <span class='ocrx_word' id='word_1_731' title='bbox 1544 4445 1589 4500; x_wconf 88' lang='lat' dir='ltr'><strong><em>si</em></strong></span> <span class='ocrx_word' id='word_1_732' title='bbox 1619 4446 1671 4499; x_wconf 85' lang='lat' dir='ltr'><strong><em>in</em></strong></span> <span class='ocrx_word' id='word_1_733' title='bbox 1776 4435 2082 4492; x_wconf 82' lang='lat' dir='ltr'><strong><em>Victorinus</em></strong></span> <span class='ocrx_word' id='word_1_734' title='bbox 2134 4437 2420 4493; x_wconf 80' lang='lat' dir='ltr'><strong><em>Africanus</em></strong></span> <span class='ocrx_word' id='word_1_735' title='bbox 2444 4438 2695 4494; x_wconf 90' lang='lat' dir='ltr'><strong><em>similiter</em></strong></span> <span class='ocrx_word' id='word_1_736' title='bbox 2717 4478 2735 4505; x_wconf 92' lang='lat'><strong><em>,</em></strong></span> <span class='ocrx_word' id='word_1_737' title='bbox 2779 4438 2979 4509; x_wconf 88' lang='lat' dir='ltr'><strong><em>aliique</em></strong></span> <span class='ocrx_word' id='word_1_738' title='bbox 3018 4440 3121 4494; x_wconf 90' lang='lat' dir='ltr'><strong><em>PP.</em></strong></span> <span class='ocrx_word' id='word_1_739' title='bbox 3153 4440 3337 4511; x_wconf 87' lang='lat' dir='ltr'><strong><em>legunt</em></strong></span> <span class='ocrx_word' id='word_1_740' title='bbox 3358 4480 3375 4507; x_wconf 90' lang='lat'><strong><em>,</em></strong></span> 
     </span>
    </p>
   </div>
   <div class='ocr_carea' id='block_1_57' title="bbox 96 4530 3371 4610">
    <p class='ocr_par' dir='ltr' id='par_1_57' title="bbox 96 4530 3371 4610">
     <span class='ocr_line' id='line_1_57' title="bbox 96 4530 3371 4610; baseline -0.001 -19"><span class='ocrx_word' id='word_1_741' title='bbox 96 4534 231 4589; x_wconf 69' lang='lat' dir='ltr'><strong><em>aliast</em></strong></span> <span class='ocrx_word' id='word_1_742' title='bbox 258 4535 586 4607; x_wconf 82' lang='lat' dir='ltr'><strong><em>(Vercellen.</em></strong></span> <span class='ocrx_word' id='word_1_743' title='bbox 615 4537 671 4591; x_wconf 86' lang='lat' dir='ltr'><strong><em>in</em></strong></span> <span class='ocrx_word' id='word_1_744' title='bbox 695 4536 933 4606; x_wconf 82' lang='lat' dir='ltr'><strong><em>alteram)</em></strong></span> <span class='ocrx_word' id='word_1_745' title='bbox 963 4550 1331 4609; x_wconf 81' lang='lat' dir='ltr'><strong><em>persequentur</em></strong></span> <span class='ocrx_word' id='word_1_746' title='bbox 1359 4556 1445 4593; x_wconf 86' lang='lat' dir='ltr'><strong><em>vos</em></strong></span> <span class='ocrx_word' id='word_1_747' title='bbox 1463 4580 1479 4605; x_wconf 93' lang='lat'><strong><em>,</em></strong></span> <span class='ocrx_word' id='word_1_748' title='bbox 1513 4540 1673 4610; x_wconf 76' lang='lat' dir='ltr'><strong><em>fugite</em></strong></span> <span class='ocrx_word' id='word_1_749' title='bbox 1700 4536 1754 4597; x_wconf 84' lang='lat' dir='ltr'><strong>D</strong></span> <span class='ocrx_word' id='word_1_750' title='bbox 1778 4530 2207 4599; x_wconf 83' lang='lat' dir='ltr'><strong><em>quemadmodum</em></strong></span> <span class='ocrx_word' id='word_1_751' title='bbox 2237 4532 2289 4584; x_wconf 88' lang='lat' dir='ltr'><strong><em>in</em></strong></span> <span class='ocrx_word' id='word_1_752' title='bbox 2320 4548 2397 4584; x_wconf 89' lang='lat' dir='ltr'><strong><em>me</em></strong></span> <span class='ocrx_word' id='word_1_753' title='bbox 2413 4541 2483 4586; x_wconf 87' lang='lat' dir='ltr'><strong><em>est</em></strong></span> <span class='ocrx_word' id='word_1_754' title='bbox 2500 4530 2682 4597; x_wconf 88' lang='lat' dir='ltr'><strong><em>Pater,</em></strong></span> <span class='ocrx_word' id='word_1_755' title='bbox 2705 4541 2753 4585; x_wconf 90' lang='lat' dir='ltr'><strong><em>et</em></strong></span> <span class='ocrx_word' id='word_1_756' title='bbox 2785 4549 2877 4605; x_wconf 87' lang='lat' dir='ltr'><strong><em>ego</em></strong></span> <span class='ocrx_word' id='word_1_757' title='bbox 2902 4532 2956 4586; x_wconf 88' lang='lat' dir='ltr'><strong><em>in</em></strong></span> <span class='ocrx_word' id='word_1_758' title='bbox 2982 4530 3162 4587; x_wconf 84' lang='lat' dir='ltr'><strong><em>Patre.</em></strong></span> <span class='ocrx_word' id='word_1_759' title='bbox 3188 4531 3371 4602; x_wconf 83' lang='lat' dir='ltr'><strong><em>Amen,</em></strong></span> 
     </span>
    </p>
   </div>
   <div class='ocr_carea' id='block_1_58' title="bbox 94 4620 3367 4700">
    <p class='ocr_par' dir='ltr' id='par_1_58' title="bbox 94 4620 3367 4700">
     <span class='ocr_line' id='line_1_58' title="bbox 94 4620 3367 4700; baseline -0.002 -16"><span class='ocrx_word' id='word_1_760' title='bbox 94 4625 144 4679; x_wconf 76' lang='grc' dir='ltr'><strong><em>ἱι</em></strong></span> <span class='ocrx_word' id='word_1_761' title='bbox 163 4627 308 4685; x_wconf 70' lang='lat' dir='ltr'><strong><em>Iliam</em></strong></span> <span class='ocrx_word' id='word_1_762' title='bbox 337 4626 356 4699; x_wconf 88' lang='lat'><strong>(</strong></span> <span class='ocrx_word' id='word_1_763' title='bbox 380 4627 666 4693; x_wconf 83' lang='lat' dir='ltr'><strong><em>Corbeien.</em></strong></span> <span class='ocrx_word' id='word_1_764' title='bbox 696 4628 751 4682; x_wconf 89' lang='lat' dir='ltr'><strong><em>in</em></strong></span> <span class='ocrx_word' id='word_1_765' title='bbox 780 4628 1064 4700; x_wconf 88' lang='lat' dir='ltr'><strong><em>alteram).</em></strong></span> <span class='ocrx_word' id='word_1_766' title='bbox 1090 4627 1343 4684; x_wconf 84' lang='lat' dir='ltr'><strong><em>Nonnulli</em></strong></span> <span class='ocrx_word' id='word_1_767' title='bbox 1372 4628 1546 4685; x_wconf 68' lang='lat' dir='ltr'><strong><em>Graeci</em></strong></span> <span class='ocrx_word' id='word_1_768' title='bbox 1579 4644 1670 4684; x_wconf 78' lang='lat' dir='ltr'><strong><em>co-</em></strong></span> <span class='ocrx_word' id='word_1_769' title='bbox 1776 4637 1925 4676; x_wconf 83' lang='lat' dir='ltr'><strong><em>amen</em></strong></span> <span class='ocrx_word' id='word_1_770' title='bbox 1954 4622 2067 4676; x_wconf 85' lang='lat' dir='ltr'><strong><em>dico</em></strong></span> <span class='ocrx_word' id='word_1_771' title='bbox 2094 4621 2233 4676; x_wconf 80' lang='lat' dir='ltr'><strong><em>vobis</em></strong></span> <span class='ocrx_word' id='word_1_772' title='bbox 2254 4638 2273 4675; x_wconf 90' lang='lat'><strong><em>:</em></strong></span> <span class='ocrx_word' id='word_1_773' title='bbox 2306 4620 2427 4676; x_wconf 85' lang='lat' dir='ltr'><strong><em>Nisi</em></strong></span> <span class='ocrx_word' id='word_1_774' title='bbox 2448 4623 2749 4695; x_wconf 82' lang='lat' dir='ltr'><strong><em>acceperitis</em></strong></span> <span class='ocrx_word' id='word_1_775' title='bbox 2771 4639 2961 4690; x_wconf 86' lang='lat' dir='ltr'><strong><em>corpus</em></strong></span> <span class='ocrx_word' id='word_1_776' title='bbox 2987 4623 3086 4692; x_wconf 80' lang='lat' dir='ltr'><strong><em>filii</em></strong></span> <span class='ocrx_word' id='word_1_777' title='bbox 3111 4625 3334 4679; x_wconf 84' lang='lat' dir='ltr'><strong><em>hominis</em></strong></span> <span class='ocrx_word' id='word_1_778' title='bbox 3352 4666 3367 4690; x_wconf 89' lang='lat'><strong><em>,</em></strong></span> 
     </span>
    </p>
   </div>
   <div class='ocr_carea' id='block_1_59' title="bbox 96 4714 3368 4792">
    <p class='ocr_par' dir='ltr' id='par_1_59' title="bbox 96 4714 3368 4792">
     <span class='ocr_line' id='line_1_59' title="bbox 96 4714 3368 4792; baseline -0.001 -18"><span class='ocrx_word' id='word_1_779' title='bbox 96 4716 405 4775; x_wconf 73' lang='lat' dir='ltr'><strong><em>dicesmanu</em></strong></span> <span class='ocrx_word' id='word_1_780' title='bbox 431 4718 677 4786; x_wconf 78' lang='lat' dir='ltr'><strong><em>exarati,</em></strong></span> <span class='ocrx_word' id='word_1_781' title='bbox 714 4718 783 4775; x_wconf 90' lang='lat' dir='ltr'><strong><em>de</em></strong></span> <span class='ocrx_word' id='word_1_782' title='bbox 809 4719 1002 4792; x_wconf 85' lang='lat' dir='ltr'><strong><em>quibus</em></strong></span> <span class='ocrx_word' id='word_1_783' title='bbox 1032 4721 1231 4776; x_wconf 88' lang='lat' dir='ltr'><strong><em>Millius</em></strong></span> <span class='ocrx_word' id='word_1_784' title='bbox 1268 4722 1322 4777; x_wconf 87' lang='lat' dir='ltr'><strong><em>in</em></strong></span> <span class='ocrx_word' id='word_1_785' title='bbox 1352 4720 1482 4777; x_wconf 73' lang='lat' dir='ltr'><strong><em>Var.</em></strong></span> <span class='ocrx_word' id='word_1_786' title='bbox 1514 4721 1664 4777; x_wconf 74' lang='lat' dir='ltr'><strong><em>Lect,</em></strong></span> <span class='ocrx_word' id='word_1_787' title='bbox 1775 4714 1904 4768; x_wconf 75' lang='lat' dir='ltr'><strong><em>siml</em></strong></span> <span class='ocrx_word' id='word_1_788' title='bbox 1956 4730 2138 4783; x_wconf 83' lang='lat' dir='ltr'><strong><em>panem</em></strong></span> <span class='ocrx_word' id='word_1_789' title='bbox 2173 4714 2317 4779; x_wconf 72' lang='lat' dir='ltr'><strong><em>vitta,</em></strong></span> <span class='ocrx_word' id='word_1_790' title='bbox 2372 4723 2421 4767; x_wconf 90' lang='lat' dir='ltr'><strong><em>et</em></strong></span> <span class='ocrx_word' id='word_1_791' title='bbox 2450 4714 2552 4769; x_wconf 88' lang='lat' dir='ltr'><strong><em>nisi</em></strong></span> <span class='ocrx_word' id='word_1_792' title='bbox 2589 4714 2816 4773; x_wconf 87' lang='lat' dir='ltr'><strong><em>biberitis</em></strong></span> <span class='ocrx_word' id='word_1_793' title='bbox 2854 4717 2966 4790; x_wconf 86' lang='lat' dir='ltr'><strong><em>ejus</em></strong></span> <span class='ocrx_word' id='word_1_794' title='bbox 3010 4718 3323 4791; x_wconf 84' lang='lat' dir='ltr'><strong><em>sanguinem</em></strong></span> <span class='ocrx_word' id='word_1_795' title='bbox 3353 4760 3368 4784; x_wconf 95' lang='lat'><strong><em>,</em></strong></span> 
     </span>
    </p>
   </div>
   <div class='ocr_carea' id='block_1_60' title="bbox 98 4803 3372 4888">
    <p class='ocr_par' dir='ltr' id='par_1_60' title="bbox 98 4803 3372 4888">
     <span class='ocr_line' id='line_1_60' title="bbox 98 4803 3372 4888; baseline 0.003 -31"><span class='ocrx_word' id='word_1_796' title='bbox 98 4811 323 4867; x_wconf 69' lang='grc' dir='ltr'><strong><em>εἰωίιηει-</em></strong></span> <span class='ocrx_word' id='word_1_797' title='bbox 349 4822 470 4887; x_wconf 59' lang='lat' dir='ltr'><strong><em>pag;</em></strong></span> <span class='ocrx_word' id='word_1_798' title='bbox 493 4813 583 4869; x_wconf 75' lang='lat' dir='ltr'><strong><em>illa</em></strong></span> <span class='ocrx_word' id='word_1_799' title='bbox 606 4813 770 4877; x_wconf 57' lang='lat' dir='ltr'><strong><em>verba</em></strong></span> <span class='ocrx_word' id='word_1_800' title='bbox 804 4814 968 4888; x_wconf 56' lang='lat' dir='ltr'><strong><em>fugite</em></strong></span> <span class='ocrx_word' id='word_1_801' title='bbox 996 4815 1050 4869; x_wconf 77' lang='grc' dir='ltr'><strong><em>ίη</em></strong></span> <span class='ocrx_word' id='word_1_802' title='bbox 1077 4815 1257 4882; x_wconf 65' lang='lat' dir='ltr'><strong><em>aliam,</em></strong></span> <span class='ocrx_word' id='word_1_803' title='bbox 1288 4814 1406 4871; x_wconf 61' lang='lat' dir='ltr'><strong><em>haec</em></strong></span> <span class='ocrx_word' id='word_1_804' title='bbox 1436 4814 1665 4885; x_wconf 57' lang='lat' dir='ltr'><strong><em>addunt,</em></strong></span> <span class='ocrx_word' id='word_1_805' title='bbox 1774 4821 1877 4861; x_wconf 85' lang='lat' dir='ltr'><strong><em>non</em></strong></span> <span class='ocrx_word' id='word_1_806' title='bbox 1921 4803 2168 4859; x_wconf 83' lang='lat' dir='ltr'><strong><em>habebitis</em></strong></span> <span class='ocrx_word' id='word_1_807' title='bbox 2205 4807 2357 4859; x_wconf 86' lang='lat' dir='ltr'><strong><em>vitam</em></strong></span> <span class='ocrx_word' id='word_1_808' title='bbox 2405 4806 2459 4859; x_wconf 88' lang='lat' dir='ltr'><strong><em>in</em></strong></span> <span class='ocrx_word' id='word_1_809' title='bbox 2507 4806 2667 4861; x_wconf 83' lang='lat' dir='ltr'><strong><em>vobis.</em></strong></span> <span class='ocrx_word' id='word_1_810' title='bbox 2737 4809 2839 4875; x_wconf 85' lang='lat' dir='ltr'><strong><em>Qui</em></strong></span> <span class='ocrx_word' id='word_1_811' title='bbox 2883 4810 3165 4864; x_wconf 89' lang='lat' dir='ltr'><strong><em>manducat</em></strong></span> <span class='ocrx_word' id='word_1_812' title='bbox 3205 4827 3372 4866; x_wconf 87' lang='lat' dir='ltr'><strong><em>meam</em></strong></span> 
     </span>
    </p>
   </div>
   <div class='ocr_carea' id='block_1_61' title="bbox 97 4897 3367 4981">
    <p class='ocr_par' dir='ltr' id='par_1_61' title="bbox 97 4897 3367 4981">
     <span class='ocr_line' id='line_1_61' title="bbox 97 4897 3367 4981; baseline 0.003 -33"><span class='ocrx_word' id='word_1_813' title='bbox 97 4905 218 4973; x_wconf 61' lang='grc' dir='ltr'><strong><em>φα</em></strong></span> <span class='ocrx_word' id='word_1_814' title='bbox 246 4906 289 4959; x_wconf 69' lang='grc' dir='ltr'><strong><em>εξ</em></strong></span> <span class='ocrx_word' id='word_1_815' title='bbox 310 4906 564 4977; x_wconf 59' lang='lat' dir='ltr'><strong><em>persecuti</em></strong></span> <span class='ocrx_word' id='word_1_816' title='bbox 589 4920 679 4961; x_wconf 69' lang='grc' dir='ltr'><strong><em>υοε</em></strong></span> <span class='ocrx_word' id='word_1_817' title='bbox 705 4906 894 4981; x_wconf 57' lang='lat' dir='ltr'><strong><em>fuerim</em></strong></span> <span class='ocrx_word' id='word_1_818' title='bbox 920 4907 973 4960; x_wconf 75' lang='lat' dir='ltr'><strong><em>in</em></strong></span> <span class='ocrx_word' id='word_1_819' title='bbox 1001 4906 1185 4975; x_wconf 63' lang='lat' dir='ltr'><strong><em>altera,</em></strong></span> <span class='ocrx_word' id='word_1_820' title='bbox 1218 4907 1379 4978; x_wconf 70' lang='lat' dir='ltr'><strong><em>fugite</em></strong></span> <span class='ocrx_word' id='word_1_821' title='bbox 1399 4907 1454 4961; x_wconf 76' lang='lat' dir='ltr'><strong><em>in</em></strong></span> <span class='ocrx_word' id='word_1_822' title='bbox 1483 4907 1664 4965; x_wconf 74' lang='grc' dir='ltr'><strong>αιξαηι,</strong></span> <span class='ocrx_word' id='word_1_823' title='bbox 1773 4915 1999 4964; x_wconf 84' lang='lat' dir='ltr'><strong><em>carnem,</em></strong></span> <span class='ocrx_word' id='word_1_824' title='bbox 2027 4909 2075 4952; x_wconf 87' lang='lat' dir='ltr'><strong><em>et</em></strong></span> <span class='ocrx_word' id='word_1_825' title='bbox 2103 4897 2225 4953; x_wconf 87' lang='lat' dir='ltr'><strong><em>bibit</em></strong></span> <span class='ocrx_word' id='word_1_826' title='bbox 2254 4913 2420 4954; x_wconf 90' lang='lat' dir='ltr'><strong><em>meum</em></strong></span> <span class='ocrx_word' id='word_1_827' title='bbox 2450 4900 2776 4971; x_wconf 75' lang='lat' dir='ltr'><strong><em>sanguinem</em></strong></span> <span class='ocrx_word' id='word_1_828' title='bbox 2805 4943 2819 4967; x_wconf 92' lang='lat'><strong><em>,</em></strong></span> <span class='ocrx_word' id='word_1_829' title='bbox 2863 4902 3009 4957; x_wconf 86' lang='lat' dir='ltr'><strong><em>habet</em></strong></span> <span class='ocrx_word' id='word_1_830' title='bbox 3041 4904 3194 4958; x_wconf 83' lang='lat' dir='ltr'><strong><em>vitam</em></strong></span> <span class='ocrx_word' id='word_1_831' title='bbox 3218 4914 3367 4959; x_wconf 67' lang='grc' dir='ltr'><strong><em>(εἰει-</em></strong></span> 
     </span>
    </p>
   </div>
   <div class='ocr_carea' id='block_1_62' title="bbox 96 4995 1909 5075">
    <p class='ocr_par' dir='ltr' id='par_1_62' title="bbox 96 4995 1909 5075">
     <span class='ocr_line' id='line_1_62' title="bbox 96 4995 1909 5075; baseline 0 -19"><span class='ocrx_word' id='word_1_832' title='bbox 96 4995 143 5056; x_wconf 88' lang='lat' dir='ltr'><strong><em>S.</em></strong></span> <span class='ocrx_word' id='word_1_833' title='bbox 161 4998 464 5057; x_wconf 79' lang='lat' dir='ltr'><strong><em>Ambrosius</em></strong></span> <span class='ocrx_word' id='word_1_834' title='bbox 491 5013 706 5075; x_wconf 80' lang='lat' dir='ltr'><strong><em>quoque</em></strong></span> <span class='ocrx_word' id='word_1_835' title='bbox 732 4999 787 5055; x_wconf 92' lang='lat' dir='ltr'><strong><em>in</em></strong></span> <span class='ocrx_word' id='word_1_836' title='bbox 819 4998 957 5061; x_wconf 87' lang='lat' dir='ltr'><strong><em>libro</em></strong></span> <span class='ocrx_word' id='word_1_837' title='bbox 983 4998 1050 5057; x_wconf 89' lang='lat' dir='ltr'><strong><em>de</em></strong></span> <span class='ocrx_word' id='word_1_838' title='bbox 1074 4998 1219 5073; x_wconf 87' lang='lat' dir='ltr'><strong><em>Fuga</em></strong></span> <span class='ocrx_word' id='word_1_839' title='bbox 1247 5000 1443 5056; x_wconf 70' lang='lat' dir='ltr'><strong><em>Smcul.</em></strong></span> <span class='ocrx_word' id='word_1_840' title='bbox 1470 5003 1662 5071; x_wconf 48' lang='lat' dir='ltr'><strong><em>caput,</em></strong></span> <span class='ocrx_word' id='word_1_841' title='bbox 1769 5008 1909 5047; x_wconf 75' lang='lat' dir='ltr'><strong><em>nam-</em></strong></span> 
     </span>
    </p>
   </div>
   <div class='ocr_carea' id='block_1_63' title="bbox 98 5084 1658 5169">
    <p class='ocr_par' dir='ltr' id='par_1_63' title="bbox 98 5090 1658 5169">
     <span class='ocr_line' id='line_1_63' title="bbox 98 5090 1658 5169; baseline 0.004 -22"><span class='ocrx_word' id='word_1_842' title='bbox 98 5105 197 5163; x_wconf 67' lang='grc' dir='ltr'><strong><em>με.</em></strong></span> <span class='ocrx_word' id='word_1_843' title='bbox 228 5090 346 5162; x_wconf 60' lang='grc' dir='ltr'><strong><em>ΕΞ,</em></strong></span> <span class='ocrx_word' id='word_1_844' title='bbox 372 5092 512 5165; x_wconf 75' lang='lat' dir='ltr'><strong><em>quod</em></strong></span> <span class='ocrx_word' id='word_1_845' title='bbox 536 5093 584 5155; x_wconf 74' lang='lat' dir='ltr'><strong><em>si</em></strong></span> <span class='ocrx_word' id='word_1_846' title='bbox 603 5093 657 5153; x_wconf 78' lang='lat' dir='ltr'><strong><em>in</em></strong></span> <span class='ocrx_word' id='word_1_847' title='bbox 678 5093 839 5151; x_wconf 79' lang='lat' dir='ltr'><strong><em>aliam</em></strong></span> <span class='ocrx_word' id='word_1_848' title='bbox 866 5102 1229 5169; x_wconf 78' lang='lat' dir='ltr'><strong><em>persequentur</em></strong></span> <span class='ocrx_word' id='word_1_849' title='bbox 1257 5109 1347 5150; x_wconf 76' lang='lat' dir='ltr'><strong><em>vos</em></strong></span> <span class='ocrx_word' id='word_1_850' title='bbox 1377 5136 1392 5163; x_wconf 97' lang='lat'><strong><em>,</em></strong></span> <span class='ocrx_word' id='word_1_851' title='bbox 1420 5095 1582 5169; x_wconf 76' lang='lat' dir='ltr'><strong><em>fugite</em></strong></span> <span class='ocrx_word' id='word_1_852' title='bbox 1609 5095 1658 5155; x_wconf 79' lang='lat' dir='ltr'><strong><em>in</em></strong></span> 
     </span>
    </p>
   </div>
   <div class='ocr_carea' id='block_1_64' title="bbox 1810 5084 3370 5169">
    <p class='ocr_par' dir='ltr' id='par_1_64' title="bbox 1840 5084 3370 5159">
     <span class='ocr_line' id='line_1_64' title="bbox 1840 5084 3370 5159; baseline 0.001 -20"><span class='ocrx_word' id='word_1_853' title='bbox 1840 5085 2003 5141; x_wconf 83' lang='lat' dir='ltr'><strong><em>Marc.</em></strong></span> <span class='ocrx_word' id='word_1_854' title='bbox 2031 5100 2151 5155; x_wconf 91' lang='lat' dir='ltr'><strong><em>cap.</em></strong></span> <span class='ocrx_word' id='word_1_855' title='bbox 2180 5100 2255 5153; x_wconf 79' lang='lat' dir='ltr'><strong><em>Vl,</em></strong></span> <span class='ocrx_word' id='word_1_856' title='bbox 2284 5084 2371 5145; x_wconf 83' lang='lat' dir='ltr'><strong><em>ll.</em></strong></span> <span class='ocrx_word' id='word_1_857' title='bbox 2404 5084 2711 5143; x_wconf 88' lang='lat' dir='ltr'><strong><em>Vercelleu.</em></strong></span> <span class='ocrx_word' id='word_1_858' title='bbox 2744 5085 2913 5154; x_wconf 87' lang='lat' dir='ltr'><strong><em>addit,</em></strong></span> <span class='ocrx_word' id='word_1_859' title='bbox 2948 5087 3110 5141; x_wconf 84' lang='lat' dir='ltr'><strong><em>Amen</em></strong></span> <span class='ocrx_word' id='word_1_860' title='bbox 3146 5086 3261 5159; x_wconf 79' lang='lat' dir='ltr'><strong><em>dico</em></strong></span> <span class='ocrx_word' id='word_1_861' title='bbox 3281 5104 3370 5141; x_wconf 76' lang='lat' dir='ltr'><strong><em>ro-</em></strong></span> 
     </span>
    </p>
   </div>
   <div class='ocr_carea' id='block_1_65' title="bbox 98 5176 3365 5248">
    <p class='ocr_par' dir='ltr' id='par_1_65' title="bbox 98 5176 3365 5248">
     <span class='ocr_line' id='line_1_65' title="bbox 98 5176 3365 5248; baseline -0.002 -10"><span class='ocrx_word' id='word_1_862' title='bbox 98 5183 254 5248; x_wconf 72' lang='grc' dir='ltr'><strong>ιισιι,</strong></span> <span class='ocrx_word' id='word_1_863' title='bbox 282 5190 337 5240; x_wconf 89' lang='lat' dir='ltr'><strong><em>et</em></strong></span> <span class='ocrx_word' id='word_1_864' title='bbox 363 5183 436 5239; x_wconf 83' lang='lat' dir='ltr'><strong><em>ita</em></strong></span> <span class='ocrx_word' id='word_1_865' title='bbox 466 5181 649 5243; x_wconf 79' lang='lat' dir='ltr'><strong><em>versio</em></strong></span> <span class='ocrx_word' id='word_1_866' title='bbox 679 5179 972 5240; x_wconf 82' lang='lat' dir='ltr'><strong><em>Saxonica.</em></strong></span> <span class='ocrx_word' id='word_1_867' title='bbox 1767 5176 1873 5232; x_wconf 87' lang='lat' dir='ltr'><strong><em>bis:</em></strong></span> <span class='ocrx_word' id='word_1_868' title='bbox 1896 5177 2161 5232; x_wconf 85' lang='lat' dir='ltr'><strong><em>remissius</em></strong></span> <span class='ocrx_word' id='word_1_869' title='bbox 2188 5180 2284 5233; x_wconf 89' lang='lat' dir='ltr'><strong><em>erit</em></strong></span> <span class='ocrx_word' id='word_1_870' title='bbox 2313 5178 2587 5244; x_wconf 84' lang='lat' dir='ltr'><strong><em>Sodomis,</em></strong></span> <span class='ocrx_word' id='word_1_871' title='bbox 2619 5187 2666 5233; x_wconf 86' lang='lat' dir='ltr'><strong><em>et</em></strong></span> <span class='ocrx_word' id='word_1_872' title='bbox 2697 5177 2937 5234; x_wconf 86' lang='lat' dir='ltr'><strong><em>Gomoris</em></strong></span> <span class='ocrx_word' id='word_1_873' title='bbox 2968 5179 3020 5233; x_wconf 90' lang='lat' dir='ltr'><strong><em>in</em></strong></span> <span class='ocrx_word' id='word_1_874' title='bbox 3049 5180 3130 5234; x_wconf 88' lang='lat' dir='ltr'><strong><em>die</em></strong></span> <span class='ocrx_word' id='word_1_875' title='bbox 3147 5179 3365 5245; x_wconf 61' lang='lat' dir='ltr'><strong><em>Indis-ii,</em></strong></span> 
     </span>
    </p>
   </div>
   <div class='ocr_carea' id='block_1_66' title="bbox 153 5271 3368 5349">
    <p class='ocr_par' dir='ltr' id='par_1_66' title="bbox 153 5271 3368 5349">
     <span class='ocr_line' id='line_1_66' title="bbox 153 5271 3368 5349; baseline -0.001 -19"><span class='ocrx_word' id='word_1_876' title='bbox 153 5275 323 5337; x_wconf 64' lang='lat' dir='ltr'><strong><em>Matth.</em></strong></span> <span class='ocrx_word' id='word_1_877' title='bbox 352 5289 476 5349; x_wconf 82' lang='lat' dir='ltr'><strong><em>cap.</em></strong></span> <span class='ocrx_word' id='word_1_878' title='bbox 509 5289 638 5349; x_wconf 74' lang='lat' dir='ltr'><strong><em>nt,</em></strong></span> <span class='ocrx_word' id='word_1_879' title='bbox 671 5275 759 5333; x_wconf 78' lang='lat'><strong><em>37.</em></strong></span> <span class='ocrx_word' id='word_1_880' title='bbox 824 5272 1126 5334; x_wconf 80' lang='lat' dir='ltr'><strong><em>Vercellen.</em></strong></span> <span class='ocrx_word' id='word_1_881' title='bbox 1152 5313 1168 5339; x_wconf 88' lang='lat'><strong><em>,</em></strong></span> <span class='ocrx_word' id='word_1_882' title='bbox 1200 5272 1407 5331; x_wconf 75' lang='lat' dir='ltr'><strong><em>Veron.</em></strong></span> <span class='ocrx_word' id='word_1_883' title='bbox 1440 5281 1495 5329; x_wconf 89' lang='lat' dir='ltr'><strong><em>et</em></strong></span> <span class='ocrx_word' id='word_1_884' title='bbox 1523 5272 1659 5329; x_wconf 86' lang='lat' dir='ltr'><strong><em>Cor-</em></strong></span> <span class='ocrx_word' id='word_1_885' title='bbox 1761 5287 1914 5339; x_wconf 82' lang='lat' dir='ltr'><strong><em>quant</em></strong></span> <span class='ocrx_word' id='word_1_886' title='bbox 1942 5271 2133 5325; x_wconf 88' lang='lat' dir='ltr'><strong><em>civitati</em></strong></span> <span class='ocrx_word' id='word_1_887' title='bbox 2152 5272 2253 5326; x_wconf 88' lang='lat' dir='ltr'><strong><em>illi.</em></strong></span> <span class='ocrx_word' id='word_1_888' title='bbox 2305 5271 2544 5327; x_wconf 70' lang='lat' dir='ltr'><strong><em>Brixian.</em></strong></span> <span class='ocrx_word' id='word_1_889' title='bbox 2579 5272 2737 5326; x_wconf 87' lang='lat' dir='ltr'><strong><em>Amen</em></strong></span> <span class='ocrx_word' id='word_1_890' title='bbox 2761 5272 2881 5329; x_wconf 88' lang='lat' dir='ltr'><strong><em>dico</em></strong></span> <span class='ocrx_word' id='word_1_891' title='bbox 2910 5273 3087 5327; x_wconf 81' lang='lat' dir='ltr'><strong><em>vobis:</em></strong></span> <span class='ocrx_word' id='word_1_892' title='bbox 3130 5273 3368 5327; x_wconf 83' lang='lat' dir='ltr'><strong><em>tolerabi-</em></strong></span> 
     </span>
    </p>
   </div>
   <div class='ocr_carea' id='block_1_67' title="bbox 102 5361 3367 5439">
    <p class='ocr_par' dir='ltr' id='par_1_67' title="bbox 102 5361 3367 5439">
     <span class='ocr_line' id='line_1_67' title="bbox 102 5361 3367 5439; baseline -0.001 -18"><span class='ocrx_word' id='word_1_893' title='bbox 102 5366 245 5431; x_wconf 76' lang='lat' dir='ltr'><strong><em>bcien.</em></strong></span> <span class='ocrx_word' id='word_1_894' title='bbox 266 5410 286 5439; x_wconf 87' lang='lat'><strong><em>,</em></strong></span> <span class='ocrx_word' id='word_1_895' title='bbox 330 5366 536 5427; x_wconf 78' lang='lat' dir='ltr'><strong><em>Filium</em></strong></span> <span class='ocrx_word' id='word_1_896' title='bbox 573 5381 722 5421; x_wconf 80' lang='lat' dir='ltr'><strong><em>suum</em></strong></span> <span class='ocrx_word' id='word_1_897' title='bbox 751 5366 960 5423; x_wconf 80' lang='lat' dir='ltr'><strong><em>unicum</em></strong></span> <span class='ocrx_word' id='word_1_898' title='bbox 984 5406 1001 5434; x_wconf 95' lang='lat'><strong><em>,</em></strong></span> <span class='ocrx_word' id='word_1_899' title='bbox 1029 5373 1084 5423; x_wconf 86' lang='lat' dir='ltr'><strong><em>ct</em></strong></span> <span class='ocrx_word' id='word_1_900' title='bbox 1113 5365 1183 5420; x_wconf 90' lang='lat' dir='ltr'><strong><em>ita</em></strong></span> <span class='ocrx_word' id='word_1_901' title='bbox 1215 5363 1274 5420; x_wconf 92' lang='lat' dir='ltr'><strong><em>S.</em></strong></span> <span class='ocrx_word' id='word_1_902' title='bbox 1301 5364 1572 5433; x_wconf 61' lang='lat' dir='ltr'><strong><em>Irenaus,</em></strong></span> <span class='ocrx_word' id='word_1_903' title='bbox 1602 5365 1659 5423; x_wconf 87' lang='lat' dir='ltr'><strong><em>S.</em></strong></span> <span class='ocrx_word' id='word_1_904' title='bbox 1768 5362 1871 5417; x_wconf 87' lang='lat' dir='ltr'><strong><em>lius</em></strong></span> <span class='ocrx_word' id='word_1_905' title='bbox 1896 5364 1993 5417; x_wconf 89' lang='lat' dir='ltr'><strong><em>erit</em></strong></span> <span class='ocrx_word' id='word_1_906' title='bbox 2023 5361 2263 5418; x_wconf 88' lang='lat' dir='ltr'><strong><em>Sodomis</em></strong></span> <span class='ocrx_word' id='word_1_907' title='bbox 2292 5373 2383 5418; x_wconf 88' lang='lat' dir='ltr'><strong><em>aut</em></strong></span> <span class='ocrx_word' id='word_1_908' title='bbox 2428 5362 2665 5418; x_wconf 83' lang='lat' dir='ltr'><strong><em>Gomoris</em></strong></span> <span class='ocrx_word' id='word_1_909' title='bbox 2688 5364 2741 5418; x_wconf 88' lang='lat' dir='ltr'><strong><em>in</em></strong></span> <span class='ocrx_word' id='word_1_910' title='bbox 2769 5364 2854 5420; x_wconf 86' lang='lat' dir='ltr'><strong><em>die</em></strong></span> <span class='ocrx_word' id='word_1_911' title='bbox 2867 5364 2901 5419; x_wconf 71' lang='grc' dir='ltr'><strong><em>,Ι</em></strong></span> <span class='ocrx_word' id='word_1_912' title='bbox 2909 5365 3085 5435; x_wconf 83' lang='lat' dir='ltr'><strong><em>udicii,</em></strong></span> <span class='ocrx_word' id='word_1_913' title='bbox 3110 5380 3263 5433; x_wconf 88' lang='lat' dir='ltr'><strong><em>quam</em></strong></span> <span class='ocrx_word' id='word_1_914' title='bbox 3290 5365 3367 5418; x_wconf 87' lang='lat' dir='ltr'><strong><em>illi</em></strong></span> 
     </span>
    </p>
   </div>
   <div class='ocr_carea' id='block_1_68' title="bbox 105 5442 3366 5530">
    <p class='ocr_par' dir='ltr' id='par_1_68' title="bbox 105 5442 3366 5530">
     <span class='ocr_line' id='line_1_68' title="bbox 105 5442 3366 5530; baseline -0.003 -12"><span class='ocrx_word' id='word_1_915' title='bbox 105 5461 374 5525; x_wconf 72' lang='lat' dir='ltr'><strong><em>Ambrosius</em></strong></span> <span class='ocrx_word' id='word_1_916' title='bbox 425 5468 489 5518; x_wconf 83' lang='lat' dir='ltr'><strong><em>et</em></strong></span> <span class='ocrx_word' id='word_1_917' title='bbox 539 5457 759 5519; x_wconf 72' lang='lat' dir='ltr'><strong><em>Lucifer</em></strong></span> <span class='ocrx_word' id='word_1_918' title='bbox 783 5442 1142 5523; x_wconf 80' lang='lat' dir='ltr'><strong><em>Calaritanus.</em></strong></span> <span class='ocrx_word' id='word_1_919' title='bbox 1172 5457 1414 5521; x_wconf 79' lang='lat' dir='ltr'><strong><em>Brixian.</em></strong></span> <span class='ocrx_word' id='word_1_920' title='bbox 1459 5459 1663 5530; x_wconf 85' lang='lat' dir='ltr'><strong><em>pariter</em></strong></span> <span class='ocrx_word' id='word_1_921' title='bbox 1764 5455 1995 5522; x_wconf 82' lang='lat' dir='ltr'><strong><em>civitati,</em></strong></span> <span class='ocrx_word' id='word_1_922' title='bbox 2043 5466 2097 5510; x_wconf 90' lang='lat' dir='ltr'><strong><em>et</em></strong></span> <span class='ocrx_word' id='word_1_923' title='bbox 2143 5460 2214 5509; x_wconf 88' lang='lat' dir='ltr'><strong><em>ita</em></strong></span> <span class='ocrx_word' id='word_1_924' title='bbox 2255 5454 2309 5509; x_wconf 90' lang='lat' dir='ltr'><strong><em>in</em></strong></span> <span class='ocrx_word' id='word_1_925' title='bbox 2362 5455 2615 5511; x_wconf 78' lang='lat' dir='ltr'><strong><em>versiculi</em></strong></span> <span class='ocrx_word' id='word_1_926' title='bbox 2648 5455 2809 5526; x_wconf 89' lang='lat' dir='ltr'><strong><em>hujus</em></strong></span> <span class='ocrx_word' id='word_1_927' title='bbox 2851 5455 2958 5511; x_wconf 81' lang='lat' dir='ltr'><strong><em>line</em></strong></span> <span class='ocrx_word' id='word_1_928' title='bbox 2981 5450 3129 5510; x_wconf 85' lang='lat' dir='ltr'><strong><em>addit</em></strong></span> <span class='ocrx_word' id='word_1_929' title='bbox 3160 5453 3366 5510; x_wconf 80' lang='lat' dir='ltr'><strong><em>Textus</em></strong></span> 
     </span>
    </p>
   </div>
   <div class='ocr_carea' id='block_1_69' title="bbox 109 5545 3367 5625">
    <p class='ocr_par' dir='ltr' id='par_1_69' title="bbox 109 5545 3367 5625">
     <span class='ocr_line' id='line_1_69' title="bbox 109 5545 3367 5625; baseline -0.003 -16"><span class='ocrx_word' id='word_1_930' title='bbox 109 5550 246 5625; x_wconf 70' lang='lat' dir='ltr'><strong><em>habet,</em></strong></span> <span class='ocrx_word' id='word_1_931' title='bbox 272 5554 436 5624; x_wconf 76' lang='lat' dir='ltr'><strong><em>ﬁlium</em></strong></span> <span class='ocrx_word' id='word_1_932' title='bbox 461 5568 617 5615; x_wconf 77' lang='lat' dir='ltr'><strong><em>suum</em></strong></span> <span class='ocrx_word' id='word_1_933' title='bbox 644 5550 985 5621; x_wconf 74' lang='lat' dir='ltr'><strong><em>unigenitum.</em></strong></span> <span class='ocrx_word' id='word_1_934' title='bbox 1765 5548 2006 5617; x_wconf 77' lang='lat' dir='ltr'><strong><em>Grmcus,</em></strong></span> <span class='ocrx_word' id='word_1_935' title='bbox 2034 5546 2193 5605; x_wconf 77' lang='lat' dir='ltr'><strong><em>Amen</em></strong></span> <span class='ocrx_word' id='word_1_936' title='bbox 2217 5546 2333 5601; x_wconf 85' lang='lat' dir='ltr'><strong><em>dico</em></strong></span> <span class='ocrx_word' id='word_1_937' title='bbox 2364 5547 2501 5603; x_wconf 84' lang='lat' dir='ltr'><strong><em>uobis</em></strong></span> <span class='ocrx_word' id='word_1_938' title='bbox 2521 5567 2540 5602; x_wconf 89' lang='lat'><strong><em>:</em></strong></span> <span class='ocrx_word' id='word_1_939' title='bbox 2572 5548 2889 5603; x_wconf 78' lang='lat' dir='ltr'><strong><em>tolerabilius</em></strong></span> <span class='ocrx_word' id='word_1_940' title='bbox 2905 5549 3003 5602; x_wconf 89' lang='lat' dir='ltr'><strong><em>erit</em></strong></span> <span class='ocrx_word' id='word_1_941' title='bbox 3024 5556 3170 5601; x_wconf 82' lang='lat' dir='ltr'><strong><em>teme</em></strong></span> <span class='ocrx_word' id='word_1_942' title='bbox 3193 5545 3367 5599; x_wconf 84' lang='lat' dir='ltr'><strong><em>Sodo-</em></strong></span> 
     </span>
    </p>
   </div>
   <div class='ocr_carea' id='block_1_70' title="bbox 155 5635 3363 5723">
    <p class='ocr_par' dir='ltr' id='par_1_70' title="bbox 155 5635 3363 5723">
     <span class='ocr_line' id='line_1_70' title="bbox 155 5635 3363 5723; baseline -0.004 -22"><span class='ocrx_word' id='word_1_943' title='bbox 155 5643 309 5717; x_wconf 70' lang='lat' dir='ltr'><strong><em>lauit.</em></strong></span> <span class='ocrx_word' id='word_1_944' title='bbox 334 5658 462 5723; x_wconf 83' lang='lat' dir='ltr'><strong><em>cap.</em></strong></span> <span class='ocrx_word' id='word_1_945' title='bbox 496 5657 611 5710; x_wconf 64' lang='lat' dir='ltr'><strong><em>xxx,</em></strong></span> <span class='ocrx_word' id='word_1_946' title='bbox 638 5642 737 5698; x_wconf 81' lang='grc'><strong><em>57.</em></strong></span> <span class='ocrx_word' id='word_1_947' title='bbox 789 5640 1095 5705; x_wconf 77' lang='lat' dir='ltr'><strong><em>Vercellen.</em></strong></span> <span class='ocrx_word' id='word_1_948' title='bbox 1136 5650 1189 5697; x_wconf 88' lang='lat' dir='ltr'><strong><em>et</em></strong></span> <span class='ocrx_word' id='word_1_949' title='bbox 1222 5640 1490 5699; x_wconf 85' lang='lat' dir='ltr'><strong><em>VerOucn.</em></strong></span> <span class='ocrx_word' id='word_1_950' title='bbox 1523 5643 1664 5697; x_wconf 84' lang='lat' dir='ltr'><strong><em>misit</em></strong></span> <span class='ocrx_word' id='word_1_951' title='bbox 1764 5657 1964 5711; x_wconf 84' lang='lat' dir='ltr'><strong><em>morum</em></strong></span> <span class='ocrx_word' id='word_1_952' title='bbox 1992 5650 2039 5695; x_wconf 89' lang='lat' dir='ltr'><strong><em>et</em></strong></span> <span class='ocrx_word' id='word_1_953' title='bbox 2085 5637 2528 5695; x_wconf 81' lang='lat' dir='ltr'><strong><em>Gomorrlueorum</em></strong></span> <span class='ocrx_word' id='word_1_954' title='bbox 2559 5641 2612 5693; x_wconf 91' lang='lat' dir='ltr'><strong><em>in</em></strong></span> <span class='ocrx_word' id='word_1_955' title='bbox 2639 5639 2722 5693; x_wconf 90' lang='lat' dir='ltr'><strong><em>die</em></strong></span> <span class='ocrx_word' id='word_1_956' title='bbox 2741 5638 2957 5706; x_wconf 85' lang='lat' dir='ltr'><strong><em>Iudicii,</em></strong></span> <span class='ocrx_word' id='word_1_957' title='bbox 2989 5646 3144 5707; x_wconf 86' lang='lat' dir='ltr'><strong><em>quam</em></strong></span> <span class='ocrx_word' id='word_1_958' title='bbox 3170 5635 3251 5689; x_wconf 85' lang='lat' dir='ltr'><strong><em>illi</em></strong></span> <span class='ocrx_word' id='word_1_959' title='bbox 3278 5635 3363 5689; x_wconf 88' lang='lat' dir='ltr'><strong><em>Ci-</em></strong></span> 
     </span>
    </p>
   </div>
   <div class='ocr_carea' id='block_1_71' title="bbox 114 5725 3360 5808">
    <p class='ocr_par' dir='ltr' id='par_1_71' title="bbox 114 5725 3360 5808">
     <span class='ocr_line' id='line_1_71' title="bbox 114 5725 3360 5808; baseline -0.003 -17"><span class='ocrx_word' id='word_1_960' title='bbox 114 5737 201 5808; x_wconf 80' lang='lat' dir='ltr'><strong><em>iilit,</em></strong></span> <span class='ocrx_word' id='word_1_961' title='bbox 220 5749 262 5795; x_wconf 87' lang='lat' dir='ltr'><strong><em>et</em></strong></span> <span class='ocrx_word' id='word_1_962' title='bbox 280 5738 341 5794; x_wconf 88' lang='lat' dir='ltr'><strong><em>ita</em></strong></span> <span class='ocrx_word' id='word_1_963' title='bbox 364 5733 595 5793; x_wconf 80' lang='lat' dir='ltr'><strong><em>Lucifer</em></strong></span> <span class='ocrx_word' id='word_1_964' title='bbox 620 5732 969 5791; x_wconf 87' lang='lat' dir='ltr'><strong><em>Calaritanus</em></strong></span> <span class='ocrx_word' id='word_1_965' title='bbox 998 5734 1053 5789; x_wconf 91' lang='lat' dir='ltr'><strong><em>in</em></strong></span> <span class='ocrx_word' id='word_1_966' title='bbox 1078 5733 1171 5791; x_wconf 85' lang='lat' dir='ltr'><strong><em>lib.</em></strong></span> <span class='ocrx_word' id='word_1_967' title='bbox 1197 5749 1257 5804; x_wconf 87' lang='grc' dir='ltr'><strong><em>ιι,</em></strong></span> <span class='ocrx_word' id='word_1_968' title='bbox 1290 5750 1389 5807; x_wconf 92' lang='lat' dir='ltr'><strong><em>pro</em></strong></span> <span class='ocrx_word' id='word_1_969' title='bbox 1420 5735 1663 5792; x_wconf 84' lang='lat' dir='ltr'><strong><em>S.Atha—</em></strong></span> <span class='ocrx_word' id='word_1_970' title='bbox 1762 5734 1930 5797; x_wconf 77' lang='lat' dir='ltr'><strong><em>uitali.</em></strong></span> <span class='ocrx_word' id='word_1_971' title='bbox 1961 5733 2092 5800; x_wconf 67' lang='lat' dir='ltr'><strong><em>Quae</em></strong></span> <span class='ocrx_word' id='word_1_972' title='bbox 2119 5742 2295 5788; x_wconf 89' lang='lat' dir='ltr'><strong><em>tamen</em></strong></span> <span class='ocrx_word' id='word_1_973' title='bbox 2325 5746 2391 5787; x_wconf 84' lang='lat' dir='ltr'><strong><em>ex</em></strong></span> <span class='ocrx_word' id='word_1_974' title='bbox 2423 5728 2661 5786; x_wconf 75' lang='lat' dir='ltr'><strong><em>Matthsei</em></strong></span> <span class='ocrx_word' id='word_1_975' title='bbox 2683 5744 2803 5798; x_wconf 88' lang='lat' dir='ltr'><strong><em>cap.</em></strong></span> <span class='ocrx_word' id='word_1_976' title='bbox 2833 5744 2866 5782; x_wconf 74' lang='grc' dir='ltr'>χ</span> <span class='ocrx_word' id='word_1_977' title='bbox 2896 5770 2910 5795; x_wconf 87' lang='grc'><strong><em>,</em></strong></span> <span class='ocrx_word' id='word_1_978' title='bbox 2938 5725 3008 5783; x_wconf 79' lang='lat' dir='ltr'><strong><em>l5</em></strong></span> <span class='ocrx_word' id='word_1_979' title='bbox 3033 5769 3048 5794; x_wconf 92' lang='lat'><strong><em>,</em></strong></span> <span class='ocrx_word' id='word_1_980' title='bbox 3076 5725 3360 5797; x_wconf 75' lang='lat' dir='ltr'><strong><em>desumpta</em></strong></span> 
     </span>
    </p>
   </div>
  </div>
