3950 6176
575 218 646 272 95
1932 214 2305 272 PROLEGOM
2314 215 2470 270 ENA.
2548 250 2553 253 -
3793 214 3855 270 96

574 338 700 383 sunt
721 371 736 393 ,
770 344 868 384 nec
896 330 951 385 in
971 328 1189 401 optimis
1220 325 1507 382 codicibus
1531 326 1737 383 Crtecis
1765 328 2171 399 quampluribus
2200 334 2249 392 Α
2279 330 2331 383 in
2366 329 2627 393 Brixian.,
2656 346 2812 399 super
2832 344 2965 383 eum.
2996 328 3060 383 Et
3093 328 3163 383 ita
3196 328 3250 383 in
3279 326 3551 399 aliquibus
3580 340 3712 384 mss.
3739 327 3854 385 Div.

575 420 849 492 leguntur.

650 514 813 567 Mare.
844 528 959 582 cap.
988 514 1144 577 ",5.
1179 511 1480 565 Vercellen.
1510 511 1657 565 addit
1685 512 1738 566 in
1769 512 1874 568 (ine
1892 514 2169 579 versiculi,

578 604 703 675 Ipse
727 617 894 659 autem
923 604 1051 657 nihil
1076 605 1412 673 respondebat
1436 646 1449 668 ,
1490 614 1543 658 et
1590 605 1661 658 ita
1692 606 1879 672 ingens
1911 606 2171 661 librorum

577 698 884 752 Grtccorum
906 712 1162 751 numerus
1180 696 1281 751 hoc
1302 698 1610 761 Ιοοο,Αὐτὸς
1624 696 1677 752 δὲ
1694 698 1830 753 οὐδὲν
1848 702 2170 775 ἁπεκρίνατο,

579 792 679 845 hoc
710 802 789 845 est
818 833 831 856 ,
867 789 988 861 Ipse
1012 802 1180 844 autem
1211 792 1341 844 nihil
1370 791 1674 859 respondit:
1705 792 1832 846 item
1861 794 2129 863 Complut.
2153 834 2170 860 ,

578 881 824 950 Vechcl.,
861 886 1037 946 Arm.,
1066 882 1338 953 IEthiop.,
1386 884 1585 953 aliique
1611 884 1794 952 plures
1824 884 1967 938 libri.
2010 884 2176 939 Addi-

578 974 726 1031 disse
753 976 1004 1030 videntur
1028 975 1278 1031 Librarii.

651 1067 783 1123 Luc.
816 1083 934 1134 cap.
970 1083 1113 1133 xxiv,
1150 1069 1233 1121 13.
1265 1067 1567 1123 Vercellen.
1592 1069 1675 1121 cui
1702 1085 1884 1122 nomen
1906 1068 2171 1123 Ammaus.

583 1158 785 1214 Veron.
821 1162 1026 1213 nomine
1054 1160 1305 1231 CleOphas
1327 1202 1342 1225 ,
1374 1173 1420 1214 et
1446 1161 1711 1214 Ammaus.
1764 1161 2050 1216 Corbeien.
2084 1178 2177 1214 no-

581 1254 720 1306 mine
768 1252 1012 1307 Ammaus
1057 1265 1103 1307 et
1142 1254 1415 1323 CleOpItas.
1470 1255 1606 1308 Vide
1636 1254 1692 1308 8.
1724 1254 2070 1309 Ambrosium
2120 1256 2173 1309 in

582 1342 884 1398 Comment.
917 1344 967 1396 in
998 1343 1345 1413 Evangelium
1380 1344 1560 1398 Sancti
1591 1344 1747 1398 Luete
1779 1344 1920 1409 heie,
1946 1346 2035 1414 qui
2067 1356 2173 1399 tam

585 1434 811 1505 insignis
844 1436 1100 1489 variantis
1131 1435 1402 1490 Lectionis
1431 1436 1676 1491 meminit
1703 1480 1716 1505 ,
1747 1452 1810 1491 ac
1851 1439 2051 1492 nostris
2080 1454 2175 1493 co-

583 1527 791 1580 ilicibus
814 1527 949 1581 alios
982 1526 1222 1581 faventes
1254 1527 1421 1581 libros
1452 1528 1627 1581 alit-rt.

655 1620 839 1674 Matth.
872 1635 992 1687 cap.
1025 1637 1136 1686 vtn,
1166 1621 1255 1674 20.
1288 1621 1342 1675 lu
1398 1621 1701 1675 Vcr’eellen.
1731 1662 1747 1687 ,
1798 1621 2073 1676 Veronen.
2121 1632 2176 1677 ct

2277 421 2413 475 Bibl.
2447 421 2504 476 S.
2538 420 2876 490 Hieronymi.

2346 512 2508 566 Marc.
2541 528 2662 582 cap.
2694 528 2754 577 ιι,
2786 514 2871 566 17.
2906 511 3183 567 Vercellen
3216 522 3269 566 et
3296 527 3424 566 mm.
3458 512 3549 566 sed
3572 520 3852 583 peccatores

2272 604 2327 657 in
2353 606 2719 673 paenitentiam.
2744 604 2915 660 (ἔπεσί
2949 604 3164 659 codices
3194 605 3347 659 multi
3371 604 3579 659 addunt
3602 604 3705 659 hoc
3727 605 3851 673 loco,

2274 700 2343 751 ad
2381 699 2749 767 penitentiam.
2798 698 2988 753 Plures
3014 714 3143 751 vero
3176 714 3306 751 non.
3351 698 3481 753 Vide
3508 697 3733 752 Millium
3760 697 3853 753 hic.

2275 791 2659 844 Assuntentum
2714 799 2796 843 est
2849 790 2991 859 quod
3020 806 3085 843 ex
3119 790 3354 844 Matthmi
3380 804 3501 861 cap.
3535 805 3585 843 ιι
3610 832 3625 857 ,
3664 790 3728 845 15
3773 790 3856 846 de-

2274 892 2547 951 sumplttm
2573 893 2676 938 est.

2350 976 2478 1030 Luc.
2507 992 2625 1042 cap.
2659 993 2710 1029 ts
2737 1019 2750 1040 ,
2776 976 2866 1031 56.
2913 976 3037 1029 Post
3067 978 3267 1030 animas
3290 1019 3305 1042 ,
3335 976 3551 1031 additur
3580 976 3855 1045 hominum,

2278 1067 2330 1123 in
2345 1067 2671 1129 Vercellen.,
2704 1067 2905 1122 Veron.
2939 1077 2993 1121 et
3022 1067 3289 1133 Brixiam,
3318 1077 3371 1122 et
3403 1068 3471 1122 ita
3496 1069 3549 1123 in
3574 1069 3633 1125 S.
3658 1070 3862 1139 Cypria-

2279 1176 2349 1214 no
2381 1176 2504 1230 pag.
2532 1161 2662 1225 ΞΗ,
2690 1172 2743 1215 et
2766 1162 2816 1214 in
2850 1161 2908 1217 S.
2933 1160 3221 1216 Ambrosio
3245 1204 3258 1226 ,
3292 1161 3382 1217 lib.
3417 1177 3434 1215 ι
3482 1161 3549 1217 de
3598 1162 3863 1219 Pmnitenc

2278 1256 2373 1320 tia,
2408 1270 2527 1322 cap.
2568 1255 2656 1309 16.

2352 1347 2540 1401 Matth.
2574 1363 2692 1417 cap.
2720 1364 2752 1401 v
2774 1390 2789 1414 ,
2819 1349 2909 1403 52.
2965 1350 3019 1402 ln
3052 1349 3384 1405 Vercellensi
3412 1393 3426 1416 ,
3475 1359 3529 1404 et
3575 1350 3863 1407 Veronensi

2278 1436 2473 1492 desunt
2502 1441 2660 1493 verba
2686 1458 2697 1492 :
2723 1450 2767 1491 et
2788 1441 2875 1508 qui
2895 1441 3161 1493 dimissam
3173 1441 3863 1507 duxerit,adulterat.Anim-

2280 1532 2512 1587 advertit
2563 1534 2795 1588 Sanctus
2846 1532 3174 1601 Augustinus
3214 1534 3354 1604 apud
3384 1536 3643 1601 Millium,
3688 1536 3860 1599 verba,

2280 1636 2328 1678 et
2357 1627 2445 1696 qui
2474 1627 2737 1679 dimissam
2763 1628 2989 1689 duxerit,
3020 1628 3275 1681 adulterat
3301 1670 3316 1694 ,
3347 1629 3397 1681 in
3428 1629 3752 1698 quibusdam
3778 1628 3866 1683 La-

584 1710 874 1768 Corbeien.
910 1720 1035 1783 post
1073 1713 1295 1767 verbum
1327 1714 1473 1768 nidos
1501 1757 1514 1777 ,
1558 1714 1773 1768 additur
1794 1756 1809 1779 ,
1840 1715 1925 1767 ubi
1953 1716 2173 1785 requies-
2208 1715 2252 1774 Β
2284 1719 2410 1773 tinis
2438 1720 2716 1774 codicibus
2749 1737 2855 1774 non
2886 1721 3009 1790 legi.
3036 1720 3419 1783 Desiderantur
3438 1722 3601 1776 etiam
3626 1722 3683 1777 in
3710 1722 3867 1778 veteri

584 1814 723 1858 cant.
777 1805 842 1858 Et
886 1806 958 1858 ita
1006 1806 1057 1860 in
1087 1805 1356 1860 Ambrosii
1391 1806 1649 1861 llesaetn.
1684 1806 1778 1860 lib.
1806 1823 1900 1873 vt,
1950 1823 2070 1878 cap.
2101 1810 2134 1863 8
2158 1847 2174 1873 ,

587 1915 708 1970 pag.
746 1900 871 1955 1'51.

660 1992 847 2047 Matth.
877 2007 1126 2062 eap.xvr,
1160 1994 1246 2049 13.
1278 1993 1606 2060 Vercellen.,
1626 1993 2177 2063 Veron.,Corbeien.,

587 2086 1052 2143 San-Germanen.
1077 2099 1129 2142 et
1151 2088 1389 2142 Brisian.
1425 2088 1584 2155 Quem
1612 2105 1722 2154 me,
1755 2096 1810 2143 et
1840 2088 1908 2141 ita
1940 2088 1997 2141 8.
2034 2088 2182 2142 llila-

586 2181 699 2235 rius
722 2179 905 2233 Traet.
937 2179 990 2233 in
1016 2179 1207 2248 psalm.
1236 2194 1358 2233 cxu
1385 2220 1398 2239 .
1426 2190 1553 2232 tom.
1591 2195 1641 2243 t,
1685 2194 1806 2248 pag.
1838 2178 1942 2233 419
1968 2222 1983 2244 ,
2026 2189 2079 2234 et
2118 2181 2178 2235 8.

590 2271 910 2325 Ambrosius
933 2271 987 2325 in
1020 2271 1113 2325 lib.
1159 2271 1226 2325 de
1254 2269 1467 2326 lncarn.
1497 2271 1647 2324 Dotn.
1678 2270 1919 2325 Sacram.
1952 2285 2071 2341 cap.
2101 2270 2135 2325 4
2160 2315 2176 2339 ,

586 2378 709 2434 pag.
743 2364 867 2419 709.

660 2455 849 2510 Matth.
878 2471 998 2525 cap.
1036 2471 1173 2522 mi,
1201 2454 1257 2510 4.
1290 2457 1623 2523 Vercellen.,
1679 2457 1954 2512 Vcronen.
1984 2467 2039 2512 et
2069 2458 2183 2512 Bri-

590 2550 735 2603 xian.
771 2559 817 2601 et
839 2550 1072 2619 saginata
1101 2551 1268 2604 occisa
1306 2561 1421 2604 sunt
1450 2593 1464 2616 ,
1494 2561 1546 2605 et
1578 2553 1647 2604 ita
1676 2550 1895 2605 Lucifer
1921 2552 2186 2607 Calarita-

591 2656 692 2695 nus
719 2641 770 2694 in
799 2641 892 2694 lib.
926 2658 994 2704 ιι,
1042 2658 1137 2710 pro
1181 2643 1238 2697 S.
1271 2642 1591 2697 Athanasio.
1624 2642 2090 2699 Sau-Gertnanen.
2139 2654 2188 2698 et

588 2733 827 2801 saginata
854 2750 964 2786 mea
988 2735 1177 2797 occisa,
1202 2744 1305 2789 etc.

664 2822 853 2876 Matth.
885 2838 1003 2892 cap.
1040 2839 1174 2890 χχιι,
1205 2826 1296 2880 45.
1353 2824 1407 2879 lu
1441 2825 1769 2889 Vercellen.,
1807 2825 2100 2888 Veronen.,
2132 2836 2187 2881 et

594 2917 830 2970 Brixian.
861 2958 876 2981 ,
908 2916 1125 2971 additur
1150 2960 1163 2980 ,
1211 2920 1263 2971 in
1301 2921 1508 2985 spiritu.
1565 2920 1630 2974 Et
1659 2920 1728 2973 ita
1759 2918 1959 2973 habent
1994 2920 2051 2974 S.
2082 2918 2185 2991 Cy-

593 3009 764 3079 prian.
807 3025 924 3080 pag.
962 3010 1101 3076 202,
1132 3026 1193 3065 ac
1218 3011 1277 3065 S.
1308 3012 1557 3066 Ambros.
1604 3012 1697 3065 lib.
1735 3028 1767 3064 v
1806 3011 1873 3065 de
1901 3012 2032 3066 Fide
2061 3028 2181 3084 cap.

592 3104 648 3167 8,
681 3113 733 3158 et
766 3104 859 3158 lib.
890 3119 945 3157 ιιι
972 3103 1039 3157 de
1068 3105 1209 3173 Spir.
1235 3104 1395 3159 Sane.
1428 3121 1549 3174 cap.
1584 3106 1667 3169 15,
1703 3121 1822 3174 pag.
1856 3103 1981 3158 687.

663 3197 851 3251 Matth.
880 3213 999 3266 cap.
1033 3214 1177 3261 xxrv,
1208 3197 1263 3261 7,
1283 3198 1581 3253 Vercellen.
1611 3209 1665 3251 et
1692 3199 1961 3252 Veronen.
1997 3213 2086 3266 per
2112 3198 2190 3251 lo-

593 3302 652 3338 ca
684 3287 875 3339 omnia.
908 3286 965 3341 8.
999 3286 1321 3355 Cyprianus,
1352 3306 1440 3357 per
1468 3290 1670 3357 singula
1704 3288 1832 3340 loca.

667 3376 853 3429 Matth.
884 3393 1003 3447 cap.
1035 3394 1165 3431 χιιι
1189 3420 1203 3442 ,
1237 3379 1322 3432 70.
1365 3380 1421 3433 lo
1452 3379 1750 3433 Vercellen.
1782 3388 1899 3448 post
1928 3379 2148 3434 verbum
2173 3422 2187 3446 ,

596 3468 725 3521 dicis
752 3510 766 3531 ,
808 3468 1020 3523 additur
1046 3512 1059 3535 ,
1086 3488 1175 3524 nec
1204 3473 1355 3536 novi;
1408 3476 1457 3525 iu
1492 3472 1697 3525 Veron.
1729 3489 1886 3541 neque
1924 3473 2195 3545 intelligo;

596 3564 649 3617 in
680 3564 736 3617 S.
770 3562 1041 3635 Cypriano
1066 3580 1185 3635 pag.
1216 3565 1344 3629 656,
1377 3582 1538 3639 neque
1560 3567 1673 3618 novi
1701 3576 1767 3619 te.

666 3655 851 3708 Matth.
882 3672 995 3725 cap.
1026 3672 1187 3719 χχιιι,
1220 3656 1312 3711 28.
1351 3654 1652 3711 Vercellen.
1695 3668 1740 3711 et
1764 3657 2041 3710 induerunt
2072 3674 2187 3710 cum

598 3750 823 3802 tunicam
850 3766 1181 3819 purpuream,
1210 3760 1255 3803 et
1282 3750 1567 3821 clamydem
1591 3752 1877 3803 coccineum
1907 3752 2188 3805 circumde-

597 3841 778 3895 derunt
806 3842 871 3895 ei.
902 3840 1195 3907 Veroncn.,
1227 3852 1271 3895 et
1302 3842 1576 3895 induerunt
1601 3845 1821 3895 tunicam
1845 3860 2186 3911 purpureatn,

596 3942 643 3984 et
670 3931 955 4001 clamydem
982 3934 1265 3986 coccineum
1290 3931 1732 3986 circumdederunt
1757 3934 1821 3985 ci.
1870 3932 1927 3987 S.
1958 3932 2188 3988 Ambro-

596 4023 711 4076 sius
738 4025 789 4075 in
820 4024 1049 4091 exposit.
1080 4023 1280 4093 Evang.
1315 4022 1538 4078 secund.
1568 4022 1697 4076 Luc.
1730 4023 1803 4077 lib
1856 4040 1887 4077 ιι
1911 4066 1925 4088 ,
1963 4034 2094 4078 tom.
2128 4042 2185 4092 t,

597 4129 718 4184 pag.
751 4113 919 4178 1526,
960 4115 1241 4185 clamydem
1263 4125 1432 4169 autem
1454 4116 1740 4168 coccineum
1765 4116 1999 4169 induitur
2028 4135 2058 4171 a
2089 4119 2187 4170 nti-

596 4207 793 4273 litibus,
824 4217 869 4261 et
888 4224 1199 4278 purpuream
1234 4210 1475 4261 tunicam.

663 4300 819 4355 Joan.
851 4315 969 4368 cap.
1003 4316 1080 4366 XI,
1112 4300 1198 4354 59.
1232 4299 1559 4367 Vercellen.,
1594 4315 1739 4354 soror
1761 4298 1949 4353 Lazari
1975 4316 1994 4363 ;
2026 4302 2188 4356 omis-

595 4393 671 4447 sis
697 4393 876 4447 verbis
909 4392 1033 4456 illis,
1067 4393 1153 4461 qui
1178 4400 1407 4445 mortuus
1435 4395 1624 4460 fuerat.
1670 4391 1727 4445 In
1758 4391 2026 4445 Vcronen.
2057 4408 2190 4459 quo-

2287 1809 2474 1864 codice
2503 1809 2914 1881 Cantabrigensi
2946 1810 3379 1867 Graeco-Latino.

2358 1902 2545 1956 Matth.
2579 1918 2697 1970 cap.
2731 1919 2784 1956 vr
2808 1945 2824 1968 ,
2858 1902 2943 1957 10.
2982 1887 3145 1957 Deest
3167 1904 3217 1957 in
3253 1903 3558 1959 Vercellen.
3592 1914 3650 1959 et
3681 1904 3868 1961 Veron.

2283 1995 2438 2059 sicut,
2484 2004 2537 2048 et
2586 1995 2653 2047 ita
2688 1995 2740 2050 in
2768 1995 2973 2050 Tertul.
3004 2011 3124 2066 pag.
3162 1998 3298 2065 151,
3337 2006 3392 2053 et
3421 2000 3473 2051 in
3504 1996 3563 2053 8.
3592 1996 3869 2069 Augustin.

2283 2085 2357 2140 lib
2381 2102 2469 2149 tv,
2514 2096 2700 2141 contra
2746 2087 2879 2141 duas
2913 2087 3082 2157 Epist.
3118 2087 3299 2159 Pelag.
3346 2097 3479 2144 tom.
3510 2104 3583 2155 ι,
3633 2100 3778 2160 part.
3824 2091 3867 2155 1,

2286 2196 2407 2252 pag.
2438 2180 2564 2236 485.

2359 2272 2544 2326 Matth.
2570 2288 2690 2341 cap.
2719 2273 3042 2340 xxnt,v.1l.
3076 2271 3137 2328 in
3163 2273 3466 2330 Vercellen.
3490 2283 3545 2330 et
3565 2274 3874 2331 Corbeiensi

2285 2363 2625 2418 desideratur
2656 2380 2842 2419 versus
2872 2363 2956 2429 14,
2994 2366 3046 2419 in
3080 2365 3317 2420 Brixian.
3361 2381 3492 2422 vero
3517 2382 3571 2421 v.
3607 2367 3703 2433 15,
3733 2376 3872 2438 post-

2288 2458 2505 2526 ponitur
2544 2473 2594 2509 v.
2629 2456 2716 2511 14.
2762 2457 2983 2527 Antiqui
3014 2458 3231 2514 codices
3280 2460 3383 2514 hoc
3427 2460 3548 2515 loco
3590 2459 3872 2516 dissident.

2288 2548 2346 2603 S.
2400 2547 2838 2620 Chrysttstomtts,
2883 2550 3221 2619 Ettthymius,
3271 2551 3738 2624 Theophylacttts,
3790 2569 3875 2607 au-

2288 2651 2407 2696 ctor
2447 2643 2629 2711 operis
2657 2643 2953 2711 imperfecti
2986 2646 3036 2697 in
3080 2644 3385 2699 Matthreum
3408 2688 3421 2710 ,
3458 2648 3629 2701 Οτιροί
3664 2647 3874 2702 codices
3925 2642 3931 2652 “

2289 2735 2430 2804 typis
2488 2734 2683 2803 vulgati
2743 2743 2799 2787 ct
2844 2750 3003 2788 manu
3035 2738 3239 2790 exarati
3285 2737 3547 2807 plerique,
3601 2739 3726 2792 loco
3769 2753 3873 2792 mo-

2288 2836 2414 2879 vent
2448 2841 2499 2879 v.
2544 2826 2611 2881 15
2649 2836 2702 2879 et
2734 2835 2853 2893 post
2885 2826 2946 2879 14
2975 2826 3325 2882 transferunt.
3396 2829 3497 2883 Alii
3541 2838 3875 2899 prmponunt,

2290 2922 2547 2974 omittunt
2598 2921 2812 2988 penitus
2853 2920 2965 2985 alii,
3013 2930 3068 2974 ιιι
3112 2920 3426 2991 Cantabrig.
3473 2922 3620 2984 cod..
3672 2923 3880 2978 Grzcco-

2291 3012 2430 3075 l.at.,
2466 3012 2617 3065 Colb.
2642 3011 2697 3073 2,
2725 3012 2879 3075 Sax.,
2909 3011 3067 3065 codd.
3096 3027 3224 3065 mss.
3257 3011 3431 3067 Arab.
3463 3022 3516 3068 et
3543 3013 3768 3083 quidam
3797 3029 3880 3067 an-

2215 3103 2259 3165 C
2295 3104 2422 3171 tiqui
2471 3103 2629 3157 codd.
2665 3104 2780 3157 Lat.
2812 3102 2952 3171 apud
3004 3103 3248 3157 Martian.
3293 3114 3345 3157 et
3384 3103 3541 3173 Brug.
3579 3103 3727 3159 beic.
3777 3104 3880 3158 Non

2294 3197 2475 3264 legunt
2505 3197 2677 3265 ipsum
2712 3196 3007 3265 Origenes,
3050 3206 3105 3250 et
3148 3196 3375 3251 Sanctus
3408 3196 3796 3266 Hieronymus,
3828 3206 3875 3251 et

2292 3288 2432 3357 apud
2462 3303 2722 3342 canoncm
2758 3289 2972 3342 Eusebii
3003 3288 3259 3342 tribuitur
3277 3304 3397 3358 cap.
3422 3304 3495 3353 ιι,
3526 3304 3580 3343 v.
3612 3290 3690 3345 52
3709 3290 3880 3349 Luem:

2294 3380 2647 3448 quamobrem
2686 3381 2744 3431 ﬁt
2786 3380 3115 3446 conjectura:
3150 3381 3333 3447 locus,
3382 3380 3533 3434 illum
3570 3395 3601 3435 e
3643 3381 3794 3437 Luca
3834 3382 3879 3435 in

2299 3470 2605 3525 Mattltautm
2642 3471 2807 3524 fuiSse
2827 3471 3167 3524 translatum.

2368 3563 2552 3617 Matth.
2579 3579 2699 3631 cap.
2725 3578 2873 3625 xxxi,
2902 3578 2955 3616 v.
2988 3564 3077 3616 64.
3105 3563 3163 3617 In
3190 3562 3488 3619 Vercellen.
3525 3562 3732 3619 Veron.
3763 3564 3885 3621 Cor-

2296 3657 2477 3711 beien.
2509 3665 2566 3710 et
2598 3656 2833 3709 Brixian.
2882 3655 3033 3709 deest
3064 3671 3187 3720 vox,
3218 3653 3337 3719 Dei,
3370 3666 3425 3709 et
3463 3657 3531 3709 ita
3564 3656 3616 3709 in
3656 3657 3717 3713 S.
3753 3658 3887 3712 Hila-

2294 3752 2357 3805 rii
2388 3751 2480 3803 lib.
2512 3750 2618 3804 tde
2657 3749 2943 3815 Trinitate,
2970 3759 3100 3802 tom.
3134 3764 3192 3813 ιι,
3231 3764 3355 3819 pag.
3398 3747 3490 3813 20,
3525 3759 3579 3804 et
3619 3749 3679 3804 in
3714 3750 3886 3805 Sancti

2298 3841 2567 3896 Ambrosii
2600 3841 2692 3895 lih.
2717 3840 2843 3895 nde
2866 3840 2997 3893 Fide
3022 3855 3142 3908 cap.
3182 3838 3268 3905 12,
3298 3855 3418 3909 pag.
3440 3840 3567 3894 490.

2370 3935 2556 3989 Matth.
2584 3950 2703 4002 cap.
2736 3951 2911 3999 xxvn,
2942 3951 2993 3988 v.
3021 3935 3074 3998 9,
3108 3934 3161 3987 itt
3189 3934 3491 3988 Vercellen.
3522 3944 3575 3990 et
3611 3934 3885 3990 Veronen.

2296 4026 2467 4085 deest.
2500 4026 2835 4081 Hieremiam.
2882 4027 3056 4081 Lucas
3102 4026 3289 4095 Brttg.,
3330 4025 3574 4089 Jansen.,
3627 4026 3889 4092 Maldon.,

2299 4120 2495 4173 Barou.
2525 4121 2676 4173 aiunt
2701 4120 2904 4174 nullius
2938 4121 3213 4189 propheta:
3243 4135 3438 4174 nomen
3462 4120 3528 4174 ab
3559 4122 3890 4192 evangelism

2298 4209 2416 4264 beic
2465 4212 2692 4279 positum
2739 4211 2923 4273 fuisse,
2976 4209 3370 4280 suﬂ'ectumque
3415 4210 3620 4263 librarii
3668 4211 3891 4264 arbitrio

2302 4302 2637 4365 Hieremiam,
2689 4301 2937 4356 relictum
2983 4301 3179 4356 deinde
3228 4301 3566 4369 antiquitatis
3607 4300 3890 4372 obsequio.

2299 4394 2436 4448 Sunt
2468 4402 2645 4447 tamen
2678 4392 2849 4448 Graeci
2890 4392 3125 4457 codices,
3169 4404 3329 4463 atque
3370 4393 3599 4463 Syriaci,
3652 4392 3891 4453 Arabici.

596 4499 702 4552 que
728 4483 898 4547 deest,
923 4500 1070 4537 soror
1098 4487 1227 4556 ejus,
1254 4484 1341 4553 qui
1371 4492 1600 4536 mortuus
1630 4487 1815 4553 fuerat.
1851 4484 1913 4537 Et
1946 4482 2017 4538 ita
2046 4484 2096 4538 in
2123 4484 2184 4539 8.
2218 4490 2265 4548 D
2292 4496 2347 4542 et
2379 4486 2581 4540 Persici
2604 4486 2743 4553 apud
2768 4485 2895 4539 Var.
2924 4485 3072 4539 Lect.
3104 4484 3271 4547 Millii,
3308 4485 3437 4538 item
3458 4483 3513 4537 8.
3541 4480 3683 4551 Aug.
3720 4483 3818 4537 lib.
3844 4499 3893 4536 ιιι

600 4572 855 4627 Ambros.
887 4589 1065 4628 enarr.
1092 4574 1143 4628 in
1174 4574 1373 4628 Psalm.
1409 4589 1614 4637 xxxvn,
1649 4589 1767 4643 pag.
1802 4573 1926 4628 811.

670 4665 801 4720 Luc.
836 4682 953 4736 cap.
989 4683 1037 4720 Vl
1066 4708 1081 4732 ,
1124 4667 1217 4720 21.
1289 4666 1624 4730 Vercellen.,
1656 4667 1801 4720 Beati
1832 4709 1846 4731 ,
1870 4668 1958 4737 qui
1991 4669 2195 4723 esuritis

600 4777 760 4826 nunc,
791 4771 834 4814 et
852 4762 1026 4826 sititis,
1052 4771 1159 4815 etc.
1206 4760 1408 4815 Veron.
1438 4802 1453 4825 ,
1482 4759 1630 4814 Beati
1655 4761 1742 4825 qui
1775 4776 1909 4813 nunc
1961 4765 2195 4815 esuriunt

599 4862 647 4906 et
669 4853 881 4917 sitiunt;
911 4854 1033 4922 quia
1085 4853 1183 4920 ipsi
1220 4853 1604 4906 saturabuntur.
1659 4851 1981 4918 Corbeien.,
2048 4853 2197 4908 Beati

598 4943 689 5012 qui
714 4958 853 4995 nunc
881 4942 1129 5005 esuriant,
1156 4950 1203 4995 et
1232 4943 1409 4995 sitiunt
1432 4960 1451 5007 ;
1476 4944 1598 5011 quia
1626 4943 2012 5009 saturabuntur,
2042 4953 2095 4999 et
2120 4945 2191 5000 ita

601 5036 661 5091 S.
694 5034 1012 5088 Ambrosius
1060 5034 1114 5087 in
1168 5034 1261 5088 lib.
1294 5050 1329 5088 ιι
1378 5034 1446 5089 de
1473 5034 1628 5089 Oﬂic.
1673 5036 1902 5090 lllinistr.
1947 5051 2068 5106 cap.
2094 5052 2189 5102 tv,

601 5143 725 5197 pag.
760 5124 830 5180 74
854 5166 868 5189 ,
896 5134 952 5180 et
983 5127 1035 5179 in
1066 5125 1160 5181 lib.
1194 5141 1209 5179 ι
1248 5125 1315 5180 de
1369 5124 1500 5181 Cain
1528 5135 1583 5182 et
1607 5126 1742 5181 Abel
1768 5168 1784 5193 ,
1816 5141 1933 5197 cap.
1962 5127 1997 5182 5
2021 5168 2037 5194 ,
2070 5143 2189 5197 pag.

604 5216 730 5273 192.

676 5307 807 5361 Luc.
840 5321 960 5375 cap.
996 5322 1046 5370 tt,
1071 5307 1123 5361 7.
1165 5306 1470 5363 Vercellen.
1495 5324 1611 5380 qua:
1629 5310 1690 5362 ab
1714 5308 1819 5363 illis
1840 5319 2192 5380 apponuntur.

602 5400 664 5456 S.
695 5401 1022 5469 Augustinus
1045 5401 1095 5455 in
1125 5400 1218 5454 lib.
1246 5401 1312 5456 de
1336 5399 1512 5472 Opere
1540 5401 2091 5469 MonacborumJom.
2116 5419 2191 5469 vt,

602 5509 725 5567 pag.
749 5493 875 5559 480,
907 5510 1021 5562 qua:
1040 5493 1102 5547 ab
1130 5494 1258 5563 ipsis
1283 5506 1421 5549 sunt.

677 5588 838 5643 Marc.
867 5603 986 5657 eap.
1019 5603 1057 5652 t,
1093 5588 1175 5644 10.
1212 5589 1268 5643 In
1303 5587 1606 5643 Vercellen.
1637 5596 1757 5656 post
1790 5588 2014 5643 verbum
2040 5630 2053 5651 ,
2082 5588 2197 5643 des-

600 5682 919 5750 cendentem,
941 5681 1176 5749 additur,
1198 5682 1253 5736 in
1268 5698 1381 5736 eum
1396 5700 1416 5749 ;
1441 5681 1495 5735 in
1520 5677 1810 5735 Corbeicn.
1839 5697 1991 5750 super
2016 5682 2196 5748 illum;

2298 4578 2365 4632 de
2402 4576 2680 4631 Consensu
2710 4576 2969 4645 Evangel.
3004 4591 3122 4646 cap.
3155 4576 3210 4641 7,
3244 4584 3298 4629 et
3323 4574 3536 4644 quidam
3583 4574 3704 4627 Lat.
3735 4575 3889 4629 codd.

2300 4671 2351 4725 in
2382 4671 2576 4740 quibus
2610 4671 2827 4723 minime
2860 4669 3076 4738 legitur,
3110 4668 3225 4722 sive
3250 4667 3282 4721 ii
3311 4665 3562 4734 descripti
3596 4664 3803 4720 fuerint
3831 4681 3892 4720 ex

2299 4762 2703 4827 vetustioribus,
2742 4777 2771 4815 a
2798 4761 2991 4832 quibus
3023 4761 3151 4815 illttd
3178 4746 3401 4825 aberat,
3432 4760 3548 4814 sive
3574 4774 3800 4814 erasum
3831 4758 3895 4813 ab

2300 4855 2365 4910 iis
2394 4853 2553 4907 fuerit
2577 4854 2678 4907 hoc
2707 4868 2922 4918 nomen,
2949 4853 3146 4923 quippe
3175 4867 3202 4905 a
3234 4852 3355 4906 loco
3378 4851 3634 4906 alienum.

2370 4946 2566 5002 Joann.
2597 4962 2716 5015 cap.
2751 4962 2863 5007 vnt.
2894 4962 2947 5000 v.
2993 4946 3043 4999 1.
3090 4944 3146 4998 In
3174 4944 3361 4998 codice
3394 4942 3599 4997 Verccl.
3651 4953 3711 4998 et
3747 4942 3897 4998 Brix.

2300 5037 2495 5092 desunt
2512 5035 2796 5092 duodecim
2822 5037 3029 5105 priores
3043 5050 3233 5090 versus
3256 5033 3416 5103 hujus
3437 5033 3649 5103 capitis.
3680 5033 3899 5088 Haben-

2304 5140 2389 5185 tttr
2428 5131 2481 5184 in
2507 5129 2667 5185 Corb.
2699 5130 2821 5184 Gat.
2865 5139 2920 5184 et
2958 5129 3084 5183 Mm.
3132 5127 3188 5182 ln
3225 5126 3523 5182 Veronensi
3563 5134 3751 5181 autem
3782 5126 3899 5180 dua:

2303 5221 2545 5292 paginre,
2605 5222 2800 5292 quibus
2863 5220 3321 5285 continebantur,
3383 5217 3597 5271 fuerunt
3652 5218 3896 5281 abrasze;

2301 5316 2449 5369 limbi
2479 5316 2655 5370 adhuc
2690 5326 2953 5385 apparent
3001 5315 3052 5367 in
3080 5313 3286 5367 codice.
3319 5311 3491 5366 Porro
3527 5312 3577 5364 in
3616 5312 3901 5366 codicibus

2302 5406 2525 5470 Grmcis,
2552 5407 2837 5476 latinisqtte
2877 5402 3286 5475 quampluribus
3328 5403 3442 5472 ipsa
3484 5401 3540 5455 S.
3581 5400 3901 5473 Hieronymi

2302 5508 2459 5554 actate
2482 5498 2952 5563 desiderabantur,
2999 5506 3056 5551 ut
3084 5497 3201 5566 ipse
3242 5504 3472 5550 testatur
3504 5493 3598 5548 lib.
3637 5509 3678 5549 ιι
3710 5506 3902 5551 contra

2302 5592 2489 5661 Pelag.
2521 5607 2640 5661 cap.
2671 5592 2724 5658 6,
2757 5607 2851 5662 per
2883 5592 2998 5646 hcce
3027 5590 3189 5644 verba
3226 5605 3237 5642 :
3273 5587 3340 5641 In
3379 5585 3660 5657 Evangelia
3704 5604 3897 5641 secun-

2302 5681 2428 5734 dum
2454 5681 2707 5736 Joannem
2730 5684 2781 5736 in
2808 5683 2981 5737 multis
3005 5690 3054 5737 et
3083 5681 3295 5746 Grtzcis,
3328 5687 3375 5733 et
3406 5676 3605 5731 Latinis
3629 5678 3901 5732 codicibus
