  <div class='ocr_page' id='page_1' title='image "/cluster/home/n/w/nwhite01/storage/ocr_20150623/12/uva.x000826551/054.png"; bbox 0 0 3950 6176; ppageno 0'>
   <div class='ocr_carea' id='block_1_1' title="bbox 149 196 3384 260">
    <p class='ocr_par' dir='ltr' id='par_1_1' title="bbox 149 196 3384 260">
     <span class='ocr_line' id='line_1_1' title="bbox 149 196 3384 260; baseline 0.003 -9"><span class='ocrx_word' id='word_1_1' title='bbox 149 196 192 251; x_wconf 78' lang='grc' dir='ltr'><strong>9¹ἶ</strong></span> <span class='ocrx_word' id='word_1_2' title='bbox 1119 197 1447 256; x_wconf 80' lang='lat' dir='ltr'><strong>EPISTULA</strong></span> <span class='ocrx_word' id='word_1_3' title='bbox 1491 198 1823 257; x_wconf 81' lang='lat' dir='ltr'><strong>RUGGERII</strong></span> <span class='ocrx_word' id='word_1_4' title='bbox 1864 199 2343 258; x_wconf 78' lang='lat' dir='ltr'><strong>NOVAHIENSIS.</strong></span> <span class='ocrx_word' id='word_1_5' title='bbox 3312 205 3384 260; x_wconf 85' lang='lat'><strong>98</strong></span> 
     </span>
    </p>
   </div>
   <div class='ocr_carea' id='block_1_2' title="bbox 151 309 3385 384">
    <p class='ocr_par' dir='ltr' id='par_1_2' title="bbox 151 309 3385 384">
     <span class='ocr_line' id='line_1_2' title="bbox 151 309 3385 384; baseline 0.004 -24"><span class='ocrx_word' id='word_1_6' title='bbox 151 324 214 360; x_wconf 83' lang='lat' dir='ltr'><strong>tum</strong></span> <span class='ocrx_word' id='word_1_7' title='bbox 231 309 461 362; x_wconf 72' lang='lat' dir='ltr'><strong>invenitur</strong></span> <span class='ocrx_word' id='word_1_8' title='bbox 486 309 548 362; x_wconf 81' lang='lat' dir='ltr'><strong>de</strong></span> <span class='ocrx_word' id='word_1_9' title='bbox 573 310 827 364; x_wconf 77' lang='lat' dir='ltr'><strong>adulter/1</strong></span> <span class='ocrx_word' id='word_1_10' title='bbox 858 312 1090 376; x_wconf 86' lang='lat' dir='ltr'><strong>muliere,</strong></span> <span class='ocrx_word' id='word_1_11' title='bbox 1124 322 1252 377; x_wconf 87' lang='lat' dir='ltr'><strong>etc.,</strong></span> <span class='ocrx_word' id='word_1_12' title='bbox 1287 328 1488 384; x_wconf 90' lang='lat' dir='ltr'><strong>eosque</strong></span> <span class='ocrx_word' id='word_1_13' title='bbox 1513 315 1684 370; x_wconf 88' lang='lat' dir='ltr'><strong>versi-</strong></span> <span class='ocrx_word' id='word_1_14' title='bbox 1714 324 1767 384; x_wconf 81' lang='grc' dir='ltr'><strong>Α</strong></span> <span class='ocrx_word' id='word_1_15' title='bbox 1793 322 1940 369; x_wconf 94' lang='lat' dir='ltr'><strong>taxat</strong></span> <span class='ocrx_word' id='word_1_16' title='bbox 1968 317 2332 371; x_wconf 72' lang='lat' dir='ltr'><strong>narrationem</strong></span> <span class='ocrx_word' id='word_1_17' title='bbox 2367 316 2508 372; x_wconf 90' lang='lat' dir='ltr'><strong>hanc</strong></span> <span class='ocrx_word' id='word_1_18' title='bbox 2535 331 2638 372; x_wconf 90' lang='lat' dir='ltr'><strong>non</strong></span> <span class='ocrx_word' id='word_1_19' title='bbox 2679 319 2901 374; x_wconf 81' lang='lat' dir='ltr'><strong>terebat.</strong></span> <span class='ocrx_word' id='word_1_20' title='bbox 2934 319 3136 374; x_wconf 73' lang='lat' dir='ltr'><strong>Przesto</strong></span> <span class='ocrx_word' id='word_1_21' title='bbox 3162 317 3240 373; x_wconf 88' lang='lat' dir='ltr'><strong>illi</strong></span> <span class='ocrx_word' id='word_1_22' title='bbox 3267 327 3385 374; x_wconf 87' lang='lat' dir='ltr'><strong>erat</strong></span> 
     </span>
    </p>
   </div>
   <div class='ocr_carea' id='block_1_3' title="bbox 147 400 1685 474">
    <p class='ocr_par' dir='ltr' id='par_1_3' title="bbox 147 400 1685 474">
     <span class='ocr_line' id='line_1_3' title="bbox 147 400 1685 474; baseline 0.005 -19"><span class='ocrx_word' id='word_1_23' title='bbox 147 400 247 456; x_wconf 89' lang='lat' dir='ltr'><strong>culos</strong></span> <span class='ocrx_word' id='word_1_24' title='bbox 280 417 384 454; x_wconf 90' lang='lat' dir='ltr'><strong>non</strong></span> <span class='ocrx_word' id='word_1_25' title='bbox 429 403 615 469; x_wconf 83' lang='lat' dir='ltr'><strong>legunt</strong></span> <span class='ocrx_word' id='word_1_26' title='bbox 644 401 829 458; x_wconf 64' lang='grc' dir='ltr'><strong>(ἔτωοί</strong></span> <span class='ocrx_word' id='word_1_27' title='bbox 869 404 1049 459; x_wconf 91' lang='lat' dir='ltr'><strong>Patres</strong></span> <span class='ocrx_word' id='word_1_28' title='bbox 1093 405 1359 474; x_wconf 79' lang='lat' dir='ltr'><strong>plerique.</strong></span> <span class='ocrx_word' id='word_1_29' title='bbox 1408 406 1483 460; x_wconf 85' lang='lat' dir='ltr'><strong>Ex</strong></span> <span class='ocrx_word' id='word_1_30' title='bbox 1518 406 1685 462; x_wconf 89' lang='lat' dir='ltr'><strong>inter-</strong></span> 
     </span>
    </p>
   </div>
   <div class='ocr_carea' id='block_1_4' title="bbox 145 495 1676 568">
    <p class='ocr_par' dir='ltr' id='par_1_4' title="bbox 145 495 1676 568">
     <span class='ocr_line' id='line_1_4' title="bbox 145 495 1676 568; baseline 0.002 -19"><span class='ocrx_word' id='word_1_31' title='bbox 145 496 325 565; x_wconf 84' lang='lat' dir='ltr'><strong>pretibus</strong></span> <span class='ocrx_word' id='word_1_32' title='bbox 361 497 408 549; x_wconf 92' lang='lat' dir='ltr'><strong>in</strong></span> <span class='ocrx_word' id='word_1_33' title='bbox 439 495 644 551; x_wconf 88' lang='lat' dir='ltr'><strong>Catena</strong></span> <span class='ocrx_word' id='word_1_34' title='bbox 677 495 871 553; x_wconf 74' lang='lat' dir='ltr'><strong>Grmca</strong></span> <span class='ocrx_word' id='word_1_35' title='bbox 902 497 1161 562; x_wconf 76' lang='lat' dir='ltr'><strong>collectis,</strong></span> <span class='ocrx_word' id='word_1_36' title='bbox 1197 499 1366 553; x_wconf 87' lang='lat' dir='ltr'><strong>tribus</strong></span> <span class='ocrx_word' id='word_1_37' title='bbox 1398 514 1590 568; x_wconf 83' lang='lat' dir='ltr'><strong>nempe</strong></span> <span class='ocrx_word' id='word_1_38' title='bbox 1619 507 1676 553; x_wconf 86' lang='lat' dir='ltr'><strong>et</strong></span> 
     </span>
    </p>
   </div>
   <div class='ocr_carea' id='block_1_5' title="bbox 145 583 1679 660">
    <p class='ocr_par' dir='ltr' id='par_1_5' title="bbox 145 583 1679 660">
     <span class='ocr_line' id='line_1_5' title="bbox 145 583 1679 660; baseline 0.003 -21"><span class='ocrx_word' id='word_1_39' title='bbox 145 588 296 657; x_wconf 80' lang='lat' dir='ltr'><strong>viginti,</strong></span> <span class='ocrx_word' id='word_1_40' title='bbox 346 603 497 642; x_wconf 90' lang='lat' dir='ltr'><strong>nemo</strong></span> <span class='ocrx_word' id='word_1_41' title='bbox 526 588 634 643; x_wconf 86' lang='lat' dir='ltr'><strong>hos</strong></span> <span class='ocrx_word' id='word_1_42' title='bbox 659 589 979 659; x_wconf 77' lang='lat' dir='ltr'><strong>explicavit.</strong></span> <span class='ocrx_word' id='word_1_43' title='bbox 1028 583 1269 646; x_wconf 64' lang='lat' dir='ltr'><strong>Omiset’e</strong></span> <span class='ocrx_word' id='word_1_44' title='bbox 1306 591 1587 660; x_wconf 83' lang='lat' dir='ltr'><strong>Origenes,</strong></span> <span class='ocrx_word' id='word_1_45' title='bbox 1620 589 1679 646; x_wconf 92' lang='lat' dir='ltr'><strong>S.</strong></span> 
     </span>
    </p>
   </div>
   <div class='ocr_carea' id='block_1_6' title="bbox 152 677 1679 751">
    <p class='ocr_par' dir='ltr' id='par_1_6' title="bbox 152 677 1679 751">
     <span class='ocr_line' id='line_1_6' title="bbox 152 677 1679 751; baseline 0.003 -20"><span class='ocrx_word' id='word_1_46' title='bbox 152 677 538 749; x_wconf 72' lang='lat' dir='ltr'><strong>Cltrysostomus,</strong></span> <span class='ocrx_word' id='word_1_47' title='bbox 588 678 838 746; x_wconf 83' lang='lat' dir='ltr'><strong>Nonnus,</strong></span> <span class='ocrx_word' id='word_1_48' title='bbox 886 681 1194 751; x_wconf 69' lang='lat' dir='ltr'><strong>creterique.</strong></span> <span class='ocrx_word' id='word_1_49' title='bbox 1235 684 1442 736; x_wconf 62' lang='lat' dir='ltr'><strong>Asserit</strong></span> <span class='ocrx_word' id='word_1_50' title='bbox 1481 682 1679 736; x_wconf 77' lang='lat' dir='ltr'><strong>Haido-</strong></span> 
     </span>
    </p>
   </div>
   <div class='ocr_carea' id='block_1_7' title="bbox 142 769 1683 843">
    <p class='ocr_par' dir='ltr' id='par_1_7' title="bbox 142 769 1683 843">
     <span class='ocr_line' id='line_1_7' title="bbox 142 769 1683 843; baseline 0.003 -20"><span class='ocrx_word' id='word_1_51' title='bbox 142 780 257 823; x_wconf 86' lang='lat' dir='ltr'><strong>natus</strong></span> <span class='ocrx_word' id='word_1_52' title='bbox 277 770 405 824; x_wconf 87' lang='lat' dir='ltr'><strong>inter</strong></span> <span class='ocrx_word' id='word_1_53' title='bbox 432 769 631 825; x_wconf 60' lang='lat' dir='ltr'><strong>Graeca</strong></span> <span class='ocrx_word' id='word_1_54' title='bbox 665 772 998 842; x_wconf 81' lang='lat' dir='ltr'><strong>exemplaria</strong></span> <span class='ocrx_word' id='word_1_55' title='bbox 1024 813 1038 838; x_wconf 93' lang='lat'><strong>,</strong></span> <span class='ocrx_word' id='word_1_56' title='bbox 1081 789 1202 843; x_wconf 72' lang='lat' dir='ltr'><strong>qure</strong></span> <span class='ocrx_word' id='word_1_57' title='bbox 1230 773 1344 843; x_wconf 85' lang='lat' dir='ltr'><strong>ipse</strong></span> <span class='ocrx_word' id='word_1_58' title='bbox 1375 774 1683 839; x_wconf 89' lang='lat' dir='ltr'><strong>consuluit,</strong></span> 
     </span>
    </p>
   </div>
   <div class='ocr_carea' id='block_1_8' title="bbox 139 859 1686 936">
    <p class='ocr_par' dir='ltr' id='par_1_8' title="bbox 139 859 1686 936">
     <span class='ocr_line' id='line_1_8' title="bbox 139 859 1686 936; baseline 0.003 -20"><span class='ocrx_word' id='word_1_59' title='bbox 139 861 287 916; x_wconf 89' lang='lat' dir='ltr'><strong>nullum</strong></span> <span class='ocrx_word' id='word_1_60' title='bbox 308 859 502 929; x_wconf 83' lang='lat' dir='ltr'><strong>fuisse,</strong></span> <span class='ocrx_word' id='word_1_61' title='bbox 535 862 590 916; x_wconf 92' lang='lat' dir='ltr'><strong>in</strong></span> <span class='ocrx_word' id='word_1_62' title='bbox 621 878 730 934; x_wconf 91' lang='lat' dir='ltr'><strong>quo</strong></span> <span class='ocrx_word' id='word_1_63' title='bbox 761 863 877 919; x_wconf 74' lang='lat' dir='ltr'><strong>[Lee</strong></span> <span class='ocrx_word' id='word_1_64' title='bbox 900 866 1140 920; x_wconf 84' lang='lat' dir='ltr'><strong>narratio</strong></span> <span class='ocrx_word' id='word_1_65' title='bbox 1169 865 1457 936; x_wconf 79' lang='lat' dir='ltr'><strong>legeretur,</strong></span> <span class='ocrx_word' id='word_1_66' title='bbox 1491 876 1686 934; x_wconf 66' lang='lat' dir='ltr'><strong>prmtcr</strong></span> 
     </span>
    </p>
   </div>
   <div class='ocr_carea' id='block_1_9' title="bbox 139 953 1682 1020">
    <p class='ocr_par' dir='ltr' id='par_1_9' title="bbox 139 953 1682 1020">
     <span class='ocr_line' id='line_1_9' title="bbox 139 953 1682 1020; baseline 0.003 -14"><span class='ocrx_word' id='word_1_67' title='bbox 139 969 258 1007; x_wconf 89' lang='lat' dir='ltr'><strong>unum</strong></span> <span class='ocrx_word' id='word_1_68' title='bbox 292 953 600 1018; x_wconf 82' lang='lat' dir='ltr'><strong>dumtaxat,</strong></span> <span class='ocrx_word' id='word_1_69' title='bbox 649 953 864 1009; x_wconf 87' lang='lat' dir='ltr'><strong>Leontii</strong></span> <span class='ocrx_word' id='word_1_70' title='bbox 908 957 1295 1012; x_wconf 85' lang='lat' dir='ltr'><strong>commentaria</strong></span> <span class='ocrx_word' id='word_1_71' title='bbox 1361 958 1682 1020; x_wconf 89' lang='lat' dir='ltr'><strong>continens;</strong></span> 
     </span>
    </p>
   </div>
   <div class='ocr_carea' id='block_1_10' title="bbox 132 1044 1684 1118">
    <p class='ocr_par' dir='ltr' id='par_1_10' title="bbox 132 1044 1684 1118">
     <span class='ocr_line' id='line_1_10' title="bbox 132 1044 1684 1118; baseline 0.002 -19"><span class='ocrx_word' id='word_1_72' title='bbox 132 1045 215 1100; x_wconf 90' lang='lat' dir='ltr'><strong>imo</strong></span> <span class='ocrx_word' id='word_1_73' title='bbox 243 1044 492 1100; x_wconf 84' lang='lat' dir='ltr'><strong>Leontius</strong></span> <span class='ocrx_word' id='word_1_74' title='bbox 541 1045 661 1114; x_wconf 86' lang='lat' dir='ltr'><strong>ipse</strong></span> <span class='ocrx_word' id='word_1_75' title='bbox 705 1045 759 1100; x_wconf 92' lang='lat' dir='ltr'><strong>in</strong></span> <span class='ocrx_word' id='word_1_76' title='bbox 793 1049 1216 1114; x_wconf 90' lang='lat' dir='ltr'><strong>commentariis,</strong></span> <span class='ocrx_word' id='word_1_77' title='bbox 1273 1064 1492 1118; x_wconf 83' lang='lat' dir='ltr'><strong>prorsus</strong></span> <span class='ocrx_word' id='word_1_78' title='bbox 1541 1049 1684 1103; x_wconf 86' lang='lat' dir='ltr'><strong>illam</strong></span> 
     </span>
    </p>
   </div>
   <div class='ocr_carea' id='block_1_11' title="bbox 130 1137 1686 1210">
    <p class='ocr_par' dir='ltr' id='par_1_11' title="bbox 130 1137 1686 1210">
     <span class='ocr_line' id='line_1_11' title="bbox 130 1137 1686 1210; baseline 0.003 -21"><span class='ocrx_word' id='word_1_79' title='bbox 130 1140 345 1207; x_wconf 71' lang='lat' dir='ltr'><strong>prteterit,</strong></span> <span class='ocrx_word' id='word_1_80' title='bbox 373 1137 712 1209; x_wconf 75' lang='lat' dir='ltr'><strong>Grzecusque</strong></span> <span class='ocrx_word' id='word_1_81' title='bbox 745 1147 923 1194; x_wconf 82' lang='lat' dir='ltr'><strong>textus</strong></span> <span class='ocrx_word' id='word_1_82' title='bbox 949 1139 1252 1210; x_wconf 90' lang='lat' dir='ltr'><strong>hujusmodi</strong></span> <span class='ocrx_word' id='word_1_83' title='bbox 1283 1141 1686 1196; x_wconf 90' lang='lat' dir='ltr'><strong>commentariis</strong></span> 
     </span>
    </p>
   </div>
   <div class='ocr_carea' id='block_1_12' title="bbox 124 1230 1686 1302">
    <p class='ocr_par' dir='ltr' id='par_1_12' title="bbox 124 1230 1686 1302">
     <span class='ocr_line' id='line_1_12' title="bbox 124 1230 1686 1302; baseline 0.002 -18"><span class='ocrx_word' id='word_1_84' title='bbox 124 1231 324 1296; x_wconf 85' lang='lat' dir='ltr'><strong>additus,</strong></span> <span class='ocrx_word' id='word_1_85' title='bbox 350 1231 525 1286; x_wconf 88' lang='lat' dir='ltr'><strong>obelis</strong></span> <span class='ocrx_word' id='word_1_86' title='bbox 566 1230 672 1286; x_wconf 90' lang='lat' dir='ltr'><strong>hoc</strong></span> <span class='ocrx_word' id='word_1_87' title='bbox 702 1232 824 1286; x_wconf 85' lang='lat' dir='ltr'><strong>loco</strong></span> <span class='ocrx_word' id='word_1_88' title='bbox 865 1241 1099 1298; x_wconf 89' lang='lat' dir='ltr'><strong>notatur,</strong></span> <span class='ocrx_word' id='word_1_89' title='bbox 1148 1241 1206 1287; x_wconf 92' lang='lat' dir='ltr'><strong>ut</strong></span> <span class='ocrx_word' id='word_1_90' title='bbox 1235 1232 1522 1302; x_wconf 81' lang='lat' dir='ltr'><strong>intelligas,</strong></span> <span class='ocrx_word' id='word_1_91' title='bbox 1555 1246 1686 1302; x_wconf 87' lang='lat' dir='ltr'><strong>apo-</strong></span> 
     </span>
    </p>
   </div>
   <div class='ocr_carea' id='block_1_13' title="bbox 123 1323 1690 1395">
    <p class='ocr_par' dir='ltr' id='par_1_13' title="bbox 123 1323 1690 1395">
     <span class='ocr_line' id='line_1_13' title="bbox 123 1323 1690 1395; baseline 0 -17"><span class='ocrx_word' id='word_1_92' title='bbox 123 1326 344 1395; x_wconf 85' lang='lat' dir='ltr'><strong>crypbam</strong></span> <span class='ocrx_word' id='word_1_93' title='bbox 398 1339 522 1378; x_wconf 88' lang='lat' dir='ltr'><strong>esse</strong></span> <span class='ocrx_word' id='word_1_94' title='bbox 582 1324 979 1380; x_wconf 81' lang='lat' dir='ltr'><strong>narrationem.</strong></span> <span class='ocrx_word' id='word_1_95' title='bbox 1037 1323 1268 1380; x_wconf 84' lang='lat' dir='ltr'><strong>Codices</strong></span> <span class='ocrx_word' id='word_1_96' title='bbox 1322 1325 1455 1380; x_wconf 86' lang='lat' dir='ltr'><strong>alios</strong></span> <span class='ocrx_word' id='word_1_97' title='bbox 1508 1324 1690 1378; x_wconf 89' lang='lat' dir='ltr'><strong>laudat</strong></span> 
     </span>
    </p>
   </div>
   <div class='ocr_carea' id='block_1_14' title="bbox 118 1416 1688 1481">
    <p class='ocr_par' dir='ltr' id='par_1_14' title="bbox 118 1416 1688 1481">
     <span class='ocr_line' id='line_1_14' title="bbox 118 1416 1688 1481; baseline 0.001 -12"><span class='ocrx_word' id='word_1_98' title='bbox 118 1416 307 1481; x_wconf 78' lang='lat' dir='ltr'><strong>Millius,</strong></span> <span class='ocrx_word' id='word_1_99' title='bbox 340 1418 441 1472; x_wconf 87' lang='lat' dir='ltr'><strong>hac</strong></span> <span class='ocrx_word' id='word_1_100' title='bbox 469 1418 787 1473; x_wconf 78' lang='lat' dir='ltr'><strong>narratione</strong></span> <span class='ocrx_word' id='word_1_101' title='bbox 816 1426 1086 1474; x_wconf 86' lang='lat' dir='ltr'><strong>carentes.</strong></span> <span class='ocrx_word' id='word_1_102' title='bbox 1117 1418 1268 1474; x_wconf 83' lang='lat' dir='ltr'><strong>Illam</strong></span> <span class='ocrx_word' id='word_1_103' title='bbox 1295 1419 1518 1474; x_wconf 89' lang='lat' dir='ltr'><strong>Armeni</strong></span> <span class='ocrx_word' id='word_1_104' title='bbox 1549 1435 1578 1471; x_wconf 91' lang='lat' dir='ltr'><strong>e</strong></span> <span class='ocrx_word' id='word_1_105' title='bbox 1608 1418 1688 1472; x_wconf 85' lang='lat' dir='ltr'><strong>bi-</strong></span> 
     </span>
    </p>
   </div>
   <div class='ocr_carea' id='block_1_15' title="bbox 113 1508 1686 1580">
    <p class='ocr_par' dir='ltr' id='par_1_15' title="bbox 113 1508 1686 1580">
     <span class='ocr_line' id='line_1_15' title="bbox 113 1508 1686 1580; baseline -0.001 -19"><span class='ocrx_word' id='word_1_106' title='bbox 113 1508 220 1561; x_wconf 86' lang='lat' dir='ltr'><strong>bliis</strong></span> <span class='ocrx_word' id='word_1_107' title='bbox 244 1509 349 1562; x_wconf 89' lang='lat' dir='ltr'><strong>suis</strong></span> <span class='ocrx_word' id='word_1_108' title='bbox 389 1510 608 1577; x_wconf 87' lang='lat' dir='ltr'><strong>penitus</strong></span> <span class='ocrx_word' id='word_1_109' title='bbox 655 1509 930 1565; x_wconf 78' lang='lat' dir='ltr'><strong>delevere.</strong></span> <span class='ocrx_word' id='word_1_110' title='bbox 975 1511 1194 1580; x_wconf 85' lang='lat' dir='ltr'><strong>Syriaca</strong></span> <span class='ocrx_word' id='word_1_111' title='bbox 1225 1511 1404 1564; x_wconf 88' lang='lat' dir='ltr'><strong>versio</strong></span> <span class='ocrx_word' id='word_1_112' title='bbox 1440 1511 1492 1563; x_wconf 92' lang='lat' dir='ltr'><strong>in</strong></span> <span class='ocrx_word' id='word_1_113' title='bbox 1528 1509 1686 1580; x_wconf 87' lang='lat' dir='ltr'><strong>Poly-</strong></span> 
     </span>
    </p>
   </div>
   <div class='ocr_carea' id='block_1_16' title="bbox 109 1600 1684 1669">
    <p class='ocr_par' dir='ltr' id='par_1_16' title="bbox 109 1600 1684 1669">
     <span class='ocr_line' id='line_1_16' title="bbox 109 1600 1684 1669; baseline 0 -18"><span class='ocrx_word' id='word_1_114' title='bbox 109 1600 272 1669; x_wconf 89' lang='lat' dir='ltr'><strong>glottis</strong></span> <span class='ocrx_word' id='word_1_115' title='bbox 317 1601 712 1666; x_wconf 87' lang='lat' dir='ltr'><strong>parisicnsibus</strong></span> <span class='ocrx_word' id='word_1_116' title='bbox 774 1616 836 1654; x_wconf 91' lang='lat' dir='ltr'><strong>ac</strong></span> <span class='ocrx_word' id='word_1_117' title='bbox 910 1600 1380 1666; x_wconf 75' lang='lat' dir='ltr'><strong>Loadinensibus,</strong></span> <span class='ocrx_word' id='word_1_118' title='bbox 1429 1615 1491 1654; x_wconf 92' lang='lat' dir='ltr'><strong>ac</strong></span> <span class='ocrx_word' id='word_1_119' title='bbox 1531 1613 1684 1654; x_wconf 78' lang='lat' dir='ltr'><strong>vetns</strong></span> 
     </span>
    </p>
   </div>
   <div class='ocr_carea' id='block_1_17' title="bbox 108 1693 1140 1763">
    <p class='ocr_par' dir='ltr' id='par_1_17' title="bbox 108 1693 1140 1763">
     <span class='ocr_line' id='line_1_17' title="bbox 108 1693 1140 1763; baseline 0.004 -19"><span class='ocrx_word' id='word_1_120' title='bbox 108 1695 265 1749; x_wconf 68' lang='grc' dir='ltr'><strong>νει-εἰη</strong></span> <span class='ocrx_word' id='word_1_121' title='bbox 290 1693 515 1748; x_wconf 87' lang='lat' dir='ltr'><strong>Gothica</strong></span> <span class='ocrx_word' id='word_1_122' title='bbox 543 1693 775 1763; x_wconf 72' lang='lat' dir='ltr'><strong>Ulphilze</strong></span> <span class='ocrx_word' id='word_1_123' title='bbox 806 1709 910 1747; x_wconf 91' lang='lat' dir='ltr'><strong>non</strong></span> <span class='ocrx_word' id='word_1_124' title='bbox 941 1693 1140 1748; x_wconf 89' lang='lat' dir='ltr'><strong>ferunt.</strong></span> 
     </span>
    </p>
   </div>
   <div class='ocr_carea' id='block_1_18' title="bbox 167 1784 1680 1854">
    <p class='ocr_par' dir='ltr' id='par_1_18' title="bbox 167 1784 1680 1854">
     <span class='ocr_line' id='line_1_18' title="bbox 167 1784 1680 1854; baseline 0.001 -17"><span class='ocrx_word' id='word_1_125' title='bbox 167 1786 365 1840; x_wconf 69' lang='lat' dir='ltr'><strong>Vetusti</strong></span> <span class='ocrx_word' id='word_1_126' title='bbox 395 1785 614 1854; x_wconf 85' lang='lat' dir='ltr'><strong>quidam</strong></span> <span class='ocrx_word' id='word_1_127' title='bbox 649 1785 822 1840; x_wconf 64' lang='lat' dir='ltr'><strong>Graeci</strong></span> <span class='ocrx_word' id='word_1_128' title='bbox 864 1785 1078 1840; x_wconf 84' lang='lat' dir='ltr'><strong>codices</strong></span> <span class='ocrx_word' id='word_1_129' title='bbox 1121 1785 1264 1840; x_wconf 89' lang='lat' dir='ltr'><strong>illam</strong></span> <span class='ocrx_word' id='word_1_130' title='bbox 1293 1784 1395 1839; x_wconf 88' lang='lat' dir='ltr'><strong>hoc</strong></span> <span class='ocrx_word' id='word_1_131' title='bbox 1423 1787 1540 1839; x_wconf 90' lang='lat' dir='ltr'><strong>loco</strong></span> <span class='ocrx_word' id='word_1_132' title='bbox 1574 1801 1680 1838; x_wconf 78' lang='lat' dir='ltr'><strong>non</strong></span> 
     </span>
    </p>
   </div>
   <div class='ocr_carea' id='block_1_19' title="bbox 98 1878 1677 1948">
    <p class='ocr_par' dir='ltr' id='par_1_19' title="bbox 98 1878 1677 1948">
     <span class='ocr_line' id='line_1_19' title="bbox 98 1878 1677 1948; baseline 0.001 -17"><span class='ocrx_word' id='word_1_133' title='bbox 98 1878 315 1942; x_wconf 83' lang='lat' dir='ltr'><strong>habent;</strong></span> <span class='ocrx_word' id='word_1_134' title='bbox 342 1879 434 1933; x_wconf 90' lang='lat' dir='ltr'><strong>sed</strong></span> <span class='ocrx_word' id='word_1_135' title='bbox 457 1879 550 1933; x_wconf 89' lang='lat' dir='ltr'><strong>alii</strong></span> <span class='ocrx_word' id='word_1_136' title='bbox 580 1879 647 1932; x_wconf 88' lang='lat' dir='ltr'><strong>ad</strong></span> <span class='ocrx_word' id='word_1_137' title='bbox 679 1879 883 1934; x_wconf 87' lang='lat' dir='ltr'><strong>calcem</strong></span> <span class='ocrx_word' id='word_1_138' title='bbox 914 1880 1104 1948; x_wconf 89' lang='lat' dir='ltr'><strong>capitis</strong></span> <span class='ocrx_word' id='word_1_139' title='bbox 1133 1896 1223 1934; x_wconf 78' lang='lat' dir='ltr'><strong>xxi</strong></span> <span class='ocrx_word' id='word_1_140' title='bbox 1254 1881 1430 1945; x_wconf 70' lang='lat' dir='ltr'><strong>Lucae,</strong></span> <span class='ocrx_word' id='word_1_141' title='bbox 1464 1890 1519 1933; x_wconf 88' lang='lat' dir='ltr'><strong>ut</strong></span> <span class='ocrx_word' id='word_1_142' title='bbox 1544 1879 1677 1934; x_wconf 88' lang='lat' dir='ltr'><strong>Cod.</strong></span> 
     </span>
    </p>
   </div>
   <div class='ocr_carea' id='block_1_20' title="bbox 94 1970 1682 2042">
    <p class='ocr_par' dir='ltr' id='par_1_20' title="bbox 94 1970 1682 2042">
     <span class='ocr_line' id='line_1_20' title="bbox 94 1970 1682 2042; baseline -0.001 -15"><span class='ocrx_word' id='word_1_143' title='bbox 94 1970 343 2027; x_wconf 84' lang='lat' dir='ltr'><strong>Leicestr.</strong></span> <span class='ocrx_word' id='word_1_144' title='bbox 371 1972 514 2041; x_wconf 87' lang='lat' dir='ltr'><strong>apud</strong></span> <span class='ocrx_word' id='word_1_145' title='bbox 545 1972 775 2027; x_wconf 82' lang='lat' dir='ltr'><strong>Millium</strong></span> <span class='ocrx_word' id='word_1_146' title='bbox 803 1982 857 2028; x_wconf 86' lang='lat' dir='ltr'><strong>et</strong></span> <span class='ocrx_word' id='word_1_147' title='bbox 879 1972 1050 2027; x_wconf 54' lang='lat' dir='ltr'><strong>Paris.</strong></span> <span class='ocrx_word' id='word_1_148' title='bbox 1077 1973 1130 2037; x_wconf 88' lang='lat'><strong>6,</strong></span> <span class='ocrx_word' id='word_1_149' title='bbox 1163 1976 1302 2042; x_wconf 86' lang='lat' dir='ltr'><strong>apud</strong></span> <span class='ocrx_word' id='word_1_150' title='bbox 1324 1973 1564 2037; x_wconf 85' lang='lat' dir='ltr'><strong>Kuster.;</strong></span> <span class='ocrx_word' id='word_1_151' title='bbox 1591 1973 1682 2026; x_wconf 88' lang='lat' dir='ltr'><strong>alii</strong></span> 
     </span>
    </p>
   </div>
   <div class='ocr_carea' id='block_1_21' title="bbox 90 2064 1679 2135">
    <p class='ocr_par' dir='ltr' id='par_1_21' title="bbox 90 2064 1679 2135">
     <span class='ocr_line' id='line_1_21' title="bbox 90 2064 1679 2135; baseline 0 -18"><span class='ocrx_word' id='word_1_152' title='bbox 90 2064 156 2118; x_wconf 82' lang='lat' dir='ltr'><strong>ad</strong></span> <span class='ocrx_word' id='word_1_153' title='bbox 180 2066 380 2120; x_wconf 88' lang='lat' dir='ltr'><strong>calcem</strong></span> <span class='ocrx_word' id='word_1_154' title='bbox 407 2065 706 2134; x_wconf 85' lang='lat' dir='ltr'><strong>Evangelii,</strong></span> <span class='ocrx_word' id='word_1_155' title='bbox 727 2075 785 2119; x_wconf 94' lang='lat' dir='ltr'><strong>ut</strong></span> <span class='ocrx_word' id='word_1_156' title='bbox 813 2065 973 2124; x_wconf 81' lang='lat' dir='ltr'><strong>codd.</strong></span> <span class='ocrx_word' id='word_1_157' title='bbox 1005 2067 1140 2135; x_wconf 72' lang='lat' dir='ltr'><strong>Reg.</strong></span> <span class='ocrx_word' id='word_1_158' title='bbox 1173 2067 1310 2122; x_wconf 74' lang='lat'><strong>1879</strong></span> <span class='ocrx_word' id='word_1_159' title='bbox 1339 2075 1393 2120; x_wconf 88' lang='lat' dir='ltr'><strong>et</strong></span> <span class='ocrx_word' id='word_1_160' title='bbox 1427 2066 1594 2128; x_wconf 76' lang='lat'><strong>1835;</strong></span> <span class='ocrx_word' id='word_1_161' title='bbox 1629 2065 1679 2118; x_wconf 90' lang='lat' dir='ltr'><strong>in</strong></span> 
     </span>
    </p>
   </div>
   <div class='ocr_carea' id='block_1_22' title="bbox 85 2157 1687 2228">
    <p class='ocr_par' dir='ltr' id='par_1_22' title="bbox 85 2157 1687 2228">
     <span class='ocr_line' id='line_1_22' title="bbox 85 2157 1687 2228; baseline -0.002 -14"><span class='ocrx_word' id='word_1_162' title='bbox 85 2159 361 2214; x_wconf 77' lang='lat' dir='ltr'><strong>nonnullis</strong></span> <span class='ocrx_word' id='word_1_163' title='bbox 380 2175 407 2211; x_wconf 89' lang='lat' dir='ltr'><strong>a</strong></span> <span class='ocrx_word' id='word_1_164' title='bbox 435 2159 648 2228; x_wconf 91' lang='lat' dir='ltr'><strong>reliquo</strong></span> <span class='ocrx_word' id='word_1_165' title='bbox 675 2166 822 2214; x_wconf 85' lang='lat' dir='ltr'><strong>textu</strong></span> <span class='ocrx_word' id='word_1_166' title='bbox 847 2160 1210 2228; x_wconf 88' lang='lat' dir='ltr'><strong>peculiaribus</strong></span> <span class='ocrx_word' id='word_1_167' title='bbox 1235 2159 1376 2212; x_wconf 87' lang='lat' dir='ltr'><strong>notis</strong></span> <span class='ocrx_word' id='word_1_168' title='bbox 1403 2157 1687 2227; x_wconf 88' lang='lat' dir='ltr'><strong>distingui-</strong></span> 
     </span>
    </p>
   </div>
   <div class='ocr_carea' id='block_1_23' title="bbox 87 2250 1683 2321">
    <p class='ocr_par' dir='ltr' id='par_1_23' title="bbox 87 2250 1683 2321">
     <span class='ocr_line' id='line_1_23' title="bbox 87 2250 1683 2321; baseline 0 -17"><span class='ocrx_word' id='word_1_169' title='bbox 87 2260 203 2314; x_wconf 85' lang='lat' dir='ltr'><strong>tur;</strong></span> <span class='ocrx_word' id='word_1_170' title='bbox 247 2252 391 2318; x_wconf 84' lang='lat' dir='ltr'><strong>apud</strong></span> <span class='ocrx_word' id='word_1_171' title='bbox 415 2250 551 2305; x_wconf 77' lang='lat' dir='ltr'><strong>alios</strong></span> <span class='ocrx_word' id='word_1_172' title='bbox 574 2250 792 2306; x_wconf 87' lang='lat' dir='ltr'><strong>codices</strong></span> <span class='ocrx_word' id='word_1_173' title='bbox 813 2251 866 2305; x_wconf 91' lang='lat' dir='ltr'><strong>in</strong></span> <span class='ocrx_word' id='word_1_174' title='bbox 895 2268 987 2306; x_wconf 89' lang='lat' dir='ltr'><strong>ora</strong></span> <span class='ocrx_word' id='word_1_175' title='bbox 1014 2252 1131 2306; x_wconf 90' lang='lat' dir='ltr'><strong>libri</strong></span> <span class='ocrx_word' id='word_1_176' title='bbox 1160 2251 1371 2321; x_wconf 89' lang='lat' dir='ltr'><strong>legitur,</strong></span> <span class='ocrx_word' id='word_1_177' title='bbox 1398 2251 1480 2306; x_wconf 92' lang='lat' dir='ltr'><strong>vel</strong></span> <span class='ocrx_word' id='word_1_178' title='bbox 1509 2252 1683 2304; x_wconf 56' lang='lat' dir='ltr'><strong>mino.</strong></span> 
     </span>
    </p>
   </div>
   <div class='ocr_carea' id='block_1_24' title="bbox 78 2342 1683 2414">
    <p class='ocr_par' dir='ltr' id='par_1_24' title="bbox 78 2342 1683 2414">
     <span class='ocr_line' id='line_1_24' title="bbox 78 2342 1683 2414; baseline 0 -18"><span class='ocrx_word' id='word_1_179' title='bbox 78 2343 231 2396; x_wconf 84' lang='lat' dir='ltr'><strong>ribus</strong></span> <span class='ocrx_word' id='word_1_180' title='bbox 255 2342 452 2398; x_wconf 77' lang='lat' dir='ltr'><strong>litteris</strong></span> <span class='ocrx_word' id='word_1_181' title='bbox 474 2342 822 2397; x_wconf 87' lang='lat' dir='ltr'><strong>describitur.</strong></span> <span class='ocrx_word' id='word_1_182' title='bbox 848 2342 1192 2414; x_wconf 78' lang='lat' dir='ltr'><strong>Etttltymius,</strong></span> <span class='ocrx_word' id='word_1_183' title='bbox 1225 2343 1376 2398; x_wconf 90' lang='lat' dir='ltr'><strong>initio</strong></span> <span class='ocrx_word' id='word_1_184' title='bbox 1399 2343 1582 2396; x_wconf 67' lang='lat' dir='ltr'><strong>swculi</strong></span> <span class='ocrx_word' id='word_1_185' title='bbox 1609 2356 1683 2396; x_wconf 88' lang='lat' dir='ltr'><strong>xn</strong></span> 
     </span>
    </p>
   </div>
   <div class='ocr_carea' id='block_1_25' title="bbox 76 2437 1682 2512">
    <p class='ocr_par' dir='ltr' id='par_1_25' title="bbox 76 2437 1682 2512">
     <span class='ocr_line' id='line_1_25' title="bbox 76 2437 1682 2512; baseline 0 -21"><span class='ocrx_word' id='word_1_186' title='bbox 76 2437 307 2501; x_wconf 83' lang='lat' dir='ltr'><strong>ﬂorens,</strong></span> <span class='ocrx_word' id='word_1_187' title='bbox 354 2437 498 2490; x_wconf 90' lang='lat' dir='ltr'><strong>illam</strong></span> <span class='ocrx_word' id='word_1_188' title='bbox 543 2437 596 2491; x_wconf 93' lang='lat' dir='ltr'><strong>in</strong></span> <span class='ocrx_word' id='word_1_189' title='bbox 630 2437 1038 2512; x_wconf 82' lang='lat' dir='ltr'><strong>commentariis</strong></span> <span class='ocrx_word' id='word_1_190' title='bbox 1079 2437 1498 2504; x_wconf 86' lang='lat' dir='ltr'><strong>interpretatur;</strong></span> <span class='ocrx_word' id='word_1_191' title='bbox 1540 2447 1593 2489; x_wconf 86' lang='lat' dir='ltr'><strong>at</strong></span> <span class='ocrx_word' id='word_1_192' title='bbox 1630 2437 1682 2491; x_wconf 92' lang='lat' dir='ltr'><strong>in</strong></span> 
     </span>
    </p>
   </div>
   <div class='ocr_carea' id='block_1_26' title="bbox 70 2528 1684 2601">
    <p class='ocr_par' dir='ltr' id='par_1_26' title="bbox 70 2528 1684 2601">
     <span class='ocr_line' id='line_1_26' title="bbox 70 2528 1684 2601; baseline -0.001 -16"><span class='ocrx_word' id='word_1_193' title='bbox 70 2531 236 2585; x_wconf 83' lang='lat' dir='ltr'><strong>libris</strong></span> <span class='ocrx_word' id='word_1_194' title='bbox 278 2532 499 2601; x_wconf 71' lang='lat' dir='ltr'><strong>optima:</strong></span> <span class='ocrx_word' id='word_1_195' title='bbox 548 2541 693 2584; x_wconf 75' lang='lat' dir='ltr'><strong>nota:</strong></span> <span class='ocrx_word' id='word_1_196' title='bbox 729 2529 1023 2585; x_wconf 88' lang='lat' dir='ltr'><strong>desiderari</strong></span> <span class='ocrx_word' id='word_1_197' title='bbox 1077 2529 1160 2584; x_wconf 93' lang='lat' dir='ltr'><strong>vel</strong></span> <span class='ocrx_word' id='word_1_198' title='bbox 1222 2529 1381 2584; x_wconf 87' lang='lat' dir='ltr'><strong>obelo</strong></span> <span class='ocrx_word' id='word_1_199' title='bbox 1427 2528 1684 2600; x_wconf 77' lang='lat' dir='ltr'><strong>distingui</strong></span> 
     </span>
    </p>
   </div>
   <div class='ocr_carea' id='block_1_27' title="bbox 68 2619 1687 2693">
    <p class='ocr_par' dir='ltr' id='par_1_27' title="bbox 68 2619 1687 2693">
     <span class='ocr_line' id='line_1_27' title="bbox 68 2619 1687 2693; baseline -0.001 -18"><span class='ocrx_word' id='word_1_200' title='bbox 68 2623 312 2689; x_wconf 80' lang='lat' dir='ltr'><strong>asserit;</strong></span> <span class='ocrx_word' id='word_1_201' title='bbox 362 2631 722 2693; x_wconf 82' lang='lat' dir='ltr'><strong>quapropter,</strong></span> <span class='ocrx_word' id='word_1_202' title='bbox 767 2621 962 2692; x_wconf 89' lang='lat' dir='ltr'><strong>inquit,</strong></span> <span class='ocrx_word' id='word_1_203' title='bbox 993 2619 1265 2690; x_wconf 88' lang='lat' dir='ltr'><strong>adscripta</strong></span> <span class='ocrx_word' id='word_1_204' title='bbox 1294 2619 1562 2684; x_wconf 88' lang='lat' dir='ltr'><strong>videntur,</strong></span> <span class='ocrx_word' id='word_1_205' title='bbox 1596 2619 1687 2674; x_wconf 87' lang='lat' dir='ltr'><strong>vel</strong></span> 
     </span>
    </p>
   </div>
   <div class='ocr_carea' id='block_1_28' title="bbox 67 2713 1681 2788">
    <p class='ocr_par' dir='ltr' id='par_1_28' title="bbox 67 2713 1681 2788">
     <span class='ocr_line' id='line_1_28' title="bbox 67 2713 1681 2788; baseline -0.002 -20"><span class='ocrx_word' id='word_1_206' title='bbox 67 2716 284 2770; x_wconf 86' lang='lat' dir='ltr'><strong>addita.</strong></span> <span class='ocrx_word' id='word_1_207' title='bbox 320 2717 380 2772; x_wconf 93' lang='lat' dir='ltr'><strong>S.</strong></span> <span class='ocrx_word' id='word_1_208' title='bbox 407 2715 850 2788; x_wconf 79' lang='lat' dir='ltr'><strong>Chrysoswmus,</strong></span> <span class='ocrx_word' id='word_1_209' title='bbox 879 2729 1036 2783; x_wconf 82' lang='lat' dir='ltr'><strong>quem</strong></span> <span class='ocrx_word' id='word_1_210' title='bbox 1069 2713 1278 2782; x_wconf 87' lang='lat' dir='ltr'><strong>patroni</strong></span> <span class='ocrx_word' id='word_1_211' title='bbox 1309 2713 1467 2778; x_wconf 79' lang='lat' dir='ltr'><strong>hujus</strong></span> <span class='ocrx_word' id='word_1_212' title='bbox 1497 2727 1681 2765; x_wconf 90' lang='lat' dir='ltr'><strong>narra-</strong></span> 
     </span>
    </p>
   </div>
   <div class='ocr_carea' id='block_1_29' title="bbox 70 2800 1687 2872">
    <p class='ocr_par' dir='ltr' id='par_1_29' title="bbox 70 2800 1687 2872">
     <span class='ocr_line' id='line_1_29' title="bbox 70 2800 1687 2872; baseline -0.004 -13"><span class='ocrx_word' id='word_1_213' title='bbox 70 2809 246 2861; x_wconf 84' lang='lat' dir='ltr'><strong>tionis</strong></span> <span class='ocrx_word' id='word_1_214' title='bbox 294 2808 547 2872; x_wconf 89' lang='lat' dir='ltr'><strong>recitant,</strong></span> <span class='ocrx_word' id='word_1_215' title='bbox 581 2806 633 2859; x_wconf 91' lang='lat' dir='ltr'><strong>in</strong></span> <span class='ocrx_word' id='word_1_216' title='bbox 662 2804 854 2859; x_wconf 75' lang='lat' dir='ltr'><strong>Latina</strong></span> <span class='ocrx_word' id='word_1_217' title='bbox 893 2803 1107 2870; x_wconf 87' lang='lat' dir='ltr'><strong>quidem</strong></span> <span class='ocrx_word' id='word_1_218' title='bbox 1145 2803 1398 2857; x_wconf 81' lang='lat' dir='ltr'><strong>versione</strong></span> <span class='ocrx_word' id='word_1_219' title='bbox 1440 2800 1687 2854; x_wconf 75' lang='lat' dir='ltr'><strong>llomilia:</strong></span> 
     </span>
    </p>
   </div>
   <div class='ocr_carea' id='block_1_30' title="bbox 65 2891 1687 2958">
    <p class='ocr_par' dir='ltr' id='par_1_30' title="bbox 65 2891 1687 2958">
     <span class='ocr_line' id='line_1_30' title="bbox 65 2891 1687 2958; baseline -0.004 -4"><span class='ocrx_word' id='word_1_220' title='bbox 65 2915 142 2954; x_wconf 66' lang='grc' dir='ltr'><strong>ιχ</strong></span> <span class='ocrx_word' id='word_1_221' title='bbox 177 2903 236 2953; x_wconf 88' lang='lat' dir='ltr'><strong>in</strong></span> <span class='ocrx_word' id='word_1_222' title='bbox 268 2899 533 2954; x_wconf 84' lang='lat' dir='ltr'><strong>Joannem</strong></span> <span class='ocrx_word' id='word_1_223' title='bbox 577 2897 821 2951; x_wconf 88' lang='lat' dir='ltr'><strong>mulieris</strong></span> <span class='ocrx_word' id='word_1_224' title='bbox 861 2895 1122 2950; x_wconf 77' lang='lat' dir='ltr'><strong>adultera:</strong></span> <span class='ocrx_word' id='word_1_225' title='bbox 1154 2894 1435 2958; x_wconf 88' lang='lat' dir='ltr'><strong>meminit,</strong></span> <span class='ocrx_word' id='word_1_226' title='bbox 1467 2891 1687 2947; x_wconf 88' lang='lat' dir='ltr'><strong>minime</strong></span> 
     </span>
    </p>
   </div>
   <div class='ocr_carea' id='block_1_31' title="bbox 63 2985 1688 3058">
    <p class='ocr_par' dir='ltr' id='par_1_31' title="bbox 63 2985 1688 3058">
     <span class='ocr_line' id='line_1_31' title="bbox 63 2985 1688 3058; baseline -0.006 -11"><span class='ocrx_word' id='word_1_227' title='bbox 63 3002 265 3048; x_wconf 85' lang='lat' dir='ltr'><strong>tamen</strong></span> <span class='ocrx_word' id='word_1_228' title='bbox 289 2995 350 3048; x_wconf 90' lang='lat' dir='ltr'><strong>in</strong></span> <span class='ocrx_word' id='word_1_229' title='bbox 373 2993 582 3058; x_wconf 79' lang='lat' dir='ltr'><strong>Graeco,</strong></span> <span class='ocrx_word' id='word_1_230' title='bbox 605 2993 693 3045; x_wconf 90' lang='lat' dir='ltr'><strong>ubi</strong></span> <span class='ocrx_word' id='word_1_231' title='bbox 720 2989 854 3045; x_wconf 89' lang='lat' dir='ltr'><strong>illud</strong></span> <span class='ocrx_word' id='word_1_232' title='bbox 882 2990 1043 3045; x_wconf 87' lang='lat' dir='ltr'><strong>habet</strong></span> <span class='ocrx_word' id='word_1_233' title='bbox 1060 2987 1341 3054; x_wconf 83' lang='lat' dir='ltr'><strong>duntaxat,</strong></span> <span class='ocrx_word' id='word_1_234' title='bbox 1381 2986 1524 3056; x_wconf 86' lang='lat' dir='ltr'><strong>quod</strong></span> <span class='ocrx_word' id='word_1_235' title='bbox 1550 2985 1688 3040; x_wconf 88' lang='lat' dir='ltr'><strong>Pha-</strong></span> 
     </span>
    </p>
   </div>
   <div class='ocr_carea' id='block_1_32' title="bbox 1788 404 3384 477">
    <p class='ocr_par' dir='ltr' id='par_1_32' title="bbox 1788 404 3384 477">
     <span class='ocr_line' id='line_1_32' title="bbox 1788 404 3384 477; baseline 0.003 -17"><span class='ocrx_word' id='word_1_236' title='bbox 1788 404 2228 477; x_wconf 84' lang='lat' dir='ltr'><strong>Cantabrigensis</strong></span> <span class='ocrx_word' id='word_1_237' title='bbox 2253 407 2424 462; x_wconf 83' lang='lat' dir='ltr'><strong>codex</strong></span> <span class='ocrx_word' id='word_1_238' title='bbox 2454 408 2840 464; x_wconf 87' lang='lat' dir='ltr'><strong>celeberrimus</strong></span> <span class='ocrx_word' id='word_1_239' title='bbox 2893 426 2955 468; x_wconf 89' lang='lat' dir='ltr'><strong>ac</strong></span> <span class='ocrx_word' id='word_1_240' title='bbox 2983 408 3384 474; x_wconf 86' lang='lat' dir='ltr'><strong>vetustissimus</strong></span> 
     </span>
    </p>
   </div>
   <div class='ocr_carea' id='block_1_33' title="bbox 1786 497 3382 572">
    <p class='ocr_par' dir='ltr' id='par_1_33' title="bbox 1786 497 3382 572">
     <span class='ocr_line' id='line_1_33' title="bbox 1786 497 3382 572; baseline 0.003 -22"><span class='ocrx_word' id='word_1_241' title='bbox 1786 497 1926 568; x_wconf 89' lang='lat' dir='ltr'><strong>apud</strong></span> <span class='ocrx_word' id='word_1_242' title='bbox 1958 513 2116 567; x_wconf 82' lang='lat' dir='ltr'><strong>quem</strong></span> <span class='ocrx_word' id='word_1_243' title='bbox 2145 499 2275 552; x_wconf 89' lang='lat' dir='ltr'><strong>olim</strong></span> <span class='ocrx_word' id='word_1_244' title='bbox 2310 497 2423 551; x_wconf 83' lang='lat' dir='ltr'><strong>lnee</strong></span> <span class='ocrx_word' id='word_1_245' title='bbox 2447 499 2746 568; x_wconf 43' lang='lat' dir='ltr'><strong>ligebatnr.</strong></span> <span class='ocrx_word' id='word_1_246' title='bbox 2784 501 2925 556; x_wconf 85' lang='lat' dir='ltr'><strong>Libri</strong></span> <span class='ocrx_word' id='word_1_247' title='bbox 2951 517 3159 568; x_wconf 88' lang='lat' dir='ltr'><strong>omnes,</strong></span> <span class='ocrx_word' id='word_1_248' title='bbox 3187 501 3382 572; x_wconf 85' lang='lat' dir='ltr'><strong>quibus</strong></span> 
     </span>
    </p>
   </div>
   <div class='ocr_carea' id='block_1_34' title="bbox 1789 591 3378 664">
    <p class='ocr_par' dir='ltr' id='par_1_34' title="bbox 1789 591 3378 664">
     <span class='ocr_line' id='line_1_34' title="bbox 1789 591 3378 664; baseline 0.003 -21"><span class='ocrx_word' id='word_1_249' title='bbox 1789 606 1917 644; x_wconf 83' lang='lat' dir='ltr'><strong>usus</strong></span> <span class='ocrx_word' id='word_1_250' title='bbox 1941 602 2020 645; x_wconf 86' lang='lat' dir='ltr'><strong>est</strong></span> <span class='ocrx_word' id='word_1_251' title='bbox 2066 591 2334 645; x_wconf 73' lang='lat' dir='ltr'><strong>Rt-liertns</strong></span> <span class='ocrx_word' id='word_1_252' title='bbox 2379 591 2710 660; x_wconf 83' lang='lat' dir='ltr'><strong>Stephanus,</strong></span> <span class='ocrx_word' id='word_1_253' title='bbox 2761 608 2867 647; x_wconf 92' lang='lat' dir='ltr'><strong>non</strong></span> <span class='ocrx_word' id='word_1_254' title='bbox 2900 595 3178 662; x_wconf 89' lang='lat' dir='ltr'><strong>pauciores</strong></span> <span class='ocrx_word' id='word_1_255' title='bbox 3219 610 3378 664; x_wconf 90' lang='lat' dir='ltr'><strong>quam</strong></span> 
     </span>
    </p>
   </div>
   <div class='ocr_carea' id='block_1_35' title="bbox 1788 683 3382 756">
    <p class='ocr_par' dir='ltr' id='par_1_35' title="bbox 1788 683 3382 756">
     <span class='ocr_line' id='line_1_35' title="bbox 1788 683 3382 756; baseline 0.003 -20"><span class='ocrx_word' id='word_1_256' title='bbox 1788 683 2062 736; x_wconf 85' lang='lat' dir='ltr'><strong>sexdecim</strong></span> <span class='ocrx_word' id='word_1_257' title='bbox 2091 723 2106 749; x_wconf 93' lang='lat'><strong>,</strong></span> <span class='ocrx_word' id='word_1_258' title='bbox 2137 683 2268 736; x_wconf 87' lang='lat' dir='ltr'><strong>editi</strong></span> <span class='ocrx_word' id='word_1_259' title='bbox 2298 700 2509 750; x_wconf 88' lang='lat' dir='ltr'><strong>omnes,</strong></span> <span class='ocrx_word' id='word_1_260' title='bbox 2543 685 2919 756; x_wconf 90' lang='lat' dir='ltr'><strong>innumerique</strong></span> <span class='ocrx_word' id='word_1_261' title='bbox 2950 702 3107 740; x_wconf 89' lang='lat' dir='ltr'><strong>mantt</strong></span> <span class='ocrx_word' id='word_1_262' title='bbox 3139 688 3340 740; x_wconf 87' lang='lat' dir='ltr'><strong>exarati</strong></span> <span class='ocrx_word' id='word_1_263' title='bbox 3367 704 3382 752; x_wconf 87' lang='lat'><strong>;</strong></span> 
     </span>
    </p>
   </div>
   <div class='ocr_carea' id='block_1_36' title="bbox 1787 762 3387 843">
    <p class='ocr_par' dir='ltr' id='par_1_36' title="bbox 1787 762 3387 843">
     <span class='ocr_line' id='line_1_36' title="bbox 1787 762 3387 843; baseline 0.003 -17"><span class='ocrx_word' id='word_1_264' title='bbox 1787 773 2034 843; x_wconf 89' lang='lat' dir='ltr'><strong>plerique</strong></span> <span class='ocrx_word' id='word_1_265' title='bbox 2085 762 2298 840; x_wconf 88' lang='lat' dir='ltr'><strong>eorum,</strong></span> <span class='ocrx_word' id='word_1_266' title='bbox 2343 791 2478 842; x_wconf 80' lang='lat' dir='ltr'><strong>quos</strong></span> <span class='ocrx_word' id='word_1_267' title='bbox 2525 775 2661 828; x_wconf 87' lang='lat' dir='ltr'><strong>vidit</strong></span> <span class='ocrx_word' id='word_1_268' title='bbox 2706 775 2924 841; x_wconf 92' lang='lat' dir='ltr'><strong>Millius,</strong></span> <span class='ocrx_word' id='word_1_269' title='bbox 2976 777 3122 831; x_wconf 88' lang='lat' dir='ltr'><strong>illam</strong></span> <span class='ocrx_word' id='word_1_270' title='bbox 3164 777 3387 832; x_wconf 85' lang='lat' dir='ltr'><strong>exhibe-</strong></span> 
     </span>
    </p>
   </div>
   <div class='ocr_carea' id='block_1_37' title="bbox 1789 862 3388 933">
    <p class='ocr_par' dir='ltr' id='par_1_37' title="bbox 1789 862 3388 933">
     <span class='ocr_line' id='line_1_37' title="bbox 1789 862 3388 933; baseline 0.004 -17"><span class='ocrx_word' id='word_1_271' title='bbox 1789 862 1940 917; x_wconf 89' lang='lat' dir='ltr'><strong>bant.</strong></span> <span class='ocrx_word' id='word_1_272' title='bbox 1971 863 2192 918; x_wconf 88' lang='lat' dir='ltr'><strong>Latinos</strong></span> <span class='ocrx_word' id='word_1_273' title='bbox 2233 863 2469 931; x_wconf 79' lang='lat' dir='ltr'><strong>codices,</strong></span> <span class='ocrx_word' id='word_1_274' title='bbox 2505 866 2557 919; x_wconf 92' lang='lat' dir='ltr'><strong>in</strong></span> <span class='ocrx_word' id='word_1_275' title='bbox 2586 864 2783 932; x_wconf 83' lang='lat' dir='ltr'><strong>quibus</strong></span> <span class='ocrx_word' id='word_1_276' title='bbox 2811 880 2874 920; x_wconf 91' lang='lat' dir='ltr'><strong>ea</strong></span> <span class='ocrx_word' id='word_1_277' title='bbox 2902 866 3265 933; x_wconf 87' lang='lat' dir='ltr'><strong>desideratur,</strong></span> <span class='ocrx_word' id='word_1_278' title='bbox 3297 882 3388 923; x_wconf 87' lang='lat' dir='ltr'><strong>so-</strong></span> 
     </span>
    </p>
   </div>
   <div class='ocr_carea' id='block_1_38' title="bbox 1787 953 3386 1030">
    <p class='ocr_par' dir='ltr' id='par_1_38' title="bbox 1787 953 3386 1030">
     <span class='ocr_line' id='line_1_38' title="bbox 1787 953 3386 1030; baseline 0.004 -22"><span class='ocrx_word' id='word_1_279' title='bbox 1787 953 1868 1008; x_wconf 94' lang='lat' dir='ltr'><strong>los</strong></span> <span class='ocrx_word' id='word_1_280' title='bbox 1893 953 2102 1008; x_wconf 83' lang='lat' dir='ltr'><strong>Vercel.</strong></span> <span class='ocrx_word' id='word_1_281' title='bbox 2132 965 2185 1010; x_wconf 92' lang='lat' dir='ltr'><strong>et</strong></span> <span class='ocrx_word' id='word_1_282' title='bbox 2209 955 2359 1010; x_wconf 88' lang='lat' dir='ltr'><strong>Brix.</strong></span> <span class='ocrx_word' id='word_1_283' title='bbox 2387 957 2653 1010; x_wconf 91' lang='lat' dir='ltr'><strong>novimus.</strong></span> <span class='ocrx_word' id='word_1_284' title='bbox 2689 955 2843 1024; x_wconf 87' lang='lat' dir='ltr'><strong>Quod</strong></span> <span class='ocrx_word' id='word_1_285' title='bbox 2873 957 2940 1012; x_wconf 84' lang='lat' dir='ltr'><strong>ad</strong></span> <span class='ocrx_word' id='word_1_286' title='bbox 2967 957 3386 1030; x_wconf 84' lang='lat' dir='ltr'><strong>Syriacos,Ara-</strong></span> 
     </span>
    </p>
   </div>
   <div class='ocr_carea' id='block_1_39' title="bbox 1785 1043 3384 1122">
    <p class='ocr_par' dir='ltr' id='par_1_39' title="bbox 1785 1043 3384 1122">
     <span class='ocr_line' id='line_1_39' title="bbox 1785 1043 3384 1122; baseline 0.004 -22"><span class='ocrx_word' id='word_1_287' title='bbox 1785 1045 1960 1112; x_wconf 86' lang='lat' dir='ltr'><strong>bicos,</strong></span> <span class='ocrx_word' id='word_1_288' title='bbox 1989 1043 2242 1115; x_wconf 90' lang='lat' dir='ltr'><strong>Copticos</strong></span> <span class='ocrx_word' id='word_1_289' title='bbox 2264 1048 2478 1113; x_wconf 89' lang='lat' dir='ltr'><strong>attinet,</strong></span> <span class='ocrx_word' id='word_1_290' title='bbox 2507 1047 2689 1116; x_wconf 89' lang='lat' dir='ltr'><strong>plures</strong></span> <span class='ocrx_word' id='word_1_291' title='bbox 2719 1047 2950 1105; x_wconf 80' lang='lat' dir='ltr'><strong>fortasse</strong></span> <span class='ocrx_word' id='word_1_292' title='bbox 2973 1061 3099 1106; x_wconf 90' lang='lat' dir='ltr'><strong>sunt</strong></span> <span class='ocrx_word' id='word_1_293' title='bbox 3145 1052 3234 1122; x_wconf 91' lang='lat' dir='ltr'><strong>qui</strong></span> <span class='ocrx_word' id='word_1_294' title='bbox 3265 1067 3384 1107; x_wconf 92' lang='lat' dir='ltr'><strong>eam</strong></span> 
     </span>
    </p>
   </div>
   <div class='ocr_carea' id='block_1_40' title="bbox 1786 1137 2580 1209">
    <p class='ocr_par' dir='ltr' id='par_1_40' title="bbox 1786 1137 2580 1209">
     <span class='ocr_line' id='line_1_40' title="bbox 1786 1137 2580 1209; baseline 0.004 -18"><span class='ocrx_word' id='word_1_295' title='bbox 1786 1137 1986 1204; x_wconf 77' lang='lat' dir='ltr'><strong>ierunt,</strong></span> <span class='ocrx_word' id='word_1_296' title='bbox 2015 1154 2176 1209; x_wconf 89' lang='lat' dir='ltr'><strong>quam</strong></span> <span class='ocrx_word' id='word_1_297' title='bbox 2203 1139 2293 1209; x_wconf 90' lang='lat' dir='ltr'><strong>qui</strong></span> <span class='ocrx_word' id='word_1_298' title='bbox 2325 1140 2580 1194; x_wconf 88' lang='lat' dir='ltr'><strong>omisere.</strong></span> 
     </span>
    </p>
   </div>
   <div class='ocr_carea' id='block_1_41' title="bbox 1860 1230 3390 1302">
    <p class='ocr_par' dir='ltr' id='par_1_41' title="bbox 1860 1230 3390 1302">
     <span class='ocr_line' id='line_1_41' title="bbox 1860 1230 3390 1302; baseline 0.003 -16"><span class='ocrx_word' id='word_1_299' title='bbox 1860 1230 2030 1286; x_wconf 66' lang='lat' dir='ltr'><strong>Graeci</strong></span> <span class='ocrx_word' id='word_1_300' title='bbox 2080 1231 2266 1285; x_wconf 87' lang='lat' dir='ltr'><strong>Patres</strong></span> <span class='ocrx_word' id='word_1_301' title='bbox 2295 1231 2558 1286; x_wconf 82' lang='lat' dir='ltr'><strong>Joannem</strong></span> <span class='ocrx_word' id='word_1_302' title='bbox 2608 1231 2966 1302; x_wconf 82' lang='lat' dir='ltr'><strong>interpretati,</strong></span> <span class='ocrx_word' id='word_1_303' title='bbox 3021 1233 3199 1289; x_wconf 70' lang='lat' dir='ltr'><strong>locum</strong></span> <span class='ocrx_word' id='word_1_304' title='bbox 3247 1235 3390 1290; x_wconf 91' lang='lat' dir='ltr'><strong>hunc</strong></span> 
     </span>
    </p>
   </div>
   <div class='ocr_carea' id='block_1_42' title="bbox 1791 1324 3383 1398">
    <p class='ocr_par' dir='ltr' id='par_1_42' title="bbox 1791 1324 3383 1398">
     <span class='ocr_line' id='line_1_42' title="bbox 1791 1324 3383 1398; baseline 0.002 -20"><span class='ocrx_word' id='word_1_305' title='bbox 1791 1325 2122 1394; x_wconf 75' lang='lat' dir='ltr'><strong>praeteriere,</strong></span> <span class='ocrx_word' id='word_1_306' title='bbox 2173 1327 2286 1380; x_wconf 90' lang='lat' dir='ltr'><strong>sive</strong></span> <span class='ocrx_word' id='word_1_307' title='bbox 2313 1325 2454 1395; x_wconf 88' lang='lat' dir='ltr'><strong>quod</strong></span> <span class='ocrx_word' id='word_1_308' title='bbox 2484 1324 2801 1395; x_wconf 87' lang='lat' dir='ltr'><strong>perspicuus</strong></span> <span class='ocrx_word' id='word_1_309' title='bbox 2831 1327 2998 1397; x_wconf 88' lang='lat' dir='ltr'><strong>magis</strong></span> <span class='ocrx_word' id='word_1_310' title='bbox 3026 1337 3190 1392; x_wconf 88' lang='lat' dir='ltr'><strong>esset,</strong></span> <span class='ocrx_word' id='word_1_311' title='bbox 3223 1344 3383 1398; x_wconf 80' lang='lat' dir='ltr'><strong>quam</strong></span> 
     </span>
    </p>
   </div>
   <div class='ocr_carea' id='block_1_43' title="bbox 1787 1416 3388 1486">
    <p class='ocr_par' dir='ltr' id='par_1_43' title="bbox 1787 1416 3388 1486">
     <span class='ocr_line' id='line_1_43' title="bbox 1787 1416 3388 1486; baseline 0.002 -17"><span class='ocrx_word' id='word_1_312' title='bbox 1787 1416 2152 1486; x_wconf 83' lang='lat' dir='ltr'><strong>explicatione</strong></span> <span class='ocrx_word' id='word_1_313' title='bbox 2189 1416 2485 1485; x_wconf 87' lang='lat' dir='ltr'><strong>indigeret,</strong></span> <span class='ocrx_word' id='word_1_314' title='bbox 2538 1418 2652 1472; x_wconf 89' lang='lat' dir='ltr'><strong>sive</strong></span> <span class='ocrx_word' id='word_1_315' title='bbox 2684 1416 2824 1486; x_wconf 91' lang='lat' dir='ltr'><strong>quod</strong></span> <span class='ocrx_word' id='word_1_316' title='bbox 2857 1416 3094 1486; x_wconf 88' lang='lat' dir='ltr'><strong>ipsorum</strong></span> <span class='ocrx_word' id='word_1_317' title='bbox 3141 1419 3194 1472; x_wconf 90' lang='lat' dir='ltr'><strong>in</strong></span> <span class='ocrx_word' id='word_1_318' title='bbox 3238 1419 3388 1472; x_wconf 91' lang='lat' dir='ltr'><strong>libris</strong></span> 
     </span>
    </p>
   </div>
   <div class='ocr_carea' id='block_1_44' title="bbox 1789 1506 3384 1578">
    <p class='ocr_par' dir='ltr' id='par_1_44' title="bbox 1789 1506 3384 1578">
     <span class='ocr_line' id='line_1_44' title="bbox 1789 1506 3384 1578; baseline 0.001 -19"><span class='ocrx_word' id='word_1_319' title='bbox 1789 1522 1894 1560; x_wconf 89' lang='lat' dir='ltr'><strong>non</strong></span> <span class='ocrx_word' id='word_1_320' title='bbox 1926 1506 2232 1563; x_wconf 82' lang='lat' dir='ltr'><strong>haberetur.</strong></span> <span class='ocrx_word' id='word_1_321' title='bbox 2265 1508 2522 1562; x_wconf 86' lang='lat' dir='ltr'><strong>Tatianus</strong></span> <span class='ocrx_word' id='word_1_322' title='bbox 2543 1549 2555 1571; x_wconf 94' lang='lat'><strong>,</strong></span> <span class='ocrx_word' id='word_1_323' title='bbox 2588 1508 2674 1578; x_wconf 90' lang='lat' dir='ltr'><strong>qui</strong></span> <span class='ocrx_word' id='word_1_324' title='bbox 2707 1522 2850 1562; x_wconf 90' lang='lat' dir='ltr'><strong>anno</strong></span> <span class='ocrx_word' id='word_1_325' title='bbox 2879 1507 3098 1563; x_wconf 83' lang='lat' dir='ltr'><strong>circiter</strong></span> <span class='ocrx_word' id='word_1_326' title='bbox 3128 1510 3230 1564; x_wconf 86' lang='lat' dir='ltr'><strong>l60</strong></span> <span class='ocrx_word' id='word_1_327' title='bbox 3259 1509 3384 1563; x_wconf 81' lang='lat' dir='ltr'><strong>Jesu</strong></span> 
     </span>
    </p>
   </div>
   <div class='ocr_carea' id='block_1_45' title="bbox 1788 1600 3385 1672">
    <p class='ocr_par' dir='ltr' id='par_1_45' title="bbox 1788 1600 3385 1672">
     <span class='ocr_line' id='line_1_45' title="bbox 1788 1600 3385 1672; baseline -0.003 -16"><span class='ocrx_word' id='word_1_328' title='bbox 1788 1600 1985 1656; x_wconf 77' lang='lat' dir='ltr'><strong>Cltt‘is‘li</strong></span> <span class='ocrx_word' id='word_1_329' title='bbox 2022 1603 2225 1668; x_wconf 82' lang='lat' dir='ltr'><strong>lloruit,</strong></span> <span class='ocrx_word' id='word_1_330' title='bbox 2269 1602 2337 1655; x_wconf 80' lang='lat'><strong>60</strong></span> <span class='ocrx_word' id='word_1_331' title='bbox 2367 1613 2483 1672; x_wconf 89' lang='lat' dir='ltr'><strong>post</strong></span> <span class='ocrx_word' id='word_1_332' title='bbox 2518 1600 2741 1656; x_wconf 85' lang='lat' dir='ltr'><strong>Joannis</strong></span> <span class='ocrx_word' id='word_1_333' title='bbox 2780 1603 3124 1670; x_wconf 61' lang='lat' dir='ltr'><strong>evangelista:</strong></span> <span class='ocrx_word' id='word_1_334' title='bbox 3155 1602 3385 1664; x_wconf 87' lang='lat' dir='ltr'><strong>obitum,</strong></span> 
     </span>
    </p>
   </div>
   <div class='ocr_carea' id='block_1_46' title="bbox 1715 1693 3388 1761">
    <p class='ocr_par' dir='ltr' id='par_1_46' title="bbox 1715 1693 3388 1761">
     <span class='ocr_line' id='line_1_46' title="bbox 1715 1693 3388 1761; baseline -0.001 -12"><span class='ocrx_word' id='word_1_335' title='bbox 1715 1703 1762 1761; x_wconf 84' lang='grc' dir='ltr'><strong>Β</strong></span> <span class='ocrx_word' id='word_1_336' title='bbox 1789 1705 1843 1749; x_wconf 90' lang='lat' dir='ltr'><strong>et</strong></span> <span class='ocrx_word' id='word_1_337' title='bbox 1871 1695 2188 1749; x_wconf 84' lang='lat' dir='ltr'><strong>Ammonius</strong></span> <span class='ocrx_word' id='word_1_338' title='bbox 2237 1710 2378 1750; x_wconf 88' lang='lat' dir='ltr'><strong>anno</strong></span> <span class='ocrx_word' id='word_1_339' title='bbox 2419 1695 2590 1750; x_wconf 88' lang='lat' dir='ltr'><strong>ferme</strong></span> <span class='ocrx_word' id='word_1_340' title='bbox 2619 1693 2726 1750; x_wconf 74' lang='lat'><strong>2&#39;20</strong></span> <span class='ocrx_word' id='word_1_341' title='bbox 2755 1695 2882 1751; x_wconf 90' lang='lat' dir='ltr'><strong>Jesu</strong></span> <span class='ocrx_word' id='word_1_342' title='bbox 2909 1694 3134 1760; x_wconf 88' lang='lat' dir='ltr'><strong>Christi,</strong></span> <span class='ocrx_word' id='word_1_343' title='bbox 3187 1704 3243 1750; x_wconf 90' lang='lat' dir='ltr'><strong>et</strong></span> <span class='ocrx_word' id='word_1_344' title='bbox 3283 1695 3388 1748; x_wconf 68' lang='grc'><strong>120</strong></span> 
     </span>
    </p>
   </div>
   <div class='ocr_carea' id='block_1_47' title="bbox 1790 1785 3390 1856">
    <p class='ocr_par' dir='ltr' id='par_1_47' title="bbox 1790 1785 3390 1856">
     <span class='ocr_line' id='line_1_47' title="bbox 1790 1785 3390 1856; baseline 0.001 -17"><span class='ocrx_word' id='word_1_345' title='bbox 1790 1795 1908 1855; x_wconf 89' lang='lat' dir='ltr'><strong>post</strong></span> <span class='ocrx_word' id='word_1_346' title='bbox 1933 1785 2192 1841; x_wconf 84' lang='lat' dir='ltr'><strong>Joannem</strong></span> <span class='ocrx_word' id='word_1_347' title='bbox 2226 1788 2491 1850; x_wconf 88' lang='lat' dir='ltr'><strong>scribens,</strong></span> <span class='ocrx_word' id='word_1_348' title='bbox 2524 1786 2890 1842; x_wconf 86' lang='lat' dir='ltr'><strong>narrationem</strong></span> <span class='ocrx_word' id='word_1_349' title='bbox 2922 1801 3191 1856; x_wconf 90' lang='lat' dir='ltr'><strong>agnovere</strong></span> <span class='ocrx_word' id='word_1_350' title='bbox 3221 1801 3390 1841; x_wconf 81' lang='lat' dir='ltr'><strong>cano-</strong></span> 
     </span>
    </p>
   </div>
   <div class='ocr_carea' id='block_1_48' title="bbox 1787 1877 3374 1949">
    <p class='ocr_par' dir='ltr' id='par_1_48' title="bbox 1787 1877 3374 1949">
     <span class='ocr_line' id='line_1_48' title="bbox 1787 1877 3374 1949; baseline 0.001 -17"><span class='ocrx_word' id='word_1_351' title='bbox 1787 1877 1960 1934; x_wconf 90' lang='lat' dir='ltr'><strong>nicam</strong></span> <span class='ocrx_word' id='word_1_352' title='bbox 1984 1887 2038 1934; x_wconf 90' lang='lat' dir='ltr'><strong>et</strong></span> <span class='ocrx_word' id='word_1_353' title='bbox 2064 1880 2114 1932; x_wconf 91' lang='lat' dir='ltr'><strong>in</strong></span> <span class='ocrx_word' id='word_1_354' title='bbox 2147 1879 2459 1948; x_wconf 81' lang='lat' dir='ltr'><strong>Evangeliet</strong></span> <span class='ocrx_word' id='word_1_355' title='bbox 2487 1879 2774 1934; x_wconf 89' lang='lat' dir='ltr'><strong>concordia</strong></span> <span class='ocrx_word' id='word_1_356' title='bbox 2803 1880 2870 1934; x_wconf 90' lang='lat' dir='ltr'><strong>ab</strong></span> <span class='ocrx_word' id='word_1_357' title='bbox 2895 1889 3126 1949; x_wconf 86' lang='lat' dir='ltr'><strong>utroque</strong></span> <span class='ocrx_word' id='word_1_358' title='bbox 3156 1881 3374 1934; x_wconf 89' lang='lat' dir='ltr'><strong>concin-</strong></span> 
     </span>
    </p>
   </div>
   <div class='ocr_carea' id='block_1_49' title="bbox 1788 1971 3389 2042">
    <p class='ocr_par' dir='ltr' id='par_1_49' title="bbox 1788 1971 3389 2042">
     <span class='ocr_line' id='line_1_49' title="bbox 1788 1971 3389 2042; baseline 0 -17"><span class='ocrx_word' id='word_1_359' title='bbox 1788 1981 1931 2039; x_wconf 91' lang='lat' dir='ltr'><strong>nata,</strong></span> <span class='ocrx_word' id='word_1_360' title='bbox 1970 1988 2036 2026; x_wconf 85' lang='lat' dir='ltr'><strong>ex</strong></span> <span class='ocrx_word' id='word_1_361' title='bbox 2069 1987 2171 2041; x_wconf 91' lang='lat' dir='ltr'><strong>qua</strong></span> <span class='ocrx_word' id='word_1_362' title='bbox 2200 1972 2498 2042; x_wconf 90' lang='lat' dir='ltr'><strong>desumpsit</strong></span> <span class='ocrx_word' id='word_1_363' title='bbox 2535 1971 2801 2027; x_wconf 91' lang='lat' dir='ltr'><strong>Eusebius</strong></span> <span class='ocrx_word' id='word_1_364' title='bbox 2831 1971 3040 2026; x_wconf 87' lang='lat' dir='ltr'><strong>tabulas</strong></span> <span class='ocrx_word' id='word_1_365' title='bbox 3075 1975 3189 2028; x_wconf 88' lang='lat' dir='ltr'><strong>suis</strong></span> <span class='ocrx_word' id='word_1_366' title='bbox 3219 1989 3389 2026; x_wconf 89' lang='lat' dir='ltr'><strong>cano-</strong></span> 
     </span>
    </p>
   </div>
   <div class='ocr_carea' id='block_1_50' title="bbox 1789 2063 3386 2132">
    <p class='ocr_par' dir='ltr' id='par_1_50' title="bbox 1789 2063 3386 2132">
     <span class='ocr_line' id='line_1_50' title="bbox 1789 2063 3386 2132; baseline -0.001 -15"><span class='ocrx_word' id='word_1_367' title='bbox 1789 2064 1948 2118; x_wconf 84' lang='lat' dir='ltr'><strong>nihtts</strong></span> <span class='ocrx_word' id='word_1_368' title='bbox 1988 2063 2324 2129; x_wconf 89' lang='lat' dir='ltr'><strong>inserendas,</strong></span> <span class='ocrx_word' id='word_1_369' title='bbox 2375 2063 2701 2119; x_wconf 88' lang='lat' dir='ltr'><strong>recitavere.</strong></span> <span class='ocrx_word' id='word_1_370' title='bbox 2745 2063 2894 2118; x_wconf 91' lang='lat' dir='ltr'><strong>lllam</strong></span> <span class='ocrx_word' id='word_1_371' title='bbox 2933 2063 3153 2118; x_wconf 91' lang='lat' dir='ltr'><strong>omnino</strong></span> <span class='ocrx_word' id='word_1_372' title='bbox 3186 2063 3386 2132; x_wconf 82' lang='lat' dir='ltr'><strong>excipit</strong></span> 
     </span>
    </p>
   </div>
   <div class='ocr_carea' id='block_1_51' title="bbox 1789 2156 3388 2229">
    <p class='ocr_par' dir='ltr' id='par_1_51' title="bbox 1789 2156 3388 2229">
     <span class='ocr_line' id='line_1_51' title="bbox 1789 2156 3388 2229; baseline 0.001 -17"><span class='ocrx_word' id='word_1_373' title='bbox 1789 2156 1846 2212; x_wconf 95' lang='lat' dir='ltr'><strong>S.</strong></span> <span class='ocrx_word' id='word_1_374' title='bbox 1903 2156 2263 2228; x_wconf 85' lang='lat' dir='ltr'><strong>Hieronymus</strong></span> <span class='ocrx_word' id='word_1_375' title='bbox 2312 2156 2406 2210; x_wconf 94' lang='lat' dir='ltr'><strong>lib.</strong></span> <span class='ocrx_word' id='word_1_376' title='bbox 2460 2171 2499 2210; x_wconf 86' lang='lat' dir='ltr'><strong>ll</strong></span> <span class='ocrx_word' id='word_1_377' title='bbox 2545 2166 2733 2212; x_wconf 86' lang='lat' dir='ltr'><strong>contra</strong></span> <span class='ocrx_word' id='word_1_378' title='bbox 2778 2157 3129 2229; x_wconf 65' lang='lat' dir='ltr'><strong>Pelagianos},</strong></span> <span class='ocrx_word' id='word_1_379' title='bbox 3186 2159 3388 2229; x_wconf 90' lang='lat' dir='ltr'><strong>quippe</strong></span> 
     </span>
    </p>
   </div>
   <div class='ocr_carea' id='block_1_52' title="bbox 1787 2249 3378 2321">
    <p class='ocr_par' dir='ltr' id='par_1_52' title="bbox 1787 2249 3378 2321">
     <span class='ocr_line' id='line_1_52' title="bbox 1787 2249 3378 2321; baseline 0.003 -19"><span class='ocrx_word' id='word_1_380' title='bbox 1787 2265 1946 2319; x_wconf 90' lang='lat' dir='ltr'><strong>quam</strong></span> <span class='ocrx_word' id='word_1_381' title='bbox 1973 2260 2158 2303; x_wconf 79' lang='lat' dir='ltr'><strong>contra</strong></span> <span class='ocrx_word' id='word_1_382' title='bbox 2190 2249 2336 2318; x_wconf 87' lang='lat' dir='ltr'><strong>ipsos</strong></span> <span class='ocrx_word' id='word_1_383' title='bbox 2365 2251 2686 2321; x_wconf 80' lang='lat' dir='ltr'><strong>Pelagianos</strong></span> <span class='ocrx_word' id='word_1_384' title='bbox 2715 2259 2946 2318; x_wconf 90' lang='lat' dir='ltr'><strong>torquet.</strong></span> <span class='ocrx_word' id='word_1_385' title='bbox 2981 2249 3098 2305; x_wconf 88' lang='lat' dir='ltr'><strong>Non</strong></span> <span class='ocrx_word' id='word_1_386' title='bbox 3127 2251 3296 2306; x_wconf 90' lang='lat' dir='ltr'><strong>semel</strong></span> <span class='ocrx_word' id='word_1_387' title='bbox 3328 2254 3378 2306; x_wconf 92' lang='lat' dir='ltr'><strong>in</strong></span> 
     </span>
    </p>
   </div>
   <div class='ocr_carea' id='block_1_53' title="bbox 1789 2341 3382 2414">
    <p class='ocr_par' dir='ltr' id='par_1_53' title="bbox 1789 2341 3382 2414">
     <span class='ocr_line' id='line_1_53' title="bbox 1789 2341 3382 2414; baseline 0.003 -19"><span class='ocrx_word' id='word_1_388' title='bbox 1789 2341 1939 2395; x_wconf 88' lang='lat' dir='ltr'><strong>libris</strong></span> <span class='ocrx_word' id='word_1_389' title='bbox 1954 2342 2066 2395; x_wconf 86' lang='lat' dir='ltr'><strong>suis</strong></span> <span class='ocrx_word' id='word_1_390' title='bbox 2087 2357 2150 2396; x_wconf 90' lang='lat' dir='ltr'><strong>ea</strong></span> <span class='ocrx_word' id='word_1_391' title='bbox 2183 2343 2349 2397; x_wconf 84' lang='lat' dir='ltr'><strong>utitur</strong></span> <span class='ocrx_word' id='word_1_392' title='bbox 2375 2343 2432 2401; x_wconf 90' lang='lat' dir='ltr'><strong>S.</strong></span> <span class='ocrx_word' id='word_1_393' title='bbox 2467 2343 2823 2413; x_wconf 76' lang='lat' dir='ltr'><strong>Augustinus,</strong></span> <span class='ocrx_word' id='word_1_394' title='bbox 2855 2359 3050 2414; x_wconf 88' lang='lat' dir='ltr'><strong>nempe</strong></span> <span class='ocrx_word' id='word_1_395' title='bbox 3075 2343 3182 2411; x_wconf 87' lang='lat' dir='ltr'><strong>hic,</strong></span> <span class='ocrx_word' id='word_1_396' title='bbox 3204 2343 3382 2399; x_wconf 86' lang='lat' dir='ltr'><strong>Tract.</strong></span> 
     </span>
    </p>
   </div>
   <div class='ocr_carea' id='block_1_54' title="bbox 1787 2435 3388 2514">
    <p class='ocr_par' dir='ltr' id='par_1_54' title="bbox 1787 2435 3388 2514">
     <span class='ocr_line' id='line_1_54' title="bbox 1787 2435 3388 2514; baseline 0.001 -24"><span class='ocrx_word' id='word_1_397' title='bbox 1787 2435 1858 2490; x_wconf 75' lang='grc'><strong>52</strong></span> <span class='ocrx_word' id='word_1_398' title='bbox 1887 2443 1944 2514; x_wconf 81' lang='lat' dir='ltr'><strong>et</strong></span> <span class='ocrx_word' id='word_1_399' title='bbox 1986 2435 2061 2489; x_wconf 88' lang='lat' dir='ltr'><strong>lib</strong></span> <span class='ocrx_word' id='word_1_400' title='bbox 2106 2451 2141 2489; x_wconf 88' lang='grc' dir='ltr'>ιι</span> <span class='ocrx_word' id='word_1_401' title='bbox 2173 2436 2241 2490; x_wconf 89' lang='lat' dir='ltr'><strong>de</strong></span> <span class='ocrx_word' id='word_1_402' title='bbox 2272 2436 2450 2492; x_wconf 79' lang='lat' dir='ltr'><strong>Atlult.</strong></span> <span class='ocrx_word' id='word_1_403' title='bbox 2499 2437 2716 2507; x_wconf 91' lang='lat' dir='ltr'><strong>conjug.</strong></span> <span class='ocrx_word' id='word_1_404' title='bbox 2765 2452 2885 2504; x_wconf 88' lang='lat' dir='ltr'><strong>cap.</strong></span> <span class='ocrx_word' id='word_1_405' title='bbox 2919 2435 2952 2490; x_wconf 88' lang='grc'>6</span> <span class='ocrx_word' id='word_1_406' title='bbox 2987 2447 3037 2491; x_wconf 90' lang='lat' dir='ltr'><strong>et</strong></span> <span class='ocrx_word' id='word_1_407' title='bbox 3071 2437 3129 2503; x_wconf 87' lang='lat'><strong>7,</strong></span> <span class='ocrx_word' id='word_1_408' title='bbox 3165 2447 3219 2492; x_wconf 92' lang='lat' dir='ltr'><strong>et</strong></span> <span class='ocrx_word' id='word_1_409' title='bbox 3247 2437 3388 2492; x_wconf 90' lang='lat' dir='ltr'><strong>libro</strong></span> 
     </span>
    </p>
   </div>
   <div class='ocr_carea' id='block_1_55' title="bbox 1788 2527 3385 2600">
    <p class='ocr_par' dir='ltr' id='par_1_55' title="bbox 1788 2527 3385 2600">
     <span class='ocr_line' id='line_1_55' title="bbox 1788 2527 3385 2600; baseline 0.001 -18"><span class='ocrx_word' id='word_1_410' title='bbox 1788 2528 1856 2583; x_wconf 89' lang='lat' dir='ltr'><strong>de</strong></span> <span class='ocrx_word' id='word_1_411' title='bbox 1889 2543 2012 2582; x_wconf 90' lang='lat' dir='ltr'><strong>vera</strong></span> <span class='ocrx_word' id='word_1_412' title='bbox 2062 2538 2114 2582; x_wconf 92' lang='lat' dir='ltr'><strong>et</strong></span> <span class='ocrx_word' id='word_1_413' title='bbox 2141 2527 2271 2582; x_wconf 83' lang='lat' dir='ltr'><strong>falsa</strong></span> <span class='ocrx_word' id='word_1_414' title='bbox 2298 2529 2566 2585; x_wconf 77' lang='lat' dir='ltr'><strong>Pomiten.</strong></span> <span class='ocrx_word' id='word_1_415' title='bbox 2599 2545 2719 2600; x_wconf 89' lang='lat' dir='ltr'><strong>cap.</strong></span> <span class='ocrx_word' id='word_1_416' title='bbox 2754 2531 2843 2596; x_wconf 73' lang='grc'><strong>15,</strong></span> <span class='ocrx_word' id='word_1_417' title='bbox 2868 2537 2924 2583; x_wconf 91' lang='lat' dir='ltr'><strong>et</strong></span> <span class='ocrx_word' id='word_1_418' title='bbox 2945 2529 3101 2598; x_wconf 90' lang='lat' dir='ltr'><strong>epist.</strong></span> <span class='ocrx_word' id='word_1_419' title='bbox 3134 2531 3261 2584; x_wconf 92' lang='lat' dir='ltr'><strong>olim</strong></span> <span class='ocrx_word' id='word_1_420' title='bbox 3293 2529 3385 2596; x_wconf 74' lang='lat' dir='ltr'><strong>5i,</strong></span> 
     </span>
    </p>
   </div>
   <div class='ocr_carea' id='block_1_56' title="bbox 1791 2619 3384 2692">
    <p class='ocr_par' dir='ltr' id='par_1_56' title="bbox 1791 2619 3384 2692">
     <span class='ocr_line' id='line_1_56' title="bbox 1791 2619 3384 2692; baseline 0 -16"><span class='ocrx_word' id='word_1_421' title='bbox 1791 2634 1932 2676; x_wconf 92' lang='lat' dir='ltr'><strong>nunc</strong></span> <span class='ocrx_word' id='word_1_422' title='bbox 1991 2619 2126 2685; x_wconf 79' lang='lat' dir='ltr'><strong>l55,</strong></span> <span class='ocrx_word' id='word_1_423' title='bbox 2179 2629 2233 2674; x_wconf 90' lang='lat' dir='ltr'><strong>et</strong></span> <span class='ocrx_word' id='word_1_424' title='bbox 2284 2621 2378 2675; x_wconf 93' lang='lat' dir='ltr'><strong>lib.</strong></span> <span class='ocrx_word' id='word_1_425' title='bbox 2431 2621 2500 2676; x_wconf 90' lang='lat' dir='ltr'><strong>de</strong></span> <span class='ocrx_word' id='word_1_426' title='bbox 2553 2621 2836 2676; x_wconf 89' lang='lat' dir='ltr'><strong>Consensu</strong></span> <span class='ocrx_word' id='word_1_427' title='bbox 2889 2621 3384 2692; x_wconf 73' lang='lat' dir='ltr'><strong>Evangelismrum,’</strong></span> 
     </span>
    </p>
   </div>
   <div class='ocr_carea' id='block_1_57' title="bbox 1789 2714 3386 2786">
    <p class='ocr_par' dir='ltr' id='par_1_57' title="bbox 1789 2714 3386 2786">
     <span class='ocr_line' id='line_1_57' title="bbox 1789 2714 3386 2786; baseline -0.001 -17"><span class='ocrx_word' id='word_1_428' title='bbox 1789 2730 1908 2786; x_wconf 89' lang='lat' dir='ltr'><strong>cap.</strong></span> <span class='ocrx_word' id='word_1_429' title='bbox 1939 2715 2004 2769; x_wconf 77' lang='lat' dir='ltr'><strong>lt)</strong></span> <span class='ocrx_word' id='word_1_430' title='bbox 2029 2727 2081 2769; x_wconf 91' lang='lat' dir='ltr'><strong>et</strong></span> <span class='ocrx_word' id='word_1_431' title='bbox 2105 2715 2252 2770; x_wconf 89' lang='lat' dir='ltr'><strong>alibi.</strong></span> <span class='ocrx_word' id='word_1_432' title='bbox 2277 2714 2442 2770; x_wconf 86' lang='lat' dir='ltr'><strong>Vetus</strong></span> <span class='ocrx_word' id='word_1_433' title='bbox 2474 2717 2907 2784; x_wconf 85' lang='lat' dir='ltr'><strong>Apostolicarum</strong></span> <span class='ocrx_word' id='word_1_434' title='bbox 2929 2714 3386 2770; x_wconf 89' lang='lat' dir='ltr'><strong>Constitutionum</strong></span> 
     </span>
    </p>
   </div>
   <div class='ocr_carea' id='block_1_58' title="bbox 1790 2807 3392 2878">
    <p class='ocr_par' dir='ltr' id='par_1_58' title="bbox 1790 2807 3392 2878">
     <span class='ocr_line' id='line_1_58' title="bbox 1790 2807 3392 2878; baseline 0.001 -16"><span class='ocrx_word' id='word_1_435' title='bbox 1790 2817 1980 2862; x_wconf 90' lang='lat' dir='ltr'><strong>auctor</strong></span> <span class='ocrx_word' id='word_1_436' title='bbox 2010 2807 2105 2862; x_wconf 92' lang='lat' dir='ltr'><strong>lib.</strong></span> <span class='ocrx_word' id='word_1_437' title='bbox 2150 2825 2206 2874; x_wconf 86' lang='grc' dir='ltr'><strong>ιι,</strong></span> <span class='ocrx_word' id='word_1_438' title='bbox 2238 2823 2360 2878; x_wconf 91' lang='lat' dir='ltr'><strong>cap.</strong></span> <span class='ocrx_word' id='word_1_439' title='bbox 2411 2807 2504 2874; x_wconf 71' lang='lat'><strong>94,</strong></span> <span class='ocrx_word' id='word_1_440' title='bbox 2536 2808 2780 2878; x_wconf 88' lang='lat' dir='ltr'><strong>ejusdem</strong></span> <span class='ocrx_word' id='word_1_441' title='bbox 2828 2809 3096 2873; x_wconf 88' lang='lat' dir='ltr'><strong>meminit,</strong></span> <span class='ocrx_word' id='word_1_442' title='bbox 3155 2807 3392 2878; x_wconf 89' lang='lat' dir='ltr'><strong>itemque</strong></span> 
     </span>
    </p>
   </div>
   <div class='ocr_carea' id='block_1_59' title="bbox 1793 2899 3388 2970">
    <p class='ocr_par' dir='ltr' id='par_1_59' title="bbox 1793 2899 3388 2970">
     <span class='ocr_line' id='line_1_59' title="bbox 1793 2899 3388 2970; baseline -0.002 -15"><span class='ocrx_word' id='word_1_443' title='bbox 1793 2899 2055 2970; x_wconf 88' lang='lat' dir='ltr'><strong>Synopsis</strong></span> <span class='ocrx_word' id='word_1_444' title='bbox 2097 2901 2295 2955; x_wconf 89' lang='lat' dir='ltr'><strong>Sancto</strong></span> <span class='ocrx_word' id='word_1_445' title='bbox 2317 2899 2616 2955; x_wconf 84' lang='lat' dir='ltr'><strong>Athanasio</strong></span> <span class='ocrx_word' id='word_1_446' title='bbox 2643 2900 2939 2970; x_wconf 89' lang='lat' dir='ltr'><strong>adscripta,</strong></span> <span class='ocrx_word' id='word_1_447' title='bbox 2974 2900 3052 2953; x_wconf 91' lang='lat' dir='ltr'><strong>uti</strong></span> <span class='ocrx_word' id='word_1_448' title='bbox 3081 2910 3135 2956; x_wconf 91' lang='lat' dir='ltr'><strong>et</strong></span> <span class='ocrx_word' id='word_1_449' title='bbox 3165 2899 3223 2956; x_wconf 91' lang='lat' dir='ltr'><strong>S.</strong></span> <span class='ocrx_word' id='word_1_450' title='bbox 3254 2901 3388 2955; x_wconf 89' lang='lat' dir='ltr'><strong>Am-</strong></span> 
     </span>
    </p>
   </div>
   <div class='ocr_carea' id='block_1_60' title="bbox 1792 2990 3391 3061">
    <p class='ocr_par' dir='ltr' id='par_1_60' title="bbox 1792 2990 3391 3061">
     <span class='ocr_line' id='line_1_60' title="bbox 1792 2990 3391 3061; baseline -0.002 -15"><span class='ocrx_word' id='word_1_451' title='bbox 1792 2990 2006 3046; x_wconf 91' lang='lat' dir='ltr'><strong>brosius</strong></span> <span class='ocrx_word' id='word_1_452' title='bbox 2025 2991 2115 3044; x_wconf 90' lang='lat' dir='ltr'><strong>lib.</strong></span> <span class='ocrx_word' id='word_1_453' title='bbox 2142 3006 2200 3044; x_wconf 85' lang='lat' dir='ltr'><strong>ut</strong></span> <span class='ocrx_word' id='word_1_454' title='bbox 2222 2991 2290 3046; x_wconf 88' lang='lat' dir='ltr'><strong>de</strong></span> <span class='ocrx_word' id='word_1_455' title='bbox 2317 2991 2516 3060; x_wconf 84' lang='lat' dir='ltr'><strong>Spiritu</strong></span> <span class='ocrx_word' id='word_1_456' title='bbox 2541 2993 2762 3059; x_wconf 88' lang='lat' dir='ltr'><strong>Sancto,</strong></span> <span class='ocrx_word' id='word_1_457' title='bbox 2785 3007 2906 3061; x_wconf 91' lang='lat' dir='ltr'><strong>cap.</strong></span> <span class='ocrx_word' id='word_1_458' title='bbox 2940 2992 3065 3046; x_wconf 91' lang='lat' dir='ltr'><strong>item</strong></span> <span class='ocrx_word' id='word_1_459' title='bbox 3089 3003 3143 3047; x_wconf 90' lang='lat' dir='ltr'><strong>ct</strong></span> <span class='ocrx_word' id='word_1_460' title='bbox 3169 2990 3266 3048; x_wconf 89' lang='lat' dir='ltr'><strong>lib.</strong></span> <span class='ocrx_word' id='word_1_461' title='bbox 3297 3006 3391 3056; x_wconf 89' lang='lat' dir='ltr'><strong>vn,</strong></span> 
     </span>
    </p>
   </div>
   <div class='ocr_carea' id='block_1_61' title="bbox 62 3077 3392 3154">
    <p class='ocr_par' dir='ltr' id='par_1_61' title="bbox 62 3077 3392 3154">
     <span class='ocr_line' id='line_1_61' title="bbox 62 3077 3392 3154; baseline -0.001 -15"><span class='ocrx_word' id='word_1_462' title='bbox 62 3086 224 3140; x_wconf 70' lang='lat' dir='ltr'><strong>riszei</strong></span> <span class='ocrx_word' id='word_1_463' title='bbox 253 3102 284 3138; x_wconf 90' lang='lat' dir='ltr'><strong>a</strong></span> <span class='ocrx_word' id='word_1_464' title='bbox 316 3085 446 3140; x_wconf 90' lang='lat' dir='ltr'><strong>Jesu</strong></span> <span class='ocrx_word' id='word_1_465' title='bbox 488 3085 821 3154; x_wconf 69' lang='lat' dir='ltr'><strong>quaesivere,</strong></span> <span class='ocrx_word' id='word_1_466' title='bbox 855 3082 1046 3137; x_wconf 80' lang='lat' dir='ltr'><strong>liceret</strong></span> <span class='ocrx_word' id='word_1_467' title='bbox 1084 3097 1153 3136; x_wconf 89' lang='lat' dir='ltr'><strong>ne</strong></span> <span class='ocrx_word' id='word_1_468' title='bbox 1177 3095 1404 3134; x_wconf 83' lang='lat' dir='ltr'><strong>uxorem</strong></span> <span class='ocrx_word' id='word_1_469' title='bbox 1449 3077 1688 3149; x_wconf 89' lang='lat' dir='ltr'><strong>qualibet</strong></span> <span class='ocrx_word' id='word_1_470' title='bbox 1713 3087 1757 3152; x_wconf 72' lang='grc' dir='ltr'>Ο</span> <span class='ocrx_word' id='word_1_471' title='bbox 1791 3084 1951 3154; x_wconf 88' lang='lat' dir='ltr'><strong>epist.</strong></span> <span class='ocrx_word' id='word_1_472' title='bbox 1985 3084 2078 3150; x_wconf 82' lang='lat'><strong>58,</strong></span> <span class='ocrx_word' id='word_1_473' title='bbox 2107 3095 2162 3138; x_wconf 91' lang='lat' dir='ltr'><strong>et</strong></span> <span class='ocrx_word' id='word_1_474' title='bbox 2194 3083 2287 3137; x_wconf 92' lang='lat' dir='ltr'><strong>lib.</strong></span> <span class='ocrx_word' id='word_1_475' title='bbox 2318 3099 2391 3148; x_wconf 86' lang='lat' dir='ltr'><strong>rx,</strong></span> <span class='ocrx_word' id='word_1_476' title='bbox 2425 3085 2584 3154; x_wconf 80' lang='lat' dir='ltr'><strong>epist.</strong></span> <span class='ocrx_word' id='word_1_477' title='bbox 2618 3083 2687 3137; x_wconf 86' lang='lat'><strong>76</strong></span> <span class='ocrx_word' id='word_1_478' title='bbox 2708 3123 2724 3148; x_wconf 91' lang='lat'><strong>,</strong></span> <span class='ocrx_word' id='word_1_479' title='bbox 2754 3083 3049 3153; x_wconf 80' lang='lat' dir='ltr'><strong>caeterique</strong></span> <span class='ocrx_word' id='word_1_480' title='bbox 3081 3083 3258 3136; x_wconf 88' lang='lat' dir='ltr'><strong>Latini</strong></span> <span class='ocrx_word' id='word_1_481' title='bbox 3292 3081 3392 3136; x_wconf 86' lang='lat' dir='ltr'><strong>Pa-</strong></span> 
     </span>
    </p>
   </div>
   <div class='ocr_carea' id='block_1_62' title="bbox 68 3177 685 3247">
    <p class='ocr_par' dir='ltr' id='par_1_62' title="bbox 68 3177 685 3247">
     <span class='ocr_line' id='line_1_62' title="bbox 68 3177 685 3247; baseline -0.002 -15"><span class='ocrx_word' id='word_1_482' title='bbox 68 3192 144 3232; x_wconf 86' lang='lat' dir='ltr'><strong>ex</strong></span> <span class='ocrx_word' id='word_1_483' title='bbox 174 3194 356 3233; x_wconf 82' lang='lat' dir='ltr'><strong>causa</strong></span> <span class='ocrx_word' id='word_1_484' title='bbox 378 3177 685 3247; x_wconf 88' lang='lat' dir='ltr'><strong>repudiare.</strong></span> 
     </span>
    </p>
   </div>
   <div class='ocr_carea' id='block_1_63' title="bbox 144 3263 1693 3335">
    <p class='ocr_par' dir='ltr' id='par_1_63' title="bbox 144 3263 1693 3335">
     <span class='ocr_line' id='line_1_63' title="bbox 144 3263 1693 3335; baseline -0.005 -9"><span class='ocrx_word' id='word_1_485' title='bbox 144 3270 358 3326; x_wconf 79' lang='lat' dir='ltr'><strong>Narrat</strong></span> <span class='ocrx_word' id='word_1_486' title='bbox 398 3269 663 3326; x_wconf 86' lang='lat' dir='ltr'><strong>Eusebius</strong></span> <span class='ocrx_word' id='word_1_487' title='bbox 696 3268 830 3324; x_wconf 88' lang='lat' dir='ltr'><strong>Hist.</strong></span> <span class='ocrx_word' id='word_1_488' title='bbox 867 3267 1012 3323; x_wconf 88' lang='lat' dir='ltr'><strong>Eccl.</strong></span> <span class='ocrx_word' id='word_1_489' title='bbox 1053 3266 1148 3321; x_wconf 91' lang='lat' dir='ltr'><strong>lib.</strong></span> <span class='ocrx_word' id='word_1_490' title='bbox 1192 3281 1268 3328; x_wconf 87' lang='lat' dir='ltr'><strong>tn.</strong></span> <span class='ocrx_word' id='word_1_491' title='bbox 1304 3280 1423 3335; x_wconf 89' lang='lat' dir='ltr'><strong>cap.</strong></span> <span class='ocrx_word' id='word_1_492' title='bbox 1484 3263 1552 3320; x_wconf 78' lang='lat'><strong>59</strong></span> <span class='ocrx_word' id='word_1_493' title='bbox 1594 3279 1693 3318; x_wconf 88' lang='lat' dir='ltr'><strong>seu</strong></span> 
     </span>
    </p>
   </div>
   <div class='ocr_carea' id='block_1_64' title="bbox 72 3357 1690 3432">
    <p class='ocr_par' dir='ltr' id='par_1_64' title="bbox 72 3357 1690 3432">
     <span class='ocr_line' id='line_1_64' title="bbox 72 3357 1690 3432; baseline -0.004 -16"><span class='ocrx_word' id='word_1_494' title='bbox 72 3362 304 3431; x_wconf 82' lang='lat' dir='ltr'><strong>ultimo,</strong></span> <span class='ocrx_word' id='word_1_495' title='bbox 355 3362 573 3432; x_wconf 86' lang='lat' dir='ltr'><strong>Papiam</strong></span> <span class='ocrx_word' id='word_1_496' title='bbox 597 3359 816 3415; x_wconf 90' lang='lat' dir='ltr'><strong>Joannis</strong></span> <span class='ocrx_word' id='word_1_497' title='bbox 839 3359 1184 3430; x_wconf 81' lang='lat' dir='ltr'><strong>evangelista:</strong></span> <span class='ocrx_word' id='word_1_498' title='bbox 1213 3357 1532 3426; x_wconf 87' lang='lat' dir='ltr'><strong>discipulum</strong></span> <span class='ocrx_word' id='word_1_499' title='bbox 1563 3372 1690 3411; x_wconf 80' lang='lat' dir='ltr'><strong>sen-</strong></span> 
     </span>
    </p>
   </div>
   <div class='ocr_carea' id='block_1_65' title="bbox 84 3449 1691 3522">
    <p class='ocr_par' dir='ltr' id='par_1_65' title="bbox 84 3449 1691 3522">
     <span class='ocr_line' id='line_1_65' title="bbox 84 3449 1691 3522; baseline -0.002 -16"><span class='ocrx_word' id='word_1_500' title='bbox 84 3456 292 3509; x_wconf 77' lang='lat' dir='ltr'><strong>tentias</strong></span> <span class='ocrx_word' id='word_1_501' title='bbox 361 3455 746 3521; x_wconf 89' lang='lat' dir='ltr'><strong>orationesque</strong></span> <span class='ocrx_word' id='word_1_502' title='bbox 814 3452 1160 3522; x_wconf 87' lang='lat' dir='ltr'><strong>quamplures</strong></span> <span class='ocrx_word' id='word_1_503' title='bbox 1207 3466 1272 3504; x_wconf 89' lang='lat' dir='ltr'><strong>ex</strong></span> <span class='ocrx_word' id='word_1_504' title='bbox 1323 3449 1691 3518; x_wconf 89' lang='lat' dir='ltr'><strong>apostolorum</strong></span> 
     </span>
    </p>
   </div>
   <div class='ocr_carea' id='block_1_66' title="bbox 82 3539 1694 3618">
    <p class='ocr_par' dir='ltr' id='par_1_66' title="bbox 82 3539 1694 3618">
     <span class='ocr_line' id='line_1_66' title="bbox 82 3539 1694 3618; baseline -0.003 -19"><span class='ocrx_word' id='word_1_505' title='bbox 82 3560 181 3602; x_wconf 86' lang='lat' dir='ltr'><strong>ore</strong></span> <span class='ocrx_word' id='word_1_506' title='bbox 209 3547 522 3618; x_wconf 86' lang='lat' dir='ltr'><strong>collegisse,</strong></span> <span class='ocrx_word' id='word_1_507' title='bbox 556 3561 677 3614; x_wconf 78' lang='lat' dir='ltr'><strong>qua:</strong></span> <span class='ocrx_word' id='word_1_508' title='bbox 705 3544 756 3597; x_wconf 92' lang='lat' dir='ltr'><strong>in</strong></span> <span class='ocrx_word' id='word_1_509' title='bbox 783 3541 1198 3613; x_wconf 88' lang='lat' dir='ltr'><strong>Evangeliorum</strong></span> <span class='ocrx_word' id='word_1_510' title='bbox 1238 3539 1389 3595; x_wconf 83' lang='lat' dir='ltr'><strong>libris</strong></span> <span class='ocrx_word' id='word_1_511' title='bbox 1415 3555 1522 3594; x_wconf 91' lang='lat' dir='ltr'><strong>non</strong></span> <span class='ocrx_word' id='word_1_512' title='bbox 1552 3539 1694 3609; x_wconf 85' lang='lat' dir='ltr'><strong>lege-</strong></span> 
     </span>
    </p>
   </div>
   <div class='ocr_carea' id='block_1_67' title="bbox 80 3632 1697 3706">
    <p class='ocr_par' dir='ltr' id='par_1_67' title="bbox 80 3632 1697 3706">
     <span class='ocr_line' id='line_1_67' title="bbox 80 3632 1697 3706; baseline -0.006 -13"><span class='ocrx_word' id='word_1_513' title='bbox 80 3640 321 3706; x_wconf 87' lang='lat' dir='ltr'><strong>bantur;</strong></span> <span class='ocrx_word' id='word_1_514' title='bbox 357 3641 500 3696; x_wconf 78' lang='lat' dir='ltr'><strong>inter</strong></span> <span class='ocrx_word' id='word_1_515' title='bbox 524 3647 753 3694; x_wconf 67' lang='lat' dir='ltr'><strong>caateras</strong></span> <span class='ocrx_word' id='word_1_516' title='bbox 778 3651 907 3691; x_wconf 91' lang='lat' dir='ltr'><strong>vero</strong></span> <span class='ocrx_word' id='word_1_517' title='bbox 935 3645 982 3690; x_wconf 89' lang='lat' dir='ltr'><strong>et</strong></span> <span class='ocrx_word' id='word_1_518' title='bbox 1011 3635 1160 3689; x_wconf 82' lang='lat' dir='ltr'><strong>illam</strong></span> <span class='ocrx_word' id='word_1_519' title='bbox 1189 3633 1458 3688; x_wconf 81' lang='lat' dir='ltr'><strong>historiam</strong></span> <span class='ocrx_word' id='word_1_520' title='bbox 1489 3632 1552 3687; x_wconf 87' lang='lat' dir='ltr'><strong>de</strong></span> <span class='ocrx_word' id='word_1_521' title='bbox 1582 3649 1697 3685; x_wconf 86' lang='lat' dir='ltr'><strong>mu-</strong></span> 
     </span>
    </p>
   </div>
   <div class='ocr_carea' id='block_1_68' title="bbox 85 3727 1692 3802">
    <p class='ocr_par' dir='ltr' id='par_1_68' title="bbox 85 3727 1692 3802">
     <span class='ocr_line' id='line_1_68' title="bbox 85 3727 1692 3802; baseline -0.005 -17"><span class='ocrx_word' id='word_1_522' title='bbox 85 3735 236 3800; x_wconf 77' lang='lat' dir='ltr'><strong>liere,</strong></span> <span class='ocrx_word' id='word_1_523' title='bbox 283 3735 569 3788; x_wconf 80' lang='lat' dir='ltr'><strong>multarunt</strong></span> <span class='ocrx_word' id='word_1_524' title='bbox 595 3732 914 3802; x_wconf 79' lang='lat' dir='ltr'><strong>ﬂagitiorum</strong></span> <span class='ocrx_word' id='word_1_525' title='bbox 941 3740 1183 3784; x_wconf 80' lang='lat' dir='ltr'><strong>accusata</strong></span> <span class='ocrx_word' id='word_1_526' title='bbox 1218 3731 1358 3798; x_wconf 85' lang='lat' dir='ltr'><strong>apud</strong></span> <span class='ocrx_word' id='word_1_527' title='bbox 1394 3727 1692 3781; x_wconf 88' lang='lat' dir='ltr'><strong>Dominum.</strong></span> 
     </span>
    </p>
   </div>
   <div class='ocr_carea' id='block_1_69' title="bbox 89 3809 1740 3894">
    <p class='ocr_par' dir='ltr' id='par_1_69' title="bbox 89 3809 1740 3894">
     <span class='ocr_line' id='line_1_69' title="bbox 89 3809 1740 3894; baseline -0.005 -13"><span class='ocrx_word' id='word_1_528' title='bbox 89 3827 222 3891; x_wconf 61' lang='lat' dir='ltr'><strong>Qui:</strong></span> <span class='ocrx_word' id='word_1_529' title='bbox 242 3827 488 3888; x_wconf 74' lang='lat' dir='ltr'><strong>historia,</strong></span> <span class='ocrx_word' id='word_1_530' title='bbox 517 3823 693 3894; x_wconf 87' lang='lat' dir='ltr'><strong>inquit</strong></span> <span class='ocrx_word' id='word_1_531' title='bbox 721 3823 1006 3888; x_wconf 88' lang='lat' dir='ltr'><strong>Eusebius,</strong></span> <span class='ocrx_word' id='word_1_532' title='bbox 1027 3823 1080 3876; x_wconf 87' lang='lat' dir='ltr'><strong>in</strong></span> <span class='ocrx_word' id='word_1_533' title='bbox 1105 3821 1386 3891; x_wconf 83' lang='lat' dir='ltr'><strong>Evangelia</strong></span> <span class='ocrx_word' id='word_1_534' title='bbox 1414 3821 1696 3874; x_wconf 78' lang='lat' dir='ltr'><strong>secundant</strong></span> <span class='ocrx_word' id='word_1_535' title='bbox 1729 3809 1740 3818; x_wconf 70' lang='grc'><em>”</em></span> 
     </span>
    </p>
   </div>
   <div class='ocr_carea' id='block_1_70' title="bbox 90 3917 1698 3984">
    <p class='ocr_par' dir='ltr' id='par_1_70' title="bbox 90 3917 1698 3984">
     <span class='ocr_line' id='line_1_70' title="bbox 90 3917 1698 3984; baseline -0.002 -12"><span class='ocrx_word' id='word_1_536' title='bbox 90 3918 346 3976; x_wconf 69' lang='grc' dir='ltr'><strong>Ηεὸταοδ</strong></span> <span class='ocrx_word' id='word_1_537' title='bbox 376 3922 685 3974; x_wconf 80' lang='lat' dir='ltr'><strong>continetur.</strong></span> <span class='ocrx_word' id='word_1_538' title='bbox 731 3918 857 3973; x_wconf 66' lang='lat' dir='ltr'><strong>Haec</strong></span> <span class='ocrx_word' id='word_1_539' title='bbox 886 3917 1100 3972; x_wconf 86' lang='lat' dir='ltr'><strong>Eusebii</strong></span> <span class='ocrx_word' id='word_1_540' title='bbox 1131 3917 1291 3971; x_wconf 82' lang='lat' dir='ltr'><strong>verba</strong></span> <span class='ocrx_word' id='word_1_541' title='bbox 1322 3918 1549 3971; x_wconf 87' lang='lat' dir='ltr'><strong>eruditis</strong></span> <span class='ocrx_word' id='word_1_542' title='bbox 1576 3918 1698 3984; x_wconf 83' lang='lat' dir='ltr'><strong>qui-</strong></span> 
     </span>
    </p>
   </div>
   <div class='ocr_carea' id='block_1_71' title="bbox 89 4008 1699 4081">
    <p class='ocr_par' dir='ltr' id='par_1_71' title="bbox 89 4008 1699 4081">
     <span class='ocr_line' id='line_1_71' title="bbox 89 4008 1699 4081; baseline -0.003 -13"><span class='ocrx_word' id='word_1_543' title='bbox 89 4011 318 4068; x_wconf 83' lang='lat' dir='ltr'><strong>busdam</strong></span> <span class='ocrx_word' id='word_1_544' title='bbox 350 4013 661 4081; x_wconf 90' lang='lat' dir='ltr'><strong>scrupulum</strong></span> <span class='ocrx_word' id='word_1_545' title='bbox 696 4010 961 4079; x_wconf 88' lang='lat' dir='ltr'><strong>injecere,</strong></span> <span class='ocrx_word' id='word_1_546' title='bbox 996 4024 1308 4078; x_wconf 69' lang='lat' dir='ltr'><strong>przeseusne</strong></span> <span class='ocrx_word' id='word_1_547' title='bbox 1336 4009 1404 4063; x_wconf 90' lang='lat' dir='ltr'><strong>de</strong></span> <span class='ocrx_word' id='word_1_548' title='bbox 1455 4008 1699 4063; x_wconf 90' lang='lat' dir='ltr'><strong>adultera</strong></span> 
     </span>
    </p>
   </div>
   <div class='ocr_carea' id='block_1_72' title="bbox 89 4098 1700 4172">
    <p class='ocr_par' dir='ltr' id='par_1_72' title="bbox 89 4098 1700 4172">
     <span class='ocr_line' id='line_1_72' title="bbox 89 4098 1700 4172; baseline -0.004 -13"><span class='ocrx_word' id='word_1_549' title='bbox 89 4107 342 4161; x_wconf 74' lang='lat' dir='ltr'><strong>narratio</strong></span> <span class='ocrx_word' id='word_1_550' title='bbox 368 4121 434 4160; x_wconf 90' lang='lat' dir='ltr'><strong>ex</strong></span> <span class='ocrx_word' id='word_1_551' title='bbox 464 4104 670 4158; x_wconf 90' lang='lat' dir='ltr'><strong>Joanne</strong></span> <span class='ocrx_word' id='word_1_552' title='bbox 697 4102 948 4172; x_wconf 89' lang='lat' dir='ltr'><strong>primum,</strong></span> <span class='ocrx_word' id='word_1_553' title='bbox 977 4117 1044 4155; x_wconf 89' lang='lat' dir='ltr'><strong>an</strong></span> <span class='ocrx_word' id='word_1_554' title='bbox 1076 4116 1141 4156; x_wconf 85' lang='lat' dir='ltr'><strong>ex</strong></span> <span class='ocrx_word' id='word_1_555' title='bbox 1168 4100 1329 4170; x_wconf 88' lang='lat' dir='ltr'><strong>Papia</strong></span> <span class='ocrx_word' id='word_1_556' title='bbox 1358 4099 1558 4167; x_wconf 86' lang='lat' dir='ltr'><strong>ingenii</strong></span> <span class='ocrx_word' id='word_1_557' title='bbox 1583 4098 1700 4152; x_wconf 92' lang='lat' dir='ltr'><strong>nul-</strong></span> 
     </span>
    </p>
   </div>
   <div class='ocr_carea' id='block_1_73' title="bbox 89 4191 1697 4263">
    <p class='ocr_par' dir='ltr' id='par_1_73' title="bbox 89 4191 1697 4263">
     <span class='ocr_line' id='line_1_73' title="bbox 89 4191 1697 4263; baseline -0.004 -13"><span class='ocrx_word' id='word_1_558' title='bbox 89 4198 198 4253; x_wconf 86' lang='lat' dir='ltr'><strong>lius</strong></span> <span class='ocrx_word' id='word_1_559' title='bbox 247 4199 497 4262; x_wconf 86' lang='lat' dir='ltr'><strong>bomine,</strong></span> <span class='ocrx_word' id='word_1_560' title='bbox 538 4211 606 4250; x_wconf 89' lang='lat' dir='ltr'><strong>an</strong></span> <span class='ocrx_word' id='word_1_561' title='bbox 649 4193 880 4263; x_wconf 87' lang='lat' dir='ltr'><strong>denique</strong></span> <span class='ocrx_word' id='word_1_562' title='bbox 923 4193 1186 4248; x_wconf 92' lang='lat' dir='ltr'><strong>habeatur</strong></span> <span class='ocrx_word' id='word_1_563' title='bbox 1238 4206 1303 4246; x_wconf 86' lang='lat' dir='ltr'><strong>ex</strong></span> <span class='ocrx_word' id='word_1_564' title='bbox 1348 4191 1697 4244; x_wconf 68' lang='lat' dir='ltr'><strong>Hebraeorum</strong></span> 
     </span>
    </p>
   </div>
   <div class='ocr_carea' id='block_1_74' title="bbox 93 4283 1703 4361">
    <p class='ocr_par' dir='ltr' id='par_1_74' title="bbox 93 4283 1703 4361">
     <span class='ocr_line' id='line_1_74' title="bbox 93 4283 1703 4361; baseline -0.005 -17"><span class='ocrx_word' id='word_1_565' title='bbox 93 4290 405 4361; x_wconf 73' lang='lat' dir='ltr'><strong>evangelio,</strong></span> <span class='ocrx_word' id='word_1_566' title='bbox 459 4303 568 4358; x_wconf 88' lang='lat' dir='ltr'><strong>quo</strong></span> <span class='ocrx_word' id='word_1_567' title='bbox 623 4286 699 4340; x_wconf 91' lang='lat' dir='ltr'><strong>uti</strong></span> <span class='ocrx_word' id='word_1_568' title='bbox 742 4294 973 4350; x_wconf 87' lang='lat' dir='ltr'><strong>constat,</strong></span> <span class='ocrx_word' id='word_1_569' title='bbox 1021 4285 1224 4338; x_wconf 90' lang='lat' dir='ltr'><strong>incerta</strong></span> <span class='ocrx_word' id='word_1_570' title='bbox 1272 4283 1588 4354; x_wconf 89' lang='lat' dir='ltr'><strong>quamplura</strong></span> <span class='ocrx_word' id='word_1_571' title='bbox 1647 4292 1703 4336; x_wconf 89' lang='lat' dir='ltr'><strong>et</strong></span> 
     </span>
    </p>
   </div>
   <div class='ocr_carea' id='block_1_75' title="bbox 93 4373 1702 4452">
    <p class='ocr_par' dir='ltr' id='par_1_75' title="bbox 93 4373 1702 4452">
     <span class='ocr_line' id='line_1_75' title="bbox 93 4373 1702 4452; baseline -0.004 -18"><span class='ocrx_word' id='word_1_572' title='bbox 93 4380 409 4452; x_wconf 79' lang='lat' dir='ltr'><strong>apocrypha</strong></span> <span class='ocrx_word' id='word_1_573' title='bbox 456 4377 894 4432; x_wconf 85' lang='lat' dir='ltr'><strong>continebantur.</strong></span> <span class='ocrx_word' id='word_1_574' title='bbox 948 4376 1154 4446; x_wconf 75' lang='lat' dir='ltr'><strong>Pugnat</strong></span> <span class='ocrx_word' id='word_1_575' title='bbox 1200 4373 1400 4444; x_wconf 88' lang='lat' dir='ltr'><strong>pariter</strong></span> <span class='ocrx_word' id='word_1_576' title='bbox 1451 4373 1502 4427; x_wconf 94' lang='lat' dir='ltr'><strong>in</strong></span> <span class='ocrx_word' id='word_1_577' title='bbox 1560 4373 1702 4427; x_wconf 89' lang='lat' dir='ltr'><strong>illius</strong></span> 
     </span>
    </p>
   </div>
   <div class='ocr_carea' id='block_1_76' title="bbox 1794 3174 3394 3247">
    <p class='ocr_par' dir='ltr' id='par_1_76' title="bbox 1794 3174 3394 3247">
     <span class='ocr_line' id='line_1_76' title="bbox 1794 3174 3394 3247; baseline -0.003 -15"><span class='ocrx_word' id='word_1_578' title='bbox 1794 3185 1906 3232; x_wconf 91' lang='lat' dir='ltr'><strong>tres</strong></span> <span class='ocrx_word' id='word_1_579' title='bbox 1930 3193 2026 3246; x_wconf 90' lang='lat' dir='ltr'><strong>pro</strong></span> <span class='ocrx_word' id='word_1_580' title='bbox 2050 3177 2476 3247; x_wconf 89' lang='lat' dir='ltr'><strong>opportunitate.</strong></span> <span class='ocrx_word' id='word_1_581' title='bbox 2519 3174 2822 3231; x_wconf 88' lang='lat' dir='ltr'><strong>Concilium</strong></span> <span class='ocrx_word' id='word_1_582' title='bbox 2854 3175 3089 3246; x_wconf 90' lang='lat' dir='ltr'><strong>denique</strong></span> <span class='ocrx_word' id='word_1_583' title='bbox 3117 3174 3394 3229; x_wconf 86' lang='lat' dir='ltr'><strong>Tridenti-</strong></span> 
     </span>
    </p>
   </div>
   <div class='ocr_carea' id='block_1_77' title="bbox 1795 3267 3394 3337">
    <p class='ocr_par' dir='ltr' id='par_1_77' title="bbox 1795 3267 3394 3337">
     <span class='ocr_line' id='line_1_77' title="bbox 1795 3267 3394 3337; baseline -0.003 -14"><span class='ocrx_word' id='word_1_584' title='bbox 1795 3285 1919 3323; x_wconf 88' lang='lat' dir='ltr'><strong>mnn</strong></span> <span class='ocrx_word' id='word_1_585' title='bbox 1944 3283 2081 3324; x_wconf 87' lang='lat' dir='ltr'><strong>sess.</strong></span> <span class='ocrx_word' id='word_1_586' title='bbox 2106 3267 2140 3322; x_wconf 74' lang='grc'><strong>4</strong></span> <span class='ocrx_word' id='word_1_587' title='bbox 2161 3268 2230 3323; x_wconf 90' lang='lat' dir='ltr'><strong>de</strong></span> <span class='ocrx_word' id='word_1_588' title='bbox 2258 3268 2460 3337; x_wconf 90' lang='lat' dir='ltr'><strong>Script.</strong></span> <span class='ocrx_word' id='word_1_589' title='bbox 2495 3268 2708 3321; x_wconf 84' lang='lat' dir='ltr'><strong>Canon.</strong></span> <span class='ocrx_word' id='word_1_590' title='bbox 2740 3283 2860 3320; x_wconf 88' lang='lat' dir='ltr'><strong>cum</strong></span> <span class='ocrx_word' id='word_1_591' title='bbox 2889 3281 3082 3322; x_wconf 87' lang='lat' dir='ltr'><strong>omnes</strong></span> <span class='ocrx_word' id='word_1_592' title='bbox 3126 3267 3394 3337; x_wconf 85' lang='lat' dir='ltr'><strong>singulas-</strong></span> 
     </span>
    </p>
   </div>
   <div class='ocr_carea' id='block_1_78' title="bbox 1793 3358 3395 3432">
    <p class='ocr_par' dir='ltr' id='par_1_78' title="bbox 1793 3358 3395 3432">
     <span class='ocr_line' id='line_1_78' title="bbox 1793 3358 3395 3432; baseline -0.002 -15"><span class='ocrx_word' id='word_1_593' title='bbox 1793 3378 1898 3432; x_wconf 88' lang='lat' dir='ltr'><strong>que</strong></span> <span class='ocrx_word' id='word_1_594' title='bbox 1929 3377 2015 3416; x_wconf 89' lang='lat' dir='ltr'><strong>res</strong></span> <span class='ocrx_word' id='word_1_595' title='bbox 2045 3361 2097 3415; x_wconf 90' lang='lat' dir='ltr'><strong>in</strong></span> <span class='ocrx_word' id='word_1_596' title='bbox 2127 3360 2526 3429; x_wconf 75' lang='lat' dir='ltr'><strong>exemplaribus</strong></span> <span class='ocrx_word' id='word_1_597' title='bbox 2559 3360 2801 3430; x_wconf 72' lang='lat' dir='ltr'><strong>Vulgata:</strong></span> <span class='ocrx_word' id='word_1_598' title='bbox 2827 3367 3132 3424; x_wconf 86' lang='lat' dir='ltr'><strong>contentas,</strong></span> <span class='ocrx_word' id='word_1_599' title='bbox 3163 3358 3395 3414; x_wconf 83' lang='lat' dir='ltr'><strong>Canoni-</strong></span> 
     </span>
    </p>
   </div>
   <div class='ocr_carea' id='block_1_79' title="bbox 1795 3451 3392 3522">
    <p class='ocr_par' dir='ltr' id='par_1_79' title="bbox 1795 3451 3392 3522">
     <span class='ocr_line' id='line_1_79' title="bbox 1795 3451 3392 3522; baseline -0.003 -14"><span class='ocrx_word' id='word_1_600' title='bbox 1795 3467 1887 3508; x_wconf 91' lang='lat' dir='ltr'><strong>cas</strong></span> <span class='ocrx_word' id='word_1_601' title='bbox 1906 3468 2024 3507; x_wconf 90' lang='lat' dir='ltr'><strong>esse</strong></span> <span class='ocrx_word' id='word_1_602' title='bbox 2055 3453 2512 3522; x_wconf 85' lang='lat' dir='ltr'><strong>pronuntiaverit,</strong></span> <span class='ocrx_word' id='word_1_603' title='bbox 2561 3452 2735 3505; x_wconf 89' lang='lat' dir='ltr'><strong>locum</strong></span> <span class='ocrx_word' id='word_1_604' title='bbox 2771 3451 2912 3506; x_wconf 91' lang='lat' dir='ltr'><strong>hunc</strong></span> <span class='ocrx_word' id='word_1_605' title='bbox 2940 3466 3061 3506; x_wconf 90' lang='lat' dir='ltr'><strong>cum</strong></span> <span class='ocrx_word' id='word_1_606' title='bbox 3095 3451 3311 3506; x_wconf 69' lang='lat' dir='ltr'><strong>cretei-is</strong></span> <span class='ocrx_word' id='word_1_607' title='bbox 3340 3451 3392 3504; x_wconf 91' lang='lat' dir='ltr'><strong>in</strong></span> 
     </span>
    </p>
   </div>
   <div class='ocr_carea' id='block_1_80' title="bbox 1795 3540 3390 3614">
    <p class='ocr_par' dir='ltr' id='par_1_80' title="bbox 1795 3540 3390 3614">
     <span class='ocr_line' id='line_1_80' title="bbox 1795 3540 3390 3614; baseline -0.002 -15"><span class='ocrx_word' id='word_1_608' title='bbox 1795 3545 2068 3600; x_wconf 88' lang='lat' dir='ltr'><strong>Cauonem</strong></span> <span class='ocrx_word' id='word_1_609' title='bbox 2093 3545 2333 3614; x_wconf 87' lang='lat' dir='ltr'><strong>excepit,</strong></span> <span class='ocrx_word' id='word_1_610' title='bbox 2366 3543 2724 3614; x_wconf 88' lang='lat' dir='ltr'><strong>eumdemque</strong></span> <span class='ocrx_word' id='word_1_611' title='bbox 2748 3544 2825 3598; x_wconf 90' lang='lat' dir='ltr'><strong>uti</strong></span> <span class='ocrx_word' id='word_1_612' title='bbox 2856 3543 3256 3610; x_wconf 86' lang='lat' dir='ltr'><strong>authenticum,</strong></span> <span class='ocrx_word' id='word_1_613' title='bbox 3279 3540 3390 3596; x_wconf 89' lang='lat' dir='ltr'><strong>Cri-</strong></span> 
     </span>
    </p>
   </div>
   <div class='ocr_carea' id='block_1_81' title="bbox 1795 3634 3390 3707">
    <p class='ocr_par' dir='ltr' id='par_1_81' title="bbox 1795 3634 3390 3707">
     <span class='ocr_line' id='line_1_81' title="bbox 1795 3634 3390 3707; baseline -0.003 -15"><span class='ocrx_word' id='word_1_614' title='bbox 1795 3638 1886 3692; x_wconf 89' lang='lat' dir='ltr'><strong>tici</strong></span> <span class='ocrx_word' id='word_1_615' title='bbox 1921 3637 2158 3707; x_wconf 86' lang='lat' dir='ltr'><strong>plerique</strong></span> <span class='ocrx_word' id='word_1_616' title='bbox 2185 3635 2564 3701; x_wconf 87' lang='lat' dir='ltr'><strong>eruditissimi,</strong></span> <span class='ocrx_word' id='word_1_617' title='bbox 2595 3637 2759 3690; x_wconf 89' lang='lat' dir='ltr'><strong>etiam</strong></span> <span class='ocrx_word' id='word_1_618' title='bbox 2795 3635 3144 3700; x_wconf 82' lang='lat' dir='ltr'><strong>Heterodoxi,</strong></span> <span class='ocrx_word' id='word_1_619' title='bbox 3179 3645 3237 3690; x_wconf 90' lang='lat' dir='ltr'><strong>ut</strong></span> <span class='ocrx_word' id='word_1_620' title='bbox 3261 3634 3390 3689; x_wconf 87' lang='lat' dir='ltr'><strong>Cal-</strong></span> 
     </span>
    </p>
   </div>
   <div class='ocr_carea' id='block_1_82' title="bbox 1799 3725 3394 3798">
    <p class='ocr_par' dir='ltr' id='par_1_82' title="bbox 1799 3725 3394 3798">
     <span class='ocr_line' id='line_1_82' title="bbox 1799 3725 3394 3798; baseline -0.001 -17"><span class='ocrx_word' id='word_1_621' title='bbox 1799 3730 1936 3796; x_wconf 87' lang='lat' dir='ltr'><strong>vin.,</strong></span> <span class='ocrx_word' id='word_1_622' title='bbox 1969 3729 2215 3792; x_wconf 86' lang='lat' dir='ltr'><strong>Gotnar.,</strong></span> <span class='ocrx_word' id='word_1_623' title='bbox 2267 3727 2512 3791; x_wconf 87' lang='lat' dir='ltr'><strong>Selden.,</strong></span> <span class='ocrx_word' id='word_1_624' title='bbox 2551 3726 2748 3794; x_wconf 83' lang='lat' dir='ltr'><strong>Uxor.,</strong></span> <span class='ocrx_word' id='word_1_625' title='bbox 2793 3725 2985 3792; x_wconf 88' lang='lat' dir='ltr'><strong>Hebr.,</strong></span> <span class='ocrx_word' id='word_1_626' title='bbox 3022 3727 3118 3783; x_wconf 88' lang='lat' dir='ltr'><strong>lib.</strong></span> <span class='ocrx_word' id='word_1_627' title='bbox 3152 3741 3270 3798; x_wconf 85' lang='lat' dir='ltr'><strong>cap.</strong></span> <span class='ocrx_word' id='word_1_628' title='bbox 3305 3727 3394 3793; x_wconf 76' lang='lat' dir='ltr'><strong>ll,</strong></span> 
     </span>
    </p>
   </div>
   <div class='ocr_carea' id='block_1_83' title="bbox 1799 3819 3400 3891">
    <p class='ocr_par' dir='ltr' id='par_1_83' title="bbox 1799 3819 3400 3891">
     <span class='ocr_line' id='line_1_83' title="bbox 1799 3819 3400 3891; baseline -0.002 -15"><span class='ocrx_word' id='word_1_629' title='bbox 1799 3822 1993 3877; x_wconf 85' lang='lat' dir='ltr'><strong>Millius</strong></span> <span class='ocrx_word' id='word_1_630' title='bbox 2023 3822 2074 3876; x_wconf 93' lang='lat' dir='ltr'><strong>in</strong></span> <span class='ocrx_word' id='word_1_631' title='bbox 2103 3821 2226 3877; x_wconf 87' lang='lat' dir='ltr'><strong>Not.</strong></span> <span class='ocrx_word' id='word_1_632' title='bbox 2257 3823 2310 3875; x_wconf 93' lang='lat' dir='ltr'><strong>in</strong></span> <span class='ocrx_word' id='word_1_633' title='bbox 2334 3819 2398 3875; x_wconf 85' lang='lat' dir='ltr'><strong>N.</strong></span> <span class='ocrx_word' id='word_1_634' title='bbox 2425 3820 2489 3875; x_wconf 87' lang='grc' dir='ltr'><strong>Τ.</strong></span> <span class='ocrx_word' id='word_1_635' title='bbox 2520 3820 2723 3891; x_wconf 89' lang='lat' dir='ltr'><strong>aliique</strong></span> <span class='ocrx_word' id='word_1_636' title='bbox 2754 3821 3177 3891; x_wconf 88' lang='lat' dir='ltr'><strong>amplectuntur,</strong></span> <span class='ocrx_word' id='word_1_637' title='bbox 3227 3821 3400 3890; x_wconf 89' lang='lat' dir='ltr'><strong>inquit</strong></span> 
     </span>
    </p>
   </div>
   <div class='ocr_carea' id='block_1_84' title="bbox 1799 3914 2498 3970">
    <p class='ocr_par' dir='ltr' id='par_1_84' title="bbox 1799 3914 2498 3970">
     <span class='ocr_line' id='line_1_84' title="bbox 1799 3914 2498 3970; baseline -0.003 0"><span class='ocrx_word' id='word_1_638' title='bbox 1799 3914 2010 3970; x_wconf 91' lang='lat' dir='ltr'><strong>Calmet</strong></span> <span class='ocrx_word' id='word_1_639' title='bbox 2037 3914 2104 3970; x_wconf 88' lang='lat' dir='ltr'><strong>ad</strong></span> <span class='ocrx_word' id='word_1_640' title='bbox 2134 3915 2277 3970; x_wconf 89' lang='lat' dir='ltr'><strong>hunc</strong></span> <span class='ocrx_word' id='word_1_641' title='bbox 2299 3915 2498 3970; x_wconf 91' lang='lat' dir='ltr'><strong>locum.</strong></span> 
     </span>
    </p>
   </div>
   <div class='ocr_carea' id='block_1_85' title="bbox 1872 4005 3396 4072">
    <p class='ocr_par' dir='ltr' id='par_1_85' title="bbox 1872 4005 3396 4072">
     <span class='ocr_line' id='line_1_85' title="bbox 1872 4005 3396 4072; baseline -0.001 -10"><span class='ocrx_word' id='word_1_642' title='bbox 1872 4005 2030 4062; x_wconf 90' lang='lat' dir='ltr'><strong>Unde</strong></span> <span class='ocrx_word' id='word_1_643' title='bbox 2074 4017 2252 4062; x_wconf 89' lang='lat' dir='ltr'><strong>autem</strong></span> <span class='ocrx_word' id='word_1_644' title='bbox 2302 4006 2385 4072; x_wconf 86' lang='lat' dir='ltr'><strong>ﬁt,</strong></span> <span class='ocrx_word' id='word_1_645' title='bbox 2409 4018 2465 4061; x_wconf 90' lang='lat' dir='ltr'><strong>ut</strong></span> <span class='ocrx_word' id='word_1_646' title='bbox 2497 4005 2645 4062; x_wconf 91' lang='lat' dir='ltr'><strong>Libri</strong></span> <span class='ocrx_word' id='word_1_647' title='bbox 2694 4015 2908 4062; x_wconf 88' lang='lat' dir='ltr'><strong>veteres</strong></span> <span class='ocrx_word' id='word_1_648' title='bbox 2932 4005 3143 4062; x_wconf 82' lang='lat' dir='ltr'><strong>Vercel.</strong></span> <span class='ocrx_word' id='word_1_649' title='bbox 3173 4013 3229 4062; x_wconf 90' lang='lat' dir='ltr'><strong>et</strong></span> <span class='ocrx_word' id='word_1_650' title='bbox 3249 4005 3396 4062; x_wconf 87' lang='lat' dir='ltr'><strong>Brix.</strong></span> 
     </span>
    </p>
   </div>
   <div class='ocr_carea' id='block_1_86' title="bbox 1802 4098 3401 4168">
    <p class='ocr_par' dir='ltr' id='par_1_86' title="bbox 1802 4098 3401 4168">
     <span class='ocr_line' id='line_1_86' title="bbox 1802 4098 3401 4168; baseline 0.002 -18"><span class='ocrx_word' id='word_1_651' title='bbox 1802 4098 2020 4168; x_wconf 90' lang='lat' dir='ltr'><strong>aliique,</strong></span> <span class='ocrx_word' id='word_1_652' title='bbox 2061 4098 2364 4168; x_wconf 67' lang='lat' dir='ltr'><strong>praesertim</strong></span> <span class='ocrx_word' id='word_1_653' title='bbox 2395 4098 2596 4164; x_wconf 65' lang='lat' dir='ltr'><strong>Graeci,</strong></span> <span class='ocrx_word' id='word_1_654' title='bbox 2644 4100 2786 4153; x_wconf 87' lang='lat' dir='ltr'><strong>hunc</strong></span> <span class='ocrx_word' id='word_1_655' title='bbox 2827 4099 3006 4153; x_wconf 83' lang='lat' dir='ltr'><strong>locum</strong></span> <span class='ocrx_word' id='word_1_656' title='bbox 3049 4114 3156 4153; x_wconf 93' lang='lat' dir='ltr'><strong>non</strong></span> <span class='ocrx_word' id='word_1_657' title='bbox 3188 4099 3401 4154; x_wconf 80' lang='lat' dir='ltr'><strong>ferant?</strong></span> 
     </span>
    </p>
   </div>
   <div class='ocr_carea' id='block_1_87' title="bbox 1801 4188 3402 4260">
    <p class='ocr_par' dir='ltr' id='par_1_87' title="bbox 1801 4188 3402 4260">
     <span class='ocr_line' id='line_1_87' title="bbox 1801 4188 3402 4260; baseline -0.001 -16"><span class='ocrx_word' id='word_1_658' title='bbox 1801 4190 1860 4244; x_wconf 92' lang='lat' dir='ltr'><strong>S.</strong></span> <span class='ocrx_word' id='word_1_659' title='bbox 1894 4193 2226 4260; x_wconf 82' lang='lat' dir='ltr'><strong>Augustinus</strong></span> <span class='ocrx_word' id='word_1_660' title='bbox 2280 4189 2376 4244; x_wconf 93' lang='lat' dir='ltr'><strong>lib.</strong></span> <span class='ocrx_word' id='word_1_661' title='bbox 2408 4205 2445 4244; x_wconf 87' lang='lat' dir='ltr'><strong>tt</strong></span> <span class='ocrx_word' id='word_1_662' title='bbox 2488 4188 2557 4243; x_wconf 92' lang='lat' dir='ltr'><strong>de</strong></span> <span class='ocrx_word' id='word_1_663' title='bbox 2589 4189 2816 4260; x_wconf 90' lang='lat' dir='ltr'><strong>Conjug.</strong></span> <span class='ocrx_word' id='word_1_664' title='bbox 2869 4190 3038 4245; x_wconf 85' lang='lat' dir='ltr'><strong>adult.</strong></span> <span class='ocrx_word' id='word_1_665' title='bbox 3071 4205 3193 4259; x_wconf 89' lang='lat' dir='ltr'><strong>cap.</strong></span> <span class='ocrx_word' id='word_1_666' title='bbox 3221 4191 3275 4254; x_wconf 90' lang='lat'><strong>7,</strong></span> <span class='ocrx_word' id='word_1_667' title='bbox 3325 4191 3402 4243; x_wconf 83' lang='lat' dir='ltr'><strong>la-</strong></span> 
     </span>
    </p>
   </div>
   <div class='ocr_carea' id='block_1_88' title="bbox 1803 4279 3402 4351">
    <p class='ocr_par' dir='ltr' id='par_1_88' title="bbox 1803 4279 3402 4351">
     <span class='ocr_line' id='line_1_88' title="bbox 1803 4279 3402 4351; baseline -0.001 -14"><span class='ocrx_word' id='word_1_668' title='bbox 1803 4291 1948 4337; x_wconf 89' lang='lat' dir='ltr'><strong>ctutn</strong></span> <span class='ocrx_word' id='word_1_669' title='bbox 1972 4297 2094 4337; x_wconf 87' lang='lat' dir='ltr'><strong>esse</strong></span> <span class='ocrx_word' id='word_1_670' title='bbox 2118 4284 2210 4345; x_wconf 89' lang='lat' dir='ltr'><strong>ait,</strong></span> <span class='ocrx_word' id='word_1_671' title='bbox 2242 4291 2298 4334; x_wconf 84' lang='lat' dir='ltr'><strong>ut</strong></span> <span class='ocrx_word' id='word_1_672' title='bbox 2319 4280 2554 4334; x_wconf 81' lang='lat' dir='ltr'><strong>nonnulli</strong></span> <span class='ocrx_word' id='word_1_673' title='bbox 2581 4279 2796 4334; x_wconf 76' lang='lat' dir='ltr'><strong>modica:</strong></span> <span class='ocrx_word' id='word_1_674' title='bbox 2819 4281 2964 4348; x_wconf 82' lang='lat' dir='ltr'><strong>fidei,</strong></span> <span class='ocrx_word' id='word_1_675' title='bbox 2998 4282 3076 4335; x_wconf 83' lang='lat' dir='ltr'><strong>vel</strong></span> <span class='ocrx_word' id='word_1_676' title='bbox 3105 4281 3274 4351; x_wconf 77' lang='lat' dir='ltr'><strong>potius</strong></span> <span class='ocrx_word' id='word_1_677' title='bbox 3299 4281 3402 4335; x_wconf 88' lang='lat' dir='ltr'><strong>ini-</strong></span> 
     </span>
    </p>
   </div>
   <div class='ocr_carea' id='block_1_89' title="bbox 1804 4373 3402 4446">
    <p class='ocr_par' dir='ltr' id='par_1_89' title="bbox 1804 4373 3402 4446">
     <span class='ocr_line' id='line_1_89' title="bbox 1804 4373 3402 4446; baseline 0 -17"><span class='ocrx_word' id='word_1_678' title='bbox 1804 4376 1920 4430; x_wconf 86' lang='lat' dir='ltr'><strong>mici</strong></span> <span class='ocrx_word' id='word_1_679' title='bbox 1959 4390 2091 4429; x_wconf 78' lang='lat' dir='ltr'><strong>verte</strong></span> <span class='ocrx_word' id='word_1_680' title='bbox 2128 4374 2476 4446; x_wconf 37' lang='lat' dir='ltr'><strong>ﬁdeihcredo,</strong></span> <span class='ocrx_word' id='word_1_681' title='bbox 2521 4382 2802 4427; x_wconf 85' lang='lat' dir='ltr'><strong>metuentes</strong></span> <span class='ocrx_word' id='word_1_682' title='bbox 2833 4373 3081 4442; x_wconf 82' lang='lat' dir='ltr'><strong>peccandi</strong></span> <span class='ocrx_word' id='word_1_683' title='bbox 3117 4374 3402 4443; x_wconf 87' lang='lat' dir='ltr'><strong>impunita-</strong></span> 
     </span>
    </p>
   </div>
   <div class='ocr_carea' id='block_1_90' title="bbox 96 4464 3404 4539">
    <p class='ocr_par' dir='ltr' id='par_1_90' title="bbox 96 4464 3404 4539">
     <span class='ocr_line' id='line_1_90' title="bbox 96 4464 3404 4539; baseline -0.002 -12"><span class='ocrx_word' id='word_1_684' title='bbox 96 4474 468 4527; x_wconf 84' lang='lat' dir='ltr'><strong>sinceritatem</strong></span> <span class='ocrx_word' id='word_1_685' title='bbox 526 4471 715 4539; x_wconf 87' lang='lat' dir='ltr'><strong>ingens</strong></span> <span class='ocrx_word' id='word_1_686' title='bbox 758 4469 1028 4521; x_wconf 87' lang='lat' dir='ltr'><strong>variarum</strong></span> <span class='ocrx_word' id='word_1_687' title='bbox 1075 4466 1368 4520; x_wconf 87' lang='lat' dir='ltr'><strong>lectionum</strong></span> <span class='ocrx_word' id='word_1_688' title='bbox 1419 4477 1698 4531; x_wconf 90' lang='lat' dir='ltr'><strong>numerus,</strong></span> <span class='ocrx_word' id='word_1_689' title='bbox 1727 4477 1781 4537; x_wconf 70' lang='grc' dir='ltr'><strong>Ι)</strong></span> <span class='ocrx_word' id='word_1_690' title='bbox 1807 4477 1903 4520; x_wconf 85' lang='lat' dir='ltr'><strong>tem</strong></span> <span class='ocrx_word' id='word_1_691' title='bbox 1945 4466 2062 4520; x_wconf 88' lang='lat' dir='ltr'><strong>dari</strong></span> <span class='ocrx_word' id='word_1_692' title='bbox 2091 4466 2388 4520; x_wconf 78' lang='lat' dir='ltr'><strong>mulieribus</strong></span> <span class='ocrx_word' id='word_1_693' title='bbox 2412 4465 2537 4529; x_wconf 82' lang='lat' dir='ltr'><strong>suis,</strong></span> <span class='ocrx_word' id='word_1_694' title='bbox 2581 4464 2738 4530; x_wconf 90' lang='lat' dir='ltr'><strong>illud,</strong></span> <span class='ocrx_word' id='word_1_695' title='bbox 2771 4465 2908 4531; x_wconf 89' lang='lat' dir='ltr'><strong>quod</strong></span> <span class='ocrx_word' id='word_1_696' title='bbox 2941 4465 3005 4518; x_wconf 89' lang='lat' dir='ltr'><strong>de</strong></span> <span class='ocrx_word' id='word_1_697' title='bbox 3041 4465 3296 4521; x_wconf 69' lang='lat' dir='ltr'><strong>adulterae</strong></span> <span class='ocrx_word' id='word_1_698' title='bbox 3323 4467 3404 4521; x_wconf 83' lang='lat' dir='ltr'><strong>in-</strong></span> 
     </span>
    </p>
   </div>
   <div class='ocr_carea' id='block_1_91' title="bbox 99 4557 1699 4636">
    <p class='ocr_par' dir='ltr' id='par_1_91' title="bbox 99 4557 1699 4636">
     <span class='ocr_line' id='line_1_91' title="bbox 99 4557 1699 4636; baseline -0.005 -17"><span class='ocrx_word' id='word_1_699' title='bbox 99 4581 222 4636; x_wconf 67' lang='lat' dir='ltr'><strong>qua:</strong></span> <span class='ocrx_word' id='word_1_700' title='bbox 247 4569 301 4619; x_wconf 89' lang='lat' dir='ltr'><strong>in</strong></span> <span class='ocrx_word' id='word_1_701' title='bbox 334 4563 625 4618; x_wconf 88' lang='lat' dir='ltr'><strong>duodecim</strong></span> <span class='ocrx_word' id='word_1_702' title='bbox 668 4562 935 4631; x_wconf 89' lang='lat' dir='ltr'><strong>prioribus</strong></span> <span class='ocrx_word' id='word_1_703' title='bbox 970 4558 1160 4630; x_wconf 90' lang='lat' dir='ltr'><strong>capitis</strong></span> <span class='ocrx_word' id='word_1_704' title='bbox 1200 4559 1356 4630; x_wconf 88' lang='lat' dir='ltr'><strong>hujus</strong></span> <span class='ocrx_word' id='word_1_705' title='bbox 1392 4557 1699 4624; x_wconf 88' lang='lat' dir='ltr'><strong>versiculis,</strong></span> 
     </span>
    </p>
   </div>
   <div class='ocr_carea' id='block_1_92' title="bbox 100 4650 1703 4729">
    <p class='ocr_par' dir='ltr' id='par_1_92' title="bbox 100 4650 1703 4729">
     <span class='ocr_line' id='line_1_92' title="bbox 100 4650 1703 4729; baseline -0.006 -16"><span class='ocrx_word' id='word_1_706' title='bbox 100 4675 264 4729; x_wconf 80' lang='lat' dir='ltr'><strong>quam</strong></span> <span class='ocrx_word' id='word_1_707' title='bbox 287 4660 342 4713; x_wconf 88' lang='lat' dir='ltr'><strong>in</strong></span> <span class='ocrx_word' id='word_1_708' title='bbox 370 4658 582 4713; x_wconf 62' lang='lat' dir='ltr'><strong>exteris</strong></span> <span class='ocrx_word' id='word_1_709' title='bbox 612 4654 889 4725; x_wconf 85' lang='lat' dir='ltr'><strong>Evangelii</strong></span> <span class='ocrx_word' id='word_1_710' title='bbox 923 4653 1082 4723; x_wconf 86' lang='lat' dir='ltr'><strong>hujus</strong></span> <span class='ocrx_word' id='word_1_711' title='bbox 1120 4651 1255 4708; x_wconf 91' lang='lat' dir='ltr'><strong>locis</strong></span> <span class='ocrx_word' id='word_1_712' title='bbox 1302 4650 1703 4722; x_wconf 80' lang='lat' dir='ltr'><strong>frequentiores</strong></span> 
     </span>
    </p>
   </div>
   <div class='ocr_carea' id='block_1_93' title="bbox 102 4741 1700 4817">
    <p class='ocr_par' dir='ltr' id='par_1_93' title="bbox 102 4741 1700 4817">
     <span class='ocr_line' id='line_1_93' title="bbox 102 4741 1700 4817; baseline -0.008 -8"><span class='ocrx_word' id='word_1_713' title='bbox 102 4752 483 4817; x_wconf 79' lang='lat' dir='ltr'><strong>inveniuntur,</strong></span> <span class='ocrx_word' id='word_1_714' title='bbox 536 4759 594 4803; x_wconf 92' lang='lat' dir='ltr'><strong>ut</strong></span> <span class='ocrx_word' id='word_1_715' title='bbox 640 4747 822 4803; x_wconf 85' lang='lat' dir='ltr'><strong>videre</strong></span> <span class='ocrx_word' id='word_1_716' title='bbox 870 4745 951 4801; x_wconf 89' lang='lat' dir='ltr'><strong>fas</strong></span> <span class='ocrx_word' id='word_1_717' title='bbox 987 4753 1073 4800; x_wconf 90' lang='lat' dir='ltr'><strong>est</strong></span> <span class='ocrx_word' id='word_1_718' title='bbox 1121 4743 1264 4815; x_wconf 84' lang='lat' dir='ltr'><strong>apud</strong></span> <span class='ocrx_word' id='word_1_719' title='bbox 1315 4741 1532 4798; x_wconf 86' lang='lat' dir='ltr'><strong>Sixtum</strong></span> <span class='ocrx_word' id='word_1_720' title='bbox 1570 4741 1700 4797; x_wconf 90' lang='lat' dir='ltr'><strong>Sen.</strong></span> 
     </span>
    </p>
   </div>
   <div class='ocr_carea' id='block_1_94' title="bbox 103 4834 1706 4908">
    <p class='ocr_par' dir='ltr' id='par_1_94' title="bbox 103 4834 1706 4908">
     <span class='ocr_line' id='line_1_94' title="bbox 103 4834 1706 4908; baseline -0.006 -9"><span class='ocrx_word' id='word_1_721' title='bbox 103 4844 208 4899; x_wconf 84' lang='lat' dir='ltr'><strong>lib.</strong></span> <span class='ocrx_word' id='word_1_722' title='bbox 241 4858 257 4896; x_wconf 85' lang='grc' dir='ltr'><strong>ι</strong></span> <span class='ocrx_word' id='word_1_723' title='bbox 308 4842 484 4908; x_wconf 84' lang='lat' dir='ltr'><strong>Grot.,</strong></span> <span class='ocrx_word' id='word_1_724' title='bbox 515 4843 674 4906; x_wconf 86' lang='lat' dir='ltr'><strong>Bez.,</strong></span> <span class='ocrx_word' id='word_1_725' title='bbox 711 4837 1059 4904; x_wconf 73' lang='lat' dir='ltr'><strong>Hammond,</strong></span> <span class='ocrx_word' id='word_1_726' title='bbox 1113 4836 1269 4892; x_wconf 91' lang='lat' dir='ltr'><strong>Joan.</strong></span> <span class='ocrx_word' id='word_1_727' title='bbox 1302 4834 1524 4901; x_wconf 87' lang='lat' dir='ltr'><strong>Cleric.,</strong></span> <span class='ocrx_word' id='word_1_728' title='bbox 1552 4835 1706 4905; x_wconf 84' lang='lat' dir='ltr'><strong>Caje-</strong></span> 
     </span>
    </p>
   </div>
   <div class='ocr_carea' id='block_1_95' title="bbox 107 4926 1710 5003">
    <p class='ocr_par' dir='ltr' id='par_1_95' title="bbox 107 4926 1710 5003">
     <span class='ocr_line' id='line_1_95' title="bbox 107 4926 1710 5003; baseline -0.006 -14"><span class='ocrx_word' id='word_1_729' title='bbox 107 4946 224 4990; x_wconf 79' lang='lat' dir='ltr'><strong>tan.</strong></span> <span class='ocrx_word' id='word_1_730' title='bbox 273 4935 369 4989; x_wconf 90' lang='lat' dir='ltr'><strong>llis</strong></span> <span class='ocrx_word' id='word_1_731' title='bbox 409 4934 545 4989; x_wconf 89' lang='lat' dir='ltr'><strong>adde</strong></span> <span class='ocrx_word' id='word_1_732' title='bbox 585 4947 886 5003; x_wconf 78' lang='lat' dir='ltr'><strong>grzecarum</strong></span> <span class='ocrx_word' id='word_1_733' title='bbox 933 4939 988 4984; x_wconf 92' lang='lat' dir='ltr'><strong>et</strong></span> <span class='ocrx_word' id='word_1_734' title='bbox 1038 4927 1386 4984; x_wconf 89' lang='lat' dir='ltr'><strong>orientalium</strong></span> <span class='ocrx_word' id='word_1_735' title='bbox 1441 4926 1710 4982; x_wconf 87' lang='lat' dir='ltr'><strong>Ecclesia-</strong></span> 
     </span>
    </p>
   </div>
   <div class='ocr_carea' id='block_1_96' title="bbox 105 5007 1708 5095">
    <p class='ocr_par' dir='ltr' id='par_1_96' title="bbox 105 5007 1708 5095">
     <span class='ocr_line' id='line_1_96' title="bbox 105 5007 1708 5095; baseline -0.007 -10"><span class='ocrx_word' id='word_1_736' title='bbox 105 5044 232 5085; x_wconf 84' lang='lat' dir='ltr'><strong>rum</strong></span> <span class='ocrx_word' id='word_1_737' title='bbox 271 5043 618 5092; x_wconf 87' lang='lat' dir='ltr'><strong>consensum,</strong></span> <span class='ocrx_word' id='word_1_738' title='bbox 655 5007 896 5095; x_wconf 46' lang='lat' dir='ltr'><strong>&#39;quarum</strong></span> <span class='ocrx_word' id='word_1_739' title='bbox 928 5022 1114 5078; x_wconf 91' lang='lat' dir='ltr'><strong>multis</strong></span> <span class='ocrx_word' id='word_1_740' title='bbox 1154 5022 1208 5076; x_wconf 93' lang='lat' dir='ltr'><strong>in</strong></span> <span class='ocrx_word' id='word_1_741' title='bbox 1246 5021 1398 5077; x_wconf 90' lang='lat' dir='ltr'><strong>libris</strong></span> <span class='ocrx_word' id='word_1_742' title='bbox 1425 5019 1708 5075; x_wconf 88' lang='lat' dir='ltr'><strong>desidera-</strong></span> 
     </span>
    </p>
   </div>
   <div class='ocr_carea' id='block_1_97' title="bbox 108 5112 1708 5185">
    <p class='ocr_par' dir='ltr' id='par_1_97' title="bbox 108 5112 1708 5185">
     <span class='ocr_line' id='line_1_97' title="bbox 108 5112 1708 5185; baseline -0.009 -7"><span class='ocrx_word' id='word_1_743' title='bbox 108 5134 217 5185; x_wconf 86' lang='lat' dir='ltr'><strong>tur,</strong></span> <span class='ocrx_word' id='word_1_744' title='bbox 250 5131 389 5176; x_wconf 86' lang='lat' dir='ltr'><strong>teste</strong></span> <span class='ocrx_word' id='word_1_745' title='bbox 430 5119 652 5176; x_wconf 85' lang='lat' dir='ltr'><strong>Selden.</strong></span> <span class='ocrx_word' id='word_1_746' title='bbox 682 5116 854 5174; x_wconf 82' lang='lat' dir='ltr'><strong>Uxor.</strong></span> <span class='ocrx_word' id='word_1_747' title='bbox 893 5115 1055 5170; x_wconf 88' lang='lat' dir='ltr'><strong>Hebr.</strong></span> <span class='ocrx_word' id='word_1_748' title='bbox 1087 5115 1180 5170; x_wconf 90' lang='lat' dir='ltr'><strong>lib.</strong></span> <span class='ocrx_word' id='word_1_749' title='bbox 1213 5130 1305 5180; x_wconf 84' lang='lat' dir='ltr'><strong>tu,</strong></span> <span class='ocrx_word' id='word_1_750' title='bbox 1335 5129 1454 5183; x_wconf 90' lang='lat' dir='ltr'><strong>cap.</strong></span> <span class='ocrx_word' id='word_1_751' title='bbox 1491 5112 1575 5166; x_wconf 80' lang='lat' dir='ltr'><strong>ll.</strong></span> <span class='ocrx_word' id='word_1_752' title='bbox 1606 5113 1708 5167; x_wconf 90' lang='lat' dir='ltr'><strong>Ista</strong></span> 
     </span>
    </p>
   </div>
   <div class='ocr_carea' id='block_1_98' title="bbox 106 5206 1712 5284">
    <p class='ocr_par' dir='ltr' id='par_1_98' title="bbox 106 5206 1712 5284">
     <span class='ocr_line' id='line_1_98' title="bbox 106 5206 1712 5284; baseline -0.006 -15"><span class='ocrx_word' id='word_1_753' title='bbox 106 5225 253 5280; x_wconf 80' lang='lat' dir='ltr'><strong>sunt,</strong></span> <span class='ocrx_word' id='word_1_754' title='bbox 282 5229 402 5284; x_wconf 76' lang='lat' dir='ltr'><strong>qua:</strong></span> <span class='ocrx_word' id='word_1_755' title='bbox 433 5214 484 5267; x_wconf 90' lang='lat' dir='ltr'><strong>in</strong></span> <span class='ocrx_word' id='word_1_756' title='bbox 511 5212 668 5280; x_wconf 82' lang='lat' dir='ltr'><strong>hujus</strong></span> <span class='ocrx_word' id='word_1_757' title='bbox 698 5209 949 5264; x_wconf 68' lang='lat' dir='ltr'><strong>Historia:</strong></span> <span class='ocrx_word' id='word_1_758' title='bbox 985 5208 1350 5263; x_wconf 86' lang='lat' dir='ltr'><strong>sinceritatem</strong></span> <span class='ocrx_word' id='word_1_759' title='bbox 1381 5206 1712 5276; x_wconf 88' lang='lat' dir='ltr'><strong>objiciuntur</strong></span> 
     </span>
    </p>
   </div>
   <div class='ocr_carea' id='block_1_99' title="bbox 109 5301 938 5362">
    <p class='ocr_par' dir='ltr' id='par_1_99' title="bbox 109 5301 938 5362">
     <span class='ocr_line' id='line_1_99' title="bbox 109 5301 938 5362; baseline -0.011 0"><span class='ocrx_word' id='word_1_760' title='bbox 109 5309 178 5362; x_wconf 80' lang='lat' dir='ltr'><strong>ab</strong></span> <span class='ocrx_word' id='word_1_761' title='bbox 197 5304 485 5362; x_wconf 72' lang='lat' dir='ltr'><strong>Haereticis</strong></span> <span class='ocrx_word' id='word_1_762' title='bbox 514 5315 714 5357; x_wconf 80' lang='lat' dir='ltr'><strong>nostra:</strong></span> <span class='ocrx_word' id='word_1_763' title='bbox 740 5301 938 5355; x_wconf 67' lang='lat' dir='ltr'><strong>artatis.</strong></span> 
     </span>
    </p>
   </div>
   <div class='ocr_carea' id='block_1_100' title="bbox 182 5390 1708 5470">
    <p class='ocr_par' dir='ltr' id='par_1_100' title="bbox 182 5390 1708 5470">
     <span class='ocr_line' id='line_1_100' title="bbox 182 5390 1708 5470; baseline -0.007 -14"><span class='ocrx_word' id='word_1_764' title='bbox 182 5402 273 5458; x_wconf 88' lang='lat' dir='ltr'><strong>His</strong></span> <span class='ocrx_word' id='word_1_765' title='bbox 299 5395 722 5470; x_wconf 87' lang='lat' dir='ltr'><strong>respondemus,</strong></span> <span class='ocrx_word' id='word_1_766' title='bbox 756 5393 974 5448; x_wconf 90' lang='lat' dir='ltr'><strong>codices</strong></span> <span class='ocrx_word' id='word_1_767' title='bbox 1003 5393 1297 5458; x_wconf 90' lang='lat' dir='ltr'><strong>codicibus,</strong></span> <span class='ocrx_word' id='word_1_768' title='bbox 1327 5391 1530 5447; x_wconf 77' lang='lat' dir='ltr'><strong>Grmcis</strong></span> <span class='ocrx_word' id='word_1_769' title='bbox 1556 5390 1708 5446; x_wconf 65' lang='lat' dir='ltr'><strong>Grae-</strong></span> 
     </span>
    </p>
   </div>
   <div class='ocr_carea' id='block_1_101' title="bbox 116 5485 1712 5563">
    <p class='ocr_par' dir='ltr' id='par_1_101' title="bbox 116 5485 1712 5563">
     <span class='ocr_line' id='line_1_101' title="bbox 116 5485 1712 5563; baseline -0.009 -10"><span class='ocrx_word' id='word_1_770' title='bbox 116 5513 222 5563; x_wconf 81' lang='lat' dir='ltr'><strong>cos,</strong></span> <span class='ocrx_word' id='word_1_771' title='bbox 274 5493 502 5550; x_wconf 85' lang='lat' dir='ltr'><strong>Latinos</strong></span> <span class='ocrx_word' id='word_1_772' title='bbox 549 5497 608 5545; x_wconf 90' lang='lat' dir='ltr'><strong>et</strong></span> <span class='ocrx_word' id='word_1_773' title='bbox 648 5487 972 5552; x_wconf 89' lang='lat' dir='ltr'><strong>Orientales,</strong></span> <span class='ocrx_word' id='word_1_774' title='bbox 1010 5487 1208 5541; x_wconf 87' lang='lat' dir='ltr'><strong>Latinis</strong></span> <span class='ocrx_word' id='word_1_775' title='bbox 1250 5494 1306 5541; x_wconf 91' lang='lat' dir='ltr'><strong>et</strong></span> <span class='ocrx_word' id='word_1_776' title='bbox 1344 5485 1712 5540; x_wconf 88' lang='lat' dir='ltr'><strong>Orientalibus</strong></span> 
     </span>
    </p>
   </div>
   <div class='ocr_carea' id='block_1_102' title="bbox 121 5579 1714 5659">
    <p class='ocr_par' dir='ltr' id='par_1_102' title="bbox 121 5579 1714 5659">
     <span class='ocr_line' id='line_1_102' title="bbox 121 5579 1714 5659; baseline -0.01 -13"><span class='ocrx_word' id='word_1_777' title='bbox 121 5587 454 5659; x_wconf 77' lang='lat' dir='ltr'><strong>opponendo.</strong></span> <span class='ocrx_word' id='word_1_778' title='bbox 489 5585 530 5639; x_wconf 81' lang='grc' dir='ltr'>Ε</span> <span class='ocrx_word' id='word_1_779' title='bbox 574 5581 732 5638; x_wconf 88' lang='lat' dir='ltr'><strong>libris</strong></span> <span class='ocrx_word' id='word_1_780' title='bbox 763 5579 968 5635; x_wconf 75' lang='lat' dir='ltr'><strong>Grmcis</strong></span> <span class='ocrx_word' id='word_1_781' title='bbox 1006 5590 1209 5650; x_wconf 86' lang='lat' dir='ltr'><strong>septem</strong></span> <span class='ocrx_word' id='word_1_782' title='bbox 1237 5588 1292 5634; x_wconf 90' lang='lat' dir='ltr'><strong>ct</strong></span> <span class='ocrx_word' id='word_1_783' title='bbox 1320 5579 1530 5643; x_wconf 89' lang='lat' dir='ltr'><strong>decem,</strong></span> <span class='ocrx_word' id='word_1_784' title='bbox 1579 5591 1714 5646; x_wconf 87' lang='lat' dir='ltr'><strong>quos</strong></span> 
     </span>
    </p>
   </div>
   <div class='ocr_carea' id='block_1_103' title="bbox 124 5669 1717 5743">
    <p class='ocr_par' dir='ltr' id='par_1_103' title="bbox 124 5669 1717 5743">
     <span class='ocr_line' id='line_1_103' title="bbox 124 5669 1717 5743; baseline -0.008 -5"><span class='ocrx_word' id='word_1_785' title='bbox 124 5683 338 5743; x_wconf 74' lang='lat' dir='ltr'><strong>habebat</strong></span> <span class='ocrx_word' id='word_1_786' title='bbox 365 5678 699 5737; x_wconf 85' lang='lat' dir='ltr'><strong>Theodorus</strong></span> <span class='ocrx_word' id='word_1_787' title='bbox 732 5673 871 5728; x_wconf 80' lang='lat' dir='ltr'><strong>Bcza</strong></span> <span class='ocrx_word' id='word_1_788' title='bbox 900 5689 1058 5731; x_wconf 86' lang='lat' dir='ltr'><strong>manu</strong></span> <span class='ocrx_word' id='word_1_789' title='bbox 1100 5681 1371 5739; x_wconf 77' lang='lat' dir='ltr'><strong>exaratos,</strong></span> <span class='ocrx_word' id='word_1_790' title='bbox 1415 5685 1553 5726; x_wconf 90' lang='lat' dir='ltr'><strong>unus</strong></span> <span class='ocrx_word' id='word_1_791' title='bbox 1579 5669 1717 5726; x_wconf 88' lang='lat' dir='ltr'><strong>dun-</strong></span> 
     </span>
    </p>
   </div>
   <div class='ocr_carea' id='block_1_104' title="bbox 1811 4554 3404 4629">
    <p class='ocr_par' dir='ltr' id='par_1_104' title="bbox 1811 4554 3404 4629">
     <span class='ocr_line' id='line_1_104' title="bbox 1811 4554 3404 4629; baseline 0.001 -19"><span class='ocrx_word' id='word_1_792' title='bbox 1811 4558 2076 4629; x_wconf 82' lang='lat' dir='ltr'><strong>dulgentia</strong></span> <span class='ocrx_word' id='word_1_793' title='bbox 2101 4554 2354 4610; x_wconf 86' lang='lat' dir='ltr'><strong>Dominus</strong></span> <span class='ocrx_word' id='word_1_794' title='bbox 2380 4556 2520 4627; x_wconf 78' lang='lat' dir='ltr'><strong>fecit,</strong></span> <span class='ocrx_word' id='word_1_795' title='bbox 2564 4557 2825 4626; x_wconf 76' lang='lat' dir='ltr'><strong>auferrent</strong></span> <span class='ocrx_word' id='word_1_796' title='bbox 2856 4554 2922 4609; x_wconf 88' lang='lat' dir='ltr'><strong>de</strong></span> <span class='ocrx_word' id='word_1_797' title='bbox 2957 4555 3217 4610; x_wconf 77' lang='lat' dir='ltr'><strong>codicibus</strong></span> <span class='ocrx_word' id='word_1_798' title='bbox 3255 4558 3404 4624; x_wconf 83' lang='lat' dir='ltr'><strong>suis;</strong></span> 
     </span>
    </p>
   </div>
   <div class='ocr_carea' id='block_1_105' title="bbox 1809 4647 3404 4722">
    <p class='ocr_par' dir='ltr' id='par_1_105' title="bbox 1809 4647 3404 4722">
     <span class='ocr_line' id='line_1_105' title="bbox 1809 4647 3404 4722; baseline 0 -18"><span class='ocrx_word' id='word_1_799' title='bbox 1809 4651 1958 4720; x_wconf 86' lang='lat' dir='ltr'><strong>quasi</strong></span> <span class='ocrx_word' id='word_1_800' title='bbox 1996 4649 2378 4718; x_wconf 84' lang='lat' dir='ltr'><strong>permissionem</strong></span> <span class='ocrx_word' id='word_1_801' title='bbox 2409 4647 2654 4717; x_wconf 84' lang='lat' dir='ltr'><strong>peccandi</strong></span> <span class='ocrx_word' id='word_1_802' title='bbox 2683 4647 2936 4714; x_wconf 84' lang='lat' dir='ltr'><strong>tribuerit,</strong></span> <span class='ocrx_word' id='word_1_803' title='bbox 2968 4650 3056 4718; x_wconf 88' lang='lat' dir='ltr'><strong>qui</strong></span> <span class='ocrx_word' id='word_1_804' title='bbox 3097 4651 3227 4704; x_wconf 79' lang='lat' dir='ltr'><strong>dixit</strong></span> <span class='ocrx_word' id='word_1_805' title='bbox 3248 4665 3267 4703; x_wconf 92' lang='lat'><strong><em>:</em></strong></span> <span class='ocrx_word' id='word_1_806' title='bbox 3283 4653 3404 4722; x_wconf 87' lang='lat' dir='ltr'><strong>jam</strong></span> 
     </span>
    </p>
   </div>
   <div class='ocr_carea' id='block_1_106' title="bbox 1813 4742 3406 4814">
    <p class='ocr_par' dir='ltr' id='par_1_106' title="bbox 1813 4742 3406 4814">
     <span class='ocr_line' id='line_1_106' title="bbox 1813 4742 3406 4814; baseline 0.004 -18"><span class='ocrx_word' id='word_1_807' title='bbox 1813 4743 2048 4814; x_wconf 79' lang='lat' dir='ltr'><strong>deinceps</strong></span> <span class='ocrx_word' id='word_1_808' title='bbox 2075 4742 2181 4795; x_wconf 87' lang='lat' dir='ltr'><strong>noli</strong></span> <span class='ocrx_word' id='word_1_809' title='bbox 2203 4757 2432 4809; x_wconf 80' lang='lat' dir='ltr'><strong>peccare.</strong></span> <span class='ocrx_word' id='word_1_810' title='bbox 2471 4742 2572 4794; x_wconf 84' lang='lat' dir='ltr'><strong>Alii</strong></span> <span class='ocrx_word' id='word_1_811' title='bbox 2599 4756 2867 4798; x_wconf 87' lang='lat' dir='ltr'><strong>censuere</strong></span> <span class='ocrx_word' id='word_1_812' title='bbox 2896 4758 2964 4798; x_wconf 79' lang='lat' dir='ltr'><strong>ex</strong></span> <span class='ocrx_word' id='word_1_813' title='bbox 3001 4743 3295 4814; x_wconf 83' lang='lat' dir='ltr'><strong>Evangelio</strong></span> <span class='ocrx_word' id='word_1_814' title='bbox 3317 4759 3406 4802; x_wconf 84' lang='lat' dir='ltr'><strong>sc-</strong></span> 
     </span>
    </p>
   </div>
   <div class='ocr_carea' id='block_1_107' title="bbox 1811 4835 3404 4908">
    <p class='ocr_par' dir='ltr' id='par_1_107' title="bbox 1811 4835 3404 4908">
     <span class='ocr_line' id='line_1_107' title="bbox 1811 4835 3404 4908; baseline 0.001 -16"><span class='ocrx_word' id='word_1_815' title='bbox 1811 4838 2045 4892; x_wconf 88' lang='lat' dir='ltr'><strong>cnndnm</strong></span> <span class='ocrx_word' id='word_1_816' title='bbox 2079 4835 2334 4890; x_wconf 67' lang='lat' dir='ltr'><strong>llebrmos</strong></span> <span class='ocrx_word' id='word_1_817' title='bbox 2379 4837 2429 4889; x_wconf 91' lang='lat' dir='ltr'><strong>in</strong></span> <span class='ocrx_word' id='word_1_818' title='bbox 2475 4835 2701 4891; x_wconf 89' lang='lat' dir='ltr'><strong>Joannis</strong></span> <span class='ocrx_word' id='word_1_819' title='bbox 2743 4835 3091 4907; x_wconf 90' lang='lat' dir='ltr'><strong>Evangelium</strong></span> <span class='ocrx_word' id='word_1_820' title='bbox 3122 4837 3404 4908; x_wconf 71' lang='lat' dir='ltr'><strong>migrasse,</strong></span> 
     </span>
    </p>
   </div>
   <div class='ocr_carea' id='block_1_108' title="bbox 1811 4926 3409 4997">
    <p class='ocr_par' dir='ltr' id='par_1_108' title="bbox 1811 4926 3409 4997">
     <span class='ocr_line' id='line_1_108' title="bbox 1811 4926 3409 4997; baseline 0.001 -14"><span class='ocrx_word' id='word_1_821' title='bbox 1811 4929 1926 4983; x_wconf 92' lang='lat' dir='ltr'><strong>sive</strong></span> <span class='ocrx_word' id='word_1_822' title='bbox 1958 4943 1986 4980; x_wconf 92' lang='lat' dir='ltr'><strong>a</strong></span> <span class='ocrx_word' id='word_1_823' title='bbox 2019 4927 2176 4996; x_wconf 80' lang='lat' dir='ltr'><strong>l’apia</strong></span> <span class='ocrx_word' id='word_1_824' title='bbox 2208 4927 2258 4981; x_wconf 92' lang='lat' dir='ltr'><strong>in</strong></span> <span class='ocrx_word' id='word_1_825' title='bbox 2290 4942 2382 4981; x_wconf 91' lang='lat' dir='ltr'><strong>ora</strong></span> <span class='ocrx_word' id='word_1_826' title='bbox 2412 4927 2532 4982; x_wconf 92' lang='lat' dir='ltr'><strong>libri</strong></span> <span class='ocrx_word' id='word_1_827' title='bbox 2578 4926 2935 4997; x_wconf 86' lang='lat' dir='ltr'><strong>descriptum,</strong></span> <span class='ocrx_word' id='word_1_828' title='bbox 2977 4928 3175 4984; x_wconf 90' lang='lat' dir='ltr'><strong>deinde</strong></span> <span class='ocrx_word' id='word_1_829' title='bbox 3205 4929 3258 4983; x_wconf 91' lang='lat' dir='ltr'><strong>in</strong></span> <span class='ocrx_word' id='word_1_830' title='bbox 3292 4938 3409 4985; x_wconf 82' lang='lat' dir='ltr'><strong>tex-</strong></span> 
     </span>
    </p>
   </div>
   <div class='ocr_carea' id='block_1_109' title="bbox 1814 5019 3404 5090">
    <p class='ocr_par' dir='ltr' id='par_1_109' title="bbox 1814 5019 3404 5090">
     <span class='ocr_line' id='line_1_109' title="bbox 1814 5019 3404 5090; baseline 0.003 -15"><span class='ocrx_word' id='word_1_831' title='bbox 1814 5031 1925 5075; x_wconf 90' lang='lat' dir='ltr'><strong>tum</strong></span> <span class='ocrx_word' id='word_1_832' title='bbox 1953 5021 2258 5090; x_wconf 71' lang='lat' dir='ltr'><strong>irrepsisse.</strong></span> <span class='ocrx_word' id='word_1_833' title='bbox 2289 5019 2446 5076; x_wconf 91' lang='lat' dir='ltr'><strong>Hisce</strong></span> <span class='ocrx_word' id='word_1_834' title='bbox 2471 5019 2797 5088; x_wconf 83' lang='lat' dir='ltr'><strong>conjecturis</strong></span> <span class='ocrx_word' id='word_1_835' title='bbox 2826 5019 3002 5075; x_wconf 92' lang='lat' dir='ltr'><strong>locum</strong></span> <span class='ocrx_word' id='word_1_836' title='bbox 3035 5020 3211 5078; x_wconf 82' lang='lat' dir='ltr'><strong>fecere</strong></span> <span class='ocrx_word' id='word_1_837' title='bbox 3239 5023 3404 5079; x_wconf 87' lang='lat' dir='ltr'><strong>verba</strong></span> 
     </span>
    </p>
   </div>
   <div class='ocr_carea' id='block_1_110' title="bbox 1814 5113 3404 5187">
    <p class='ocr_par' dir='ltr' id='par_1_110' title="bbox 1814 5113 3404 5187">
     <span class='ocr_line' id='line_1_110' title="bbox 1814 5113 3404 5187; baseline 0.003 -18"><span class='ocrx_word' id='word_1_838' title='bbox 1814 5113 2032 5170; x_wconf 87' lang='lat' dir='ltr'><strong>Eusebii</strong></span> <span class='ocrx_word' id='word_1_839' title='bbox 2071 5131 2189 5184; x_wconf 82' lang='lat' dir='ltr'><strong>quae</strong></span> <span class='ocrx_word' id='word_1_840' title='bbox 2213 5114 2579 5170; x_wconf 89' lang='lat' dir='ltr'><strong>recitavimus.</strong></span> <span class='ocrx_word' id='word_1_841' title='bbox 2610 5118 2678 5169; x_wconf 83' lang='lat' dir='ltr'><strong>At</strong></span> <span class='ocrx_word' id='word_1_842' title='bbox 2709 5130 2817 5170; x_wconf 93' lang='lat' dir='ltr'><strong>non</strong></span> <span class='ocrx_word' id='word_1_843' title='bbox 2840 5115 2971 5170; x_wconf 91' lang='lat' dir='ltr'><strong>satis</strong></span> <span class='ocrx_word' id='word_1_844' title='bbox 3000 5116 3169 5187; x_wconf 88' lang='lat' dir='ltr'><strong>liquet</strong></span> <span class='ocrx_word' id='word_1_845' title='bbox 3227 5129 3404 5174; x_wconf 92' lang='lat' dir='ltr'><strong>utrum</strong></span> 
     </span>
    </p>
   </div>
   <div class='ocr_carea' id='block_1_111' title="bbox 1814 5206 3412 5279">
    <p class='ocr_par' dir='ltr' id='par_1_111' title="bbox 1814 5206 3412 5279">
     <span class='ocr_line' id='line_1_111' title="bbox 1814 5206 3412 5279; baseline 0.001 -16"><span class='ocrx_word' id='word_1_846' title='bbox 1814 5207 1882 5263; x_wconf 91' lang='lat' dir='ltr'><strong>de</strong></span> <span class='ocrx_word' id='word_1_847' title='bbox 1912 5207 2137 5261; x_wconf 88' lang='lat' dir='ltr'><strong>muliere</strong></span> <span class='ocrx_word' id='word_1_848' title='bbox 2169 5206 2270 5262; x_wconf 88' lang='lat' dir='ltr'><strong>hac</strong></span> <span class='ocrx_word' id='word_1_849' title='bbox 2312 5206 2555 5262; x_wconf 89' lang='lat' dir='ltr'><strong>adultera</strong></span> <span class='ocrx_word' id='word_1_850' title='bbox 2599 5222 2666 5261; x_wconf 89' lang='lat' dir='ltr'><strong>eo</strong></span> <span class='ocrx_word' id='word_1_851' title='bbox 2713 5208 2834 5262; x_wconf 93' lang='lat' dir='ltr'><strong>loco</strong></span> <span class='ocrx_word' id='word_1_852' title='bbox 2865 5218 2984 5279; x_wconf 89' lang='lat' dir='ltr'><strong>agat</strong></span> <span class='ocrx_word' id='word_1_853' title='bbox 3021 5209 3310 5276; x_wconf 88' lang='lat' dir='ltr'><strong>Eusebius,</strong></span> <span class='ocrx_word' id='word_1_854' title='bbox 3346 5211 3412 5266; x_wconf 90' lang='lat' dir='ltr'><strong>il-</strong></span> 
     </span>
    </p>
   </div>
   <div class='ocr_carea' id='block_1_112' title="bbox 1813 5299 3411 5366">
    <p class='ocr_par' dir='ltr' id='par_1_112' title="bbox 1813 5299 3411 5366">
     <span class='ocr_line' id='line_1_112' title="bbox 1813 5299 3411 5366; baseline 0.001 -10"><span class='ocrx_word' id='word_1_855' title='bbox 1813 5299 1905 5356; x_wconf 88' lang='lat' dir='ltr'><strong>lud</strong></span> <span class='ocrx_word' id='word_1_856' title='bbox 1935 5299 2212 5353; x_wconf 85' lang='lat' dir='ltr'><strong>dumtaxat</strong></span> <span class='ocrx_word' id='word_1_857' title='bbox 2256 5299 2523 5363; x_wconf 85' lang='lat' dir='ltr'><strong>scribens,</strong></span> <span class='ocrx_word' id='word_1_858' title='bbox 2575 5306 2845 5354; x_wconf 88' lang='lat' dir='ltr'><strong>narratam</strong></span> <span class='ocrx_word' id='word_1_859' title='bbox 2889 5314 2918 5352; x_wconf 87' lang='lat' dir='ltr'><strong>a</strong></span> <span class='ocrx_word' id='word_1_860' title='bbox 2954 5299 3115 5366; x_wconf 86' lang='lat' dir='ltr'><strong>Papia</strong></span> <span class='ocrx_word' id='word_1_861' title='bbox 3144 5301 3411 5357; x_wconf 65' lang='lat' dir='ltr'><strong>historiam</strong></span> 
     </span>
    </p>
   </div>
   <div class='ocr_carea' id='block_1_113' title="bbox 1818 5389 3418 5460">
    <p class='ocr_par' dir='ltr' id='par_1_113' title="bbox 1818 5389 3418 5460">
     <span class='ocr_line' id='line_1_113' title="bbox 1818 5389 3418 5460; baseline 0.003 -17"><span class='ocrx_word' id='word_1_862' title='bbox 1818 5391 1882 5445; x_wconf 90' lang='lat' dir='ltr'><strong>de</strong></span> <span class='ocrx_word' id='word_1_863' title='bbox 1910 5391 2141 5457; x_wconf 84' lang='lat' dir='ltr'><strong>muliere,</strong></span> <span class='ocrx_word' id='word_1_864' title='bbox 2185 5390 2461 5444; x_wconf 88' lang='lat' dir='ltr'><strong>multorum</strong></span> <span class='ocrx_word' id='word_1_865' title='bbox 2508 5389 2824 5458; x_wconf 76' lang='lat' dir='ltr'><strong>flagitiorum</strong></span> <span class='ocrx_word' id='word_1_866' title='bbox 2868 5398 3112 5443; x_wconf 84' lang='lat' dir='ltr'><strong>accusata</strong></span> <span class='ocrx_word' id='word_1_867' title='bbox 3139 5391 3280 5460; x_wconf 88' lang='lat' dir='ltr'><strong>apud</strong></span> <span class='ocrx_word' id='word_1_868' title='bbox 3309 5391 3418 5448; x_wconf 90' lang='lat' dir='ltr'><strong>Do-</strong></span> 
     </span>
    </p>
   </div>
   <div class='ocr_carea' id='block_1_114' title="bbox 1820 5479 3417 5554">
    <p class='ocr_par' dir='ltr' id='par_1_114' title="bbox 1820 5479 3417 5554">
     <span class='ocr_line' id='line_1_114' title="bbox 1820 5479 3417 5554; baseline 0.002 -18"><span class='ocrx_word' id='word_1_869' title='bbox 1820 5484 2036 5547; x_wconf 87' lang='lat' dir='ltr'><strong>minum,</strong></span> <span class='ocrx_word' id='word_1_870' title='bbox 2066 5499 2180 5551; x_wconf 76' lang='lat' dir='ltr'><strong>ante</strong></span> <span class='ocrx_word' id='word_1_871' title='bbox 2207 5482 2423 5536; x_wconf 80' lang='lat' dir='ltr'><strong>historia</strong></span> <span class='ocrx_word' id='word_1_872' title='bbox 2463 5482 2514 5534; x_wconf 87' lang='lat' dir='ltr'><strong>in</strong></span> <span class='ocrx_word' id='word_1_873' title='bbox 2544 5479 2826 5554; x_wconf 85' lang='lat' dir='ltr'><strong>Evangelia</strong></span> <span class='ocrx_word' id='word_1_874' title='bbox 2856 5479 3135 5536; x_wconf 87' lang='lat' dir='ltr'><strong>secundum</strong></span> <span class='ocrx_word' id='word_1_875' title='bbox 3173 5481 3417 5538; x_wconf 73' lang='lat' dir='ltr'><strong>Ilrbra&#39;os</strong></span> 
     </span>
    </p>
   </div>
   <div class='ocr_carea' id='block_1_115' title="bbox 1819 5571 3419 5629">
    <p class='ocr_par' dir='ltr' id='par_1_115' title="bbox 1819 5571 3419 5629">
     <span class='ocr_line' id='line_1_115' title="bbox 1819 5571 3419 5629; baseline 0 0"><span class='ocrx_word' id='word_1_876' title='bbox 1819 5577 2185 5629; x_wconf 77' lang='lat' dir='ltr'><strong>contineretur.</strong></span> <span class='ocrx_word' id='word_1_877' title='bbox 2243 5574 2358 5629; x_wconf 84' lang='lat' dir='ltr'><strong>Non</strong></span> <span class='ocrx_word' id='word_1_878' title='bbox 2413 5574 2662 5629; x_wconf 88' lang='lat' dir='ltr'><strong>meminit</strong></span> <span class='ocrx_word' id='word_1_879' title='bbox 2718 5573 2988 5628; x_wconf 88' lang='lat' dir='ltr'><strong>Eusebius</strong></span> <span class='ocrx_word' id='word_1_880' title='bbox 3041 5571 3288 5625; x_wconf 85' lang='lat' dir='ltr'><strong>mulieris</strong></span> <span class='ocrx_word' id='word_1_881' title='bbox 3349 5576 3419 5629; x_wconf 89' lang='lat' dir='ltr'><strong>de</strong></span> 
     </span>
    </p>
   </div>
   <div class='ocr_carea' id='block_1_116' title="bbox 1823 5660 3424 5734">
    <p class='ocr_par' dir='ltr' id='par_1_116' title="bbox 1823 5660 3424 5734">
     <span class='ocr_line' id='line_1_116' title="bbox 1823 5660 3424 5734; baseline 0.001 -13"><span class='ocrx_word' id='word_1_882' title='bbox 1823 5665 2088 5722; x_wconf 85' lang='lat' dir='ltr'><strong>adulterio</strong></span> <span class='ocrx_word' id='word_1_883' title='bbox 2126 5665 2389 5722; x_wconf 86' lang='lat' dir='ltr'><strong>duntaxat</strong></span> <span class='ocrx_word' id='word_1_884' title='bbox 2439 5665 2674 5732; x_wconf 63' lang='lat' dir='ltr'><strong>delatae;</strong></span> <span class='ocrx_word' id='word_1_885' title='bbox 2727 5678 2888 5734; x_wconf 88' lang='lat' dir='ltr'><strong>quam</strong></span> <span class='ocrx_word' id='word_1_886' title='bbox 2939 5660 3315 5719; x_wconf 85' lang='lat' dir='ltr'><strong>narrationem</strong></span> <span class='ocrx_word' id='word_1_887' title='bbox 3370 5666 3424 5725; x_wconf 90' lang='lat' dir='ltr'><strong>in</strong></span> 
     </span>
    </p>
   </div>
  </div>
