  <div class='ocr_page' id='page_1' title='image "/cluster/home/n/w/nwhite01/storage/ocr_20150623/12/uva.x000826551/055.png"; bbox 0 0 3950 6176; ppageno 0'>
   <div class='ocr_carea' id='block_1_1' title="bbox 601 177 3847 270">
    <p class='ocr_par' dir='ltr' id='par_1_1' title="bbox 601 177 3847 270">
     <span class='ocr_line' id='line_1_1' title="bbox 601 177 3847 270; baseline -0.007 -13"><span class='ocrx_word' id='word_1_1' title='bbox 601 215 634 270; x_wconf 83' lang='lat'><strong>9</strong></span> <span class='ocrx_word' id='word_1_2' title='bbox 1920 186 2455 247; x_wconf 77' lang='lat' dir='ltr'><strong>PROLEGOMENA.</strong></span> <span class='ocrx_word' id='word_1_3' title='bbox 3753 177 3847 235; x_wconf 83' lang='grc'><strong>100</strong></span> 
     </span>
    </p>
   </div>
   <div class='ocr_carea' id='block_1_2' title="bbox 411 291 3849 437">
    <p class='ocr_par' dir='ltr' id='par_1_2' title="bbox 411 291 3849 437">
     <span class='ocr_line' id='line_1_2' title="bbox 411 291 3849 437; baseline -0.01 -53"><span class='ocrx_word' id='word_1_4' title='bbox 411 291 861 437; x_wconf 39' lang='grc' dir='ltr'><strong>,κίξᾌςνιιιιεριίο</strong></span> <span class='ocrx_word' id='word_1_5' title='bbox 886 319 1176 378; x_wconf 89' lang='lat' dir='ltr'><strong>secundum</strong></span> <span class='ocrx_word' id='word_1_6' title='bbox 1201 314 1457 371; x_wconf 75' lang='lat' dir='ltr'><strong>llehrmos</strong></span> <span class='ocrx_word' id='word_1_7' title='bbox 1481 309 1763 368; x_wconf 87' lang='lat' dir='ltr'><strong>rccitatam</strong></span> <span class='ocrx_word' id='word_1_8' title='bbox 1811 306 1979 364; x_wconf 82' lang='lat' dir='ltr'><strong>fuisse</strong></span> <span class='ocrx_word' id='word_1_9' title='bbox 2008 305 2158 362; x_wconf 92' lang='lat' dir='ltr'><strong>nullo</strong></span> <span class='ocrx_word' id='word_1_10' title='bbox 2184 310 2237 369; x_wconf 81' lang='grc' dir='ltr'>Α</span> <span class='ocrx_word' id='word_1_11' title='bbox 2334 302 2464 357; x_wconf 91' lang='lat' dir='ltr'><strong>Luc.</strong></span> <span class='ocrx_word' id='word_1_12' title='bbox 2507 315 2628 371; x_wconf 90' lang='lat' dir='ltr'><strong>cap.</strong></span> <span class='ocrx_word' id='word_1_13' title='bbox 2687 316 2844 368; x_wconf 73' lang='lat' dir='ltr'><strong>xxxv,</strong></span> <span class='ocrx_word' id='word_1_14' title='bbox 2895 298 3003 365; x_wconf 87' lang='grc'><strong>56,</strong></span> <span class='ocrx_word' id='word_1_15' title='bbox 3044 297 3101 354; x_wconf 89' lang='lat' dir='ltr'><strong>in</strong></span> <span class='ocrx_word' id='word_1_16' title='bbox 3144 292 3448 352; x_wconf 83' lang='lat' dir='ltr'><strong>Vercellen.</strong></span> <span class='ocrx_word' id='word_1_17' title='bbox 3493 299 3550 348; x_wconf 89' lang='lat' dir='ltr'><strong>et</strong></span> <span class='ocrx_word' id='word_1_18' title='bbox 3583 291 3849 350; x_wconf 88' lang='lat' dir='ltr'><strong>Veronen.</strong></span> 
     </span>
     <span class='ocr_line' id='line_1_3' title="bbox 426 379 3849 437; baseline 0 0"><span class='ocrx_word' id='word_1_19' title='bbox 426 379 474 437; x_wconf 48' lang='lat' dir='ltr'><strong>Ah</strong></span> <span class='ocrx_word' id='word_1_20' title='bbox 537 412 618 437; x_wconf 32' lang='grc' dir='ltr'><strong>Α.</strong></span> <span class='ocrx_word' id='word_1_21' title='bbox 683 436 690 437; x_wconf 61' lang='lat'><strong><em>,</em></strong></span> <span class='ocrx_word' id='word_1_22' title='bbox 915 413 1170 437; x_wconf 61' lang='lat' dir='ltr'><strong>.n:-.-:.....-</strong></span> <span class='ocrx_word' id='word_1_23' title='bbox 2266 397 2416 437; x_wconf 71' lang='lat' dir='ltr'><strong>donet</strong></span> <span class='ocrx_word' id='word_1_24' title='bbox 2469 393 2604 437; x_wconf 74' lang='lat' dir='ltr'><strong>Dicit</strong></span> <span class='ocrx_word' id='word_1_25' title='bbox 2654 393 2761 437; x_wconf 72' lang='lat' dir='ltr'><strong>eis:</strong></span> <span class='ocrx_word' id='word_1_26' title='bbox 2805 410 2907 437; x_wconf 71' lang='lat' dir='ltr'><strong>nnrr.</strong></span> <span class='ocrx_word' id='word_1_27' title='bbox 2949 390 3119 437; x_wconf 80' lang='lat' dir='ltr'><strong>nobis:</strong></span> <span class='ocrx_word' id='word_1_28' title='bbox 3161 403 3251 437; x_wconf 82' lang='lat' dir='ltr'><strong>eao</strong></span> <span class='ocrx_word' id='word_1_29' title='bbox 3289 402 3428 437; x_wconf 83' lang='lat' dir='ltr'><strong>sunt.</strong></span> <span class='ocrx_word' id='word_1_30' title='bbox 3472 386 3629 437; x_wconf 82' lang='lat' dir='ltr'><strong>nolite</strong></span> <span class='ocrx_word' id='word_1_31' title='bbox 3665 386 3849 437; x_wconf 72' lang='lat' dir='ltr'><strong>timere.</strong></span> 
     </span>
    </p>
   </div>
   <div class='ocr_carea' id='block_1_3' title="bbox 387 400 1191 513">
    <p class='ocr_par' dir='ltr' id='par_1_3' title="bbox 387 400 1191 513">
     <span class='ocr_line' id='line_1_4' title="bbox 392 400 1045 437; baseline -0.026 4"><span class='ocrx_word' id='word_1_32' title='bbox 392 400 452 426; x_wconf 55' lang='grc' dir='ltr'><strong>’κδ</strong></span> <span class='ocrx_word' id='word_1_33' title='bbox 537 400 594 437; x_wconf 55' lang='grc' dir='ltr'><em>ᾧ</em></span> <span class='ocrx_word' id='word_1_34' title='bbox 953 415 963 426; x_wconf 92' lang='grc'><strong>.</strong></span> <span class='ocrx_word' id='word_1_35' title='bbox 1034 413 1045 424; x_wconf 94' lang='grc'><strong>.</strong></span> 
     </span>
     <span class='ocr_line' id='line_1_5' title="bbox 387 400 1191 513; baseline -0.019 -34"><span class='ocrx_word' id='word_1_36' title='bbox 387 400 474 513; x_wconf 47' lang='grc' dir='ltr'><strong>εχξξ</strong></span> <span class='ocrx_word' id='word_1_37' title='bbox 499 400 883 513; x_wconf 58' lang='lat' dir='ltr'><strong>\rggumcnto</strong></span> <span class='ocrx_word' id='word_1_38' title='bbox 911 413 1191 513; x_wconf 76' lang='lat' dir='ltr'><strong>discimus.</strong></span> 
     </span>
    </p>
   </div>
   <div class='ocr_carea' id='block_1_4' title="bbox 363 493 2158 663">
    <p class='ocr_par' dir='ltr' id='par_1_4' title="bbox 363 493 2158 663">
     <span class='ocr_line' id='line_1_6' title="bbox 363 493 2158 663; baseline -0.012 -95"><span class='ocrx_word' id='word_1_39' title='bbox 689 510 890 574; x_wconf 90' lang='lat' dir='ltr'><strong>rotius,</strong></span> <span class='ocrx_word' id='word_1_40' title='bbox 937 506 1026 576; x_wconf 89' lang='lat' dir='ltr'><strong>qui</strong></span> <span class='ocrx_word' id='word_1_41' title='bbox 1070 518 1189 560; x_wconf 90' lang='lat' dir='ltr'><strong>eam</strong></span> <span class='ocrx_word' id='word_1_42' title='bbox 1225 499 1475 570; x_wconf 88' lang='lat' dir='ltr'><strong>primitus</strong></span> <span class='ocrx_word' id='word_1_43' title='bbox 1513 514 1544 552; x_wconf 91' lang='lat' dir='ltr'><strong>a</strong></span> <span class='ocrx_word' id='word_1_44' title='bbox 1581 495 1791 553; x_wconf 78' lang='lat' dir='ltr'><strong>Joanne</strong></span> <span class='ocrx_word' id='word_1_45' title='bbox 1832 493 2158 563; x_wconf 96' lang='lat' dir='ltr'><strong>descriptam</strong></span> 
     </span>
     <span class='ocr_line' id='line_1_7' title="bbox 363 513 2158 663; baseline -0.012 -4"><span class='ocrx_word' id='word_1_46' title='bbox 547 513 744 663; x_wconf 51' lang='lat' dir='ltr'><strong>ﬁngat,</strong></span> <span class='ocrx_word' id='word_1_47' title='bbox 779 601 874 662; x_wconf 89' lang='lat' dir='ltr'><strong>ait,</strong></span> <span class='ocrx_word' id='word_1_48' title='bbox 908 596 1156 652; x_wconf 90' lang='lat' dir='ltr'><strong>traditam</strong></span> <span class='ocrx_word' id='word_1_49' title='bbox 1206 591 1484 662; x_wconf 81' lang='lat' dir='ltr'><strong>discipulis</strong></span> <span class='ocrx_word' id='word_1_50' title='bbox 1525 590 1642 644; x_wconf 88' lang='lat' dir='ltr'><strong>viva</strong></span> <span class='ocrx_word' id='word_1_51' title='bbox 1675 603 1809 643; x_wconf 90' lang='lat' dir='ltr'><strong>voce</strong></span> <span class='ocrx_word' id='word_1_52' title='bbox 1838 587 1906 641; x_wconf 90' lang='lat' dir='ltr'><strong>ab</strong></span> <span class='ocrx_word' id='word_1_53' title='bbox 1935 593 2158 653; x_wconf 88' lang='lat' dir='ltr'><strong>aposto-</strong></span> 
     </span>
    </p>
   </div>
   <div class='ocr_carea' id='block_1_5' title="bbox 637 587 2160 674">
    <p class='ocr_par' dir='ltr' id='par_1_5' title="bbox 637 587 2160 674">
     <span class='ocr_line' id='line_1_8' title="bbox 637 587 2160 674; baseline -0.013 -17"><span class='ocrx_word' id='word_1_54' title='bbox 637 587 744 674; x_wconf 64' lang='lat' dir='ltr'><strong>&#39;gat,</strong></span> <span class='ocrx_word' id='word_1_55' title='bbox 779 601 874 662; x_wconf 89' lang='lat' dir='ltr'><strong>ait,</strong></span> <span class='ocrx_word' id='word_1_56' title='bbox 908 596 1156 652; x_wconf 90' lang='lat' dir='ltr'><strong>traditam</strong></span> <span class='ocrx_word' id='word_1_57' title='bbox 1206 591 1484 662; x_wconf 81' lang='lat' dir='ltr'><strong>discipulis</strong></span> <span class='ocrx_word' id='word_1_58' title='bbox 1525 590 1642 644; x_wconf 88' lang='lat' dir='ltr'><strong>viva</strong></span> <span class='ocrx_word' id='word_1_59' title='bbox 1675 603 1809 643; x_wconf 90' lang='lat' dir='ltr'><strong>voce</strong></span> <span class='ocrx_word' id='word_1_60' title='bbox 1838 587 1906 641; x_wconf 90' lang='lat' dir='ltr'><strong>ab</strong></span> <span class='ocrx_word' id='word_1_61' title='bbox 1935 593 2160 653; x_wconf 84' lang='lat' dir='ltr'><strong>aposto-</strong></span> 
     </span>
    </p>
   </div>
   <div class='ocr_carea' id='block_1_6' title="bbox 652 676 2164 760">
    <p class='ocr_par' dir='ltr' id='par_1_6' title="bbox 652 676 2164 760">
     <span class='ocr_line' id='line_1_9' title="bbox 652 676 2164 760; baseline -0.013 -12"><span class='ocrx_word' id='word_1_62' title='bbox 652 711 666 760; x_wconf 89' lang='lat'><strong>;</strong></span> <span class='ocrx_word' id='word_1_63' title='bbox 713 702 770 747; x_wconf 90' lang='lat' dir='ltr'><strong>at</strong></span> <span class='ocrx_word' id='word_1_64' title='bbox 798 693 850 746; x_wconf 92' lang='lat' dir='ltr'><strong>in</strong></span> <span class='ocrx_word' id='word_1_65' title='bbox 883 687 1190 759; x_wconf 86' lang='lat' dir='ltr'><strong>Evangeliis</strong></span> <span class='ocrx_word' id='word_1_66' title='bbox 1220 685 1502 749; x_wconf 86' lang='lat' dir='ltr'><strong>omissam,</strong></span> <span class='ocrx_word' id='word_1_67' title='bbox 1540 681 1685 753; x_wconf 90' lang='lat' dir='ltr'><strong>quod</strong></span> <span class='ocrx_word' id='word_1_68' title='bbox 1721 679 1877 734; x_wconf 82' lang='lat' dir='ltr'><strong>facile</strong></span> <span class='ocrx_word' id='word_1_69' title='bbox 1918 676 2046 732; x_wconf 90' lang='lat' dir='ltr'><strong>inde</strong></span> <span class='ocrx_word' id='word_1_70' title='bbox 2075 690 2164 730; x_wconf 89' lang='lat' dir='ltr'><strong>ca-</strong></span> 
     </span>
    </p>
   </div>
   <div class='ocr_carea' id='block_1_7' title="bbox 626 766 2163 852">
    <p class='ocr_par' dir='ltr' id='par_1_7' title="bbox 626 766 2163 852">
     <span class='ocr_line' id='line_1_10' title="bbox 626 766 2163 852; baseline -0.013 -13"><span class='ocrx_word' id='word_1_71' title='bbox 626 783 763 839; x_wconf 88' lang='lat' dir='ltr'><strong>mnia</strong></span> <span class='ocrx_word' id='word_1_72' title='bbox 816 781 984 852; x_wconf 84' lang='lat' dir='ltr'><strong>arripi</strong></span> <span class='ocrx_word' id='word_1_73' title='bbox 1028 785 1218 849; x_wconf 84' lang='lat' dir='ltr'><strong>posset</strong></span> <span class='ocrx_word' id='word_1_74' title='bbox 1263 773 1578 830; x_wconf 70' lang='lat' dir='ltr'><strong>traducendi</strong></span> <span class='ocrx_word' id='word_1_75' title='bbox 1633 771 1974 828; x_wconf 87' lang='lat' dir='ltr'><strong>Christianos</strong></span> <span class='ocrx_word' id='word_1_76' title='bbox 2023 766 2163 837; x_wconf 90' lang='lat' dir='ltr'><strong>apud</strong></span> 
     </span>
    </p>
   </div>
   <div class='ocr_carea' id='block_1_8' title="bbox 566 861 2166 947">
    <p class='ocr_par' dir='ltr' id='par_1_8' title="bbox 566 861 2166 947">
     <span class='ocr_line' id='line_1_11' title="bbox 566 861 2166 947; baseline -0.013 -16"><span class='ocrx_word' id='word_1_77' title='bbox 566 861 936 947; x_wconf 69' lang='lat' dir='ltr'><strong>magistratus,</strong></span> <span class='ocrx_word' id='word_1_78' title='bbox 986 870 1144 941; x_wconf 77' lang='lat' dir='ltr'><strong>quasi</strong></span> <span class='ocrx_word' id='word_1_79' title='bbox 1174 875 1484 925; x_wconf 86' lang='lat' dir='ltr'><strong>evertentes</strong></span> <span class='ocrx_word' id='word_1_80' title='bbox 1508 865 1740 936; x_wconf 84' lang='lat' dir='ltr'><strong>-publica</strong></span> <span class='ocrx_word' id='word_1_81' title='bbox 1767 863 1992 932; x_wconf 86' lang='lat' dir='ltr'><strong>judicia,</strong></span> <span class='ocrx_word' id='word_1_82' title='bbox 2046 861 2166 929; x_wconf 81' lang='lat' dir='ltr'><strong>qui-</strong></span> 
     </span>
    </p>
   </div>
   <div class='ocr_carea' id='block_1_9' title="bbox 565 949 2166 1031">
    <p class='ocr_par' dir='ltr' id='par_1_9' title="bbox 565 949 2166 1031">
     <span class='ocr_line' id='line_1_12' title="bbox 565 949 2166 1031; baseline -0.012 -8"><span class='ocrx_word' id='word_1_83' title='bbox 565 969 665 1024; x_wconf 87' lang='lat' dir='ltr'><strong>bus</strong></span> <span class='ocrx_word' id='word_1_84' title='bbox 697 977 844 1022; x_wconf 89' lang='lat' dir='ltr'><strong>stare</strong></span> <span class='ocrx_word' id='word_1_85' title='bbox 875 965 1088 1020; x_wconf 83' lang='lat' dir='ltr'><strong>videtur</strong></span> <span class='ocrx_word' id='word_1_86' title='bbox 1119 960 1437 1031; x_wconf 69' lang='lat' dir='ltr'><strong>reipublica:</strong></span> <span class='ocrx_word' id='word_1_87' title='bbox 1467 958 1636 1012; x_wconf 88' lang='lat' dir='ltr'><strong>salus.</strong></span> <span class='ocrx_word' id='word_1_88' title='bbox 1689 955 1890 1014; x_wconf 80' lang='lat' dir='ltr'><strong>Contra</strong></span> <span class='ocrx_word' id='word_1_89' title='bbox 1919 949 2166 1008; x_wconf 82' lang='lat' dir='ltr'><strong>defendit</strong></span> 
     </span>
    </p>
   </div>
   <div class='ocr_carea' id='block_1_10' title="bbox 566 1043 2167 1127">
    <p class='ocr_par' dir='ltr' id='par_1_10' title="bbox 566 1043 2167 1127">
     <span class='ocr_line' id='line_1_13' title="bbox 566 1043 2167 1127; baseline -0.01 -12"><span class='ocrx_word' id='word_1_90' title='bbox 566 1060 762 1115; x_wconf 82' lang='lat' dir='ltr'><strong>Millius</strong></span> <span class='ocrx_word' id='word_1_91' title='bbox 791 1058 1002 1127; x_wconf 86' lang='lat' dir='ltr'><strong>Prulog.</strong></span> <span class='ocrx_word' id='word_1_92' title='bbox 1030 1056 1124 1122; x_wconf 77' lang='grc'><strong>25,</strong></span> <span class='ocrx_word' id='word_1_93' title='bbox 1157 1053 1287 1119; x_wconf 78' lang='grc'><strong>252,</strong></span> <span class='ocrx_word' id='word_1_94' title='bbox 1313 1052 1421 1108; x_wconf 82' lang='grc'><strong>255</strong></span> <span class='ocrx_word' id='word_1_95' title='bbox 1447 1063 1500 1108; x_wconf 90' lang='lat' dir='ltr'><strong>et</strong></span> <span class='ocrx_word' id='word_1_96' title='bbox 1524 1051 1653 1116; x_wconf 84' lang='lat'><strong>892,</strong></span> <span class='ocrx_word' id='word_1_97' title='bbox 1686 1056 1956 1102; x_wconf 87' lang='lat' dir='ltr'><strong>narratam</strong></span> <span class='ocrx_word' id='word_1_98' title='bbox 1979 1061 2008 1099; x_wconf 92' lang='lat' dir='ltr'><strong>a</strong></span> <span class='ocrx_word' id='word_1_99' title='bbox 2031 1043 2167 1100; x_wconf 88' lang='lat' dir='ltr'><strong>scri-</strong></span> 
     </span>
    </p>
   </div>
   <div class='ocr_carea' id='block_1_11' title="bbox 568 1138 2160 1222">
    <p class='ocr_par' dir='ltr' id='par_1_11' title="bbox 568 1138 2160 1222">
     <span class='ocr_line' id='line_1_14' title="bbox 568 1138 2160 1222; baseline -0.008 -17"><span class='ocrx_word' id='word_1_100' title='bbox 568 1161 724 1222; x_wconf 86' lang='lat' dir='ltr'><strong>ptore</strong></span> <span class='ocrx_word' id='word_1_101' title='bbox 756 1150 1032 1220; x_wconf 71' lang='lat' dir='ltr'><strong>Evangelii</strong></span> <span class='ocrx_word' id='word_1_102' title='bbox 1078 1146 1373 1203; x_wconf 88' lang='lat' dir='ltr'><strong>secundum</strong></span> <span class='ocrx_word' id='word_1_103' title='bbox 1417 1145 1678 1200; x_wconf 60' lang='lat' dir='ltr'><strong>Hebraeos</strong></span> <span class='ocrx_word' id='word_1_104' title='bbox 1707 1157 1777 1198; x_wconf 76' lang='lat' dir='ltr'><strong>ex</strong></span> <span class='ocrx_word' id='word_1_105' title='bbox 1804 1155 1992 1196; x_wconf 90' lang='lat' dir='ltr'><strong>eorum</strong></span> <span class='ocrx_word' id='word_1_106' title='bbox 2036 1138 2160 1205; x_wconf 88' lang='lat' dir='ltr'><strong>tide,</strong></span> 
     </span>
    </p>
   </div>
   <div class='ocr_carea' id='block_1_12' title="bbox 565 1231 2166 1317">
    <p class='ocr_par' dir='ltr' id='par_1_12' title="bbox 565 1231 2166 1317">
     <span class='ocr_line' id='line_1_15' title="bbox 565 1231 2166 1317; baseline -0.011 -16"><span class='ocrx_word' id='word_1_107' title='bbox 565 1247 657 1317; x_wconf 86' lang='lat' dir='ltr'><strong>qui</strong></span> <span class='ocrx_word' id='word_1_108' title='bbox 687 1245 754 1299; x_wconf 90' lang='lat' dir='ltr'><strong>ab</strong></span> <span class='ocrx_word' id='word_1_109' title='bbox 785 1243 1048 1313; x_wconf 78' lang='lat' dir='ltr'><strong>apostolis</strong></span> <span class='ocrx_word' id='word_1_110' title='bbox 1077 1240 1413 1303; x_wconf 83' lang='lat' dir='ltr'><strong>didicerant;</strong></span> <span class='ocrx_word' id='word_1_111' title='bbox 1447 1237 1721 1304; x_wconf 84' lang='lat' dir='ltr'><strong>variisque</strong></span> <span class='ocrx_word' id='word_1_112' title='bbox 1764 1231 2036 1302; x_wconf 75' lang='lat' dir='ltr'><strong>adiunctis</strong></span> <span class='ocrx_word' id='word_1_113' title='bbox 2075 1246 2166 1284; x_wconf 88' lang='lat' dir='ltr'><strong>or-</strong></span> 
     </span>
    </p>
   </div>
   <div class='ocr_carea' id='block_1_13' title="bbox 569 1321 2162 1407">
    <p class='ocr_par' dir='ltr' id='par_1_13' title="bbox 569 1321 2162 1407">
     <span class='ocr_line' id='line_1_16' title="bbox 569 1321 2162 1407; baseline -0.012 -12"><span class='ocrx_word' id='word_1_114' title='bbox 569 1348 770 1404; x_wconf 87' lang='lat' dir='ltr'><strong>natam,</strong></span> <span class='ocrx_word' id='word_1_115' title='bbox 794 1339 868 1392; x_wconf 90' lang='lat' dir='ltr'><strong>uti</strong></span> <span class='ocrx_word' id='word_1_116' title='bbox 899 1337 1214 1407; x_wconf 81' lang='lat' dir='ltr'><strong>plerumque</strong></span> <span class='ocrx_word' id='word_1_117' title='bbox 1243 1335 1296 1386; x_wconf 91' lang='lat' dir='ltr'><strong>in</strong></span> <span class='ocrx_word' id='word_1_118' title='bbox 1329 1331 1410 1386; x_wconf 92' lang='lat' dir='ltr'><strong>his</strong></span> <span class='ocrx_word' id='word_1_119' title='bbox 1441 1331 1600 1386; x_wconf 78' lang='lat' dir='ltr'><strong>rebus</strong></span> <span class='ocrx_word' id='word_1_120' title='bbox 1628 1343 1732 1384; x_wconf 87' lang='lat' dir='ltr'><strong>usu</strong></span> <span class='ocrx_word' id='word_1_121' title='bbox 1750 1328 1927 1390; x_wconf 85' lang='lat' dir='ltr'><strong>venit;</strong></span> <span class='ocrx_word' id='word_1_122' title='bbox 1951 1321 2162 1380; x_wconf 84' lang='lat' dir='ltr'><strong>descri-</strong></span> 
     </span>
    </p>
   </div>
   <div class='ocr_carea' id='block_1_14' title="bbox 568 1415 2164 1502">
    <p class='ocr_par' dir='ltr' id='par_1_14' title="bbox 568 1415 2164 1502">
     <span class='ocr_line' id='line_1_17' title="bbox 568 1415 2164 1502; baseline -0.011 -16"><span class='ocrx_word' id='word_1_123' title='bbox 568 1442 709 1502; x_wconf 90' lang='lat' dir='ltr'><strong>ptam</strong></span> <span class='ocrx_word' id='word_1_124' title='bbox 739 1428 934 1485; x_wconf 89' lang='lat' dir='ltr'><strong>deinde</strong></span> <span class='ocrx_word' id='word_1_125' title='bbox 962 1444 992 1482; x_wconf 92' lang='lat' dir='ltr'><strong>a</strong></span> <span class='ocrx_word' id='word_1_126' title='bbox 1020 1427 1233 1482; x_wconf 85' lang='lat' dir='ltr'><strong>Joanne</strong></span> <span class='ocrx_word' id='word_1_127' title='bbox 1260 1424 1315 1478; x_wconf 88' lang='lat' dir='ltr'><strong>iu</strong></span> <span class='ocrx_word' id='word_1_128' title='bbox 1339 1421 1633 1492; x_wconf 83' lang='lat' dir='ltr'><strong>Evangelio</strong></span> <span class='ocrx_word' id='word_1_129' title='bbox 1667 1435 1733 1475; x_wconf 81' lang='lat' dir='ltr'><strong>ex</strong></span> <span class='ocrx_word' id='word_1_130' title='bbox 1754 1415 2164 1472; x_wconf 81' lang='lat' dir='ltr'><strong>accuratissima</strong></span> 
     </span>
    </p>
   </div>
   <div class='ocr_carea' id='block_1_15' title="bbox 567 1510 2165 1591">
    <p class='ocr_par' dir='ltr' id='par_1_15' title="bbox 567 1510 2165 1591">
     <span class='ocr_line' id='line_1_18' title="bbox 567 1510 2165 1591; baseline -0.013 -13"><span class='ocrx_word' id='word_1_131' title='bbox 567 1525 824 1587; x_wconf 86' lang='lat' dir='ltr'><strong>veritate,</strong></span> <span class='ocrx_word' id='word_1_132' title='bbox 881 1521 1081 1591; x_wconf 87' lang='lat' dir='ltr'><strong>quippe</strong></span> <span class='ocrx_word' id='word_1_133' title='bbox 1111 1518 1264 1587; x_wconf 73' lang='lat' dir='ltr'><strong>cuius</strong></span> <span class='ocrx_word' id='word_1_134' title='bbox 1304 1516 1382 1569; x_wconf 90' lang='lat' dir='ltr'><strong>rei</strong></span> <span class='ocrx_word' id='word_1_135' title='bbox 1414 1514 1568 1569; x_wconf 87' lang='lat' dir='ltr'><strong>testis</strong></span> <span class='ocrx_word' id='word_1_136' title='bbox 1601 1512 1718 1581; x_wconf 90' lang='lat' dir='ltr'><strong>ipse</strong></span> <span class='ocrx_word' id='word_1_137' title='bbox 1749 1510 1946 1573; x_wconf 81' lang='lat' dir='ltr'><strong>fuerat,</strong></span> <span class='ocrx_word' id='word_1_138' title='bbox 1978 1515 2165 1576; x_wconf 89' lang='lat' dir='ltr'><strong>spreto</strong></span> 
     </span>
    </p>
   </div>
   <div class='ocr_carea' id='block_1_16' title="bbox 565 1600 2160 1685">
    <p class='ocr_par' dir='ltr' id='par_1_16' title="bbox 565 1600 2160 1685">
     <span class='ocr_line' id='line_1_19' title="bbox 565 1600 2160 1685; baseline -0.013 -14"><span class='ocrx_word' id='word_1_139' title='bbox 565 1617 652 1671; x_wconf 80' lang='lat' dir='ltr'><strong>Vel</strong></span> <span class='ocrx_word' id='word_1_140' title='bbox 696 1618 941 1685; x_wconf 74' lang='lat' dir='ltr'><strong>ignei-ato</strong></span> <span class='ocrx_word' id='word_1_141' title='bbox 974 1626 1196 1682; x_wconf 92' lang='lat' dir='ltr'><strong>prorsus</strong></span> <span class='ocrx_word' id='word_1_142' title='bbox 1238 1608 1534 1677; x_wconf 87' lang='lat' dir='ltr'><strong>Evangelio</strong></span> <span class='ocrx_word' id='word_1_143' title='bbox 1555 1603 1854 1660; x_wconf 89' lang='lat' dir='ltr'><strong>secundum</strong></span> <span class='ocrx_word' id='word_1_144' title='bbox 1885 1600 2160 1654; x_wconf 86' lang='lat' dir='ltr'><strong>llebra-os.</strong></span> 
     </span>
    </p>
   </div>
   <div class='ocr_carea' id='block_1_17' title="bbox 535 746 558 853">
    <p class='ocr_par' dir='ltr' id='par_1_17' title="bbox 535 752 558 844">
     <span class='ocr_line' id='line_1_20' title="bbox 535 752 558 790; baseline 0 0"><span class='ocrx_word' id='word_1_145' title='bbox 535 752 558 790; x_wconf 51' lang='grc' dir='ltr'><strong>κζ</strong></span> 
     </span>
     <span class='ocr_line' id='line_1_21' title="bbox 535 811 558 844; baseline 0 0"><span class='ocrx_word' id='word_1_146' title='bbox 535 811 558 844; x_wconf 46' lang='grc' dir='ltr'>ἃ</span> 
     </span>
    </p>
   </div>
   <div class='ocr_carea' id='block_1_18' title="bbox 81 62 546 1001">
    <p class='ocr_par' dir='ltr' id='par_1_18' title="bbox 81 246 546 1001">
     <span class='ocr_line' id='line_1_22' title="bbox 98 246 546 378; baseline 0.007 -5"><span class='ocrx_word' id='word_1_147' title='bbox 98 261 213 373; x_wconf 54' lang='lat' dir='ltr'><strong>cf“</strong></span> <span class='ocrx_word' id='word_1_148' title='bbox 230 288 235 294; x_wconf 79' lang='lat'><strong><em>&#39;</em></strong></span> <span class='ocrx_word' id='word_1_149' title='bbox 251 257 332 317; x_wconf 45' lang='grc' dir='ltr'><strong>δ’</strong></span> <span class='ocrx_word' id='word_1_150' title='bbox 427 246 546 378; x_wconf 65' lang='grc' dir='ltr'><strong>1ῑὲ</strong></span> 
     </span>
     <span class='ocr_line' id='line_1_23' title="bbox 81 489 481 660; baseline 0.005 -4"><span class='ocrx_word' id='word_1_151' title='bbox 81 518 188 657; x_wconf 49' lang='lat' dir='ltr'><strong>“is;</strong></span> 
     </span>
     <span class='ocr_line' id='line_1_24' title="bbox 81 755 546 950; baseline 0.017 -101"><span class='ocrx_word' id='word_1_152' title='bbox 81 757 220 898; x_wconf 26' lang='lat' dir='ltr'><strong>ea...</strong></span> 
     </span>
     <span class='ocr_line' id='line_1_25' title="bbox 81 828 546 1001; baseline 0.034 -17"><span class='ocrx_word' id='word_1_153' title='bbox 81 828 336 1001; x_wconf 54' lang='lat'><strong>\&lt;9:7‘</strong></span> <span class='ocrx_word' id='word_1_154' title='bbox 408 858 546 1001; x_wconf 43' lang='grc' dir='ltr'><strong>(θ</strong></span> 
     </span>
    </p>
   </div>
   <div class='ocr_carea' id='block_1_19' title="bbox 2266 386 3856 464">
    <p class='ocr_par' dir='ltr' id='par_1_19' title="bbox 2266 386 3856 464">
     <span class='ocr_line' id='line_1_26' title="bbox 2266 386 3856 464; baseline -0.006 -14"><span class='ocrx_word' id='word_1_155' title='bbox 2266 397 2421 450; x_wconf 88' lang='lat' dir='ltr'><strong>deest</strong></span> <span class='ocrx_word' id='word_1_156' title='bbox 2465 393 2604 447; x_wconf 82' lang='lat' dir='ltr'><strong>Dicit</strong></span> <span class='ocrx_word' id='word_1_157' title='bbox 2654 393 2761 448; x_wconf 86' lang='lat' dir='ltr'><strong>eis:</strong></span> <span class='ocrx_word' id='word_1_158' title='bbox 2805 410 2907 464; x_wconf 68' lang='lat' dir='ltr'><strong>pum</strong></span> <span class='ocrx_word' id='word_1_159' title='bbox 2949 390 3119 456; x_wconf 77' lang='lat' dir='ltr'><strong>vobis;</strong></span> <span class='ocrx_word' id='word_1_160' title='bbox 3161 403 3251 460; x_wconf 86' lang='lat' dir='ltr'><strong>ego</strong></span> <span class='ocrx_word' id='word_1_161' title='bbox 3289 402 3428 452; x_wconf 82' lang='lat' dir='ltr'><strong>sum,</strong></span> <span class='ocrx_word' id='word_1_162' title='bbox 3472 386 3629 441; x_wconf 88' lang='lat' dir='ltr'><strong>nolite</strong></span> <span class='ocrx_word' id='word_1_163' title='bbox 3665 386 3856 441; x_wconf 73' lang='lat' dir='ltr'><strong>timere.</strong></span> 
     </span>
    </p>
   </div>
   <div class='ocr_carea' id='block_1_20' title="bbox 2266 476 3855 556">
    <p class='ocr_par' dir='ltr' id='par_1_20' title="bbox 2266 476 3855 556">
     <span class='ocr_line' id='line_1_27' title="bbox 2266 476 3855 556; baseline -0.004 -14"><span class='ocrx_word' id='word_1_164' title='bbox 2266 487 2438 542; x_wconf 84' lang='lat' dir='ltr'><strong>Porro</strong></span> <span class='ocrx_word' id='word_1_165' title='bbox 2483 503 2544 540; x_wconf 87' lang='lat' dir='ltr'><strong>ea</strong></span> <span class='ocrx_word' id='word_1_166' title='bbox 2582 486 2770 552; x_wconf 85' lang='lat' dir='ltr'><strong>verba,</strong></span> <span class='ocrx_word' id='word_1_167' title='bbox 2822 484 2932 556; x_wconf 83' lang='lat' dir='ltr'><strong>Ego</strong></span> <span class='ocrx_word' id='word_1_168' title='bbox 2976 497 3113 547; x_wconf 89' lang='lat' dir='ltr'><strong>sum,</strong></span> <span class='ocrx_word' id='word_1_169' title='bbox 3140 480 3294 534; x_wconf 90' lang='lat' dir='ltr'><strong>nolite</strong></span> <span class='ocrx_word' id='word_1_170' title='bbox 3341 479 3539 543; x_wconf 87' lang='lat' dir='ltr'><strong>timere,</strong></span> <span class='ocrx_word' id='word_1_171' title='bbox 3583 477 3634 532; x_wconf 90' lang='lat' dir='ltr'><strong>in</strong></span> <span class='ocrx_word' id='word_1_172' title='bbox 3673 476 3855 536; x_wconf 72' lang='lat' dir='ltr'><strong>Graeco</strong></span> 
     </span>
    </p>
   </div>
   <div class='ocr_carea' id='block_1_21' title="bbox 2267 571 3857 652">
    <p class='ocr_par' dir='ltr' id='par_1_21' title="bbox 2267 571 3857 652">
     <span class='ocr_line' id='line_1_28' title="bbox 2267 571 3857 652; baseline -0.003 -20"><span class='ocrx_word' id='word_1_173' title='bbox 2267 595 2484 652; x_wconf 83' lang='lat' dir='ltr'><strong>quoquo</strong></span> <span class='ocrx_word' id='word_1_174' title='bbox 2513 580 2911 636; x_wconf 84' lang='lat' dir='ltr'><strong>desiderantur.</strong></span> <span class='ocrx_word' id='word_1_175' title='bbox 2963 578 3032 631; x_wconf 85' lang='lat' dir='ltr'><strong>At</strong></span> <span class='ocrx_word' id='word_1_176' title='bbox 3077 589 3140 631; x_wconf 92' lang='lat' dir='ltr'><strong>ea</strong></span> <span class='ocrx_word' id='word_1_177' title='bbox 3188 574 3376 645; x_wconf 87' lang='lat' dir='ltr'><strong>legunt</strong></span> <span class='ocrx_word' id='word_1_178' title='bbox 3417 571 3702 628; x_wconf 88' lang='lat' dir='ltr'><strong>versiones</strong></span> <span class='ocrx_word' id='word_1_179' title='bbox 3728 573 3857 644; x_wconf 86' lang='lat' dir='ltr'><strong>Cup-</strong></span> 
     </span>
    </p>
   </div>
   <div class='ocr_carea' id='block_1_22' title="bbox 2269 663 3852 743">
    <p class='ocr_par' dir='ltr' id='par_1_22' title="bbox 2269 663 3852 743">
     <span class='ocr_line' id='line_1_29' title="bbox 2269 663 3852 743; baseline -0.005 -17"><span class='ocrx_word' id='word_1_180' title='bbox 2269 674 2395 739; x_wconf 87' lang='lat' dir='ltr'><strong>lica,</strong></span> <span class='ocrx_word' id='word_1_181' title='bbox 2445 672 2701 743; x_wconf 83' lang='lat' dir='ltr'><strong>Syriaca,</strong></span> <span class='ocrx_word' id='word_1_182' title='bbox 2755 669 2992 732; x_wconf 88' lang='lat' dir='ltr'><strong>Persica,</strong></span> <span class='ocrx_word' id='word_1_183' title='bbox 3045 667 3316 730; x_wconf 88' lang='lat' dir='ltr'><strong>Arabica,</strong></span> <span class='ocrx_word' id='word_1_184' title='bbox 3375 663 3708 735; x_wconf 61' lang='lat' dir='ltr'><strong>IEthiopica,</strong></span> <span class='ocrx_word' id='word_1_185' title='bbox 3761 663 3852 719; x_wconf 88' lang='lat' dir='ltr'><strong>Ar-</strong></span> 
     </span>
    </p>
   </div>
   <div class='ocr_carea' id='block_1_23' title="bbox 2268 754 3614 826">
    <p class='ocr_par' dir='ltr' id='par_1_23' title="bbox 2268 754 3614 826">
     <span class='ocr_line' id='line_1_30' title="bbox 2268 754 3614 826; baseline -0.009 -8"><span class='ocrx_word' id='word_1_186' title='bbox 2268 777 2450 826; x_wconf 88' lang='lat' dir='ltr'><strong>mena,</strong></span> <span class='ocrx_word' id='word_1_187' title='bbox 2474 773 2579 818; x_wconf 86' lang='lat' dir='ltr'><strong>etc.</strong></span> <span class='ocrx_word' id='word_1_188' title='bbox 2609 771 2664 817; x_wconf 92' lang='lat' dir='ltr'><strong>et</strong></span> <span class='ocrx_word' id='word_1_189' title='bbox 2685 761 2786 818; x_wconf 85' lang='lat' dir='ltr'><strong>SS.</strong></span> <span class='ocrx_word' id='word_1_190' title='bbox 2821 757 3143 815; x_wconf 88' lang='lat' dir='ltr'><strong>Ambrosius</strong></span> <span class='ocrx_word' id='word_1_191' title='bbox 3173 763 3226 810; x_wconf 91' lang='lat' dir='ltr'><strong>et</strong></span> <span class='ocrx_word' id='word_1_192' title='bbox 3255 754 3614 824; x_wconf 81' lang='lat' dir='ltr'><strong>Augustinus.</strong></span> 
     </span>
    </p>
   </div>
   <div class='ocr_carea' id='block_1_24' title="bbox 2338 846 3855 924">
    <p class='ocr_par' dir='ltr' id='par_1_24' title="bbox 2338 846 3855 924">
     <span class='ocr_line' id='line_1_31' title="bbox 2338 846 3855 924; baseline -0.008 -14"><span class='ocrx_word' id='word_1_193' title='bbox 2338 855 2526 910; x_wconf 85' lang='lat' dir='ltr'><strong>Matth.</strong></span> <span class='ocrx_word' id='word_1_194' title='bbox 2579 870 2698 924; x_wconf 89' lang='lat' dir='ltr'><strong>cap.</strong></span> <span class='ocrx_word' id='word_1_195' title='bbox 2748 869 2843 918; x_wconf 87' lang='lat' dir='ltr'><strong>vn,</strong></span> <span class='ocrx_word' id='word_1_196' title='bbox 2898 869 2949 907; x_wconf 84' lang='grc' dir='ltr'><strong>ν.</strong></span> <span class='ocrx_word' id='word_1_197' title='bbox 2999 852 3087 916; x_wconf 90' lang='grc'><strong>15,</strong></span> <span class='ocrx_word' id='word_1_198' title='bbox 3139 847 3442 902; x_wconf 87' lang='lat' dir='ltr'><strong>Vercellen.</strong></span> <span class='ocrx_word' id='word_1_199' title='bbox 3487 855 3543 902; x_wconf 90' lang='lat' dir='ltr'><strong>et</strong></span> <span class='ocrx_word' id='word_1_200' title='bbox 3589 846 3855 902; x_wconf 87' lang='lat' dir='ltr'><strong>Veronen.</strong></span> 
     </span>
    </p>
   </div>
   <div class='ocr_carea' id='block_1_25' title="bbox 2267 937 3852 1020">
    <p class='ocr_par' dir='ltr' id='par_1_25' title="bbox 2267 937 3852 1020">
     <span class='ocr_line' id='line_1_32' title="bbox 2267 937 3852 1020; baseline -0.007 -17"><span class='ocrx_word' id='word_1_201' title='bbox 2267 966 2419 1020; x_wconf 88' lang='lat' dir='ltr'><strong>quam</strong></span> <span class='ocrx_word' id='word_1_202' title='bbox 2451 950 2556 1002; x_wconf 86' lang='lat' dir='ltr'><strong>lata</strong></span> <span class='ocrx_word' id='word_1_203' title='bbox 2585 959 2631 1001; x_wconf 91' lang='lat' dir='ltr'><strong>et</strong></span> <span class='ocrx_word' id='word_1_204' title='bbox 2660 948 2890 1017; x_wconf 82' lang='lat' dir='ltr'><strong>spatiosa</strong></span> <span class='ocrx_word' id='word_1_205' title='bbox 2916 955 2989 999; x_wconf 84' lang='lat' dir='ltr'><strong>est</strong></span> <span class='ocrx_word' id='word_1_206' title='bbox 3029 943 3131 997; x_wconf 81' lang='lat' dir='ltr'><strong>via.</strong></span> <span class='ocrx_word' id='word_1_207' title='bbox 3164 941 3220 997; x_wconf 91' lang='lat' dir='ltr'><strong>S.</strong></span> <span class='ocrx_word' id='word_1_208' title='bbox 3263 939 3627 1009; x_wconf 89' lang='lat' dir='ltr'><strong>Hieronymus</strong></span> <span class='ocrx_word' id='word_1_209' title='bbox 3663 938 3719 992; x_wconf 92' lang='lat' dir='ltr'><strong>in</strong></span> <span class='ocrx_word' id='word_1_210' title='bbox 3747 937 3852 1007; x_wconf 87' lang='lat' dir='ltr'><strong>epi-</strong></span> 
     </span>
    </p>
   </div>
   <div class='ocr_carea' id='block_1_26' title="bbox 2267 1030 3852 1106">
    <p class='ocr_par' dir='ltr' id='par_1_26' title="bbox 2267 1030 3852 1106">
     <span class='ocr_line' id='line_1_33' title="bbox 2267 1030 3852 1106; baseline -0.01 -8"><span class='ocrx_word' id='word_1_211' title='bbox 2267 1045 2404 1098; x_wconf 84' lang='lat' dir='ltr'><strong>stola</strong></span> <span class='ocrx_word' id='word_1_212' title='bbox 2439 1043 2541 1098; x_wconf 67' lang='grc'><strong>143</strong></span> <span class='ocrx_word' id='word_1_213' title='bbox 2569 1082 2583 1105; x_wconf 97' lang='grc'>,</span> <span class='ocrx_word' id='word_1_214' title='bbox 2618 1041 2668 1094; x_wconf 90' lang='lat' dir='ltr'><strong>in</strong></span> <span class='ocrx_word' id='word_1_215' title='bbox 2698 1054 2805 1095; x_wconf 92' lang='lat' dir='ltr'><strong>uno</strong></span> <span class='ocrx_word' id='word_1_216' title='bbox 2843 1052 2948 1092; x_wconf 90' lang='lat' dir='ltr'><strong>ms.</strong></span> <span class='ocrx_word' id='word_1_217' title='bbox 2981 1050 3134 1106; x_wconf 83' lang='lat' dir='ltr'><strong>quant</strong></span> <span class='ocrx_word' id='word_1_218' title='bbox 3173 1034 3278 1088; x_wconf 86' lang='lat' dir='ltr'><strong>lata</strong></span> <span class='ocrx_word' id='word_1_219' title='bbox 3316 1041 3364 1087; x_wconf 88' lang='lat' dir='ltr'><strong>et</strong></span> <span class='ocrx_word' id='word_1_220' title='bbox 3389 1031 3618 1101; x_wconf 85' lang='lat' dir='ltr'><strong>spatiosa</strong></span> <span class='ocrx_word' id='word_1_221' title='bbox 3655 1030 3741 1084; x_wconf 80' lang='lat' dir='ltr'><strong>via</strong></span> <span class='ocrx_word' id='word_1_222' title='bbox 3771 1039 3852 1084; x_wconf 82' lang='lat' dir='ltr'><strong>est.</strong></span> 
     </span>
    </p>
   </div>
   <div class='ocr_carea' id='block_1_27' title="bbox 2267 1123 3857 1197">
    <p class='ocr_par' dir='ltr' id='par_1_27' title="bbox 2267 1123 3857 1197">
     <span class='ocr_line' id='line_1_34' title="bbox 2267 1123 3857 1197; baseline -0.009 -8"><span class='ocrx_word' id='word_1_223' title='bbox 2267 1135 2324 1190; x_wconf 88' lang='lat' dir='ltr'><strong>In</strong></span> <span class='ocrx_word' id='word_1_224' title='bbox 2350 1135 2480 1190; x_wconf 86' lang='lat' dir='ltr'><strong>edit.</strong></span> <span class='ocrx_word' id='word_1_225' title='bbox 2508 1148 2636 1188; x_wconf 87' lang='lat' dir='ltr'><strong>vero</strong></span> <span class='ocrx_word' id='word_1_226' title='bbox 2654 1132 2857 1187; x_wconf 81' lang='lat' dir='ltr'><strong>Veron.</strong></span> <span class='ocrx_word' id='word_1_227' title='bbox 2893 1139 3026 1184; x_wconf 77' lang='lat' dir='ltr'><strong>toni.</strong></span> <span class='ocrx_word' id='word_1_228' title='bbox 3050 1143 3089 1194; x_wconf 91' lang='grc' dir='ltr'>ι,</span> <span class='ocrx_word' id='word_1_229' title='bbox 3123 1141 3248 1197; x_wconf 88' lang='lat' dir='ltr'><strong>pag,</strong></span> <span class='ocrx_word' id='word_1_230' title='bbox 3283 1125 3442 1190; x_wconf 89' lang='grc'><strong>1095,</strong></span> <span class='ocrx_word' id='word_1_231' title='bbox 3461 1139 3616 1194; x_wconf 87' lang='lat' dir='ltr'><strong>quam</strong></span> <span class='ocrx_word' id='word_1_232' title='bbox 3643 1123 3857 1194; x_wconf 79' lang='lat' dir='ltr'><strong>spatiosa</strong></span> 
     </span>
    </p>
   </div>
   <div class='ocr_carea' id='block_1_28' title="bbox 2266 1216 3856 1293">
    <p class='ocr_par' dir='ltr' id='par_1_28' title="bbox 2266 1216 3856 1293">
     <span class='ocr_line' id='line_1_35' title="bbox 2266 1216 3856 1293; baseline -0.011 -11"><span class='ocrx_word' id='word_1_233' title='bbox 2266 1229 2368 1282; x_wconf 80' lang='lat' dir='ltr'><strong>ria.</strong></span> <span class='ocrx_word' id='word_1_234' title='bbox 2400 1228 2459 1283; x_wconf 94' lang='lat' dir='ltr'><strong>S.</strong></span> <span class='ocrx_word' id='word_1_235' title='bbox 2489 1227 2739 1282; x_wconf 82' lang='lat' dir='ltr'><strong>Ambros.</strong></span> <span class='ocrx_word' id='word_1_236' title='bbox 2765 1226 2818 1280; x_wconf 89' lang='lat' dir='ltr'><strong>in</strong></span> <span class='ocrx_word' id='word_1_237' title='bbox 2847 1222 3080 1293; x_wconf 79' lang='lat' dir='ltr'><strong>exposit.</strong></span> <span class='ocrx_word' id='word_1_238' title='bbox 3116 1220 3318 1289; x_wconf 82' lang='lat' dir='ltr'><strong>Evang.</strong></span> <span class='ocrx_word' id='word_1_239' title='bbox 3361 1232 3473 1273; x_wconf 87' lang='lat' dir='ltr'><strong>sec.</strong></span> <span class='ocrx_word' id='word_1_240' title='bbox 3504 1216 3640 1271; x_wconf 88' lang='lat' dir='ltr'><strong>Luc.</strong></span> <span class='ocrx_word' id='word_1_241' title='bbox 3672 1216 3767 1270; x_wconf 88' lang='lat' dir='ltr'><strong>lib.</strong></span> <span class='ocrx_word' id='word_1_242' title='bbox 3791 1231 3856 1281; x_wconf 76' lang='lat' dir='ltr'><strong>tr,</strong></span> 
     </span>
    </p>
   </div>
   <div class='ocr_carea' id='block_1_29' title="bbox 2268 1309 3854 1391">
    <p class='ocr_par' dir='ltr' id='par_1_29' title="bbox 2268 1309 3854 1391">
     <span class='ocr_line' id='line_1_36' title="bbox 2268 1309 3854 1391; baseline -0.008 -15"><span class='ocrx_word' id='word_1_243' title='bbox 2268 1335 2390 1391; x_wconf 88' lang='lat' dir='ltr'><strong>pag.</strong></span> <span class='ocrx_word' id='word_1_244' title='bbox 2419 1317 2578 1382; x_wconf 86' lang='grc'><strong>1544,</strong></span> <span class='ocrx_word' id='word_1_245' title='bbox 2605 1321 2711 1372; x_wconf 87' lang='lat' dir='ltr'><strong>lata</strong></span> <span class='ocrx_word' id='word_1_246' title='bbox 2741 1327 2788 1370; x_wconf 90' lang='lat' dir='ltr'><strong>et</strong></span> <span class='ocrx_word' id='word_1_247' title='bbox 2815 1315 3068 1386; x_wconf 82' lang='lat' dir='ltr'><strong>spatiosa,</strong></span> <span class='ocrx_word' id='word_1_248' title='bbox 3099 1312 3270 1368; x_wconf 84' lang='lat' dir='ltr'><strong>relate</strong></span> <span class='ocrx_word' id='word_1_249' title='bbox 3296 1310 3362 1365; x_wconf 89' lang='lat' dir='ltr'><strong>ad</strong></span> <span class='ocrx_word' id='word_1_250' title='bbox 3388 1311 3550 1364; x_wconf 90' lang='lat' dir='ltr'><strong>viam.</strong></span> <span class='ocrx_word' id='word_1_251' title='bbox 3580 1309 3737 1365; x_wconf 90' lang='lat' dir='ltr'><strong>Unus</strong></span> <span class='ocrx_word' id='word_1_252' title='bbox 3763 1323 3854 1364; x_wconf 85' lang='lat' dir='ltr'><strong>ms.</strong></span> 
     </span>
    </p>
   </div>
   <div class='ocr_carea' id='block_1_30' title="bbox 2267 1401 3691 1482">
    <p class='ocr_par' dir='ltr' id='par_1_30' title="bbox 2267 1401 3691 1482">
     <span class='ocr_line' id='line_1_37' title="bbox 2267 1401 3691 1482; baseline -0.009 -15"><span class='ocrx_word' id='word_1_253' title='bbox 2267 1414 2325 1468; x_wconf 87' lang='lat' dir='ltr'><strong>S.</strong></span> <span class='ocrx_word' id='word_1_254' title='bbox 2356 1411 2642 1482; x_wconf 81' lang='lat' dir='ltr'><strong>Augustini</strong></span> <span class='ocrx_word' id='word_1_255' title='bbox 2670 1410 2737 1464; x_wconf 84' lang='lat' dir='ltr'><strong>de</strong></span> <span class='ocrx_word' id='word_1_256' title='bbox 2766 1408 2943 1463; x_wconf 90' lang='lat' dir='ltr'><strong>Serm.</strong></span> <span class='ocrx_word' id='word_1_257' title='bbox 2973 1405 3186 1461; x_wconf 89' lang='lat' dir='ltr'><strong>Domin.</strong></span> <span class='ocrx_word' id='word_1_258' title='bbox 3211 1418 3364 1474; x_wconf 89' lang='lat' dir='ltr'><strong>quam</strong></span> <span class='ocrx_word' id='word_1_259' title='bbox 3387 1401 3491 1456; x_wconf 85' lang='lat' dir='ltr'><strong>lata</strong></span> <span class='ocrx_word' id='word_1_260' title='bbox 3515 1411 3691 1471; x_wconf 86' lang='lat' dir='ltr'><strong>porta.</strong></span> 
     </span>
    </p>
   </div>
   <div class='ocr_carea' id='block_1_31' title="bbox 2340 1493 3859 1573">
    <p class='ocr_par' dir='ltr' id='par_1_31' title="bbox 2340 1493 3859 1573">
     <span class='ocr_line' id='line_1_38' title="bbox 2340 1493 3859 1573; baseline -0.007 -14"><span class='ocrx_word' id='word_1_261' title='bbox 2340 1504 2529 1559; x_wconf 86' lang='lat' dir='ltr'><strong>Matth.</strong></span> <span class='ocrx_word' id='word_1_262' title='bbox 2569 1519 2688 1573; x_wconf 86' lang='lat' dir='ltr'><strong>cap.</strong></span> <span class='ocrx_word' id='word_1_263' title='bbox 2741 1517 2863 1563; x_wconf 85' lang='lat' dir='ltr'><strong>vm,</strong></span> <span class='ocrx_word' id='word_1_264' title='bbox 2897 1498 2988 1564; x_wconf 79' lang='grc'><strong>25,</strong></span> <span class='ocrx_word' id='word_1_265' title='bbox 3041 1498 3203 1553; x_wconf 86' lang='lat' dir='ltr'><strong>verba</strong></span> <span class='ocrx_word' id='word_1_266' title='bbox 3251 1496 3494 1566; x_wconf 80' lang='lat' dir='ltr'><strong>discipuli</strong></span> <span class='ocrx_word' id='word_1_267' title='bbox 3523 1495 3639 1565; x_wconf 78' lang='lat' dir='ltr'><strong>ejus</strong></span> <span class='ocrx_word' id='word_1_268' title='bbox 3674 1493 3859 1549; x_wconf 88' lang='lat' dir='ltr'><strong>desunt</strong></span> 
     </span>
    </p>
   </div>
   <div class='ocr_carea' id='block_1_32' title="bbox 2269 1589 3858 1660">
    <p class='ocr_par' dir='ltr' id='par_1_32' title="bbox 2269 1589 3858 1660">
     <span class='ocr_line' id='line_1_39' title="bbox 2269 1589 3858 1660; baseline -0.006 -8"><span class='ocrx_word' id='word_1_269' title='bbox 2269 1599 2321 1652; x_wconf 86' lang='lat' dir='ltr'><strong>in</strong></span> <span class='ocrx_word' id='word_1_270' title='bbox 2344 1598 2648 1654; x_wconf 84' lang='lat' dir='ltr'><strong>Vercellen.</strong></span> <span class='ocrx_word' id='word_1_271' title='bbox 2678 1604 2733 1652; x_wconf 87' lang='lat' dir='ltr'><strong>et</strong></span> <span class='ocrx_word' id='word_1_272' title='bbox 2763 1593 3076 1658; x_wconf 85' lang='lat' dir='ltr'><strong>Corheien.,</strong></span> <span class='ocrx_word' id='word_1_273' title='bbox 3103 1601 3157 1645; x_wconf 90' lang='lat' dir='ltr'><strong>ct</strong></span> <span class='ocrx_word' id='word_1_274' title='bbox 3184 1591 3254 1645; x_wconf 91' lang='lat' dir='ltr'><strong>ita</strong></span> <span class='ocrx_word' id='word_1_275' title='bbox 3286 1591 3338 1644; x_wconf 92' lang='lat' dir='ltr'><strong>in</strong></span> <span class='ocrx_word' id='word_1_276' title='bbox 3367 1589 3641 1644; x_wconf 89' lang='lat' dir='ltr'><strong>nonnullis</strong></span> <span class='ocrx_word' id='word_1_277' title='bbox 3669 1589 3858 1660; x_wconf 68' lang='lat' dir='ltr'><strong>regina:</strong></span> 
     </span>
    </p>
   </div>
   <div class='ocr_carea' id='block_1_33' title="bbox 570 1683 3473 1773">
    <p class='ocr_par' dir='ltr' id='par_1_33' title="bbox 570 1683 3473 1773">
     <span class='ocr_line' id='line_1_40' title="bbox 570 1683 3473 1773; baseline -0.009 -11"><span class='ocrx_word' id='word_1_278' title='bbox 570 1709 795 1773; x_wconf 88' lang='lat' dir='ltr'><strong>Deinde,</strong></span> <span class='ocrx_word' id='word_1_279' title='bbox 823 1721 946 1760; x_wconf 89' lang='lat' dir='ltr'><strong>cum</strong></span> <span class='ocrx_word' id='word_1_280' title='bbox 976 1704 1177 1760; x_wconf 90' lang='lat' dir='ltr'><strong>sciolus</strong></span> <span class='ocrx_word' id='word_1_281' title='bbox 1219 1699 1418 1771; x_wconf 87' lang='lat' dir='ltr'><strong>aliquis</strong></span> <span class='ocrx_word' id='word_1_282' title='bbox 1457 1713 1577 1754; x_wconf 89' lang='lat' dir='ltr'><strong>eam</strong></span> <span class='ocrx_word' id='word_1_283' title='bbox 1610 1695 1972 1751; x_wconf 87' lang='lat' dir='ltr'><strong>narrationem</strong></span> <span class='ocrx_word' id='word_1_284' title='bbox 2003 1691 2166 1747; x_wconf 86' lang='lat' dir='ltr'><strong>Joan-</strong></span> <span class='ocrx_word' id='word_1_285' title='bbox 2196 1703 2242 1762; x_wconf 76' lang='grc' dir='ltr'><strong>Β</strong></span> <span class='ocrx_word' id='word_1_286' title='bbox 2271 1692 2568 1748; x_wconf 84' lang='lat' dir='ltr'><strong>Succorum</strong></span> <span class='ocrx_word' id='word_1_287' title='bbox 2599 1704 2730 1743; x_wconf 80' lang='lat' dir='ltr'><strong>mss.</strong></span> <span class='ocrx_word' id='word_1_288' title='bbox 2766 1686 2969 1742; x_wconf 84' lang='lat' dir='ltr'><strong>Latinis</strong></span> <span class='ocrx_word' id='word_1_289' title='bbox 2993 1685 3290 1740; x_wconf 88' lang='lat' dir='ltr'><strong>Bibliorum</strong></span> <span class='ocrx_word' id='word_1_290' title='bbox 3318 1683 3473 1739; x_wconf 93' lang='lat' dir='ltr'><strong>Sacr.</strong></span> 
     </span>
    </p>
   </div>
   <div class='ocr_carea' id='block_1_34' title="bbox 567 1781 2166 1868">
    <p class='ocr_par' dir='ltr' id='par_1_34' title="bbox 567 1781 2166 1868">
     <span class='ocr_line' id='line_1_41' title="bbox 567 1781 2166 1868; baseline -0.011 -15"><span class='ocrx_word' id='word_1_291' title='bbox 567 1802 651 1853; x_wconf 88' lang='lat' dir='ltr'><strong>nis</strong></span> <span class='ocrx_word' id='word_1_292' title='bbox 681 1797 976 1868; x_wconf 87' lang='lat' dir='ltr'><strong>Evangelio</strong></span> <span class='ocrx_word' id='word_1_293' title='bbox 1016 1811 1082 1850; x_wconf 78' lang='lat' dir='ltr'><strong>ex</strong></span> <span class='ocrx_word' id='word_1_294' title='bbox 1114 1793 1409 1864; x_wconf 80' lang='lat' dir='ltr'><strong>Evangelia</strong></span> <span class='ocrx_word' id='word_1_295' title='bbox 1439 1789 1738 1845; x_wconf 90' lang='lat' dir='ltr'><strong>secundum</strong></span> <span class='ocrx_word' id='word_1_296' title='bbox 1766 1785 2024 1841; x_wconf 63' lang='lat' dir='ltr'><strong>Hebraeos</strong></span> <span class='ocrx_word' id='word_1_297' title='bbox 2064 1781 2166 1837; x_wconf 90' lang='lat' dir='ltr'><strong>ad-</strong></span> 
     </span>
    </p>
   </div>
   <div class='ocr_carea' id='block_1_35' title="bbox 566 1873 2168 1958">
    <p class='ocr_par' dir='ltr' id='par_1_35' title="bbox 566 1873 2168 1958">
     <span class='ocr_line' id='line_1_42' title="bbox 566 1873 2168 1958; baseline -0.011 -14"><span class='ocrx_word' id='word_1_298' title='bbox 566 1891 732 1944; x_wconf 83' lang='lat' dir='ltr'><strong>ditam</strong></span> <span class='ocrx_word' id='word_1_299' title='bbox 783 1888 1072 1958; x_wconf 79' lang='lat' dir='ltr'><strong>putaverit,</strong></span> <span class='ocrx_word' id='word_1_300' title='bbox 1124 1885 1338 1955; x_wconf 86' lang='lat' dir='ltr'><strong>adjecto</strong></span> <span class='ocrx_word' id='word_1_301' title='bbox 1387 1898 1519 1938; x_wconf 87' lang='lat' dir='ltr'><strong>veru</strong></span> <span class='ocrx_word' id='word_1_302' title='bbox 1561 1890 1801 1944; x_wconf 89' lang='lat' dir='ltr'><strong>notasse,</strong></span> <span class='ocrx_word' id='word_1_303' title='bbox 1855 1875 2022 1932; x_wconf 87' lang='lat' dir='ltr'><strong>veluti</strong></span> <span class='ocrx_word' id='word_1_304' title='bbox 2068 1873 2168 1928; x_wconf 90' lang='lat' dir='ltr'><strong>du-</strong></span> 
     </span>
    </p>
   </div>
   <div class='ocr_carea' id='block_1_36' title="bbox 565 1966 2167 2044">
    <p class='ocr_par' dir='ltr' id='par_1_36' title="bbox 565 1966 2167 2044">
     <span class='ocr_line' id='line_1_43' title="bbox 565 1966 2167 2044; baseline -0.011 -8"><span class='ocrx_word' id='word_1_305' title='bbox 565 1981 736 2044; x_wconf 74' lang='lat' dir='ltr'><strong>biam,</strong></span> <span class='ocrx_word' id='word_1_306' title='bbox 761 1979 828 2034; x_wconf 90' lang='lat' dir='ltr'><strong>ab</strong></span> <span class='ocrx_word' id='word_1_307' title='bbox 852 1979 958 2032; x_wconf 90' lang='lat' dir='ltr'><strong>alio</strong></span> <span class='ocrx_word' id='word_1_308' title='bbox 990 1978 1207 2033; x_wconf 86' lang='lat' dir='ltr'><strong>demum</strong></span> <span class='ocrx_word' id='word_1_309' title='bbox 1240 1973 1532 2030; x_wconf 88' lang='lat' dir='ltr'><strong>audaciore</strong></span> <span class='ocrx_word' id='word_1_310' title='bbox 1558 1977 1901 2043; x_wconf 84' lang='lat' dir='ltr'><strong>expunctam.</strong></span> <span class='ocrx_word' id='word_1_311' title='bbox 1939 1966 2014 2021; x_wconf 87' lang='lat' dir='ltr'><strong>Ita</strong></span> <span class='ocrx_word' id='word_1_312' title='bbox 2040 1980 2167 2020; x_wconf 91' lang='lat' dir='ltr'><strong>seu-</strong></span> 
     </span>
    </p>
   </div>
   <div class='ocr_carea' id='block_1_37' title="bbox 566 2062 2166 2132">
    <p class='ocr_par' dir='ltr' id='par_1_37' title="bbox 566 2062 2166 2132">
     <span class='ocr_line' id='line_1_44' title="bbox 566 2062 2166 2132; baseline -0.013 -2"><span class='ocrx_word' id='word_1_313' title='bbox 566 2075 668 2130; x_wconf 88' lang='lat' dir='ltr'><strong>sim</strong></span> <span class='ocrx_word' id='word_1_314' title='bbox 691 2073 745 2128; x_wconf 89' lang='lat' dir='ltr'><strong>in</strong></span> <span class='ocrx_word' id='word_1_315' title='bbox 768 2072 977 2128; x_wconf 67' lang='lat' dir='ltr'><strong>Graecis</strong></span> <span class='ocrx_word' id='word_1_316' title='bbox 1007 2069 1284 2127; x_wconf 88' lang='lat' dir='ltr'><strong>codicibus</strong></span> <span class='ocrx_word' id='word_1_317' title='bbox 1309 2065 1610 2122; x_wconf 89' lang='lat' dir='ltr'><strong>desiderari</strong></span> <span class='ocrx_word' id='word_1_318' title='bbox 1646 2062 1968 2132; x_wconf 86' lang='lat' dir='ltr'><strong>incoepissc;</strong></span> <span class='ocrx_word' id='word_1_319' title='bbox 2015 2073 2166 2113; x_wconf 88' lang='lat' dir='ltr'><strong>cum-</strong></span> 
     </span>
    </p>
   </div>
   <div class='ocr_carea' id='block_1_38' title="bbox 565 2150 2166 2236">
    <p class='ocr_par' dir='ltr' id='par_1_38' title="bbox 565 2150 2166 2236">
     <span class='ocr_line' id='line_1_45' title="bbox 565 2150 2166 2236; baseline -0.011 -15"><span class='ocrx_word' id='word_1_320' title='bbox 565 2180 669 2236; x_wconf 89' lang='lat' dir='ltr'><strong>que</strong></span> <span class='ocrx_word' id='word_1_321' title='bbox 698 2164 914 2220; x_wconf 88' lang='lat' dir='ltr'><strong>nonnisi</strong></span> <span class='ocrx_word' id='word_1_322' title='bbox 961 2164 1036 2218; x_wconf 91' lang='lat' dir='ltr'><strong>uti</strong></span> <span class='ocrx_word' id='word_1_323' title='bbox 1065 2159 1408 2232; x_wconf 85' lang='lat' dir='ltr'><strong>apocrypbus</strong></span> <span class='ocrx_word' id='word_1_324' title='bbox 1435 2157 1586 2212; x_wconf 91' lang='lat' dir='ltr'><strong>locus</strong></span> <span class='ocrx_word' id='word_1_325' title='bbox 1615 2154 1908 2210; x_wconf 88' lang='lat' dir='ltr'><strong>haberetur</strong></span> <span class='ocrx_word' id='word_1_326' title='bbox 1927 2193 1940 2217; x_wconf 93' lang='lat'><strong>,</strong></span> <span class='ocrx_word' id='word_1_327' title='bbox 1995 2150 2166 2207; x_wconf 84' lang='lat' dir='ltr'><strong>eil‘usa</strong></span> 
     </span>
    </p>
   </div>
   <div class='ocr_carea' id='block_1_39' title="bbox 566 2243 2166 2326">
    <p class='ocr_par' dir='ltr' id='par_1_39' title="bbox 566 2243 2166 2326">
     <span class='ocr_line' id='line_1_46' title="bbox 566 2243 2166 2326; baseline -0.008 -17"><span class='ocrx_word' id='word_1_328' title='bbox 566 2257 767 2326; x_wconf 86' lang='lat' dir='ltr'><strong>passim</strong></span> <span class='ocrx_word' id='word_1_329' title='bbox 804 2257 1018 2312; x_wconf 88' lang='lat' dir='ltr'><strong>licentia</strong></span> <span class='ocrx_word' id='word_1_330' title='bbox 1057 2261 1391 2323; x_wconf 87' lang='lat' dir='ltr'><strong>corruptam,</strong></span> <span class='ocrx_word' id='word_1_331' title='bbox 1421 2259 1477 2305; x_wconf 92' lang='lat' dir='ltr'><strong>et</strong></span> <span class='ocrx_word' id='word_1_332' title='bbox 1505 2249 1700 2304; x_wconf 91' lang='lat' dir='ltr'><strong>minori</strong></span> <span class='ocrx_word' id='word_1_333' title='bbox 1756 2243 2020 2316; x_wconf 89' lang='lat' dir='ltr'><strong>obsequio</strong></span> <span class='ocrx_word' id='word_1_334' title='bbox 2049 2251 2166 2298; x_wconf 91' lang='lat' dir='ltr'><strong>stu-</strong></span> 
     </span>
    </p>
   </div>
   <div class='ocr_carea' id='block_1_40' title="bbox 564 2337 2164 2422">
    <p class='ocr_par' dir='ltr' id='par_1_40' title="bbox 564 2337 2164 2422">
     <span class='ocr_line' id='line_1_47' title="bbox 564 2337 2164 2422; baseline -0.009 -16"><span class='ocrx_word' id='word_1_335' title='bbox 564 2351 783 2422; x_wconf 89' lang='lat' dir='ltr'><strong>dioque,</strong></span> <span class='ocrx_word' id='word_1_336' title='bbox 833 2366 990 2421; x_wconf 89' lang='lat' dir='ltr'><strong>quam</strong></span> <span class='ocrx_word' id='word_1_337' title='bbox 1023 2349 1262 2419; x_wconf 87' lang='lat' dir='ltr'><strong>reliquas</strong></span> <span class='ocrx_word' id='word_1_338' title='bbox 1305 2343 1585 2415; x_wconf 76' lang='lat' dir='ltr'><strong>Evangelii</strong></span> <span class='ocrx_word' id='word_1_339' title='bbox 1633 2351 1816 2413; x_wconf 89' lang='lat' dir='ltr'><strong>partes</strong></span> <span class='ocrx_word' id='word_1_340' title='bbox 1855 2339 2026 2394; x_wconf 76' lang='lat' dir='ltr'><strong>fuisse</strong></span> <span class='ocrx_word' id='word_1_341' title='bbox 2065 2337 2164 2392; x_wconf 82' lang='lat' dir='ltr'><strong>de-</strong></span> 
     </span>
    </p>
   </div>
   <div class='ocr_carea' id='block_1_41' title="bbox 563 2431 2165 2515">
    <p class='ocr_par' dir='ltr' id='par_1_41' title="bbox 563 2431 2165 2515">
     <span class='ocr_line' id='line_1_48' title="bbox 563 2431 2165 2515; baseline -0.011 -14"><span class='ocrx_word' id='word_1_342' title='bbox 563 2445 847 2515; x_wconf 89' lang='lat' dir='ltr'><strong>scriptam.</strong></span> <span class='ocrx_word' id='word_1_343' title='bbox 881 2444 1017 2498; x_wconf 91' lang='lat' dir='ltr'><strong>Hinc</strong></span> <span class='ocrx_word' id='word_1_344' title='bbox 1048 2457 1177 2497; x_wconf 86' lang='lat' dir='ltr'><strong>vero</strong></span> <span class='ocrx_word' id='word_1_345' title='bbox 1204 2447 1354 2494; x_wconf 91' lang='lat' dir='ltr'><strong>ortas</strong></span> <span class='ocrx_word' id='word_1_346' title='bbox 1390 2448 1499 2492; x_wconf 90' lang='lat' dir='ltr'><strong>tam</strong></span> <span class='ocrx_word' id='word_1_347' title='bbox 1530 2436 1730 2491; x_wconf 88' lang='lat' dir='ltr'><strong>multas</strong></span> <span class='ocrx_word' id='word_1_348' title='bbox 1758 2433 1938 2489; x_wconf 88' lang='lat' dir='ltr'><strong>varias</strong></span> <span class='ocrx_word' id='word_1_349' title='bbox 1970 2431 2165 2488; x_wconf 88' lang='lat' dir='ltr'><strong>lectio-</strong></span> 
     </span>
    </p>
   </div>
   <div class='ocr_carea' id='block_1_42' title="bbox 575 2526 1878 2607">
    <p class='ocr_par' dir='ltr' id='par_1_42' title="bbox 575 2526 1878 2607">
     <span class='ocr_line' id='line_1_49' title="bbox 575 2526 1878 2607; baseline -0.011 -15"><span class='ocrx_word' id='word_1_350' title='bbox 575 2552 695 2601; x_wconf 88' lang='lat' dir='ltr'><strong>nes,</strong></span> <span class='ocrx_word' id='word_1_351' title='bbox 730 2553 848 2607; x_wconf 78' lang='lat' dir='ltr'><strong>qua:</strong></span> <span class='ocrx_word' id='word_1_352' title='bbox 873 2537 974 2589; x_wconf 87' lang='lat' dir='ltr'><strong>huc</strong></span> <span class='ocrx_word' id='word_1_353' title='bbox 997 2535 1116 2590; x_wconf 83' lang='lat' dir='ltr'><strong>loco</strong></span> <span class='ocrx_word' id='word_1_354' title='bbox 1147 2530 1522 2587; x_wconf 88' lang='lat' dir='ltr'><strong>inveniuntur.</strong></span> <span class='ocrx_word' id='word_1_355' title='bbox 1549 2527 1622 2582; x_wconf 88' lang='lat' dir='ltr'><strong>lta</strong></span> <span class='ocrx_word' id='word_1_356' title='bbox 1647 2526 1878 2584; x_wconf 82' lang='lat' dir='ltr'><strong>Calmet.</strong></span> 
     </span>
    </p>
   </div>
   <div class='ocr_carea' id='block_1_43' title="bbox 633 2613 2166 2700">
    <p class='ocr_par' dir='ltr' id='par_1_43' title="bbox 633 2613 2166 2700">
     <span class='ocr_line' id='line_1_50' title="bbox 633 2613 2166 2700; baseline -0.013 -12"><span class='ocrx_word' id='word_1_357' title='bbox 633 2631 792 2688; x_wconf 75' lang='lat' dir='ltr'><strong>Joan.</strong></span> <span class='ocrx_word' id='word_1_358' title='bbox 827 2645 948 2700; x_wconf 91' lang='lat' dir='ltr'><strong>cap.</strong></span> <span class='ocrx_word' id='word_1_359' title='bbox 982 2644 1086 2694; x_wconf 81' lang='lat' dir='ltr'><strong>xu,</strong></span> <span class='ocrx_word' id='word_1_360' title='bbox 1141 2627 1232 2694; x_wconf 76' lang='grc'><strong>47,</strong></span> <span class='ocrx_word' id='word_1_361' title='bbox 1285 2624 1438 2680; x_wconf 87' lang='lat' dir='ltr'><strong>deest</strong></span> <span class='ocrx_word' id='word_1_362' title='bbox 1459 2622 1634 2693; x_wconf 89' lang='lat' dir='ltr'><strong>primo</strong></span> <span class='ocrx_word' id='word_1_363' title='bbox 1655 2621 1799 2686; x_wconf 90' lang='lat' dir='ltr'><strong>loco,</strong></span> <span class='ocrx_word' id='word_1_364' title='bbox 1828 2633 1931 2671; x_wconf 86' lang='lat' dir='ltr'><strong>non</strong></span> <span class='ocrx_word' id='word_1_365' title='bbox 1960 2615 2012 2670; x_wconf 94' lang='lat' dir='ltr'><strong>in</strong></span> <span class='ocrx_word' id='word_1_366' title='bbox 2033 2613 2166 2670; x_wconf 89' lang='lat' dir='ltr'><strong>Ver-</strong></span> 
     </span>
    </p>
   </div>
   <div class='ocr_carea' id='block_1_44' title="bbox 562 2711 2055 2784">
    <p class='ocr_par' dir='ltr' id='par_1_44' title="bbox 562 2711 2055 2784">
     <span class='ocr_line' id='line_1_51' title="bbox 562 2711 2055 2784; baseline -0.014 -1"><span class='ocrx_word' id='word_1_367' title='bbox 562 2728 758 2784; x_wconf 89' lang='lat' dir='ltr'><strong>cellen.</strong></span> <span class='ocrx_word' id='word_1_368' title='bbox 793 2725 995 2782; x_wconf 88' lang='lat' dir='ltr'><strong>Veron.</strong></span> <span class='ocrx_word' id='word_1_369' title='bbox 1020 2732 1075 2779; x_wconf 90' lang='lat' dir='ltr'><strong>et</strong></span> <span class='ocrx_word' id='word_1_370' title='bbox 1099 2721 1348 2777; x_wconf 78' lang='lat' dir='ltr'><strong>Brixian.</strong></span> <span class='ocrx_word' id='word_1_371' title='bbox 1381 2728 1436 2774; x_wconf 90' lang='lat' dir='ltr'><strong>et</strong></span> <span class='ocrx_word' id='word_1_372' title='bbox 1463 2719 1534 2771; x_wconf 91' lang='lat' dir='ltr'><strong>ita</strong></span> <span class='ocrx_word' id='word_1_373' title='bbox 1567 2716 1620 2770; x_wconf 90' lang='lat' dir='ltr'><strong>in</strong></span> <span class='ocrx_word' id='word_1_374' title='bbox 1652 2715 1710 2771; x_wconf 89' lang='lat' dir='ltr'><strong>S.</strong></span> <span class='ocrx_word' id='word_1_375' title='bbox 1742 2711 2055 2769; x_wconf 86' lang='lat' dir='ltr'><strong>Ambrosio.</strong></span> 
     </span>
    </p>
   </div>
   <div class='ocr_carea' id='block_1_45' title="bbox 633 2800 2165 2889">
    <p class='ocr_par' dir='ltr' id='par_1_45' title="bbox 633 2800 2165 2889">
     <span class='ocr_line' id='line_1_52' title="bbox 633 2800 2165 2889; baseline -0.015 -12"><span class='ocrx_word' id='word_1_376' title='bbox 633 2821 792 2877; x_wconf 81' lang='lat' dir='ltr'><strong>Joan.</strong></span> <span class='ocrx_word' id='word_1_377' title='bbox 824 2834 945 2889; x_wconf 86' lang='lat' dir='ltr'><strong>cap.</strong></span> <span class='ocrx_word' id='word_1_378' title='bbox 974 2815 1222 2882; x_wconf 82' lang='lat' dir='ltr'><strong>xut,’52,</strong></span> <span class='ocrx_word' id='word_1_379' title='bbox 1279 2811 1478 2868; x_wconf 88' lang='lat' dir='ltr'><strong>desunt</strong></span> <span class='ocrx_word' id='word_1_380' title='bbox 1527 2809 1692 2863; x_wconf 90' lang='lat' dir='ltr'><strong>verba</strong></span> <span class='ocrx_word' id='word_1_381' title='bbox 1739 2807 1783 2860; x_wconf 89' lang='lat' dir='ltr'><strong>si</strong></span> <span class='ocrx_word' id='word_1_382' title='bbox 1817 2803 1962 2858; x_wconf 84' lang='lat' dir='ltr'><strong>Deus</strong></span> <span class='ocrx_word' id='word_1_383' title='bbox 2008 2800 2165 2856; x_wconf 87' lang='lat' dir='ltr'><strong>clari-</strong></span> 
     </span>
    </p>
   </div>
   <div class='ocr_carea' id='block_1_46' title="bbox 562 2895 2164 2981">
    <p class='ocr_par' dir='ltr' id='par_1_46' title="bbox 562 2895 2164 2981">
     <span class='ocr_line' id='line_1_53' title="bbox 562 2895 2164 2981; baseline -0.014 -13"><span class='ocrx_word' id='word_1_384' title='bbox 562 2916 748 2981; x_wconf 81' lang='lat' dir='ltr'><strong>licatus</strong></span> <span class='ocrx_word' id='word_1_385' title='bbox 769 2923 844 2966; x_wconf 88' lang='lat' dir='ltr'><strong>est</strong></span> <span class='ocrx_word' id='word_1_386' title='bbox 871 2912 922 2964; x_wconf 86' lang='lat' dir='ltr'><strong>in</strong></span> <span class='ocrx_word' id='word_1_387' title='bbox 948 2926 1027 2974; x_wconf 83' lang='lat' dir='ltr'><strong>eo,</strong></span> <span class='ocrx_word' id='word_1_388' title='bbox 1055 2910 1106 2962; x_wconf 92' lang='lat' dir='ltr'><strong>in</strong></span> <span class='ocrx_word' id='word_1_389' title='bbox 1136 2904 1443 2961; x_wconf 89' lang='lat' dir='ltr'><strong>Vercellen.</strong></span> <span class='ocrx_word' id='word_1_390' title='bbox 1477 2899 1680 2956; x_wconf 81' lang='lat' dir='ltr'><strong>Veron.</strong></span> <span class='ocrx_word' id='word_1_391' title='bbox 1710 2913 1764 2954; x_wconf 86' lang='lat' dir='ltr'><strong>et</strong></span> <span class='ocrx_word' id='word_1_392' title='bbox 1785 2895 2077 2952; x_wconf 88' lang='lat' dir='ltr'><strong>Corbcicn.</strong></span> <span class='ocrx_word' id='word_1_393' title='bbox 2110 2900 2164 2948; x_wconf 93' lang='lat' dir='ltr'><strong>et</strong></span> 
     </span>
    </p>
   </div>
   <div class='ocr_carea' id='block_1_47' title="bbox 558 2983 2159 3066">
    <p class='ocr_par' dir='ltr' id='par_1_47' title="bbox 558 2983 2159 3066">
     <span class='ocr_line' id='line_1_54' title="bbox 558 2983 2159 3066; baseline -0.013 -6"><span class='ocrx_word' id='word_1_394' title='bbox 558 3005 631 3060; x_wconf 89' lang='lat' dir='ltr'><strong>ita</strong></span> <span class='ocrx_word' id='word_1_395' title='bbox 663 3005 718 3066; x_wconf 87' lang='lat' dir='ltr'><strong>in</strong></span> <span class='ocrx_word' id='word_1_396' title='bbox 748 3006 805 3059; x_wconf 84' lang='lat' dir='ltr'><strong>S.</strong></span> <span class='ocrx_word' id='word_1_397' title='bbox 830 3000 1104 3057; x_wconf 85' lang='lat' dir='ltr'><strong>Ambrosii</strong></span> <span class='ocrx_word' id='word_1_398' title='bbox 1135 2999 1227 3052; x_wconf 92' lang='lat' dir='ltr'><strong>lib.</strong></span> <span class='ocrx_word' id='word_1_399' title='bbox 1258 3012 1308 3051; x_wconf 85' lang='lat' dir='ltr'><strong>tv</strong></span> <span class='ocrx_word' id='word_1_400' title='bbox 1330 2993 1400 3050; x_wconf 89' lang='lat' dir='ltr'><strong>de</strong></span> <span class='ocrx_word' id='word_1_401' title='bbox 1429 2992 1580 3060; x_wconf 84' lang='lat' dir='ltr'><strong>Fide,</strong></span> <span class='ocrx_word' id='word_1_402' title='bbox 1613 3005 1733 3062; x_wconf 88' lang='lat' dir='ltr'><strong>cap.</strong></span> <span class='ocrx_word' id='word_1_403' title='bbox 1766 2988 1855 3053; x_wconf 88' lang='grc'><strong>10,</strong></span> <span class='ocrx_word' id='word_1_404' title='bbox 1887 3002 2005 3058; x_wconf 90' lang='lat' dir='ltr'><strong>pag.</strong></span> <span class='ocrx_word' id='word_1_405' title='bbox 2031 2983 2159 3052; x_wconf 81' lang='grc'><strong>545,</strong></span> 
     </span>
    </p>
   </div>
   <div class='ocr_carea' id='block_1_48' title="bbox 557 3085 1577 3164">
    <p class='ocr_par' dir='ltr' id='par_1_48' title="bbox 557 3085 1577 3164">
     <span class='ocr_line' id='line_1_55' title="bbox 557 3085 1577 3164; baseline -0.016 -11"><span class='ocrx_word' id='word_1_406' title='bbox 557 3108 614 3154; x_wconf 91' lang='lat' dir='ltr'><strong>et</strong></span> <span class='ocrx_word' id='word_1_407' title='bbox 638 3098 690 3152; x_wconf 91' lang='lat' dir='ltr'><strong>in</strong></span> <span class='ocrx_word' id='word_1_408' title='bbox 713 3097 853 3152; x_wconf 90' lang='lat' dir='ltr'><strong>libro</strong></span> <span class='ocrx_word' id='word_1_409' title='bbox 876 3110 931 3161; x_wconf 80' lang='grc' dir='ltr'><strong>ν,</strong></span> <span class='ocrx_word' id='word_1_410' title='bbox 961 3108 1081 3164; x_wconf 85' lang='lat' dir='ltr'><strong>pag.</strong></span> <span class='ocrx_word' id='word_1_411' title='bbox 1107 3091 1236 3156; x_wconf 80' lang='grc'><strong>571,</strong></span> <span class='ocrx_word' id='word_1_412' title='bbox 1267 3102 1418 3143; x_wconf 91' lang='lat' dir='ltr'><strong>num.</strong></span> <span class='ocrx_word' id='word_1_413' title='bbox 1448 3085 1577 3140; x_wconf 88' lang='grc'><strong>115.</strong></span> 
     </span>
    </p>
   </div>
   <div class='ocr_carea' id='block_1_49' title="bbox 631 3171 2159 3257">
    <p class='ocr_par' dir='ltr' id='par_1_49' title="bbox 631 3171 2159 3257">
     <span class='ocr_line' id='line_1_56' title="bbox 631 3171 2159 3257; baseline -0.014 -12"><span class='ocrx_word' id='word_1_414' title='bbox 631 3189 792 3245; x_wconf 86' lang='lat' dir='ltr'><strong>Joan.</strong></span> <span class='ocrx_word' id='word_1_415' title='bbox 827 3202 950 3257; x_wconf 91' lang='lat' dir='ltr'><strong>cap.</strong></span> <span class='ocrx_word' id='word_1_416' title='bbox 988 3201 1108 3252; x_wconf 78' lang='lat' dir='ltr'><strong>xw,</strong></span> <span class='ocrx_word' id='word_1_417' title='bbox 1168 3183 1235 3237; x_wconf 91' lang='grc'><strong>15</strong></span> <span class='ocrx_word' id='word_1_418' title='bbox 1263 3223 1280 3248; x_wconf 94' lang='grc'>,</span> <span class='ocrx_word' id='word_1_419' title='bbox 1323 3181 1375 3235; x_wconf 93' lang='lat' dir='ltr'><strong>in</strong></span> <span class='ocrx_word' id='word_1_420' title='bbox 1414 3177 1716 3234; x_wconf 86' lang='lat' dir='ltr'><strong>Vercellen.</strong></span> <span class='ocrx_word' id='word_1_421' title='bbox 1760 3173 1885 3230; x_wconf 87' lang='lat' dir='ltr'><strong>Gat.</strong></span> <span class='ocrx_word' id='word_1_422' title='bbox 1917 3171 2047 3239; x_wconf 72' lang='lat' dir='ltr'><strong>Mm.</strong></span> <span class='ocrx_word' id='word_1_423' title='bbox 2103 3178 2159 3225; x_wconf 90' lang='lat' dir='ltr'><strong>ct</strong></span> 
     </span>
    </p>
   </div>
   <div class='ocr_carea' id='block_1_50' title="bbox 557 3262 2160 3346">
    <p class='ocr_par' dir='ltr' id='par_1_50' title="bbox 557 3262 2160 3346">
     <span class='ocr_line' id='line_1_57' title="bbox 557 3262 2160 3346; baseline -0.015 -6"><span class='ocrx_word' id='word_1_424' title='bbox 557 3283 800 3339; x_wconf 79' lang='lat' dir='ltr'><strong>Brixian.</strong></span> <span class='ocrx_word' id='word_1_425' title='bbox 852 3281 1029 3346; x_wconf 89' lang='lat' dir='ltr'><strong>deest,</strong></span> <span class='ocrx_word' id='word_1_426' title='bbox 1079 3276 1308 3330; x_wconf 85' lang='lat' dir='ltr'><strong>Patrem.</strong></span> <span class='ocrx_word' id='word_1_427' title='bbox 1347 3272 1547 3326; x_wconf 84' lang='lat' dir='ltr'><strong>Veron.</strong></span> <span class='ocrx_word' id='word_1_428' title='bbox 1599 3268 1782 3331; x_wconf 84' lang='lat' dir='ltr'><strong>habet,</strong></span> <span class='ocrx_word' id='word_1_429' title='bbox 1823 3265 1886 3317; x_wconf 88' lang='lat' dir='ltr'><strong>ab</strong></span> <span class='ocrx_word' id='word_1_430' title='bbox 1913 3279 1971 3317; x_wconf 87' lang='lat' dir='ltr'><strong>eo</strong></span> <span class='ocrx_word' id='word_1_431' title='bbox 2003 3262 2160 3328; x_wconf 80' lang='lat' dir='ltr'><strong>petie-</strong></span> 
     </span>
    </p>
   </div>
   <div class='ocr_carea' id='block_1_51' title="bbox 557 3353 2156 3441">
    <p class='ocr_par' dir='ltr' id='par_1_51' title="bbox 557 3353 2156 3441">
     <span class='ocr_line' id='line_1_58' title="bbox 557 3353 2156 3441; baseline -0.015 -9"><span class='ocrx_word' id='word_1_432' title='bbox 557 3379 691 3441; x_wconf 87' lang='lat' dir='ltr'><strong>ritis,</strong></span> <span class='ocrx_word' id='word_1_433' title='bbox 735 3384 790 3431; x_wconf 91' lang='lat' dir='ltr'><strong>et</strong></span> <span class='ocrx_word' id='word_1_434' title='bbox 820 3375 892 3428; x_wconf 86' lang='lat' dir='ltr'><strong>ita</strong></span> <span class='ocrx_word' id='word_1_435' title='bbox 919 3374 978 3428; x_wconf 91' lang='lat' dir='ltr'><strong>S.</strong></span> <span class='ocrx_word' id='word_1_436' title='bbox 1017 3367 1336 3426; x_wconf 70' lang='lat' dir='ltr'><strong>AHIbTOailIS</strong></span> <span class='ocrx_word' id='word_1_437' title='bbox 1378 3363 1431 3418; x_wconf 90' lang='lat' dir='ltr'><strong>in</strong></span> <span class='ocrx_word' id='word_1_438' title='bbox 1463 3363 1560 3418; x_wconf 88' lang='lat' dir='ltr'><strong>lib.</strong></span> <span class='ocrx_word' id='word_1_439' title='bbox 1592 3377 1622 3416; x_wconf 88' lang='lat' dir='ltr'><strong>v</strong></span> <span class='ocrx_word' id='word_1_440' title='bbox 1659 3361 1729 3416; x_wconf 87' lang='lat' dir='ltr'><strong>de</strong></span> <span class='ocrx_word' id='word_1_441' title='bbox 1756 3357 1914 3425; x_wconf 83' lang='lat' dir='ltr'><strong>Fide,</strong></span> <span class='ocrx_word' id='word_1_442' title='bbox 1946 3372 2065 3427; x_wconf 88' lang='lat' dir='ltr'><strong>cap.</strong></span> <span class='ocrx_word' id='word_1_443' title='bbox 2097 3353 2156 3423; x_wconf 83' lang='lat'><strong>5,</strong></span> 
     </span>
    </p>
   </div>
   <div class='ocr_carea' id='block_1_52' title="bbox 558 3467 781 3542">
    <p class='ocr_par' dir='ltr' id='par_1_52' title="bbox 558 3467 781 3542">
     <span class='ocr_line' id='line_1_59' title="bbox 558 3467 781 3542; baseline -0.022 -18"><span class='ocrx_word' id='word_1_444' title='bbox 558 3485 616 3542; x_wconf 85' lang='lat' dir='ltr'><strong>p.</strong></span> <span class='ocrx_word' id='word_1_445' title='bbox 652 3467 781 3523; x_wconf 81' lang='grc'><strong>565.</strong></span> 
     </span>
    </p>
   </div>
   <div class='ocr_carea' id='block_1_53' title="bbox 630 3539 2153 3625">
    <p class='ocr_par' dir='ltr' id='par_1_53' title="bbox 630 3539 2153 3625">
     <span class='ocr_line' id='line_1_60' title="bbox 630 3539 2153 3625; baseline -0.014 -10"><span class='ocrx_word' id='word_1_446' title='bbox 630 3559 786 3615; x_wconf 86' lang='lat' dir='ltr'><strong>.loan.</strong></span> <span class='ocrx_word' id='word_1_447' title='bbox 825 3569 950 3625; x_wconf 89' lang='lat' dir='ltr'><strong>cap.</strong></span> <span class='ocrx_word' id='word_1_448' title='bbox 1002 3567 1146 3617; x_wconf 81' lang='lat' dir='ltr'><strong>xvn,</strong></span> <span class='ocrx_word' id='word_1_449' title='bbox 1187 3550 1279 3616; x_wconf 84' lang='grc'><strong>18,</strong></span> <span class='ocrx_word' id='word_1_450' title='bbox 1301 3545 1610 3602; x_wconf 87' lang='lat' dir='ltr'><strong>Vercellen.</strong></span> <span class='ocrx_word' id='word_1_451' title='bbox 1659 3541 1862 3599; x_wconf 91' lang='lat' dir='ltr'><strong>Veron.</strong></span> <span class='ocrx_word' id='word_1_452' title='bbox 1906 3539 2153 3595; x_wconf 79' lang='lat' dir='ltr'><strong>Brixian.</strong></span> 
     </span>
    </p>
   </div>
   <div class='ocr_carea' id='block_1_54' title="bbox 558 3633 2156 3721">
    <p class='ocr_par' dir='ltr' id='par_1_54' title="bbox 558 3633 2156 3721">
     <span class='ocr_line' id='line_1_61' title="bbox 558 3633 2156 3721; baseline -0.013 -12"><span class='ocrx_word' id='word_1_453' title='bbox 558 3655 756 3709; x_wconf 87' lang='lat' dir='ltr'><strong>habent</strong></span> <span class='ocrx_word' id='word_1_454' title='bbox 798 3650 978 3721; x_wconf 87' lang='lat' dir='ltr'><strong>primo</strong></span> <span class='ocrx_word' id='word_1_455' title='bbox 1007 3655 1065 3702; x_wconf 88' lang='lat' dir='ltr'><strong>et</strong></span> <span class='ocrx_word' id='word_1_456' title='bbox 1092 3642 1331 3702; x_wconf 85' lang='lat' dir='ltr'><strong>secundo</strong></span> <span class='ocrx_word' id='word_1_457' title='bbox 1357 3641 1478 3696; x_wconf 91' lang='lat' dir='ltr'><strong>loco</strong></span> <span class='ocrx_word' id='word_1_458' title='bbox 1497 3679 1514 3708; x_wconf 91' lang='lat'><strong>,</strong></span> <span class='ocrx_word' id='word_1_459' title='bbox 1545 3639 1601 3692; x_wconf 84' lang='lat' dir='ltr'><strong>in</strong></span> <span class='ocrx_word' id='word_1_460' title='bbox 1631 3637 1768 3690; x_wconf 85' lang='lat' dir='ltr'><strong>hunc</strong></span> <span class='ocrx_word' id='word_1_461' title='bbox 1799 3633 2068 3702; x_wconf 86' lang='lat' dir='ltr'><strong>mundum,</strong></span> <span class='ocrx_word' id='word_1_462' title='bbox 2099 3642 2156 3688; x_wconf 88' lang='lat' dir='ltr'><strong>et</strong></span> 
     </span>
    </p>
   </div>
   <div class='ocr_carea' id='block_1_55' title="bbox 557 3740 1090 3803">
    <p class='ocr_par' dir='ltr' id='par_1_55' title="bbox 557 3740 1090 3803">
     <span class='ocr_line' id='line_1_62' title="bbox 557 3740 1090 3803; baseline -0.019 0"><span class='ocrx_word' id='word_1_463' title='bbox 557 3748 629 3803; x_wconf 87' lang='lat' dir='ltr'><strong>ita</strong></span> <span class='ocrx_word' id='word_1_464' title='bbox 657 3745 720 3801; x_wconf 92' lang='lat' dir='ltr'><strong>S.</strong></span> <span class='ocrx_word' id='word_1_465' title='bbox 747 3740 1090 3798; x_wconf 87' lang='lat' dir='ltr'><strong>Ambrosius.</strong></span> 
     </span>
    </p>
   </div>
   <div class='ocr_carea' id='block_1_56' title="bbox 628 3818 2154 3906">
    <p class='ocr_par' dir='ltr' id='par_1_56' title="bbox 628 3818 2154 3906">
     <span class='ocr_line' id='line_1_63' title="bbox 628 3818 2154 3906; baseline -0.014 -11"><span class='ocrx_word' id='word_1_466' title='bbox 628 3839 760 3895; x_wconf 85' lang='lat' dir='ltr'><strong>Luc.</strong></span> <span class='ocrx_word' id='word_1_467' title='bbox 813 3851 934 3906; x_wconf 90' lang='lat' dir='ltr'><strong>cap.</strong></span> <span class='ocrx_word' id='word_1_468' title='bbox 964 3849 1054 3898; x_wconf 90' lang='grc' dir='ltr'>ιιι,</span> <span class='ocrx_word' id='word_1_469' title='bbox 1103 3829 1197 3895; x_wconf 82' lang='grc'><strong>25,</strong></span> <span class='ocrx_word' id='word_1_470' title='bbox 1245 3828 1299 3883; x_wconf 90' lang='lat' dir='ltr'><strong>in</strong></span> <span class='ocrx_word' id='word_1_471' title='bbox 1321 3825 1627 3883; x_wconf 87' lang='lat' dir='ltr'><strong>Vercellen.</strong></span> <span class='ocrx_word' id='word_1_472' title='bbox 1675 3831 1732 3878; x_wconf 91' lang='lat' dir='ltr'><strong>et</strong></span> <span class='ocrx_word' id='word_1_473' title='bbox 1753 3820 2029 3882; x_wconf 77' lang='lat' dir='ltr'><strong>Veronen.</strong></span> <span class='ocrx_word' id='word_1_474' title='bbox 2060 3818 2154 3874; x_wconf 81' lang='lat' dir='ltr'><strong>de-</strong></span> 
     </span>
    </p>
   </div>
   <div class='ocr_carea' id='block_1_57' title="bbox 553 3911 2152 3996">
    <p class='ocr_par' dir='ltr' id='par_1_57' title="bbox 553 3911 2152 3996">
     <span class='ocr_line' id='line_1_64' title="bbox 553 3911 2152 3996; baseline -0.013 -9"><span class='ocrx_word' id='word_1_475' title='bbox 553 3931 849 3994; x_wconf 87' lang='lat' dir='ltr'><strong>sidcratur,</strong></span> <span class='ocrx_word' id='word_1_476' title='bbox 893 3926 981 3996; x_wconf 86' lang='lat' dir='ltr'><strong>qui</strong></span> <span class='ocrx_word' id='word_1_477' title='bbox 1020 3923 1116 3995; x_wconf 78' lang='lat' dir='ltr'><strong>fuit</strong></span> <span class='ocrx_word' id='word_1_478' title='bbox 1155 3918 1448 3983; x_wconf 78' lang='lat' dir='ltr'><strong>Muthatiw,</strong></span> <span class='ocrx_word' id='word_1_479' title='bbox 1491 3917 1581 3985; x_wconf 86' lang='lat' dir='ltr'><strong>qui</strong></span> <span class='ocrx_word' id='word_1_480' title='bbox 1630 3914 1729 3986; x_wconf 81' lang='lat' dir='ltr'><strong>[uit</strong></span> <span class='ocrx_word' id='word_1_481' title='bbox 1759 3912 1936 3967; x_wconf 83' lang='lat' dir='ltr'><strong>Amos.</strong></span> <span class='ocrx_word' id='word_1_482' title='bbox 1985 3911 2152 3967; x_wconf 87' lang='lat' dir='ltr'><strong>Divus</strong></span> 
     </span>
    </p>
   </div>
   <div class='ocr_carea' id='block_1_58' title="bbox 553 4002 2148 4080">
    <p class='ocr_par' dir='ltr' id='par_1_58' title="bbox 553 4002 2148 4080">
     <span class='ocr_line' id='line_1_65' title="bbox 553 4002 2148 4080; baseline -0.014 0"><span class='ocrx_word' id='word_1_483' title='bbox 553 4026 791 4080; x_wconf 70' lang='lat' dir='ltr'><strong>lrenmus</strong></span> <span class='ocrx_word' id='word_1_484' title='bbox 821 4029 1009 4074; x_wconf 88' lang='lat' dir='ltr'><strong>contra</strong></span> <span class='ocrx_word' id='word_1_485' title='bbox 1043 4015 1290 4070; x_wconf 64' lang='lat' dir='ltr'><strong>llmreses</strong></span> <span class='ocrx_word' id='word_1_486' title='bbox 1316 4025 1436 4079; x_wconf 90' lang='lat' dir='ltr'><strong>cap.</strong></span> <span class='ocrx_word' id='word_1_487' title='bbox 1466 4009 1556 4076; x_wconf 90' lang='grc'><strong>55,</strong></span> <span class='ocrx_word' id='word_1_488' title='bbox 1602 4021 1723 4077; x_wconf 89' lang='lat' dir='ltr'><strong>pag.</strong></span> <span class='ocrx_word' id='word_1_489' title='bbox 1756 4005 1886 4070; x_wconf 90' lang='grc'><strong>555,</strong></span> <span class='ocrx_word' id='word_1_490' title='bbox 1930 4012 1986 4059; x_wconf 88' lang='lat' dir='ltr'><strong>et</strong></span> <span class='ocrx_word' id='word_1_491' title='bbox 2023 4002 2148 4058; x_wconf 89' lang='lat' dir='ltr'><strong>cod.</strong></span> 
     </span>
    </p>
   </div>
   <div class='ocr_carea' id='block_1_59' title="bbox 558 4095 2150 4181">
    <p class='ocr_par' dir='ltr' id='par_1_59' title="bbox 558 4095 2150 4181">
     <span class='ocr_line' id='line_1_66' title="bbox 558 4095 2150 4181; baseline -0.016 -8"><span class='ocrx_word' id='word_1_492' title='bbox 558 4118 757 4173; x_wconf 85' lang='lat' dir='ltr'><strong>Veron.</strong></span> <span class='ocrx_word' id='word_1_493' title='bbox 791 4127 897 4167; x_wconf 92' lang='lat' dir='ltr'><strong>non</strong></span> <span class='ocrx_word' id='word_1_494' title='bbox 929 4116 1224 4181; x_wconf 90' lang='lat' dir='ltr'><strong>agnoscunt</strong></span> <span class='ocrx_word' id='word_1_495' title='bbox 1264 4104 1316 4158; x_wconf 92' lang='lat' dir='ltr'><strong>in</strong></span> <span class='ocrx_word' id='word_1_496' title='bbox 1345 4099 1682 4169; x_wconf 88' lang='lat' dir='ltr'><strong>Genealogia</strong></span> <span class='ocrx_word' id='word_1_497' title='bbox 1710 4095 1925 4152; x_wconf 86' lang='lat' dir='ltr'><strong>Domini</strong></span> <span class='ocrx_word' id='word_1_498' title='bbox 1953 4110 2150 4150; x_wconf 74' lang='lat' dir='ltr'><strong>secun~</strong></span> 
     </span>
    </p>
   </div>
   <div class='ocr_carea' id='block_1_60' title="bbox 551 4185 2146 4266">
    <p class='ocr_par' dir='ltr' id='par_1_60' title="bbox 551 4185 2146 4266">
     <span class='ocr_line' id='line_1_67' title="bbox 551 4185 2146 4266; baseline -0.017 -2"><span class='ocrx_word' id='word_1_499' title='bbox 551 4209 681 4265; x_wconf 89' lang='lat' dir='ltr'><strong>dum</strong></span> <span class='ocrx_word' id='word_1_500' title='bbox 731 4205 973 4266; x_wconf 88' lang='lat' dir='ltr'><strong>Lucam,</strong></span> <span class='ocrx_word' id='word_1_501' title='bbox 1023 4195 1128 4253; x_wconf 86' lang='lat' dir='ltr'><strong>nisi</strong></span> <span class='ocrx_word' id='word_1_502' title='bbox 1166 4192 1510 4263; x_wconf 81' lang='lat' dir='ltr'><strong>septuaginta</strong></span> <span class='ocrx_word' id='word_1_503' title='bbox 1557 4188 1694 4242; x_wconf 87' lang='lat' dir='ltr'><strong>duas</strong></span> <span class='ocrx_word' id='word_1_504' title='bbox 1744 4185 2146 4257; x_wconf 87' lang='lat' dir='ltr'><strong>generationes.</strong></span> 
     </span>
    </p>
   </div>
   <div class='ocr_carea' id='block_1_61' title="bbox 551 4278 2149 4366">
    <p class='ocr_par' dir='ltr' id='par_1_61' title="bbox 551 4278 2149 4366">
     <span class='ocr_line' id='line_1_68' title="bbox 551 4278 2149 4366; baseline -0.017 -9"><span class='ocrx_word' id='word_1_505' title='bbox 551 4301 705 4356; x_wconf 84' lang='lat' dir='ltr'><strong>Nunc</strong></span> <span class='ocrx_word' id='word_1_506' title='bbox 732 4293 1074 4366; x_wconf 85' lang='lat' dir='ltr'><strong>septuaginta</strong></span> <span class='ocrx_word' id='word_1_507' title='bbox 1103 4298 1157 4344; x_wconf 82' lang='lat' dir='ltr'><strong>et</strong></span> <span class='ocrx_word' id='word_1_508' title='bbox 1186 4301 1281 4342; x_wconf 81' lang='lat' dir='ltr'><strong>sex</strong></span> <span class='ocrx_word' id='word_1_509' title='bbox 1321 4289 1700 4339; x_wconf 90' lang='lat' dir='ltr'><strong>numerantur.</strong></span> <span class='ocrx_word' id='word_1_510' title='bbox 1749 4279 1827 4335; x_wconf 83' lang='lat' dir='ltr'><strong>ita</strong></span> <span class='ocrx_word' id='word_1_511' title='bbox 1859 4278 2052 4347; x_wconf 77' lang='lat' dir='ltr'><strong>aliqua:</strong></span> <span class='ocrx_word' id='word_1_512' title='bbox 2079 4291 2149 4331; x_wconf 78' lang='lat' dir='ltr'><strong>ex</strong></span> 
     </span>
    </p>
   </div>
   <div class='ocr_carea' id='block_1_62' title="bbox 553 4368 2148 4463">
    <p class='ocr_par' dir='ltr' id='par_1_62' title="bbox 553 4368 2148 4463">
     <span class='ocr_line' id='line_1_69' title="bbox 553 4368 2148 4463; baseline -0.019 -14"><span class='ocrx_word' id='word_1_513' title='bbox 553 4396 634 4450; x_wconf 90' lang='lat' dir='ltr'><strong>his</strong></span> <span class='ocrx_word' id='word_1_514' title='bbox 661 4385 1108 4463; x_wconf 84' lang='lat' dir='ltr'><strong>generationibus</strong></span> <span class='ocrx_word' id='word_1_515' title='bbox 1138 4379 1402 4436; x_wconf 72' lang='lat' dir='ltr'><strong>atldititia:</strong></span> <span class='ocrx_word' id='word_1_516' title='bbox 1441 4384 1568 4430; x_wconf 86' lang='lat' dir='ltr'><strong>tunc</strong></span> <span class='ocrx_word' id='word_1_517' title='bbox 1597 4370 1858 4458; x_wconf 78' lang='lat' dir='ltr'><strong>temporis</strong></span> <span class='ocrx_word' id='word_1_518' title='bbox 1883 4368 2148 4440; x_wconf 85' lang='lat' dir='ltr'><strong>putaban-</strong></span> 
     </span>
    </p>
   </div>
   <div class='ocr_carea' id='block_1_63' title="bbox 551 4461 2228 4542">
    <p class='ocr_par' dir='ltr' id='par_1_63' title="bbox 551 4461 2228 4542">
     <span class='ocr_line' id='line_1_70' title="bbox 551 4461 2228 4542; baseline -0.017 0"><span class='ocrx_word' id='word_1_519' title='bbox 551 4461 944 4542; x_wconf 18' lang='lat' dir='ltr'><strong>tur.‘Adcatur</strong></span> <span class='ocrx_word' id='word_1_520' title='bbox 982 4478 1040 4533; x_wconf 87' lang='lat' dir='ltr'><strong>S.</strong></span> <span class='ocrx_word' id='word_1_521' title='bbox 1075 4475 1330 4530; x_wconf 82' lang='lat' dir='ltr'><strong>Ambros.</strong></span> <span class='ocrx_word' id='word_1_522' title='bbox 1365 4469 1460 4524; x_wconf 88' lang='lat' dir='ltr'><strong>lib.</strong></span> <span class='ocrx_word' id='word_1_523' title='bbox 1495 4482 1553 4522; x_wconf 88' lang='grc' dir='ltr'><strong>ιιι</strong></span> <span class='ocrx_word' id='word_1_524' title='bbox 1585 4466 1828 4535; x_wconf 82' lang='lat' dir='ltr'><strong>Exposit.</strong></span> <span class='ocrx_word' id='word_1_525' title='bbox 1871 4461 2146 4532; x_wconf 81' lang='lat' dir='ltr'><strong>Evangelii</strong></span> <span class='ocrx_word' id='word_1_526' title='bbox 2173 4469 2228 4528; x_wconf 86' lang='lat'><strong>1)</strong></span> 
     </span>
    </p>
   </div>
   <div class='ocr_carea' id='block_1_64' title="bbox 547 4557 2147 4636">
    <p class='ocr_par' dir='ltr' id='par_1_64' title="bbox 547 4557 2147 4636">
     <span class='ocr_line' id='line_1_71' title="bbox 547 4557 2147 4636; baseline -0.015 -2"><span class='ocrx_word' id='word_1_527' title='bbox 547 4575 846 4636; x_wconf 86' lang='lat' dir='ltr'><strong>secundum</strong></span> <span class='ocrx_word' id='word_1_528' title='bbox 872 4569 1071 4627; x_wconf 83' lang='lat' dir='ltr'><strong>Lucam</strong></span> <span class='ocrx_word' id='word_1_529' title='bbox 1092 4608 1108 4633; x_wconf 92' lang='lat'><strong>,</strong></span> <span class='ocrx_word' id='word_1_530' title='bbox 1140 4578 1368 4621; x_wconf 87' lang='lat' dir='ltr'><strong>numero</strong></span> <span class='ocrx_word' id='word_1_531' title='bbox 1398 4561 1463 4616; x_wconf 81' lang='grc'><strong>15</strong></span> <span class='ocrx_word' id='word_1_532' title='bbox 1491 4561 1683 4630; x_wconf 85' lang='lat' dir='ltr'><strong>pagina</strong></span> <span class='ocrx_word' id='word_1_533' title='bbox 1716 4558 1876 4623; x_wconf 89' lang='grc'><strong>1518,</strong></span> <span class='ocrx_word' id='word_1_534' title='bbox 1909 4557 2147 4625; x_wconf 89' lang='lat' dir='ltr'><strong>itemque</strong></span> 
     </span>
    </p>
   </div>
   <div class='ocr_carea' id='block_1_65' title="bbox 549 4649 2141 4728">
    <p class='ocr_par' dir='ltr' id='par_1_65' title="bbox 549 4649 2141 4728">
     <span class='ocr_line' id='line_1_72' title="bbox 549 4649 2141 4728; baseline -0.017 0"><span class='ocrx_word' id='word_1_535' title='bbox 549 4687 701 4728; x_wconf 89' lang='lat' dir='ltr'><strong>num.</strong></span> <span class='ocrx_word' id='word_1_536' title='bbox 749 4669 816 4722; x_wconf 86' lang='grc'><strong>16</strong></span> <span class='ocrx_word' id='word_1_537' title='bbox 845 4662 1098 4721; x_wconf 86' lang='lat' dir='ltr'><strong>editionis</strong></span> <span class='ocrx_word' id='word_1_538' title='bbox 1142 4658 1416 4724; x_wconf 68' lang='lat' dir='ltr'><strong>Maurinze,</strong></span> <span class='ocrx_word' id='word_1_539' title='bbox 1445 4653 1538 4724; x_wconf 92' lang='lat' dir='ltr'><strong>qui</strong></span> <span class='ocrx_word' id='word_1_540' title='bbox 1579 4651 1777 4722; x_wconf 89' lang='lat' dir='ltr'><strong>pariter</strong></span> <span class='ocrx_word' id='word_1_541' title='bbox 1807 4649 2009 4706; x_wconf 90' lang='lat' dir='ltr'><strong>Veron.</strong></span> <span class='ocrx_word' id='word_1_542' title='bbox 2046 4662 2141 4703; x_wconf 86' lang='lat' dir='ltr'><strong>co-</strong></span> 
     </span>
    </p>
   </div>
   <div class='ocr_carea' id='block_1_66' title="bbox 549 4758 1126 4824">
    <p class='ocr_par' dir='ltr' id='par_1_66' title="bbox 549 4758 1126 4824">
     <span class='ocr_line' id='line_1_73' title="bbox 549 4758 1126 4824; baseline -0.024 0"><span class='ocrx_word' id='word_1_543' title='bbox 549 4767 656 4824; x_wconf 92' lang='lat' dir='ltr'><strong>dici</strong></span> <span class='ocrx_word' id='word_1_544' title='bbox 685 4764 871 4818; x_wconf 84' lang='lat' dir='ltr'><strong>favere</strong></span> <span class='ocrx_word' id='word_1_545' title='bbox 895 4758 1126 4814; x_wconf 89' lang='lat' dir='ltr'><strong>videtur.</strong></span> 
     </span>
    </p>
   </div>
   <div class='ocr_carea' id='block_1_67' title="bbox 620 4832 2144 4922">
    <p class='ocr_par' dir='ltr' id='par_1_67' title="bbox 620 4832 2144 4922">
     <span class='ocr_line' id='line_1_74' title="bbox 620 4832 2144 4922; baseline -0.016 -9"><span class='ocrx_word' id='word_1_546' title='bbox 620 4857 752 4912; x_wconf 88' lang='lat' dir='ltr'><strong>Luc.</strong></span> <span class='ocrx_word' id='word_1_547' title='bbox 801 4867 924 4922; x_wconf 87' lang='lat' dir='ltr'><strong>cap.</strong></span> <span class='ocrx_word' id='word_1_548' title='bbox 956 4865 1058 4921; x_wconf 49' lang='lat' dir='ltr'><strong>.IV,</strong></span> <span class='ocrx_word' id='word_1_549' title='bbox 1114 4842 1380 4910; x_wconf 54' lang='lat' dir='ltr'><strong>chrba,</strong></span> <span class='ocrx_word' id='word_1_550' title='bbox 1410 4841 1465 4893; x_wconf 87' lang='lat' dir='ltr'><strong>in</strong></span> <span class='ocrx_word' id='word_1_551' title='bbox 1493 4846 1717 4893; x_wconf 84' lang='lat' dir='ltr'><strong>montem</strong></span> <span class='ocrx_word' id='word_1_552' title='bbox 1756 4835 2032 4898; x_wconf 78' lang='lat' dir='ltr'><strong>excelsum,</strong></span> <span class='ocrx_word' id='word_1_553' title='bbox 2054 4832 2144 4890; x_wconf 87' lang='lat' dir='ltr'><strong>dc-</strong></span> 
     </span>
    </p>
   </div>
   <div class='ocr_carea' id='block_1_68' title="bbox 547 4931 2142 5010">
    <p class='ocr_par' dir='ltr' id='par_1_68' title="bbox 547 4931 2142 5010">
     <span class='ocr_line' id='line_1_75' title="bbox 547 4931 2142 5010; baseline -0.017 -2"><span class='ocrx_word' id='word_1_554' title='bbox 547 4959 676 5010; x_wconf 88' lang='lat' dir='ltr'><strong>sunt</strong></span> <span class='ocrx_word' id='word_1_555' title='bbox 715 4950 768 5002; x_wconf 91' lang='lat' dir='ltr'><strong>in</strong></span> <span class='ocrx_word' id='word_1_556' title='bbox 799 4947 1001 5002; x_wconf 87' lang='lat' dir='ltr'><strong>Veron.</strong></span> <span class='ocrx_word' id='word_1_557' title='bbox 1053 4947 1218 5008; x_wconf 79' lang='lat' dir='ltr'><strong>atque</strong></span> <span class='ocrx_word' id='word_1_558' title='bbox 1255 4937 1308 4990; x_wconf 91' lang='lat' dir='ltr'><strong>in</strong></span> <span class='ocrx_word' id='word_1_559' title='bbox 1355 4933 1561 4990; x_wconf 84' lang='lat' dir='ltr'><strong>Graecis</strong></span> <span class='ocrx_word' id='word_1_560' title='bbox 1604 4931 1926 5002; x_wconf 88' lang='lat' dir='ltr'><strong>quibusdam</strong></span> <span class='ocrx_word' id='word_1_561' title='bbox 1957 4944 2142 4983; x_wconf 84' lang='lat' dir='ltr'><strong>exem-</strong></span> 
     </span>
    </p>
   </div>
   <div class='ocr_carea' id='block_1_69' title="bbox 546 5025 2136 5119">
    <p class='ocr_par' dir='ltr' id='par_1_69' title="bbox 546 5025 2136 5119">
     <span class='ocr_line' id='line_1_76' title="bbox 546 5025 2136 5119; baseline -0.015 -18"><span class='ocrx_word' id='word_1_562' title='bbox 546 5044 812 5119; x_wconf 85' lang='lat' dir='ltr'><strong>plaribus,</strong></span> <span class='ocrx_word' id='word_1_563' title='bbox 845 5040 1085 5104; x_wconf 89' lang='lat' dir='ltr'><strong>itemque</strong></span> <span class='ocrx_word' id='word_1_564' title='bbox 1113 5033 1166 5086; x_wconf 92' lang='lat' dir='ltr'><strong>in</strong></span> <span class='ocrx_word' id='word_1_565' title='bbox 1195 5030 1408 5085; x_wconf 85' lang='lat' dir='ltr'><strong>duobus</strong></span> <span class='ocrx_word' id='word_1_566' title='bbox 1437 5025 1638 5094; x_wconf 77' lang='lat' dir='ltr'><strong>regina:</strong></span> <span class='ocrx_word' id='word_1_567' title='bbox 1662 5025 1965 5081; x_wconf 76' lang='lat' dir='ltr'><strong>Succorum</strong></span> <span class='ocrx_word' id='word_1_568' title='bbox 2000 5037 2136 5078; x_wconf 85' lang='lat' dir='ltr'><strong>mss.</strong></span> 
     </span>
    </p>
   </div>
   <div class='ocr_carea' id='block_1_70' title="bbox 547 5113 2135 5196">
    <p class='ocr_par' dir='ltr' id='par_1_70' title="bbox 547 5113 2135 5196">
     <span class='ocr_line' id='line_1_77' title="bbox 547 5113 2135 5196; baseline -0.015 -2"><span class='ocrx_word' id='word_1_569' title='bbox 547 5113 735 5196; x_wconf 68' lang='lat' dir='ltr'><strong>relatis</strong></span> <span class='ocrx_word' id='word_1_570' title='bbox 761 5132 816 5186; x_wconf 88' lang='lat' dir='ltr'><strong>in</strong></span> <span class='ocrx_word' id='word_1_571' title='bbox 839 5130 949 5184; x_wconf 88' lang='lat' dir='ltr'><strong>div.</strong></span> <span class='ocrx_word' id='word_1_572' title='bbox 973 5125 1114 5180; x_wconf 77' lang='lat' dir='ltr'><strong>Bibl.</strong></span> <span class='ocrx_word' id='word_1_573' title='bbox 1138 5123 1194 5178; x_wconf 89' lang='lat' dir='ltr'><strong>S.</strong></span> <span class='ocrx_word' id='word_1_574' title='bbox 1227 5119 1560 5190; x_wconf 90' lang='lat' dir='ltr'><strong>Hieronymi.</strong></span> <span class='ocrx_word' id='word_1_575' title='bbox 1611 5118 1824 5186; x_wconf 67' lang='lat' dir='ltr'><strong>Desunt</strong></span> <span class='ocrx_word' id='word_1_576' title='bbox 1843 5131 2055 5186; x_wconf 87' lang='lat' dir='ltr'><strong>quoque</strong></span> <span class='ocrx_word' id='word_1_577' title='bbox 2080 5113 2135 5170; x_wconf 90' lang='lat' dir='ltr'><strong>in</strong></span> 
     </span>
    </p>
   </div>
   <div class='ocr_carea' id='block_1_71' title="bbox 551 5213 2136 5290">
    <p class='ocr_par' dir='ltr' id='par_1_71' title="bbox 551 5213 2136 5290">
     <span class='ocr_line' id='line_1_78' title="bbox 551 5213 2136 5290; baseline -0.017 0"><span class='ocrx_word' id='word_1_578' title='bbox 551 5231 852 5290; x_wconf 78' lang='lat' dir='ltr'><strong>Vercellen.</strong></span> <span class='ocrx_word' id='word_1_579' title='bbox 883 5223 1086 5279; x_wconf 89' lang='lat' dir='ltr'><strong>Verum</strong></span> <span class='ocrx_word' id='word_1_580' title='bbox 1113 5235 1210 5289; x_wconf 88' lang='lat' dir='ltr'><strong>pro</strong></span> <span class='ocrx_word' id='word_1_581' title='bbox 1237 5216 1347 5271; x_wconf 86' lang='lat' dir='ltr'><strong>illis</strong></span> <span class='ocrx_word' id='word_1_582' title='bbox 1371 5215 1557 5280; x_wconf 88' lang='lat' dir='ltr'><strong>habet,</strong></span> <span class='ocrx_word' id='word_1_583' title='bbox 1583 5213 1930 5280; x_wconf 75' lang='lat' dir='ltr'><strong>Hierusalem,</strong></span> <span class='ocrx_word' id='word_1_584' title='bbox 1962 5220 2009 5266; x_wconf 87' lang='lat' dir='ltr'><strong>et</strong></span> <span class='ocrx_word' id='word_1_585' title='bbox 2031 5220 2136 5266; x_wconf 87' lang='lat' dir='ltr'><strong>sta-</strong></span> 
     </span>
    </p>
   </div>
   <div class='ocr_carea' id='block_1_72' title="bbox 544 5308 1431 5388">
    <p class='ocr_par' dir='ltr' id='par_1_72' title="bbox 544 5308 1431 5388">
     <span class='ocr_line' id='line_1_79' title="bbox 544 5308 1431 5388; baseline -0.024 -6"><span class='ocrx_word' id='word_1_586' title='bbox 544 5328 641 5383; x_wconf 86' lang='lat' dir='ltr'><strong>tuit</strong></span> <span class='ocrx_word' id='word_1_587' title='bbox 669 5337 784 5377; x_wconf 84' lang='lat' dir='ltr'><strong>eunt</strong></span> <span class='ocrx_word' id='word_1_588' title='bbox 810 5333 969 5388; x_wconf 87' lang='lat' dir='ltr'><strong>supra</strong></span> <span class='ocrx_word' id='word_1_589' title='bbox 997 5315 1208 5386; x_wconf 87' lang='lat' dir='ltr'><strong>pinnam</strong></span> <span class='ocrx_word' id='word_1_590' title='bbox 1237 5308 1431 5378; x_wconf 85' lang='lat' dir='ltr'><strong>templi.</strong></span> 
     </span>
    </p>
   </div>
   <div class='ocr_carea' id='block_1_73' title="bbox 615 5394 2129 5480">
    <p class='ocr_par' dir='ltr' id='par_1_73' title="bbox 615 5394 2129 5480">
     <span class='ocr_line' id='line_1_80' title="bbox 615 5394 2129 5480; baseline -0.015 -9"><span class='ocrx_word' id='word_1_591' title='bbox 615 5417 747 5471; x_wconf 84' lang='lat' dir='ltr'><strong>an.</strong></span> <span class='ocrx_word' id='word_1_592' title='bbox 779 5426 900 5480; x_wconf 91' lang='lat' dir='ltr'><strong>cap.</strong></span> <span class='ocrx_word' id='word_1_593' title='bbox 949 5421 1044 5472; x_wconf 73' lang='lat' dir='ltr'><strong>vu,</strong></span> <span class='ocrx_word' id='word_1_594' title='bbox 1077 5404 1169 5469; x_wconf 89' lang='grc'><strong>51,</strong></span> <span class='ocrx_word' id='word_1_595' title='bbox 1221 5401 1384 5456; x_wconf 87' lang='lat' dir='ltr'><strong>verba</strong></span> <span class='ocrx_word' id='word_1_596' title='bbox 1408 5399 1480 5453; x_wconf 88' lang='lat' dir='ltr'><strong>ait</strong></span> <span class='ocrx_word' id='word_1_597' title='bbox 1507 5407 1675 5452; x_wconf 89' lang='lat' dir='ltr'><strong>autem</strong></span> <span class='ocrx_word' id='word_1_598' title='bbox 1704 5395 1978 5464; x_wconf 82' lang='lat' dir='ltr'><strong>Dominus,</strong></span> <span class='ocrx_word' id='word_1_599' title='bbox 2034 5394 2129 5449; x_wconf 85' lang='lat' dir='ltr'><strong>de-</strong></span> 
     </span>
    </p>
   </div>
   <div class='ocr_carea' id='block_1_74' title="bbox 537 5487 2122 5569">
    <p class='ocr_par' dir='ltr' id='par_1_74' title="bbox 537 5487 2122 5569">
     <span class='ocr_line' id='line_1_81' title="bbox 537 5487 2122 5569; baseline -0.018 -1"><span class='ocrx_word' id='word_1_600' title='bbox 537 5519 666 5569; x_wconf 88' lang='lat' dir='ltr'><strong>sunt</strong></span> <span class='ocrx_word' id='word_1_601' title='bbox 691 5514 744 5562; x_wconf 89' lang='lat' dir='ltr'><strong>in</strong></span> <span class='ocrx_word' id='word_1_602' title='bbox 771 5502 1104 5565; x_wconf 89' lang='lat' dir='ltr'><strong>Vercellen.,</strong></span> <span class='ocrx_word' id='word_1_603' title='bbox 1135 5496 1361 5560; x_wconf 89' lang='lat' dir='ltr'><strong>Veron.,</strong></span> <span class='ocrx_word' id='word_1_604' title='bbox 1393 5491 1706 5558; x_wconf 87' lang='lat' dir='ltr'><strong>Corbeien.,</strong></span> <span class='ocrx_word' id='word_1_605' title='bbox 1730 5489 1852 5545; x_wconf 90' lang='lat' dir='ltr'><strong>Gat.</strong></span> <span class='ocrx_word' id='word_1_606' title='bbox 1878 5499 1932 5544; x_wconf 89' lang='lat' dir='ltr'><strong>et</strong></span> <span class='ocrx_word' id='word_1_607' title='bbox 1972 5487 2122 5554; x_wconf 87' lang='lat' dir='ltr'><strong>Mm.,</strong></span> 
     </span>
    </p>
   </div>
   <div class='ocr_carea' id='block_1_75' title="bbox 533 5578 2124 5663">
    <p class='ocr_par' dir='ltr' id='par_1_75' title="bbox 533 5578 2124 5663">
     <span class='ocr_line' id='line_1_82' title="bbox 533 5578 2124 5663; baseline -0.021 0"><span class='ocrx_word' id='word_1_608' title='bbox 533 5616 591 5663; x_wconf 91' lang='lat' dir='ltr'><strong>et</strong></span> <span class='ocrx_word' id='word_1_609' title='bbox 620 5606 691 5658; x_wconf 88' lang='lat' dir='ltr'><strong>ita</strong></span> <span class='ocrx_word' id='word_1_610' title='bbox 728 5601 781 5655; x_wconf 90' lang='lat' dir='ltr'><strong>in</strong></span> <span class='ocrx_word' id='word_1_611' title='bbox 813 5595 1017 5654; x_wconf 72' lang='lat' dir='ltr'><strong>Gra-cis</strong></span> <span class='ocrx_word' id='word_1_612' title='bbox 1063 5589 1342 5648; x_wconf 89' lang='lat' dir='ltr'><strong>nonnullis</strong></span> <span class='ocrx_word' id='word_1_613' title='bbox 1379 5582 1785 5651; x_wconf 72' lang='lat' dir='ltr'><strong>exemplaribus</strong></span> <span class='ocrx_word' id='word_1_614' title='bbox 1824 5589 1879 5636; x_wconf 88' lang='lat' dir='ltr'><strong>ct</strong></span> <span class='ocrx_word' id='word_1_615' title='bbox 1914 5579 1966 5634; x_wconf 92' lang='lat' dir='ltr'><strong>in</strong></span> <span class='ocrx_word' id='word_1_616' title='bbox 2006 5578 2124 5650; x_wconf 85' lang='lat' dir='ltr'><strong>qni-</strong></span> 
     </span>
    </p>
   </div>
   <div class='ocr_carea' id='block_1_76' title="bbox 532 5672 1692 5763">
    <p class='ocr_par' dir='ltr' id='par_1_76' title="bbox 532 5672 1692 5763">
     <span class='ocr_line' id='line_1_83' title="bbox 532 5672 1692 5763; baseline -0.025 -6"><span class='ocrx_word' id='word_1_617' title='bbox 532 5697 759 5763; x_wconf 87' lang='lat' dir='ltr'><strong>busdam</strong></span> <span class='ocrx_word' id='word_1_618' title='bbox 783 5705 915 5749; x_wconf 79' lang='lat' dir='ltr'><strong>mss.</strong></span> <span class='ocrx_word' id='word_1_619' title='bbox 946 5687 1056 5746; x_wconf 87' lang='lat' dir='ltr'><strong>div.</strong></span> <span class='ocrx_word' id='word_1_620' title='bbox 1090 5683 1232 5743; x_wconf 85' lang='lat' dir='ltr'><strong>Bibl.</strong></span> <span class='ocrx_word' id='word_1_621' title='bbox 1262 5681 1321 5738; x_wconf 91' lang='lat' dir='ltr'><strong>S.</strong></span> <span class='ocrx_word' id='word_1_622' title='bbox 1355 5672 1692 5745; x_wconf 88' lang='lat' dir='ltr'><strong>Hieronymi.</strong></span> 
     </span>
    </p>
   </div>
   <div class='ocr_carea' id='block_1_77' title="bbox 2345 1771 3859 1846">
    <p class='ocr_par' dir='ltr' id='par_1_77' title="bbox 2345 1771 3859 1846">
     <span class='ocr_line' id='line_1_84' title="bbox 2345 1771 3859 1846; baseline -0.007 -9"><span class='ocrx_word' id='word_1_623' title='bbox 2345 1782 2534 1837; x_wconf 90' lang='lat' dir='ltr'><strong>Matth.</strong></span> <span class='ocrx_word' id='word_1_624' title='bbox 2565 1796 2616 1836; x_wconf 88' lang='lat' dir='ltr'><strong>c-.</strong></span> <span class='ocrx_word' id='word_1_625' title='bbox 2639 1797 2692 1846; x_wconf 66' lang='grc' dir='ltr'><strong>κ,</strong></span> <span class='ocrx_word' id='word_1_626' title='bbox 2741 1781 2809 1835; x_wconf 90' lang='grc'><strong>19</strong></span> <span class='ocrx_word' id='word_1_627' title='bbox 2836 1820 2850 1845; x_wconf 90' lang='grc'>,</span> <span class='ocrx_word' id='word_1_628' title='bbox 2898 1779 2949 1833; x_wconf 90' lang='lat' dir='ltr'><strong>in</strong></span> <span class='ocrx_word' id='word_1_629' title='bbox 2974 1775 3278 1832; x_wconf 89' lang='lat' dir='ltr'><strong>Vercellen.</strong></span> <span class='ocrx_word' id='word_1_630' title='bbox 3311 1785 3366 1830; x_wconf 93' lang='lat' dir='ltr'><strong>ct</strong></span> <span class='ocrx_word' id='word_1_631' title='bbox 3397 1773 3674 1829; x_wconf 90' lang='lat' dir='ltr'><strong>Veronen.</strong></span> <span class='ocrx_word' id='word_1_632' title='bbox 3712 1771 3859 1827; x_wconf 89' lang='lat' dir='ltr'><strong>omit-</strong></span> 
     </span>
    </p>
   </div>
   <div class='ocr_carea' id='block_1_78' title="bbox 2270 1866 3859 1944">
    <p class='ocr_par' dir='ltr' id='par_1_78' title="bbox 2270 1866 3859 1944">
     <span class='ocr_line' id='line_1_85' title="bbox 2270 1866 3859 1944; baseline -0.006 -13"><span class='ocrx_word' id='word_1_633' title='bbox 2270 1884 2455 1931; x_wconf 89' lang='lat' dir='ltr'><strong>tuntur</strong></span> <span class='ocrx_word' id='word_1_634' title='bbox 2482 1875 2644 1930; x_wconf 89' lang='lat' dir='ltr'><strong>verba</strong></span> <span class='ocrx_word' id='word_1_635' title='bbox 2673 1872 3105 1944; x_wconf 76' lang='lat' dir='ltr'><strong>quomodo,aut.,</strong></span> <span class='ocrx_word' id='word_1_636' title='bbox 3130 1878 3184 1925; x_wconf 94' lang='lat' dir='ltr'><strong>et</strong></span> <span class='ocrx_word' id='word_1_637' title='bbox 3213 1870 3281 1924; x_wconf 87' lang='lat' dir='ltr'><strong>ita</strong></span> <span class='ocrx_word' id='word_1_638' title='bbox 3315 1867 3368 1923; x_wconf 89' lang='lat' dir='ltr'><strong>in</strong></span> <span class='ocrx_word' id='word_1_639' title='bbox 3399 1867 3456 1924; x_wconf 94' lang='lat' dir='ltr'><strong>S.</strong></span> <span class='ocrx_word' id='word_1_640' title='bbox 3480 1866 3738 1940; x_wconf 80' lang='lat' dir='ltr'><strong>Cypriani</strong></span> <span class='ocrx_word' id='word_1_641' title='bbox 3755 1866 3859 1937; x_wconf 84' lang='lat' dir='ltr'><strong>epi-</strong></span> 
     </span>
    </p>
   </div>
   <div class='ocr_carea' id='block_1_79' title="bbox 2269 1957 3859 2030">
    <p class='ocr_par' dir='ltr' id='par_1_79' title="bbox 2269 1957 3859 2030">
     <span class='ocr_line' id='line_1_86' title="bbox 2269 1957 3859 2030; baseline -0.008 -5"><span class='ocrx_word' id='word_1_642' title='bbox 2269 1969 2406 2025; x_wconf 89' lang='lat' dir='ltr'><strong>stola</strong></span> <span class='ocrx_word' id='word_1_643' title='bbox 2438 1967 2510 2023; x_wconf 82' lang='lat'><strong>56</strong></span> <span class='ocrx_word' id='word_1_644' title='bbox 2541 1967 2608 2022; x_wconf 90' lang='lat' dir='ltr'><strong>ad</strong></span> <span class='ocrx_word' id='word_1_645' title='bbox 2645 1965 3051 2030; x_wconf 89' lang='lat' dir='ltr'><strong>Thibaritanos,</strong></span> <span class='ocrx_word' id='word_1_646' title='bbox 3099 1961 3168 2018; x_wconf 90' lang='lat' dir='ltr'><strong>de</strong></span> <span class='ocrx_word' id='word_1_647' title='bbox 3215 1960 3593 2018; x_wconf 81' lang='lat' dir='ltr'><strong>exhortatione</strong></span> <span class='ocrx_word' id='word_1_648' title='bbox 3624 1957 3859 2030; x_wconf 83' lang='lat' dir='ltr'><strong>Martyrii</strong></span> 
     </span>
    </p>
   </div>
   <div class='ocr_carea' id='block_1_80' title="bbox 2270 2060 2546 2131">
    <p class='ocr_par' dir='ltr' id='par_1_80' title="bbox 2270 2060 2546 2131">
     <span class='ocr_line' id='line_1_87' title="bbox 2270 2060 2546 2131; baseline -0.004 -17"><span class='ocrx_word' id='word_1_649' title='bbox 2270 2076 2391 2131; x_wconf 77' lang='lat' dir='ltr'><strong>pag.</strong></span> <span class='ocrx_word' id='word_1_650' title='bbox 2422 2060 2546 2115; x_wconf 87' lang='grc'><strong>129.</strong></span> 
     </span>
    </p>
   </div>
   <div class='ocr_carea' id='block_1_81' title="bbox 2341 2164 3857 2242">
    <p class='ocr_par' dir='ltr' id='par_1_81' title="bbox 2341 2164 3857 2242">
     <span class='ocr_line' id='line_1_88' title="bbox 2341 2164 3857 2242; baseline -0.007 -14"><span class='ocrx_word' id='word_1_651' title='bbox 2341 2173 2528 2228; x_wconf 81' lang='lat' dir='ltr'><strong>Matth.</strong></span> <span class='ocrx_word' id='word_1_652' title='bbox 2587 2186 2706 2242; x_wconf 85' lang='lat' dir='ltr'><strong>cap.</strong></span> <span class='ocrx_word' id='word_1_653' title='bbox 2740 2186 2832 2237; x_wconf 71' lang='grc' dir='ltr'><strong>ιι,</strong></span> <span class='ocrx_word' id='word_1_654' title='bbox 2887 2169 2961 2236; x_wconf 85' lang='grc'><strong>2,</strong></span> <span class='ocrx_word' id='word_1_655' title='bbox 2989 2167 3294 2224; x_wconf 89' lang='lat' dir='ltr'><strong>Vercellen.</strong></span> <span class='ocrx_word' id='word_1_656' title='bbox 3332 2166 3538 2221; x_wconf 81' lang='lat' dir='ltr'><strong>mittens</strong></span> <span class='ocrx_word' id='word_1_657' title='bbox 3588 2165 3716 2221; x_wconf 82' lang='lat' dir='ltr'><strong>di...</strong></span> <span class='ocrx_word' id='word_1_658' title='bbox 3758 2164 3857 2236; x_wconf 73' lang='grc' dir='ltr'><strong>ρει.</strong></span> 
     </span>
    </p>
   </div>
   <div class='ocr_carea' id='block_1_82' title="bbox 2267 2255 3860 2335">
    <p class='ocr_par' dir='ltr' id='par_1_82' title="bbox 2267 2255 3860 2335">
     <span class='ocr_line' id='line_1_89' title="bbox 2267 2255 3860 2335; baseline -0.008 -13"><span class='ocrx_word' id='word_1_659' title='bbox 2267 2284 2291 2322; x_wconf 87' lang='lat' dir='ltr'><strong>s</strong></span> <span class='ocrx_word' id='word_1_660' title='bbox 2317 2283 2455 2328; x_wconf 86' lang='lat' dir='ltr'><strong>suos,</strong></span> <span class='ocrx_word' id='word_1_661' title='bbox 2483 2265 2674 2335; x_wconf 88' lang='lat' dir='ltr'><strong>supple</strong></span> <span class='ocrx_word' id='word_1_662' title='bbox 2698 2264 2944 2318; x_wconf 88' lang='lat' dir='ltr'><strong>lacunam</strong></span> <span class='ocrx_word' id='word_1_663' title='bbox 2966 2275 3033 2316; x_wconf 80' lang='lat' dir='ltr'><strong>ex</strong></span> <span class='ocrx_word' id='word_1_664' title='bbox 3067 2259 3339 2316; x_wconf 90' lang='lat' dir='ltr'><strong>Veronen.</strong></span> <span class='ocrx_word' id='word_1_665' title='bbox 3381 2267 3436 2314; x_wconf 93' lang='lat' dir='ltr'><strong>et</strong></span> <span class='ocrx_word' id='word_1_666' title='bbox 3481 2257 3726 2312; x_wconf 79' lang='lat' dir='ltr'><strong>Brixian.</strong></span> <span class='ocrx_word' id='word_1_667' title='bbox 3755 2255 3860 2309; x_wconf 84' lang='lat' dir='ltr'><strong>mit-</strong></span> 
     </span>
    </p>
   </div>
   <div class='ocr_carea' id='block_1_83' title="bbox 2267 2347 3861 2426">
    <p class='ocr_par' dir='ltr' id='par_1_83' title="bbox 2267 2347 3861 2426">
     <span class='ocr_line' id='line_1_90' title="bbox 2267 2347 3861 2426; baseline -0.006 -15"><span class='ocrx_word' id='word_1_668' title='bbox 2267 2368 2375 2414; x_wconf 84' lang='lat' dir='ltr'><strong>(eus</strong></span> <span class='ocrx_word' id='word_1_669' title='bbox 2413 2357 2699 2426; x_wconf 84' lang='lat' dir='ltr'><strong>discipulos</strong></span> <span class='ocrx_word' id='word_1_670' title='bbox 2749 2371 2887 2410; x_wconf 87' lang='lat' dir='ltr'><strong>suos.</strong></span> <span class='ocrx_word' id='word_1_671' title='bbox 2926 2352 3116 2407; x_wconf 80' lang='lat' dir='ltr'><strong>Codex</strong></span> <span class='ocrx_word' id='word_1_672' title='bbox 3157 2347 3600 2418; x_wconf 84' lang='lat' dir='ltr'><strong>Cantabrigensis</strong></span> <span class='ocrx_word' id='word_1_673' title='bbox 3649 2347 3861 2404; x_wconf 64' lang='lat' dir='ltr'><strong>Greco-</strong></span> 
     </span>
    </p>
   </div>
   <div class='ocr_carea' id='block_1_84' title="bbox 2266 2437 3863 2516">
    <p class='ocr_par' dir='ltr' id='par_1_84' title="bbox 2266 2437 3863 2516">
     <span class='ocr_line' id='line_1_91' title="bbox 2266 2437 3863 2516; baseline -0.009 -10"><span class='ocrx_word' id='word_1_674' title='bbox 2266 2449 2489 2506; x_wconf 90' lang='lat' dir='ltr'><strong>Latinus</strong></span> <span class='ocrx_word' id='word_1_675' title='bbox 2512 2448 2908 2514; x_wconf 88' lang='lat' dir='ltr'><strong>habet,mittens</strong></span> <span class='ocrx_word' id='word_1_676' title='bbox 2934 2460 3026 2516; x_wconf 83' lang='lat' dir='ltr'><strong>per</strong></span> <span class='ocrx_word' id='word_1_677' title='bbox 3043 2441 3322 2512; x_wconf 83' lang='lat' dir='ltr'><strong>discipulos</strong></span> <span class='ocrx_word' id='word_1_678' title='bbox 3351 2437 3863 2495; x_wconf 85' lang='lat' dir='ltr'><strong>suos.Consentiunt</strong></span> 
     </span>
    </p>
   </div>
   <div class='ocr_carea' id='block_1_85' title="bbox 2265 2532 3862 2605">
    <p class='ocr_par' dir='ltr' id='par_1_85' title="bbox 2265 2532 3862 2605">
     <span class='ocr_line' id='line_1_92' title="bbox 2265 2532 3862 2605; baseline -0.006 -9"><span class='ocrx_word' id='word_1_679' title='bbox 2265 2545 2545 2598; x_wconf 81' lang='lat' dir='ltr'><strong>versiones</strong></span> <span class='ocrx_word' id='word_1_680' title='bbox 2573 2539 2824 2605; x_wconf 84' lang='lat' dir='ltr'><strong>Gothica,</strong></span> <span class='ocrx_word' id='word_1_681' title='bbox 2850 2543 3111 2602; x_wconf 89' lang='lat' dir='ltr'><strong>Armena,</strong></span> <span class='ocrx_word' id='word_1_682' title='bbox 3136 2535 3374 2600; x_wconf 89' lang='lat' dir='ltr'><strong>Persica,</strong></span> <span class='ocrx_word' id='word_1_683' title='bbox 3403 2533 3648 2605; x_wconf 88' lang='lat' dir='ltr'><strong>Syriaca.</strong></span> <span class='ocrx_word' id='word_1_684' title='bbox 3681 2532 3862 2588; x_wconf 78' lang='lat' dir='ltr'><strong>Misso-</strong></span> 
     </span>
    </p>
   </div>
   <div class='ocr_carea' id='block_1_86' title="bbox 2266 2626 3864 2702">
    <p class='ocr_par' dir='ltr' id='par_1_86' title="bbox 2266 2626 3864 2702">
     <span class='ocr_line' id='line_1_93' title="bbox 2266 2626 3864 2702; baseline -0.005 -13"><span class='ocrx_word' id='word_1_685' title='bbox 2266 2651 2385 2689; x_wconf 81' lang='lat' dir='ltr'><strong>rutn</strong></span> <span class='ocrx_word' id='word_1_686' title='bbox 2433 2649 2465 2688; x_wconf 92' lang='lat' dir='ltr'><strong>a</strong></span> <span class='ocrx_word' id='word_1_687' title='bbox 2506 2635 2713 2690; x_wconf 83' lang='lat' dir='ltr'><strong>Joanne</strong></span> <span class='ocrx_word' id='word_1_688' title='bbox 2745 2630 3136 2702; x_wconf 79' lang='lat' dir='ltr'><strong>discipulorum</strong></span> <span class='ocrx_word' id='word_1_689' title='bbox 3177 2643 3464 2683; x_wconf 85' lang='lat' dir='ltr'><strong>numerum</strong></span> <span class='ocrx_word' id='word_1_690' title='bbox 3500 2641 3610 2682; x_wconf 83' lang='lat' dir='ltr'><strong>non</strong></span> <span class='ocrx_word' id='word_1_691' title='bbox 3654 2626 3864 2681; x_wconf 84' lang='lat' dir='ltr'><strong>tradunt</strong></span> 
     </span>
    </p>
   </div>
   <div class='ocr_carea' id='block_1_87' title="bbox 2265 2718 3856 2792">
    <p class='ocr_par' dir='ltr' id='par_1_87' title="bbox 2265 2718 3856 2792">
     <span class='ocr_line' id='line_1_94' title="bbox 2265 2718 3856 2792; baseline -0.008 -7"><span class='ocrx_word' id='word_1_692' title='bbox 2265 2729 2580 2792; x_wconf 86' lang='lat' dir='ltr'><strong>Juvencus,</strong></span> <span class='ocrx_word' id='word_1_693' title='bbox 2631 2724 2986 2791; x_wconf 83' lang='lat' dir='ltr'><strong>Ambrosius,</strong></span> <span class='ocrx_word' id='word_1_694' title='bbox 3043 2721 3315 2786; x_wconf 82' lang='lat' dir='ltr'><strong>Hilarius,</strong></span> <span class='ocrx_word' id='word_1_695' title='bbox 3368 2719 3439 2775; x_wconf 89' lang='lat' dir='ltr'><strong>de</strong></span> <span class='ocrx_word' id='word_1_696' title='bbox 3483 2719 3686 2789; x_wconf 88' lang='lat' dir='ltr'><strong>quibus</strong></span> <span class='ocrx_word' id='word_1_697' title='bbox 3728 2718 3856 2774; x_wconf 75' lang='lat' dir='ltr'><strong>Mill.</strong></span> 
     </span>
    </p>
   </div>
   <div class='ocr_carea' id='block_1_88' title="bbox 2266 2822 2640 2893">
    <p class='ocr_par' dir='ltr' id='par_1_88' title="bbox 2266 2822 2640 2893">
     <span class='ocr_line' id='line_1_95' title="bbox 2266 2822 2640 2893; baseline -0.013 -13"><span class='ocrx_word' id='word_1_698' title='bbox 2266 2823 2484 2893; x_wconf 84' lang='lat' dir='ltr'><strong>Proleg.</strong></span> <span class='ocrx_word' id='word_1_699' title='bbox 2513 2822 2640 2877; x_wconf 83' lang='grc'><strong>587.</strong></span> 
     </span>
    </p>
   </div>
   <div class='ocr_carea' id='block_1_89' title="bbox 2338 2900 3849 2981">
    <p class='ocr_par' dir='ltr' id='par_1_89' title="bbox 2338 2900 3849 2981">
     <span class='ocr_line' id='line_1_96' title="bbox 2338 2900 3849 2981; baseline -0.01 -11"><span class='ocrx_word' id='word_1_700' title='bbox 2338 2914 2524 2970; x_wconf 85' lang='lat' dir='ltr'><strong>Matth.</strong></span> <span class='ocrx_word' id='word_1_701' title='bbox 2579 2926 2698 2981; x_wconf 91' lang='lat' dir='ltr'><strong>cap.</strong></span> <span class='ocrx_word' id='word_1_702' title='bbox 2737 2925 2852 2975; x_wconf 81' lang='lat' dir='ltr'><strong>xvi,</strong></span> <span class='ocrx_word' id='word_1_703' title='bbox 2907 2907 3000 2973; x_wconf 88' lang='grc'><strong>21,</strong></span> <span class='ocrx_word' id='word_1_704' title='bbox 3038 2905 3095 2961; x_wconf 90' lang='lat' dir='ltr'><strong>in</strong></span> <span class='ocrx_word' id='word_1_705' title='bbox 3121 2903 3424 2961; x_wconf 86' lang='lat' dir='ltr'><strong>Vercellen.</strong></span> <span class='ocrx_word' id='word_1_706' title='bbox 3455 2912 3511 2958; x_wconf 90' lang='lat' dir='ltr'><strong>et</strong></span> <span class='ocrx_word' id='word_1_707' title='bbox 3561 2900 3849 2958; x_wconf 84' lang='lat' dir='ltr'><strong>Corbeien.</strong></span> 
     </span>
    </p>
   </div>
   <div class='ocr_carea' id='block_1_90' title="bbox 2264 2997 3275 3071">
    <p class='ocr_par' dir='ltr' id='par_1_90' title="bbox 2264 2997 3275 3071">
     <span class='ocr_line' id='line_1_97' title="bbox 2264 2997 3275 3071; baseline -0.014 -7"><span class='ocrx_word' id='word_1_708' title='bbox 2264 3009 2438 3071; x_wconf 88' lang='lat' dir='ltr'><strong>deest,</strong></span> <span class='ocrx_word' id='word_1_709' title='bbox 2467 3003 2671 3068; x_wconf 78' lang='lat' dir='ltr'><strong>scribis,</strong></span> <span class='ocrx_word' id='word_1_710' title='bbox 2703 3011 2758 3058; x_wconf 89' lang='lat' dir='ltr'><strong>et</strong></span> <span class='ocrx_word' id='word_1_711' title='bbox 2783 3001 2856 3055; x_wconf 87' lang='lat' dir='ltr'><strong>ita</strong></span> <span class='ocrx_word' id='word_1_712' title='bbox 2886 3000 2940 3054; x_wconf 91' lang='lat' dir='ltr'><strong>in</strong></span> <span class='ocrx_word' id='word_1_713' title='bbox 2965 2998 3024 3054; x_wconf 92' lang='lat' dir='ltr'><strong>S.</strong></span> <span class='ocrx_word' id='word_1_714' title='bbox 3051 2997 3275 3053; x_wconf 64' lang='lat' dir='ltr'><strong>Irenaeo.</strong></span> 
     </span>
    </p>
   </div>
   <div class='ocr_carea' id='block_1_91' title="bbox 2184 3087 3859 3164">
    <p class='ocr_par' dir='ltr' id='par_1_91' title="bbox 2184 3087 3859 3164">
     <span class='ocr_line' id='line_1_98' title="bbox 2184 3087 3859 3164; baseline -0.005 -14"><span class='ocrx_word' id='word_1_715' title='bbox 2184 3087 2230 3150; x_wconf 92' lang='lat' dir='ltr'>C</span> <span class='ocrx_word' id='word_1_716' title='bbox 2332 3098 2521 3153; x_wconf 86' lang='lat' dir='ltr'><strong>Matth.</strong></span> <span class='ocrx_word' id='word_1_717' title='bbox 2584 3110 2706 3164; x_wconf 91' lang='lat' dir='ltr'><strong>cap.</strong></span> <span class='ocrx_word' id='word_1_718' title='bbox 2757 3107 2936 3159; x_wconf 71' lang='grc' dir='ltr'>χχιιι,</span> <span class='ocrx_word' id='word_1_719' title='bbox 2986 3089 3052 3155; x_wconf 84' lang='grc'>4.</span> <span class='ocrx_word' id='word_1_720' title='bbox 3097 3090 3149 3144; x_wconf 91' lang='lat' dir='ltr'><strong>in</strong></span> <span class='ocrx_word' id='word_1_721' title='bbox 3208 3087 3512 3144; x_wconf 88' lang='lat' dir='ltr'><strong>Vercellen.</strong></span> <span class='ocrx_word' id='word_1_722' title='bbox 3565 3096 3623 3143; x_wconf 89' lang='lat' dir='ltr'><strong>et</strong></span> <span class='ocrx_word' id='word_1_723' title='bbox 3659 3087 3859 3143; x_wconf 81' lang='lat' dir='ltr'><strong>Veron.</strong></span> 
     </span>
    </p>
   </div>
   <div class='ocr_carea' id='block_1_92' title="bbox 2259 3179 3858 3252">
    <p class='ocr_par' dir='ltr' id='par_1_92' title="bbox 2259 3179 3858 3252">
     <span class='ocr_line' id='line_1_99' title="bbox 2259 3179 3858 3252; baseline -0.008 -6"><span class='ocrx_word' id='word_1_724' title='bbox 2259 3192 2457 3247; x_wconf 87' lang='lat' dir='ltr'><strong>desunt</strong></span> <span class='ocrx_word' id='word_1_725' title='bbox 2503 3189 2688 3252; x_wconf 88' lang='lat' dir='ltr'><strong>verba,</strong></span> <span class='ocrx_word' id='word_1_726' title='bbox 2741 3195 2788 3240; x_wconf 86' lang='lat' dir='ltr'><strong>et</strong></span> <span class='ocrx_word' id='word_1_727' title='bbox 2836 3183 3207 3252; x_wconf 86' lang='lat' dir='ltr'><strong>importabilia,</strong></span> <span class='ocrx_word' id='word_1_728' title='bbox 3254 3189 3313 3235; x_wconf 85' lang='lat' dir='ltr'><strong>et</strong></span> <span class='ocrx_word' id='word_1_729' title='bbox 3341 3181 3411 3235; x_wconf 88' lang='lat' dir='ltr'><strong>ita</strong></span> <span class='ocrx_word' id='word_1_730' title='bbox 3444 3180 3498 3234; x_wconf 91' lang='lat' dir='ltr'><strong>in</strong></span> <span class='ocrx_word' id='word_1_731' title='bbox 3545 3194 3693 3234; x_wconf 89' lang='lat' dir='ltr'><strong>vers.</strong></span> <span class='ocrx_word' id='word_1_732' title='bbox 3742 3179 3858 3250; x_wconf 86' lang='lat' dir='ltr'><strong>Syr.</strong></span> 
     </span>
    </p>
   </div>
   <div class='ocr_carea' id='block_1_93' title="bbox 2257 3272 3825 3348">
    <p class='ocr_par' dir='ltr' id='par_1_93' title="bbox 2257 3272 3825 3348">
     <span class='ocr_line' id='line_1_100' title="bbox 2257 3272 3825 3348; baseline -0.008 -10"><span class='ocrx_word' id='word_1_733' title='bbox 2257 3283 2408 3338; x_wconf 89' lang='lat' dir='ltr'><strong>Pers.</strong></span> <span class='ocrx_word' id='word_1_734' title='bbox 2439 3279 2605 3336; x_wconf 86' lang='lat' dir='ltr'><strong>Arab.</strong></span> <span class='ocrx_word' id='word_1_735' title='bbox 2635 3277 2882 3348; x_wconf 66' lang='lat' dir='ltr'><strong>Ethiop.</strong></span> <span class='ocrx_word' id='word_1_736' title='bbox 2910 3284 3072 3347; x_wconf 90' lang='lat' dir='ltr'><strong>atque</strong></span> <span class='ocrx_word' id='word_1_737' title='bbox 3098 3276 3150 3330; x_wconf 92' lang='lat' dir='ltr'><strong>in</strong></span> <span class='ocrx_word' id='word_1_738' title='bbox 3181 3273 3283 3331; x_wconf 90' lang='lat' dir='ltr'><strong>SS.</strong></span> <span class='ocrx_word' id='word_1_739' title='bbox 3310 3272 3452 3328; x_wconf 89' lang='lat' dir='ltr'><strong>lren.</strong></span> <span class='ocrx_word' id='word_1_740' title='bbox 3489 3280 3546 3327; x_wconf 88' lang='lat' dir='ltr'><strong>et</strong></span> <span class='ocrx_word' id='word_1_741' title='bbox 3565 3272 3825 3328; x_wconf 80' lang='lat' dir='ltr'><strong>Ambros.</strong></span> 
     </span>
    </p>
   </div>
   <div class='ocr_carea' id='block_1_94' title="bbox 2328 3366 3858 3444">
    <p class='ocr_par' dir='ltr' id='par_1_94' title="bbox 2328 3366 3858 3444">
     <span class='ocr_line' id='line_1_101' title="bbox 2328 3366 3858 3444; baseline -0.007 -12"><span class='ocrx_word' id='word_1_742' title='bbox 2328 3376 2485 3432; x_wconf 85' lang='lat' dir='ltr'><strong>Joan.</strong></span> <span class='ocrx_word' id='word_1_743' title='bbox 2529 3388 2652 3444; x_wconf 90' lang='lat' dir='ltr'><strong>cap.</strong></span> <span class='ocrx_word' id='word_1_744' title='bbox 2685 3388 2734 3440; x_wconf 84' lang='lat'><strong>1,</strong></span> <span class='ocrx_word' id='word_1_745' title='bbox 2768 3389 2821 3426; x_wconf 91' lang='lat' dir='ltr'><strong>v.</strong></span> <span class='ocrx_word' id='word_1_746' title='bbox 2849 3371 2942 3438; x_wconf 86' lang='lat'><strong>27,</strong></span> <span class='ocrx_word' id='word_1_747' title='bbox 2993 3372 3050 3426; x_wconf 91' lang='lat' dir='ltr'><strong>in</strong></span> <span class='ocrx_word' id='word_1_748' title='bbox 3095 3368 3396 3442; x_wconf 86' lang='lat' dir='ltr'><strong>Vercellen.</strong></span> <span class='ocrx_word' id='word_1_749' title='bbox 3428 3366 3605 3434; x_wconf 88' lang='lat' dir='ltr'><strong>deest,</strong></span> <span class='ocrx_word' id='word_1_750' title='bbox 3655 3368 3743 3438; x_wconf 70' lang='lat' dir='ltr'><strong>qui</strong></span> <span class='ocrx_word' id='word_1_751' title='bbox 3773 3380 3858 3422; x_wconf 87' lang='lat' dir='ltr'><strong>se-</strong></span> 
     </span>
    </p>
   </div>
   <div class='ocr_carea' id='block_1_95' title="bbox 2257 3459 3860 3533">
    <p class='ocr_par' dir='ltr' id='par_1_95' title="bbox 2257 3459 3860 3533">
     <span class='ocr_line' id='line_1_102' title="bbox 2257 3459 3860 3533; baseline -0.004 -10"><span class='ocrx_word' id='word_1_752' title='bbox 2257 3468 2435 3524; x_wconf 84' lang='lat' dir='ltr'><strong>eundo</strong></span> <span class='ocrx_word' id='word_1_753' title='bbox 2483 3469 2624 3532; x_wconf 91' lang='lat' dir='ltr'><strong>loco,</strong></span> <span class='ocrx_word' id='word_1_754' title='bbox 2668 3474 2725 3521; x_wconf 91' lang='lat' dir='ltr'><strong>et</strong></span> <span class='ocrx_word' id='word_1_755' title='bbox 2751 3466 2824 3520; x_wconf 89' lang='lat' dir='ltr'><strong>ita</strong></span> <span class='ocrx_word' id='word_1_756' title='bbox 2855 3464 2908 3519; x_wconf 91' lang='lat' dir='ltr'><strong>in</strong></span> <span class='ocrx_word' id='word_1_757' title='bbox 2947 3463 3003 3518; x_wconf 92' lang='lat' dir='ltr'><strong>S.</strong></span> <span class='ocrx_word' id='word_1_758' title='bbox 3037 3461 3291 3533; x_wconf 87' lang='lat' dir='ltr'><strong>Cypriani</strong></span> <span class='ocrx_word' id='word_1_759' title='bbox 3338 3459 3620 3530; x_wconf 81' lang='lat' dir='ltr'><strong>o‘peribus.</strong></span> <span class='ocrx_word' id='word_1_760' title='bbox 3671 3460 3730 3515; x_wconf 85' lang='lat' dir='ltr'><strong>In</strong></span> <span class='ocrx_word' id='word_1_761' title='bbox 3757 3459 3860 3516; x_wconf 82' lang='lat' dir='ltr'><strong>Ve-</strong></span> 
     </span>
    </p>
   </div>
   <div class='ocr_carea' id='block_1_96' title="bbox 2259 3550 3857 3626">
    <p class='ocr_par' dir='ltr' id='par_1_96' title="bbox 2259 3550 3857 3626">
     <span class='ocr_line' id='line_1_103' title="bbox 2259 3550 3857 3626; baseline -0.006 -12"><span class='ocrx_word' id='word_1_762' title='bbox 2259 3577 2357 3614; x_wconf 85' lang='lat' dir='ltr'><strong>run</strong></span> <span class='ocrx_word' id='word_1_763' title='bbox 2383 3559 2582 3614; x_wconf 87' lang='lat' dir='ltr'><strong>desunt</strong></span> <span class='ocrx_word' id='word_1_764' title='bbox 2608 3557 2796 3624; x_wconf 82' lang='lat' dir='ltr'><strong>verba,</strong></span> <span class='ocrx_word' id='word_1_765' title='bbox 2839 3554 2929 3626; x_wconf 85' lang='lat' dir='ltr'><strong>qui</strong></span> <span class='ocrx_word' id='word_1_766' title='bbox 2971 3562 3090 3609; x_wconf 81' lang='lat' dir='ltr'><strong>ante</strong></span> <span class='ocrx_word' id='word_1_767' title='bbox 3115 3568 3197 3606; x_wconf 85' lang='lat' dir='ltr'><strong>me</strong></span> <span class='ocrx_word' id='word_1_768' title='bbox 3244 3553 3414 3622; x_wconf 78' lang='lat' dir='ltr'><strong>factus</strong></span> <span class='ocrx_word' id='word_1_769' title='bbox 3442 3559 3539 3616; x_wconf 82' lang='lat' dir='ltr'><strong>est,</strong></span> <span class='ocrx_word' id='word_1_770' title='bbox 3587 3560 3648 3607; x_wconf 89' lang='lat' dir='ltr'><strong>et</strong></span> <span class='ocrx_word' id='word_1_771' title='bbox 3692 3551 3768 3606; x_wconf 86' lang='lat' dir='ltr'><strong>ita</strong></span> <span class='ocrx_word' id='word_1_772' title='bbox 3804 3550 3857 3606; x_wconf 84' lang='lat' dir='ltr'><strong>in</strong></span> 
     </span>
    </p>
   </div>
   <div class='ocr_carea' id='block_1_97' title="bbox 2254 3645 3293 3720">
    <p class='ocr_par' dir='ltr' id='par_1_97' title="bbox 2254 3645 3293 3720">
     <span class='ocr_line' id='line_1_104' title="bbox 2254 3645 3293 3720; baseline -0.01 -12"><span class='ocrx_word' id='word_1_773' title='bbox 2254 3668 2399 3710; x_wconf 90' lang='lat' dir='ltr'><strong>vers.</strong></span> <span class='ocrx_word' id='word_1_774' title='bbox 2434 3650 2681 3720; x_wconf 64' lang='lat' dir='ltr'><strong>Aitltiop.</strong></span> <span class='ocrx_word' id='word_1_775' title='bbox 2710 3648 2869 3718; x_wconf 87' lang='lat' dir='ltr'><strong>Copt.</strong></span> <span class='ocrx_word' id='word_1_776' title='bbox 2901 3656 2959 3703; x_wconf 89' lang='lat' dir='ltr'><strong>et</strong></span> <span class='ocrx_word' id='word_1_777' title='bbox 2988 3646 3110 3702; x_wconf 86' lang='lat' dir='ltr'><strong>aliis</strong></span> <span class='ocrx_word' id='word_1_778' title='bbox 3133 3645 3293 3700; x_wconf 90' lang='lat' dir='ltr'><strong>codd.</strong></span> 
     </span>
    </p>
   </div>
   <div class='ocr_carea' id='block_1_98' title="bbox 2327 3736 3858 3814">
    <p class='ocr_par' dir='ltr' id='par_1_98' title="bbox 2327 3736 3858 3814">
     <span class='ocr_line' id='line_1_105' title="bbox 2327 3736 3858 3814; baseline -0.005 -14"><span class='ocrx_word' id='word_1_779' title='bbox 2327 3746 2484 3801; x_wconf 82' lang='lat' dir='ltr'><strong>Joan.</strong></span> <span class='ocrx_word' id='word_1_780' title='bbox 2541 3758 2656 3814; x_wconf 86' lang='lat' dir='ltr'><strong>cap.</strong></span> <span class='ocrx_word' id='word_1_781' title='bbox 2703 3757 2754 3807; x_wconf 76' lang='grc' dir='ltr'><strong>ν,</strong></span> <span class='ocrx_word' id='word_1_782' title='bbox 2799 3739 2891 3806; x_wconf 75' lang='grc'><strong>56,</strong></span> <span class='ocrx_word' id='word_1_783' title='bbox 2942 3739 2994 3793; x_wconf 91' lang='lat' dir='ltr'><strong>in</strong></span> <span class='ocrx_word' id='word_1_784' title='bbox 3030 3737 3340 3793; x_wconf 88' lang='lat' dir='ltr'><strong>Vercellen.</strong></span> <span class='ocrx_word' id='word_1_785' title='bbox 3397 3736 3694 3804; x_wconf 85' lang='lat' dir='ltr'><strong>omittitur,</strong></span> <span class='ocrx_word' id='word_1_786' title='bbox 3748 3750 3858 3806; x_wconf 70' lang='lat' dir='ltr'><strong>qua!</strong></span> 
     </span>
    </p>
   </div>
   <div class='ocr_carea' id='block_1_99' title="bbox 2255 3829 3854 3910">
    <p class='ocr_par' dir='ltr' id='par_1_99' title="bbox 2255 3829 3854 3910">
     <span class='ocr_line' id='line_1_106' title="bbox 2255 3829 3854 3910; baseline -0.006 -16"><span class='ocrx_word' id='word_1_787' title='bbox 2255 3856 2344 3910; x_wconf 80' lang='lat' dir='ltr'><strong>ego</strong></span> <span class='ocrx_word' id='word_1_788' title='bbox 2372 3838 2540 3909; x_wconf 77' lang='lat' dir='ltr'><strong>facio,</strong></span> <span class='ocrx_word' id='word_1_789' title='bbox 2574 3844 2630 3890; x_wconf 91' lang='lat' dir='ltr'><strong>et</strong></span> <span class='ocrx_word' id='word_1_790' title='bbox 2659 3835 2733 3889; x_wconf 89' lang='lat' dir='ltr'><strong>ita</strong></span> <span class='ocrx_word' id='word_1_791' title='bbox 2765 3835 2818 3888; x_wconf 90' lang='lat' dir='ltr'><strong>in</strong></span> <span class='ocrx_word' id='word_1_792' title='bbox 2859 3831 3161 3902; x_wconf 81' lang='lat' dir='ltr'><strong>exemplari</strong></span> <span class='ocrx_word' id='word_1_793' title='bbox 3200 3830 3319 3885; x_wconf 87' lang='lat' dir='ltr'><strong>Vat.</strong></span> <span class='ocrx_word' id='word_1_794' title='bbox 3370 3830 3428 3886; x_wconf 90' lang='lat' dir='ltr'><strong>S.</strong></span> <span class='ocrx_word' id='word_1_795' title='bbox 3463 3829 3658 3885; x_wconf 79' lang='lat' dir='ltr'><strong>Hilarii</strong></span> <span class='ocrx_word' id='word_1_796' title='bbox 3687 3830 3781 3886; x_wconf 85' lang='lat' dir='ltr'><strong>lib.</strong></span> <span class='ocrx_word' id='word_1_797' title='bbox 3808 3845 3854 3885; x_wconf 77' lang='lat' dir='ltr'><strong>Vl</strong></span> 
     </span>
    </p>
   </div>
   <div class='ocr_carea' id='block_1_100' title="bbox 2254 3923 3851 3993">
    <p class='ocr_par' dir='ltr' id='par_1_100' title="bbox 2254 3923 3851 3993">
     <span class='ocr_line' id='line_1_107' title="bbox 2254 3923 3851 3993; baseline -0.006 -5"><span class='ocrx_word' id='word_1_798' title='bbox 2254 3932 2322 3988; x_wconf 90' lang='lat' dir='ltr'><strong>de</strong></span> <span class='ocrx_word' id='word_1_799' title='bbox 2348 3931 2632 3985; x_wconf 88' lang='lat' dir='ltr'><strong>Trinitate.</strong></span> <span class='ocrx_word' id='word_1_800' title='bbox 2665 3927 2723 3982; x_wconf 88' lang='lat' dir='ltr'><strong>In</strong></span> <span class='ocrx_word' id='word_1_801' title='bbox 2772 3925 2969 3981; x_wconf 89' lang='lat' dir='ltr'><strong>Veron.</strong></span> <span class='ocrx_word' id='word_1_802' title='bbox 3011 3924 3167 3980; x_wconf 90' lang='lat' dir='ltr'><strong>deest</strong></span> <span class='ocrx_word' id='word_1_803' title='bbox 3204 3933 3434 3989; x_wconf 87' lang='lat' dir='ltr'><strong>tantum,</strong></span> <span class='ocrx_word' id='word_1_804' title='bbox 3465 3939 3582 3993; x_wconf 85' lang='lat' dir='ltr'><strong>ego,</strong></span> <span class='ocrx_word' id='word_1_805' title='bbox 3611 3932 3671 3978; x_wconf 89' lang='lat' dir='ltr'><strong>et</strong></span> <span class='ocrx_word' id='word_1_806' title='bbox 3696 3923 3769 3980; x_wconf 80' lang='lat' dir='ltr'><strong>ita</strong></span> <span class='ocrx_word' id='word_1_807' title='bbox 3795 3923 3851 3978; x_wconf 91' lang='lat' dir='ltr'><strong>in</strong></span> 
     </span>
    </p>
   </div>
   <div class='ocr_carea' id='block_1_101' title="bbox 2255 4015 3130 4087">
    <p class='ocr_par' dir='ltr' id='par_1_101' title="bbox 2255 4015 3130 4087">
     <span class='ocr_line' id='line_1_108' title="bbox 2255 4015 3130 4087; baseline -0.014 -7"><span class='ocrx_word' id='word_1_808' title='bbox 2255 4023 2312 4080; x_wconf 92' lang='lat' dir='ltr'><strong>S.</strong></span> <span class='ocrx_word' id='word_1_809' title='bbox 2345 4021 2570 4087; x_wconf 86' lang='lat' dir='ltr'><strong>Hilario,</strong></span> <span class='ocrx_word' id='word_1_810' title='bbox 2596 4030 2727 4074; x_wconf 92' lang='lat' dir='ltr'><strong>tom.</strong></span> <span class='ocrx_word' id='word_1_811' title='bbox 2761 4033 2821 4085; x_wconf 87' lang='grc' dir='ltr'><strong>ιι,</strong></span> <span class='ocrx_word' id='word_1_812' title='bbox 2850 4031 2974 4087; x_wconf 85' lang='lat' dir='ltr'><strong>pag.</strong></span> <span class='ocrx_word' id='word_1_813' title='bbox 3009 4015 3130 4071; x_wconf 74' lang='lat'><strong>152.</strong></span> 
     </span>
    </p>
   </div>
   <div class='ocr_carea' id='block_1_102' title="bbox 2324 4125 3854 4197">
    <p class='ocr_par' dir='ltr' id='par_1_102' title="bbox 2324 4125 3854 4197">
     <span class='ocr_line' id='line_1_109' title="bbox 2324 4125 3854 4197; baseline -0.005 -9"><span class='ocrx_word' id='word_1_814' title='bbox 2324 4135 2520 4189; x_wconf 80' lang='lat' dir='ltr'><strong>Joann.</strong></span> <span class='ocrx_word' id='word_1_815' title='bbox 2551 4147 2600 4187; x_wconf 93' lang='lat' dir='ltr'><strong>c.</strong></span> <span class='ocrx_word' id='word_1_816' title='bbox 2648 4146 2724 4197; x_wconf 80' lang='grc' dir='ltr'>ιιι,</span> <span class='ocrx_word' id='word_1_817' title='bbox 2781 4129 2876 4196; x_wconf 85' lang='grc'><strong>57,</strong></span> <span class='ocrx_word' id='word_1_818' title='bbox 2909 4129 3070 4184; x_wconf 86' lang='lat' dir='ltr'><strong>deest</strong></span> <span class='ocrx_word' id='word_1_819' title='bbox 3099 4128 3150 4182; x_wconf 89' lang='lat' dir='ltr'><strong>in</strong></span> <span class='ocrx_word' id='word_1_820' title='bbox 3205 4125 3534 4190; x_wconf 89' lang='lat' dir='ltr'><strong>Vercellen.,</strong></span> <span class='ocrx_word' id='word_1_821' title='bbox 3568 4125 3775 4182; x_wconf 80' lang='lat' dir='ltr'><strong>Veron.</strong></span> <span class='ocrx_word' id='word_1_822' title='bbox 3801 4133 3854 4180; x_wconf 82' lang='lat' dir='ltr'><strong>et</strong></span> 
     </span>
    </p>
   </div>
   <div class='ocr_carea' id='block_1_103' title="bbox 2255 4219 3852 4291">
    <p class='ocr_par' dir='ltr' id='par_1_103' title="bbox 2255 4219 3852 4291">
     <span class='ocr_line' id='line_1_110' title="bbox 2255 4219 3852 4291; baseline -0.006 -8"><span class='ocrx_word' id='word_1_823' title='bbox 2255 4230 2534 4291; x_wconf 67' lang='lat' dir='ltr'><strong>Brixiam,</strong></span> <span class='ocrx_word' id='word_1_824' title='bbox 2590 4225 2721 4288; x_wconf 87' lang='lat' dir='ltr'><strong>nati,</strong></span> <span class='ocrx_word' id='word_1_825' title='bbox 2775 4234 2826 4278; x_wconf 88' lang='lat' dir='ltr'><strong>et</strong></span> <span class='ocrx_word' id='word_1_826' title='bbox 2877 4223 2949 4277; x_wconf 88' lang='lat' dir='ltr'><strong>ita</strong></span> <span class='ocrx_word' id='word_1_827' title='bbox 2999 4222 3051 4276; x_wconf 89' lang='lat' dir='ltr'><strong>in</strong></span> <span class='ocrx_word' id='word_1_828' title='bbox 3101 4221 3373 4290; x_wconf 87' lang='lat' dir='ltr'><strong>plerisque</strong></span> <span class='ocrx_word' id='word_1_829' title='bbox 3415 4219 3660 4274; x_wconf 84' lang='lat' dir='ltr'><strong>melioris</strong></span> <span class='ocrx_word' id='word_1_830' title='bbox 3713 4228 3852 4273; x_wconf 70' lang='lat' dir='ltr'><strong>nota:</strong></span> 
     </span>
    </p>
   </div>
   <div class='ocr_carea' id='block_1_104' title="bbox 2251 4308 3846 4389">
    <p class='ocr_par' dir='ltr' id='par_1_104' title="bbox 2251 4308 3846 4389">
     <span class='ocr_line' id='line_1_111' title="bbox 2251 4308 3846 4389; baseline -0.008 -13"><span class='ocrx_word' id='word_1_831' title='bbox 2251 4318 2654 4389; x_wconf 78' lang='lat' dir='ltr'><strong>exemplaribus</strong></span> <span class='ocrx_word' id='word_1_832' title='bbox 2697 4314 2925 4381; x_wconf 83' lang='lat' dir='ltr'><strong>Graecis,</strong></span> <span class='ocrx_word' id='word_1_833' title='bbox 2967 4327 3207 4369; x_wconf 88' lang='lat' dir='ltr'><strong>necnon</strong></span> <span class='ocrx_word' id='word_1_834' title='bbox 3248 4311 3299 4365; x_wconf 93' lang='lat' dir='ltr'><strong>in</strong></span> <span class='ocrx_word' id='word_1_835' title='bbox 3341 4308 3667 4381; x_wconf 82' lang='lat' dir='ltr'><strong>quibusdam</strong></span> <span class='ocrx_word' id='word_1_836' title='bbox 3713 4324 3846 4366; x_wconf 83' lang='lat' dir='ltr'><strong>mss.</strong></span> 
     </span>
    </p>
   </div>
   <div class='ocr_carea' id='block_1_105' title="bbox 2251 4406 3162 4479">
    <p class='ocr_par' dir='ltr' id='par_1_105' title="bbox 2251 4406 3162 4479">
     <span class='ocr_line' id='line_1_112' title="bbox 2251 4406 3162 4479; baseline -0.01 -9"><span class='ocrx_word' id='word_1_837' title='bbox 2251 4415 2358 4470; x_wconf 83' lang='lat' dir='ltr'><strong>div.</strong></span> <span class='ocrx_word' id='word_1_838' title='bbox 2388 4411 2709 4467; x_wconf 88' lang='lat' dir='ltr'><strong>Bibliothec.</strong></span> <span class='ocrx_word' id='word_1_839' title='bbox 2735 4409 2794 4465; x_wconf 94' lang='lat' dir='ltr'><strong>S.</strong></span> <span class='ocrx_word' id='word_1_840' title='bbox 2828 4406 3162 4479; x_wconf 83' lang='lat' dir='ltr'><strong>Hieronymi.</strong></span> 
     </span>
    </p>
   </div>
   <div class='ocr_carea' id='block_1_106' title="bbox 2321 4519 3849 4598">
    <p class='ocr_par' dir='ltr' id='par_1_106' title="bbox 2321 4519 3849 4598">
     <span class='ocr_line' id='line_1_113' title="bbox 2321 4519 3849 4598; baseline -0.007 -12"><span class='ocrx_word' id='word_1_841' title='bbox 2321 4530 2516 4586; x_wconf 83' lang='lat' dir='ltr'><strong>Joann.</strong></span> <span class='ocrx_word' id='word_1_842' title='bbox 2583 4543 2704 4598; x_wconf 92' lang='lat' dir='ltr'><strong>cap.</strong></span> <span class='ocrx_word' id='word_1_843' title='bbox 2781 4541 2945 4593; x_wconf 79' lang='lat' dir='ltr'><strong>xmt,</strong></span> <span class='ocrx_word' id='word_1_844' title='bbox 2994 4525 3096 4594; x_wconf 46' lang='lat'><strong>21?,</strong></span> <span class='ocrx_word' id='word_1_845' title='bbox 3145 4523 3346 4590; x_wconf 89' lang='lat' dir='ltr'><strong>deest,</strong></span> <span class='ocrx_word' id='word_1_846' title='bbox 3401 4519 3646 4578; x_wconf 91' lang='lat' dir='ltr'><strong>secundo</strong></span> <span class='ocrx_word' id='word_1_847' title='bbox 3701 4521 3849 4586; x_wconf 90' lang='lat' dir='ltr'><strong>loco,</strong></span> 
     </span>
    </p>
   </div>
   <div class='ocr_carea' id='block_1_107' title="bbox 2250 4612 3849 4690">
    <p class='ocr_par' dir='ltr' id='par_1_107' title="bbox 2250 4612 3849 4690">
     <span class='ocr_line' id='line_1_114' title="bbox 2250 4612 3849 4690; baseline -0.006 -12"><span class='ocrx_word' id='word_1_848' title='bbox 2250 4640 2432 4690; x_wconf 87' lang='lat' dir='ltr'><strong>unum,</strong></span> <span class='ocrx_word' id='word_1_849' title='bbox 2463 4624 2517 4678; x_wconf 92' lang='lat' dir='ltr'><strong>in</strong></span> <span class='ocrx_word' id='word_1_850' title='bbox 2543 4619 2848 4677; x_wconf 90' lang='lat' dir='ltr'><strong>Vercellen.</strong></span> <span class='ocrx_word' id='word_1_851' title='bbox 2883 4631 2937 4674; x_wconf 89' lang='lat' dir='ltr'><strong>et</strong></span> <span class='ocrx_word' id='word_1_852' title='bbox 2966 4617 3165 4674; x_wconf 90' lang='lat' dir='ltr'><strong>Veron.</strong></span> <span class='ocrx_word' id='word_1_853' title='bbox 3197 4618 3436 4687; x_wconf 90' lang='lat' dir='ltr'><strong>itemque</strong></span> <span class='ocrx_word' id='word_1_854' title='bbox 3476 4615 3530 4670; x_wconf 91' lang='lat' dir='ltr'><strong>in</strong></span> <span class='ocrx_word' id='word_1_855' title='bbox 3566 4613 3626 4670; x_wconf 89' lang='lat' dir='ltr'><strong>S.</strong></span> <span class='ocrx_word' id='word_1_856' title='bbox 3659 4612 3849 4670; x_wconf 88' lang='lat' dir='ltr'><strong>Hilarii</strong></span> 
     </span>
    </p>
   </div>
   <div class='ocr_carea' id='block_1_108' title="bbox 2251 4707 3596 4781">
    <p class='ocr_par' dir='ltr' id='par_1_108' title="bbox 2251 4707 3596 4781">
     <span class='ocr_line' id='line_1_115' title="bbox 2251 4707 3596 4781; baseline -0.009 -8"><span class='ocrx_word' id='word_1_857' title='bbox 2251 4734 2379 4773; x_wconf 90' lang='lat' dir='ltr'><strong>mss.</strong></span> <span class='ocrx_word' id='word_1_858' title='bbox 2411 4717 2502 4772; x_wconf 90' lang='lat' dir='ltr'><strong>lib.</strong></span> <span class='ocrx_word' id='word_1_859' title='bbox 2536 4731 2625 4770; x_wconf 81' lang='lat' dir='ltr'><strong>\‘lll</strong></span> <span class='ocrx_word' id='word_1_860' title='bbox 2654 4713 2721 4770; x_wconf 90' lang='lat' dir='ltr'><strong>de</strong></span> <span class='ocrx_word' id='word_1_861' title='bbox 2742 4711 3026 4778; x_wconf 89' lang='lat' dir='ltr'><strong>Trinitate,</strong></span> <span class='ocrx_word' id='word_1_862' title='bbox 3057 4719 3190 4767; x_wconf 89' lang='lat' dir='ltr'><strong>tom.</strong></span> <span class='ocrx_word' id='word_1_863' title='bbox 3225 4726 3282 4776; x_wconf 88' lang='grc' dir='ltr'>ιι,</span> <span class='ocrx_word' id='word_1_864' title='bbox 3315 4724 3436 4781; x_wconf 85' lang='lat' dir='ltr'><strong>pag.</strong></span> <span class='ocrx_word' id='word_1_865' title='bbox 3468 4707 3596 4762; x_wconf 83' lang='lat'><strong>2-17.</strong></span> 
     </span>
    </p>
   </div>
   <div class='ocr_carea' id='block_1_109' title="bbox 2318 4820 3848 4899">
    <p class='ocr_par' dir='ltr' id='par_1_109' title="bbox 2318 4820 3848 4899">
     <span class='ocr_line' id='line_1_116' title="bbox 2318 4820 3848 4899; baseline -0.007 -14"><span class='ocrx_word' id='word_1_866' title='bbox 2318 4829 2450 4885; x_wconf 88' lang='lat' dir='ltr'><strong>Luc.</strong></span> <span class='ocrx_word' id='word_1_867' title='bbox 2482 4844 2600 4899; x_wconf 84' lang='lat' dir='ltr'><strong>cap.</strong></span> <span class='ocrx_word' id='word_1_868' title='bbox 2634 4844 2710 4896; x_wconf 74' lang='grc' dir='ltr'><strong>ιι,</strong></span> <span class='ocrx_word' id='word_1_869' title='bbox 2756 4827 2849 4894; x_wconf 88' lang='grc'><strong>25,</strong></span> <span class='ocrx_word' id='word_1_870' title='bbox 2903 4825 3207 4882; x_wconf 84' lang='lat' dir='ltr'><strong>Vercellen.</strong></span> <span class='ocrx_word' id='word_1_871' title='bbox 3262 4823 3485 4895; x_wconf 75' lang='lat' dir='ltr'><strong>Abneget</strong></span> <span class='ocrx_word' id='word_1_872' title='bbox 3510 4820 3848 4891; x_wconf 85' lang='lat' dir='ltr'><strong>semetipsum</strong></span> 
     </span>
    </p>
   </div>
   <div class='ocr_carea' id='block_1_110' title="bbox 2249 4913 3848 4992">
    <p class='ocr_par' dir='ltr' id='par_1_110' title="bbox 2249 4913 3848 4992">
     <span class='ocr_line' id='line_1_117' title="bbox 2249 4913 3848 4992; baseline -0.008 -15"><span class='ocrx_word' id='word_1_873' title='bbox 2249 4932 2296 4977; x_wconf 92' lang='lat' dir='ltr'><strong>et</strong></span> <span class='ocrx_word' id='word_1_874' title='bbox 2325 4930 2564 4992; x_wconf 83' lang='lat' dir='ltr'><strong>sequatur</strong></span> <span class='ocrx_word' id='word_1_875' title='bbox 2601 4935 2702 4985; x_wconf 88' lang='lat' dir='ltr'><strong>me,</strong></span> <span class='ocrx_word' id='word_1_876' title='bbox 2749 4917 2970 4973; x_wconf 77' lang='lat' dir='ltr'><strong>omissis</strong></span> <span class='ocrx_word' id='word_1_877' title='bbox 3010 4917 3118 4972; x_wconf 91' lang='lat' dir='ltr'><strong>illis</strong></span> <span class='ocrx_word' id='word_1_878' title='bbox 3152 4915 3334 4971; x_wconf 90' lang='lat' dir='ltr'><strong>verbis</strong></span> <span class='ocrx_word' id='word_1_879' title='bbox 3365 4924 3411 4969; x_wconf 89' lang='lat' dir='ltr'><strong>et</strong></span> <span class='ocrx_word' id='word_1_880' title='bbox 3447 4913 3595 4967; x_wconf 89' lang='lat' dir='ltr'><strong>tollat</strong></span> <span class='ocrx_word' id='word_1_881' title='bbox 3640 4926 3848 4966; x_wconf 82' lang='lat' dir='ltr'><strong>crucem</strong></span> 
     </span>
    </p>
   </div>
   <div class='ocr_carea' id='block_1_111' title="bbox 2247 5006 3844 5082">
    <p class='ocr_par' dir='ltr' id='par_1_111' title="bbox 2247 5006 3844 5082">
     <span class='ocr_line' id='line_1_118' title="bbox 2247 5006 3844 5082; baseline -0.009 -15"><span class='ocrx_word' id='word_1_882' title='bbox 2247 5030 2394 5068; x_wconf 87' lang='lat' dir='ltr'><strong>suam</strong></span> <span class='ocrx_word' id='word_1_883' title='bbox 2435 5012 2681 5082; x_wconf 84' lang='lat' dir='ltr'><strong>quotidie.</strong></span> <span class='ocrx_word' id='word_1_884' title='bbox 2713 5010 2983 5066; x_wconf 87' lang='lat' dir='ltr'><strong>Veronen.</strong></span> <span class='ocrx_word' id='word_1_885' title='bbox 3025 5008 3248 5079; x_wconf 81' lang='lat' dir='ltr'><strong>Abneget</strong></span> <span class='ocrx_word' id='word_1_886' title='bbox 3287 5006 3636 5076; x_wconf 82' lang='lat' dir='ltr'><strong>semetipsum,</strong></span> <span class='ocrx_word' id='word_1_887' title='bbox 3667 5013 3714 5057; x_wconf 89' lang='lat' dir='ltr'><strong>et</strong></span> <span class='ocrx_word' id='word_1_888' title='bbox 3757 5018 3844 5054; x_wconf 84' lang='lat' dir='ltr'><strong>su-</strong></span> 
     </span>
    </p>
   </div>
   <div class='ocr_carea' id='block_1_112' title="bbox 2246 5091 3844 5173">
    <p class='ocr_par' dir='ltr' id='par_1_112' title="bbox 2246 5091 3844 5173">
     <span class='ocr_line' id='line_1_119' title="bbox 2246 5091 3844 5173; baseline -0.009 -13"><span class='ocrx_word' id='word_1_889' title='bbox 2246 5105 2384 5160; x_wconf 84' lang='lat' dir='ltr'><strong>blata</strong></span> <span class='ocrx_word' id='word_1_890' title='bbox 2427 5120 2573 5158; x_wconf 84' lang='lat' dir='ltr'><strong>cruce</strong></span> <span class='ocrx_word' id='word_1_891' title='bbox 2602 5119 2698 5157; x_wconf 85' lang='lat' dir='ltr'><strong>sua</strong></span> <span class='ocrx_word' id='word_1_892' title='bbox 2738 5111 2981 5173; x_wconf 79' lang='lat' dir='ltr'><strong>sequatur</strong></span> <span class='ocrx_word' id='word_1_893' title='bbox 3025 5118 3123 5155; x_wconf 86' lang='lat' dir='ltr'><strong>nte.</strong></span> <span class='ocrx_word' id='word_1_894' title='bbox 3174 5098 3382 5154; x_wconf 90' lang='lat' dir='ltr'><strong>Velusti</strong></span> <span class='ocrx_word' id='word_1_895' title='bbox 3425 5095 3642 5151; x_wconf 90' lang='lat' dir='ltr'><strong>codices</strong></span> <span class='ocrx_word' id='word_1_896' title='bbox 3687 5091 3844 5148; x_wconf 89' lang='lat' dir='ltr'><strong>multi</strong></span> 
     </span>
    </p>
   </div>
   <div class='ocr_carea' id='block_1_113' title="bbox 2243 5180 3842 5267">
    <p class='ocr_par' dir='ltr' id='par_1_113' title="bbox 2243 5180 3842 5267">
     <span class='ocr_line' id='line_1_120' title="bbox 2243 5180 3842 5267; baseline -0.009 -17"><span class='ocrx_word' id='word_1_897' title='bbox 2243 5196 2382 5267; x_wconf 86' lang='lat' dir='ltr'><strong>apud</strong></span> <span class='ocrx_word' id='word_1_898' title='bbox 2425 5195 2556 5250; x_wconf 87' lang='lat' dir='ltr'><strong>Mill.</strong></span> <span class='ocrx_word' id='word_1_899' title='bbox 2593 5193 2722 5250; x_wconf 89' lang='lat' dir='ltr'><strong>Var.</strong></span> <span class='ocrx_word' id='word_1_900' title='bbox 2770 5193 2920 5248; x_wconf 84' lang='lat' dir='ltr'><strong>Lect.</strong></span> <span class='ocrx_word' id='word_1_901' title='bbox 2971 5208 3077 5246; x_wconf 88' lang='lat' dir='ltr'><strong>non</strong></span> <span class='ocrx_word' id='word_1_902' title='bbox 3117 5191 3320 5246; x_wconf 86' lang='lat' dir='ltr'><strong>habent</strong></span> <span class='ocrx_word' id='word_1_903' title='bbox 3357 5186 3601 5258; x_wconf 85' lang='lat' dir='ltr'><strong>quotidie.</strong></span> <span class='ocrx_word' id='word_1_904' title='bbox 3658 5180 3842 5254; x_wconf 86' lang='lat' dir='ltr'><strong>Aliqui</strong></span> 
     </span>
    </p>
   </div>
   <div class='ocr_carea' id='block_1_114' title="bbox 2239 5280 3843 5356">
    <p class='ocr_par' dir='ltr' id='par_1_114' title="bbox 2239 5280 3843 5356">
     <span class='ocr_line' id='line_1_121' title="bbox 2239 5280 3843 5356; baseline -0.007 -13"><span class='ocrx_word' id='word_1_905' title='bbox 2239 5290 2400 5344; x_wconf 79' lang='lat' dir='ltr'><strong>etiam</strong></span> <span class='ocrx_word' id='word_1_906' title='bbox 2464 5298 2628 5342; x_wconf 88' lang='lat' dir='ltr'><strong>totam</strong></span> <span class='ocrx_word' id='word_1_907' title='bbox 2679 5287 2818 5341; x_wconf 89' lang='lat' dir='ltr'><strong>hanc</strong></span> <span class='ocrx_word' id='word_1_908' title='bbox 2863 5287 3194 5356; x_wconf 89' lang='lat' dir='ltr'><strong>pericopam,</strong></span> <span class='ocrx_word' id='word_1_909' title='bbox 3242 5280 3389 5337; x_wconf 85' lang='lat' dir='ltr'><strong>tollat</strong></span> <span class='ocrx_word' id='word_1_910' title='bbox 3440 5295 3643 5335; x_wconf 84' lang='lat' dir='ltr'><strong>crucem</strong></span> <span class='ocrx_word' id='word_1_911' title='bbox 3690 5292 3843 5332; x_wconf 80' lang='lat' dir='ltr'><strong>suam</strong></span> 
     </span>
    </p>
   </div>
   <div class='ocr_carea' id='block_1_115' title="bbox 2235 5367 3841 5452">
    <p class='ocr_par' dir='ltr' id='par_1_115' title="bbox 2235 5367 3841 5452">
     <span class='ocr_line' id='line_1_122' title="bbox 2235 5367 3841 5452; baseline -0.007 -17"><span class='ocrx_word' id='word_1_912' title='bbox 2235 5379 2483 5452; x_wconf 88' lang='lat' dir='ltr'><strong>quotidie,</strong></span> <span class='ocrx_word' id='word_1_913' title='bbox 2512 5380 2789 5434; x_wconf 86' lang='lat' dir='ltr'><strong>omittunt.</strong></span> <span class='ocrx_word' id='word_1_914' title='bbox 2820 5379 2893 5433; x_wconf 88' lang='lat' dir='ltr'><strong>At</strong></span> <span class='ocrx_word' id='word_1_915' title='bbox 2931 5377 3108 5432; x_wconf 80' lang='lat' dir='ltr'><strong>lerunt</strong></span> <span class='ocrx_word' id='word_1_916' title='bbox 3134 5375 3412 5429; x_wconf 89' lang='lat' dir='ltr'><strong>versiones</strong></span> <span class='ocrx_word' id='word_1_917' title='bbox 3454 5369 3704 5442; x_wconf 88' lang='lat' dir='ltr'><strong>Syriaca,</strong></span> <span class='ocrx_word' id='word_1_918' title='bbox 3729 5367 3841 5424; x_wconf 84' lang='lat' dir='ltr'><strong>Go-</strong></span> 
     </span>
    </p>
   </div>
   <div class='ocr_carea' id='block_1_116' title="bbox 2235 5463 3628 5543">
    <p class='ocr_par' dir='ltr' id='par_1_116' title="bbox 2235 5463 3628 5543">
     <span class='ocr_line' id='line_1_123' title="bbox 2235 5463 3628 5543; baseline -0.009 -15"><span class='ocrx_word' id='word_1_919' title='bbox 2235 5473 2399 5539; x_wconf 83' lang='lat' dir='ltr'><strong>thica,</strong></span> <span class='ocrx_word' id='word_1_920' title='bbox 2431 5471 2659 5543; x_wconf 86' lang='lat' dir='ltr'><strong>Vulgata</strong></span> <span class='ocrx_word' id='word_1_921' title='bbox 2685 5478 2740 5526; x_wconf 91' lang='lat' dir='ltr'><strong>et</strong></span> <span class='ocrx_word' id='word_1_922' title='bbox 2767 5470 2956 5524; x_wconf 87' lang='lat' dir='ltr'><strong>Latina</strong></span> <span class='ocrx_word' id='word_1_923' title='bbox 2989 5467 3234 5539; x_wconf 66' lang='lat' dir='ltr'><strong>quaedam</strong></span> <span class='ocrx_word' id='word_1_924' title='bbox 3265 5463 3628 5536; x_wconf 78' lang='lat' dir='ltr'><strong>exemplaria.</strong></span> 
     </span>
    </p>
   </div>
   <div class='ocr_carea' id='block_1_117' title="bbox 2301 5581 3838 5660">
    <p class='ocr_par' dir='ltr' id='par_1_117' title="bbox 2301 5581 3838 5660">
     <span class='ocr_line' id='line_1_124' title="bbox 2301 5581 3838 5660; baseline -0.006 -17"><span class='ocrx_word' id='word_1_925' title='bbox 2301 5588 2436 5643; x_wconf 89' lang='lat' dir='ltr'><strong>Luc.</strong></span> <span class='ocrx_word' id='word_1_926' title='bbox 2479 5603 2600 5660; x_wconf 89' lang='lat' dir='ltr'><strong>cap.</strong></span> <span class='ocrx_word' id='word_1_927' title='bbox 2650 5605 2756 5657; x_wconf 76' lang='lat' dir='ltr'><strong>xu,</strong></span> <span class='ocrx_word' id='word_1_928' title='bbox 2815 5589 2920 5654; x_wconf 87' lang='lat'><strong>27,</strong></span> <span class='ocrx_word' id='word_1_929' title='bbox 2973 5587 3028 5642; x_wconf 92' lang='lat' dir='ltr'><strong>in</strong></span> <span class='ocrx_word' id='word_1_930' title='bbox 3079 5584 3408 5650; x_wconf 87' lang='lat' dir='ltr'><strong>Vercellen.,</strong></span> <span class='ocrx_word' id='word_1_931' title='bbox 3452 5581 3735 5637; x_wconf 90' lang='lat' dir='ltr'><strong>Veronen.</strong></span> <span class='ocrx_word' id='word_1_932' title='bbox 3779 5584 3838 5634; x_wconf 77' lang='lat' dir='ltr'><strong>et</strong></span> 
     </span>
    </p>
   </div>
   <div class='ocr_carea' id='block_1_118' title="bbox 2229 5673 3834 5752">
    <p class='ocr_par' dir='ltr' id='par_1_118' title="bbox 2229 5673 3834 5752">
     <span class='ocr_line' id='line_1_125' title="bbox 2229 5673 3834 5752; baseline -0.004 -15"><span class='ocrx_word' id='word_1_933' title='bbox 2229 5679 2613 5738; x_wconf 77' lang='lat' dir='ltr'><strong>Vindobnncn.</strong></span> <span class='ocrx_word' id='word_1_934' title='bbox 2662 5691 2787 5752; x_wconf 89' lang='lat' dir='ltr'><strong>post</strong></span> <span class='ocrx_word' id='word_1_935' title='bbox 2816 5681 2927 5736; x_wconf 84' lang='lat' dir='ltr'><strong>tilia</strong></span> <span class='ocrx_word' id='word_1_936' title='bbox 2947 5720 2963 5748; x_wconf 93' lang='lat'><strong>,</strong></span> <span class='ocrx_word' id='word_1_937' title='bbox 2996 5678 3233 5744; x_wconf 90' lang='lat' dir='ltr'><strong>additur,</strong></span> <span class='ocrx_word' id='word_1_938' title='bbox 3280 5675 3425 5749; x_wconf 63' lang='lat' dir='ltr'><strong>agri,</strong></span> <span class='ocrx_word' id='word_1_939' title='bbox 3456 5683 3514 5733; x_wconf 88' lang='lat' dir='ltr'><strong>et</strong></span> <span class='ocrx_word' id='word_1_940' title='bbox 3540 5675 3617 5731; x_wconf 85' lang='lat' dir='ltr'><strong>ita</strong></span> <span class='ocrx_word' id='word_1_941' title='bbox 3647 5673 3834 5747; x_wconf 76' lang='lat' dir='ltr'><strong>legunt</strong></span> 
     </span>
    </p>
   </div>
  </div>
