3950 6176
524 234 626 291 105

1879 227 2415 285 PROLEGOMENA.

3730 229 3846 285 i0!

525 349 837 404 Sanctorum
867 361 1076 400 suorum
1128 341 1526 410 Prw/telarum.
1560 338 1851 393 Corheien.
1902 356 1989 410 per
2033 356 2089 392 os
2145 344 2195 402 Α
2298 343 2448 409 Quod
2489 357 2605 396 vero
2637 342 2896 412 pollicitus
2944 353 3018 398 est
3048 345 3154 398 illis
3183 342 3464 415 (Christus
3497 341 3846 416 Apostolis)

523 452 815 497 sanctorum
838 438 1219 511 prophetarum.
1253 433 1618 490 Tertullianus
1647 447 1765 502 pag.
1798 431 1898 486 187
1941 439 1998 486 et
2020 431 2116 485 188

529 553 618 608 per
649 553 704 589 os
729 533 1122 605 PrOphetarum.

595 631 728 686 Luc.
761 644 878 697 cap.
911 642 978 692 ιι,
1011 625 1076 679 14
1099 665 1113 689 ,
1150 623 1451 677 Vercellen.
1507 622 1558 672 in
1606 635 1713 672 exc.
1743 657 1759 674 .
1793 617 1861 670 sis
1884 659 1896 679 ,
1928 614 2117 684 supple

527 723 765 778 lacunam
797 736 862 773 ex
888 717 1010 774 Gat.
1043 725 1096 770 et
1126 715 1362 769 Brixian.
1397 713 1484 781 qui
1518 712 1748 777 habent,
1782 712 1833 761 in
1863 709 2076 762 excelsis
2100 748 2114 770 ,

522 825 574 870 et
600 816 667 867 ita
695 815 754 866 S.
792 811 1032 866 [renatus
1063 807 1117 860 in
1157 806 1250 860 lib.
1278 821 1335 858 ιιι
1366 813 1550 858 contra
1585 803 1862 866 llterescs,
1890 811 2020 854 tom.
2061 814 2114 861 ι,

521 923 642 979 pag.
679 907 802 971 186,
831 913 885 959 et
911 900 1362 970 S.‘Hieronymus
1412 897 1464 950 in
1504 896 1599 950 lib.
1636 911 1650 948 ι
1699 893 2117 949 commentario—

519 1017 638 1056 rntn
664 1000 716 1053 in
741 995 936 1052 Isaiam
962 1009 1082 1063 cap.
1113 991 1170 1056 2,
1213 997 1345 1043 tom.
1371 1003 1445 1052 IV,
1478 1002 1598 1057 pag.
1633 986 1723 1041 54.

593 1092 726 1146 Luc.
749 1105 868 1158 cap.
900 1103 968 1153 ιι,
1001 1086 1066 1140 14
1089 1126 1102 1148 ,
1147 1081 1450 1138 Vercellen.
1495 1096 1646 1146 super
1682 1088 1871 1130 terram
1898 1117 1911 1142 ,
1957 1085 2012 1130 et
2042 1075 2114 1129 ita

523 1203 661 1241 unus
693 1199 796 1238 ms.
839 1181 897 1236 S.
934 1176 1245 1248 Hieronymi
1293 1175 1390 1229 lib.
1445 1188 1462 1226 ι
1503 1171 2028 1228 Commentariorum
2061 1168 2112 1222 in

522 1281 717 1338 Isaiam
743 1293 861 1348 cap.
891 1276 947 1329 2.

1157 1347 1494 1409 EPlSTOLA

523 1464 814 1521 BLANCHINI
854 1477 920 1515 ,ιιι
959 1458 1188 1518 Joseru,
1230 1469 1275 1508 s.
1319 1469 1369 1505 ιι.
1435 1466 1470 1502 ι.
1533 1462 1768 1502 conm-zu
1829 1461 1894 1499 nr;
1960 1443 2113 1495 Tuon

741 1558 810 1597 ετ
851 1541 1190 1601 Honesrma,
1224 1543 1512 1588 uI-tscorum
1551 1530 1895 1583 Guncuussu.

519 1643 757 1713 Josepho
783 1642 842 1696 S.
872 1641 934 1693 ιι.
967 1637 1009 1692 ι.
1037 1635 1219 1690 comiti
1247 1633 1313 1687 de
1335 1632 1527 1685 'l‘hunu
1561 1636 1616 1682 et
1642 1625 1934 1681 l-lohestein
1963 1624 2112 1693 cpi--

2217 449 2272 486 se
2302 434 2561 502 facturum
2591 435 2744 503 ipsos.
2772 435 3054 503 piscatores
3094 437 3396 501 hominum;
3419 453 3514 491 nec
3556 436 3614 490 id
3659 434 3849 490 verbis

2217 527 2540 580 solummodo
2597 529 2768 593 dixit,
2820 531 2910 584 sed
2976 546 3030 584 re
3076 531 3190 602 ipsa
3236 531 3496 586 cumulate
3533 529 3840 601 prwstilil;

2220 627 2514 688 tantamque
2559 620 2630 672 eis
2677 620 2774 672 vim
2837 637 2898 672 ac
2961 623 3238 692 potentiam
3285 622 3512 687 indidit,
3557 633 3616 676 ut
3667 621 3848 676 libros

2219 710 2595 768 conscriberent
2663 722 2812 778 atque
2884 713 3123 780 ederent;
3175 725 3327 785 utque
3356 719 3536 768 horum
3570 714 3846 769 librorum

2221 809 2362 853 tanta
2391 813 2517 854 esset
2541 804 2841 868 auctoritas,
2868 814 2920 857 ut
2947 805 3175 858 omnium
3205 815 3310 859 tam
3336 805 3636 859 Graecorum
3662 821 3840 874 quam

2221 889 2565 956 Barburorum
2611 894 2804 962 linguis
2850 897 3076 950 conversi
3101 937 3115 961 ,
3163 913 3194 949 a
3245 898 3441 951 cunctis
3468 897 3661 966 ubique
3706 913 3846 967 gen-

2217 982 2348 1035 tibus
2378 984 2603 1038 studiose
2645 986 3030 1050 ediscerentur;
3061 998 3107 1040 et
3150 1004 3208 1042 ea
3238 1003 3352 1056 qua:
3396 989 3448 1042 in
3493 989 3604 1042 illis
3644 990 3832 1042 conti-

2219 1083 2402 1128 nentur
2423 1117 2436 1139 ,
2468 1074 2656 1129 Divina
2698 1093 2805 1131 esse
2843 1078 3167 1132 crederentur
3201 1080 3443 1143 oracula,
3468 1089 3740 1150 quantum
3784 1078 3843 1132 id

2218 1167 2350 1219 ualet
2377 1166 2446 1220 ad
2471 1166 2806 1251 Diviniyatent
2835 1170 2942 1240 ejus
2974 1171 3240 1241 perspicue
3265 1171 3661 1227 declarandam.

2218 1301 2364 1357 idem
2415 1303 2676 1358 Eusebius
2737 1303 2790 1358 in
2853 1304 3189 1376 fragmento,
3257 1321 3288 1360 a
3355 1306 3566 1363 Joanne
3613 1307 3837 1364 Grabio

2287 1397 2475 1452 Gra'ce
2513 1407 2568 1452 et
2603 1397 2794 1453 Latine
2817 1398 2986 1452 allato
3023 1400 3074 1454 in
3105 1401 3272 1470 ipsius
3301 1400 3458 1457 Notis
3484 1402 3550 1455 ad
3580 1400 3835 1474 Spicile-

2290 1489 2436 1558 gium
2468 1489 2708 1553 Patrum,
2737 1504 2858 1544 saec.
2889 1505 2961 1556 ιι,
3009 1505 3131 1561 pag.
3158 1491 3286 1546 252.

2288 1621 2361 1676 Οὖ
2397 1626 2482 1676 καί
2507 1624 2612 1678 καθ’
2641 1623 2753 1684 ὅλης
2793 1633 2883 1684 τῆς
2923 1627 3217 1697 οἰκουμένης
3257 1626 3502 1696 ἐκλάμπει
3528 1627 3588 1682 τὸ
3621 1623 3796 1698 ὄνομα
3820 1666 3842 1695 ,

590 1751 728 1805 copo
757 1729 1023 1788 Gurcensi
1071 1727 1276 1798 optimo
1315 1722 1517 1790 Joscph
1566 1721 1895 1774 Blanchinns
1942 1716 2111 1770 Vero-

2233 1721 2305 1772 ιαί
2334 1717 2359 1772 ό
2390 1718 2535 1790 λόγος
2562 1721 2654 1779 τὰς
2680 1726 2780 1773 τὼν
2804 1720 3083 1794 ἀνθρώπων
3126 1719 3309 1790 ψυχὰς
3354 1721 3705 1792 καταυγάζει.
3745 1719 3838 1774 διὰ

592 1827 779 1884 nensis
803 1867 817 1891 ,
849 1824 1131 1895 presbyter
1157 1815 1592 1889 congregatiOnis
1613 1812 1847 1869 Oratorii
1882 1809 2112 1866 Romani

593 1924 930 1979 felicitatem.

591 2038 784 2093 Solent
822 2029 1098 2094 nonnulli,
1141 2025 1341 2083 Prmsul
1375 2021 1774 2092 sapientissime
1798 2061 1811 2083 ,
1845 2017 2112 2072 interdum

525 2131 784 2204 quasdam
823 2127 1142 2181 Sanctorum
1193 2123 1409 2175 Patrum
1455 2118 1616 2170 nimis
1659 2129 1851 2184 urgere
1900 2119 2088 2166 senten

525 2225 648 2289 tias,
679 2223 958 2288 aiuntque,
991 2219 1172 2272 statim
1220 2229 1282 2267 ac
1314 2209 1577 2266 Gentibus
1610 2204 1888 2275 Evangelii
1932 2205 2112 2258 lumen

518 2315 732 2378 illuxit,
766 2321 820 2368 et
847 2309 1019 2366 Graeci
1079 2307 1279 2376 pariter
1339 2318 1402 2356 ac
1431 2301 1638 2364 Latini,
1675 2297 2002 2364 Barbarique
2050 2293 2116 2346 ab

523 2406 788 2478 apostolis
837 2406 889 2457 in
921 2399 1122 2457 Christi
1180 2395 1420 2451 doctrina
1480 2401 1605 2448 sunt
1655 2387 1922 2451 instituti,
1956 2386 2114 2439 innu-

521 2513 697 2555 meras
738 2512 873 2567 pene
923 2492 1234 2549 Divinarum
1275 2488 1679 2557 Scripturartnn
1734 2489 1948 2535 exortas
1997 2492 2117 2532 esse

524 2593 844 2655 versiones,
893 2601 1120 2658 quarum
1164 2583 1362 2645 ductu,
1397 2579 1462 2633 ad
1511 2577 1748 2632 omnium
1796 2571 2116 2643 pepulerunt

521 2685 779 2746 haustus,
835 2681 1098 2734 Salutares
1145 2690 1298 2745 aqua:
1357 2670 1714 2726 decurrerent
1772 2663 2114 2732 eloquiorum

525 2777 640 2831 Dei.
683 2771 941 2840 Quamvis
994 2778 1172 2822 autem
1219 2762 1531 2834 apostolica:
1581 2754 1978 2830 prmdicationis
2032 2768 2118 2806 se-

531 2869 700 2934 mina,
729 2863 1038 2921 cwlestibus
1069 2859 1174 2913 illis
1205 2855 1454 2911 laticibus
1485 2853 1736 2913 irrorata,
1773 2849 1944 2901 instar
1965 2844 2118 2915 grani

519 2958 757 3028 sinapis,
792 2953 1027 3008 aluerint
1059 2950 1134 3020 .in
1188 2948 1449 3002 unitatem
1493 2941 1652 3006 lidei,
1724 2935 2006 3008 sapientia:
2062 2942 2117 2988 et

521 3051 762 3107 scientiae
790 3045 1168 3120 mysteriorum
1199 3042 1338 3110 ejus,
1369 3053 1490 3093 cum
1519 3038 1749 3107 printutn
1777 3034 1826 3086 in
1850 3029 2116 3086 Gentibus

2216 1817 2306 1871 τῆς
2336 1813 2494 1866 αὐτοῦ
2524 1811 2900 1888 παραδοθείσης
2931 1820 3018 1866 τοῦ
3051 1813 3339 1885 εὐαγγελίου
3367 1820 3564 1886 γραφῆς
3597 1815 3840 1884 παντοία

2215 1904 2415 1976 γλώττῃ
2429 1905 2649 1980 έλληνικῇ
2662 1925 2715 1960 τε
2730 1909 2812 1958 καὶ
2833 1905 2932 1980 βαρ
2941 1905 3081 1980 ϐάρῳ
3094 1905 3497 1977 μεταϐληθείσης
3513 1946 3524 1967 ,
3537 1906 3811 1968 εἰςέξὰκου
3824 1935 3840 1943 -

2215 1997 2336 2052 στόν
2348 2017 2401 2052 τε
2425 2004 2556 2052 πᾶσι
2574 2006 2680 2058 τοῖς
2693 1995 2877 2053 ἔθνεσιν
2891 1998 2960 2071 ἐφ’
2979 1998 3200 2058 ἑκάστης
3213 2000 3306 2070 ἠμέ
3309 2019 3406 2074 ρας
3417 2003 3840 2073 κηρυττομενής.

2288 2135 2549 2206 Loquitur
2596 2136 2860 2191 Eusebius
2897 2136 2985 2191 hic
3011 2135 3080 2192 de
3109 2135 3317 2192 Joanne
3364 2135 3476 2190 lilio
3527 2135 3793 2191 Zebedazi
3821 2179 3837 2204 ,

2216 2229 2367 2297 cuius
2390 2237 2434 2281 et
2463 2244 2645 2282 nomen
2673 2227 2795 2300 (ait)
2825 2245 2914 2299 per
2944 2231 3240 2282 universum
3305 2228 3478 2282 orbem
3508 2227 3838 2294 celebratur,

2217 2329 2263 2372 et
2301 2319 2537 2373 doctrina
2586 2321 2849 2374 hominum
2879 2322 3078 2375 animos
3107 2321 3378 2375 collustrat
3401 2361 3416 2386 ,
3473 2321 3671 2374 tradita
3703 2321 3842 2387 ipsis

2219 2409 2486 2482 Evangelii
2520 2412 2812 2483 Scriptura,
2842 2428 2955 2481 qua:
2983 2413 3036 2465 in
3062 2427 3259 2466 omnem
3287 2412 3539 2482 linguam,
3578 2410 3835 2466 Graecam

2219 2502 2416 2573 pariter
2441 2515 2488 2556 et
2514 2501 2798 2556 Barbarum
2851 2507 3102 2558 translata
3129 2513 3232 2569 est,
3262 2513 3309 2558 et
3335 2513 3387 2558 ut
3426 2519 3604 2558 omnes
3635 2502 3838 2560 Gentes

2217 2595 2494 2650 exaudiant
2521 2637 2535 2661 ,
2564 2595 2788 2666 quotidie
2815 2597 3139 2668 prwdicatur.

2221 2739 2281 2795 S.
2311 2738 2548 2794 Joannes
2569 2738 2985 2810 Clll‘)’SO:t0llNlS
3032 2740 3188 2795 llom.
3221 2756 3394 2806 Lxxx,
3425 2740 3495 2795 al.
3559 2755 3735 2796 LXXXI
3780 2742 3835 2797 in

2293 2830 2629 2895 Mattha-um,
2678 2829 2834 2900 juxta
2882 2832 3027 2888 Edit.
3081 2832 3446 2887 Montlaucon.
3489 2830 3651 2887 Tom.
3716 2849 3836 2902 vn,

2295 2939 2414 2994 pag.
2448 2923 2572 2990 767,
2609 2923 2712 2977 Lit.
2752 2924 2809 2977 Β.

2291 3038 2409 3095 Ὀτι
2448 3038 2502 3094 δὲ
2544 3039 2702 3116 πόρνη
2753 3045 2881 3114 γυνή
2929 3038 3099 3095 ἔλαιον
3147 3042 3349 3113 ἐξέχεεν
3379 3043 3428 3095 ἐν
3457 3043 3589 3117 οἰκίᾳ
3633 3043 3838 3120 λεπροῦ

515 3147 660 3215 jacta
690 3150 814 3198 sunt
839 3109 906 3195 ab
937 3139 1047 3193 illis
1078 3133 1344 3190 Dotniniei
1371 3131 1480 3201 agri
1515 3127 1810 3191 satoribns,
1835 3123 2031 3194 quibus
2060 3120 2112 3174 itt

2233 3155 2375 3197 τινος,
2411 3131 2610 3189 δώδεκα
2661 3131 2854 3210 ἀνδρῶν
2908 3135 3192 3209 παρόντων,
3239 3143 3390 3192 τοῦτο
3419 3137 3609 3196 πάντες
3641 3136 3838 3211 ᾅδουσι

518 3237 784 3292 mandatis
809 3243 959 3297 erat,
1009 3241 1101 3296 ut,
1131 3237 1323 3283 euntes
1386 3225 1439 3277 in
1490 3222 1747 3276 mundum
1804 3221 2114 3272 universum

523 3327 886 3400 praedicarent
915 3322 1267 3390 Evangelium
1293 3317 1438 3369 omni
1467 3322 1750 3375 creaturae,
1771 3312 1988 3378 jamque
2015 3307 2115 3360 sub

519 3399 750 3477 Neronis
781 3417 1008 3486 imperio
1037 3414 1276 3468 divinqu
1321 3409 1478 3478 Legis
1525 3404 1850 3476 pratconium
1895 3399 2114 3454 ultimas

521 3516 638 3571 fere
669 3511 850 3567 mundi
895 3508 1144 3580 regiones
1183 3504 1543 3575 pervasisset,
1578 3507 1637 3553 ut
1676 3498 1872 3552 Paulus
1905 3497 1970 3549 ad
2009 3495 2115 3548 lto-

524 3623 717 3665 manos
759 3607 898 3676 (cap.
934 3617 981 3669 ι,
1012 3619 1060 3655 r.
1094 3600 1151 3669 8)
1191 3596 1438 3653 scribens
1473 3603 1554 3648 est
1586 3591 1920 3662 gratulatus;
1955 3589 2110 3642 innu-

521 3717 702 3758 tueras
748 3709 964 3760 tamen,
1018 3696 1184 3748 immo
1232 3690 1508 3745 nationum
1559 3701 1694 3756 pene
1741 3683 2112 3738 universarum

522 3793 844 3851 vernaculas
869 3790 978 3859 jam
1017 3798 1129 3841 tum
1175 3785 1447 3841 esstitisse
1486 3781 1766 3835 versiones
1788 3819 1801 3840 ,
1835 3777 1964 3830 mihi
1996 3792 2116 3842 per-

518 3886 772 3948 suadere,
804 3882 891 3936 vix
921 3895 983 3935 ac
1013 3895 1079 3933 ne
1107 3877 1194 3931 vix
1219 3873 1435 3944 quidem
1478 3887 1716 3940 possunt.
1751 3869 1936 3940 Neque
1991 3883 2115 3921 san-

519 3990 734 4034 ctorum
759 3976 976 4030 Patrum
1026 3979 1260 4025 mentem
1307 3964 1542 4020 arbitror
1591 3972 1869 4017 asset-utos
1925 3976 2116 4015 omnes

519 4070 817 4138 scriptores
857 4065 978 4120 illos
1001 4105 1015 4128 ,
1044 4062 1166 4132 qui,
1195 4060 1260 4114 ad
1294 4067 1684 4129 prteconceptae
1723 4055 1992 4124 opinionis
2023 4054 2116 4108 dc-

521 4163 859 4226 lensionetu,
910 4156 1166 4214 nonnulla
1193 4151 1507 4209 eorumdcm
1549 4150 1856 4205 testimonia
1907 4149 1957 4202 in
2004 4165 2116 4202 mc-

517 4256 665 4312 dium
697 4252 992 4324 protulere,
1026 4263 1144 4318 quae
1187 4246 1320 4300 nihil
1362 4242 1561 4298 iaciunt
1590 4241 1654 4294 ad
1690 4255 1836 4305 rem,
1880 4239 1966 4294 vel
1996 4254 2116 4308 qua:

517 4364 652 4417 Opus
684 4346 882 4401 habent
912 4343 1086 4412 aliqua
1117 4354 1223 4394 non
1249 4335 1596 4409 hyperbolica
1636 4333 2111 4401 interpretatione.

520 4437 656 4493 Volo
686 4436 803 4500 hic,
847 4435 926 4488 vir
953 4430 1343 4494 eruditissime,
1375 4425 1680 4497 pra3cipuos
1711 4423 1906 4477 all'erre
1938 4423 2107 4486 locos,

519 4531 572 4585 in
601 4526 795 4598 quibus
825 4527 924 4595 ipsi
957 4537 1204 4591 magnam
1231 4520 1335 4573 vim
1373 4517 1602 4588 positam
1650 4523 1874 4584 putant,
1907 4513 2001 4569 sed
2031 4522 2110 4567 ta-

519 4637 644 4678 men
667 4619 756 4691 qui
788 4633 908 4673 meo
928 4615 1130 4686 judicio
1155 4611 1288 4667 nihil
1319 4608 1675 4666 Concludunt.

523 4740 789 4800 Eusebius
826 4735 1138 4806 Pamphilus
1168 4735 1220 4788 in
1258 4733 1514 4789 Oratione
1545 4731 1612 4784 de
1655 4729 1926 4784 Laudibus
1970 4728 2114 4783 Cou-

593 4821 848 4947 sclatgini,
882 4817 1026 4873 Edit.
1065 4814 1301 4884 Mogunt.
1359 4827 1635 4876 uncum,
1668 4825 1788 4880 pag.
1847 4809 1986 4874 662,
2029 4810 2108 4862 lit.

593 4989 660 5042 Τό
689 4983 743 5040 δὲ
775 4981 1189 5057 ἐπαγγείλασθαι,
1229 4980 1311 5031 καί
1349 4977 1482 5050 λόγῳ
1524 4977 1614 5046 μὲν
1671 4977 1847 5039 εἰπεῖν,
1898 4971 2111 5050 ἔργῳδὲ

521 5088 736 5138 ποιῆσαι
767 5078 949 5134 αὐτοὺς
976 5073 1145 5132 ἁλιέας
1187 5071 1464 5146 ἀνθρώπων
1505 5071 1590 5123 καί
1636 5068 1896 5122 τοσαύτην
1935 5067 2111 5124 αὐτοῖς

522 5178 708 5252 ἀρετήν
737 5193 790 5228 τε
821 5173 904 5224 καί
930 5167 1140 5237 δύναμιν
1165 5171 1492 5239 παρασχεῖν,
1526 5164 1593 5222 ὡς
1641 5164 1724 5214 καὶ
1760 5161 1956 5236 γραφάς
1988 5181 2105 5212 συν-

520 5271 694 5333 τάξαι,
722 5269 809 5320 καί
847 5263 1056 5336 βίϐλους
1082 5255 1426 5332 παραδοῦναι,
1458 5257 1544 5308 καί
1572 5256 1768 5314 πάντας
1800 5255 1869 5313 εἰς
1894 5259 2112 5307 τοσοῦτο

524 5366 794 5438 κρατῦναι,
835 5359 902 5416 ὡς
932 5354 1037 5410 καθ’
1074 5351 1186 5412 ὁλης
1212 5358 1303 5410 τῆς
1334 5349 1874 5420 οἰκουμένης-παντοίᾳ
1903 5346 2112 5419 γλώσσῃ

523 5453 800 5528 Βαρϐάρων
830 5470 882 5504 τε
937 5451 1020 5501 καί
1044 5444 1282 5502 Ἑλλήνων
1308 5439 1769 5514 μεταϐαλλομένας,
1810 5438 1952 5510 παρὰ
1982 5442 2113 5489 πᾶσι

518 5555 627 5607 τοῖς
652 5544 814 5599 ἔθνεσι
842 5540 1167 5615 μελετᾶσθαι,
1203 5539 1287 5590 καί
1314 5533 1651 5589 πιστεύεσθαι
1683 5533 1790 5583 θεῖα
1817 5525 1943 5582 εἶναι
1969 5529 2114 5598 λόγια

521 5641 586 5696 τὰ
615 5639 665 5693 ἐν
693 5638 877 5696 αὐταῖς
898 5630 1338 5702 καταϐεϐλημένα,
1379 5624 1498 5678 ὅσον
1535 5625 1604 5682 εἰς
1645 5619 1898 5683 ἀπόδειξιν
1928 5620 2112 5694 ἐναργῆ

522 5742 615 5796 τῆς
645 5733 799 5790 αὐτοῦ
827 5729 1080 5786 θεότητος.
1105 5735 1114 5747 '

2221 3226 2352 3279 κατά
2371 3230 2462 3283 τήν
2491 3227 2806 3297 οἰκουμένην,
2837 3229 2924 3281 καί
2951 3229 3143 3302 χρόνος
3172 3236 3418 3289 τοσοῦτος
3448 3227 3637 3294 διῆλθε,
3679 3236 3775 3284 καί
3805 3234 3836 3290 ἠ

2219 3320 2386 3387 μνήμη
2415 3322 2506 3370 τοῦ
2553 3318 2821 3388 γενομένου
2867 3319 2957 3372 οὐκ
3001 3319 3252 3392 ἐμαράνθη
3275 3337 3285 3349 ·
3335 3321 3462 3376 ἀλλά
3487 3325 3574 3376 καὶ
3606 3324 3830 3400 Πέρσαι,

2220 3411 2305 3461 καὶ
2334 3405 2495 3471 Ἰνδοὶ,
2527 3412 2610 3462 καί
2638 3411 2838 3473 Σκῦϐαι,
2865 3413 2948 3464 καί
2978 3417 3177 3486 Θρᾶκες
3197 3453 3209 3476 ,
3241 3415 3329 3468 καί
3360 3414 3719 3488 Σαυρομάται,
3744 3417 3836 3468 καὶ

2218 3507 2276 3559 τὸ
2301 3513 2402 3558 τῶν
2431 3507 2650 3579 Μαύρων
2673 3507 2839 3579 γένος,
2882 3510 2969 3560 καὶ
3001 3507 3045 3561 οἰ
3074 3509 3168 3567 τὰς
3199 3509 3501 3580 Βρετανικάς
3533 3512 3728 3570 νήσους
3755 3513 3834 3564 οἰ-

2217 3602 2440 3662 κοῦντες,
2490 3597 2547 3650 τὸ
2594 3597 2642 3649 ἐν
2688 3595 2904 3672 Ἰουδαίᾳ
2951 3599 3218 3671 γενόμενον
3246 3599 3406 3673 λάθρα
3431 3600 3479 3654 ἐν
3507 3601 3645 3676 οἰκίᾳ
3678 3603 3835 3678 παρὰ

2217 3691 2455 3760 γυναικός
2485 3710 2548 3743 πε
2557 3710 2740 3764 πορνευ
2746 3691 2897 3760 μένης
2924 3693 3275 3768 περιφέρουσι.

2295 3782 2445 3846 Quod
2466 3792 2633 3836 autem
2658 3783 2900 3836 meretrix
2913 3783 3081 3837 oleum
3095 3785 3336 3853 effuderit
3357 3787 3409 3839 in
3430 3785 3584 3842 domo
3605 3787 3829 3857 lcprosi,

2220 3873 2490 3927 duodecim
2520 3874 2640 3929 uiris
2672 3875 3008 3943 pra'sentious
3030 3916 3044 3939 ,
3077 3875 3132 3928 id
3160 3893 3249 3947 per
3277 3876 3448 3930 orbem
3476 3888 3686 3932 cantant
3715 3897 3831 3933 ont-

2220 3983 2337 4032 nes,
2379 3983 2439 4019 ac
2469 3977 2584 4036 post
2615 3975 2811 4019 tantum
2843 3969 3088 4037 temporis
3135 3971 3208 4022 rei
3251 3981 3404 4041 gestia
3433 3974 3679 4026 memoria
3723 3991 3830 4027 non

2219 4058 2466 4111 minuitur
2496 4073 2513 4111 :
2541 4057 2628 4111 sed
2663 4056 2856 4124 Persa),
2891 4057 3033 4126 Indi,
3065 4059 3310 4130 Scyllae,
3339 4061 3587 4128 Thraces,
3622 4064 3833 4118 Sauro-

2221 4151 2431 4216 mathw,
2467 4150 2639 4203 Mauri
2662 4191 2676 4214 ,
2706 4152 2790 4217 qui
2820 4149 3147 4206 Britannicas
3171 4153 3616 4209 insulasincolunt
3645 4197 3661 4220 ,
3683 4156 3828 4225 quod

2219 4245 2271 4297 in
2300 4241 2491 4297 Judcea
2519 4244 2568 4296 in
2600 4243 2755 4296 domo
2777 4243 3022 4315 quadam,
3049 4261 3137 4300 nec
3159 4247 3331 4317 palam
3358 4263 3388 4300 a
3417 4249 3682 4303 meretrice
3712 4252 3831 4321 fac—

2219 4348 2327 4390 tum
2359 4346 2430 4390 est
2460 4337 2764 4407 praedicant.

2145 4499 2194 4558 ι)
2219 4473 2275 4530 S.
2328 4474 2564 4530 Joannes
2586 4471 3006 4546 Chrysostomus
3035 4475 3261 4532 Homilia
3309 4493 3347 4532 ιι
3375 4477 3515 4548 apud
3553 4478 3690 4533 alios
3723 4495 3740 4534 ι
3771 4481 3824 4562 in

2292 4564 2626 4621 S.Joannem
2654 4566 3238 4639 Evangelistam,juxta
3267 4569 3400 4624 edit.
3430 4561 3823 4640 lilonll'aucozr,

2297 4659 2452 4714 Tom.
2484 4674 2602 4724 vni,
2635 4674 2756 4729 pag.
2794 4660 2882 4725 lt),
2918 4659 2998 4714 lit.
3029 4661 3089 4715 Β.
3153 4690 3164 4697 —

2292 4793 2406 4871 ’.ἄρ’
2434 4797 2521 4850 οὐκ
2551 4796 2759 4856 εἰκότως
2785 4798 2957 4852 πάντα
2984 4798 3200 4856 ἐσϐέσθη
3233 4799 3413 4863 ἐκεῖνα,
3457 4801 3545 4853 καί
3573 4803 3824 4872 ἠφανίσθη

2221 4888 2419 4950 τὲλεον;
2448 4886 2672 4952 εἰκότως,
2699 4892 2786 4942 καί
2814 4892 2949 4944 κατὰ
2971 4889 3114 4963 λόγον
3134 4906 3144 4916 '
3178 4889 3281 4944 ἀλλ’
3313 4892 3371 4945 οὐ
3394 4893 3459 4946 τὰ
3485 4899 3578 4946 τοῦ
3608 4890 3820 4948 ἰδιώτου

2217 4983 2304 5034 καί
2343 4981 2686 5053 ἀγραμμάτου
2727 4979 2858 5040 οὗως
2883 4997 2895 5009 ·
2940 4982 3064 5035 ἀλλά
3093 4986 3178 5036 καί
3208 4993 3378 5056 Σύροι,
3421 4985 3508 5037 καί
3536 4981 3695 5049 Ἰνδοὶ,
3737 4988 3823 5039 καὶ

2220 5073 2430 5146 Πέρσαι,
2457 5073 2540 5124 καὶ
2559 5072 2810 5136 Αἰθίοπες,
2841 5075 2924 5126 καί
2952 5074 3116 5151 μύρια
3147 5075 3302 5149 ἕτερα
3341 5072 3478 5136 ἔθνη,
3512 5076 3584 5134 εἰς
3609 5080 3701 5133 τήν
3732 5077 3824 5130 αὖ·

2221 5171 2318 5219 τῶν
2365 5164 2734 5236 μεταϐαλόντες
2779 5164 3007 5236 γλῶτταν
3047 5169 3114 5220 τὰ
3150 5167 3295 5240 παρὰ
3345 5167 3528 5219 τούτου
3583 5163 3822 5238 δόγματα

2221 5257 2550 5327 εἰσαχθέντα.
2580 5254 2758 5328 ἔμαθον
2785 5252 3041 5328 ἄνθρωποι
3062 5256 3316 5332 βάρϐαροι
3336 5256 3641 5329 φιλοσοφεῖν.

2291 5347 2582 5416 Postquam
2610 5349 2818 5400 locutus
2851 5346 3106 5400 l'nitidem
3139 5347 3618 5402 SanctnsJoannes
3648 5345 3821 5418 Chry-

2217 5449 2490 5496 sostomus
2537 5439 2604 5495 tle
2647 5438 3020 5510 Pythagoricis
3050 5449 3105 5493 et
3137 5439 3428 5494 Platonicis
3476 5439 3812 5510 disciplinis,

2220 5535 2336 5588 hzec
2366 5533 2549 5588 subdit
2577 5551 2587 5586 :
2619 5533 2804 5586 Annon
2840 5535 2960 5604 jure
2991 5531 3081 5586 illa
3109 5534 3357 5588 exstincta
3387 5533 3587 5603 penitus
3627 5534 3818 5586 deletu-

2216 5642 2314 5695 que
2343 5625 2497 5678 sunt?
2530 5607 2676 5678 Certe
2706 5628 2829 5695 jure
2850 5639 2909 5676 ac
2941 5627 3141 5692 merito,
3176 5636 3228 5678 ut
3254 5625 3384 5677 ratio
3415 5625 3726 5693 postulabat.
3754 5624 3816 5676 At

2217 5732 2319 5772 non
2350 5717 2422 5770 sic
2448 5715 2563 5784 illa,
2593 5731 2706 5785 qua:
2731 5715 2798 5770 ad
2841 5715 3019 5770 rudem
3043 5717 3188 5771 illum
3211 5727 3259 5772 et
3291 5716 3612 5771 illitteratum
3655 5716 3814 5787 perti-
