3950 6176
118 227 208 282 {05

818 216 1155 277 EPISTULA
1195 214 1564 277 BLANCIIINI
1602 216 1694 274 AD
1736 215 2123 275 EPISCUPUM
2163 216 2608 277 GURCENSEM.

3246 228 3350 285 108

114 350 216 394 nent
243 354 259 391 :
288 350 446 392 verum
470 332 605 406 Syri,
637 331 902 406 ﬂgyptii,
936 332 1076 395 indi.
1110 332 1306 399 Perste,
1334 331 1612 403 .EtltiOpes
1638 373 1652 397 ,
1686 383 1694 396 ,

1801 334 1939 394 ἔντος
1966 340 2056 390 τοῦ
2088 334 2378 408 εὐαγγελίου
2407 336 2458 391 ἐν
2486 343 2596 397 τοῖς
2624 336 2892 412 γράμμασι
2923 346 3024 396 τῶν
3050 339 3354 416 ἑϐδομήκονο

112 430 500 496 innumerateque
523 424 642 481 alia:
667 424 878 492 Gentes,
907 425 1149 496 dogmata
1171 425 1234 479 ab
1259 425 1359 479 illo‘
1378 424 1588 478 inducta
1605 425 1657 478 in

1801 447 1829 481 tt
1854 424 1947 481 δύο
1974 426 2245 499 γλωσσῶν,
2275 430 2364 483 καὶ
2384 429 2556 495 ἐθνῶν,
2582 427 2834 487 ἀδύνατόν
2857 433 2973 488 ἔστι
2999 434 3349 513 ραδιουργὶαν,

119 521 321 593 linguam
342 536 469 576 suam
494 521 877 591 transferentes,
899 514 1102 571 barbari
1131 516 1247 571 licet
1276 526 1461 581 essent,
1492 515 1662 586 philo-

1818 520 2048 590 μείωσιν,
2081 518 2112 579 ἦ
2141 520 2430 594 προσθήκην
2457 520 2757 593 ὑπομεῖναι,
2777 523 2931 579 αὐτῶ.
2955 520 3053 599 κᾷν
3080 530 3179 603 γὰρ
3209 534 3354 600 μιᾶς.

118 613 304 680 sap/tari
325 610 614 665 didicerunt.

1763 608 1794 669 ii
1849 614 1935 667 καὶ
1986 609 2232 688 δευτέρας
2270 612 2497 686 γλώττης
2544 614 2861 689 ἐπεχείρησέ
2902 636 2982 677 τις
3023 618 3258 676 necom
3292 622 3354 675 τὰ

184 706 376 764 Sanctus
399 703 755 775 Hieronymus
801 703 855 758 iu
885 704 1260 759 Commentar.
1302 702 1358 759 iu
1392 702 1662 774 psalmum

1803 702 1963 768 ιϐλία,
2012 704 2265 777 ἡλέγχιτο
2308 705 2451 765 εὐθὺς
2493 704 2598 760 ὑπο
2652 712 2752 761 τῶν
2806 700 2970 762 ἄλλων
3014 708 3360 784 ἑϐδομήκοντα

118 815 333 856 una:
359 799 601 856 Dominus
625 799 852 854 narrabit
892 798 947 854 in
978 798 1266 869 Scripturis
1309 797 1665 871 populorum:

117 894 163 947 in
189 892 449 963 Scripturis
500 892 727 948 Sanctis.
758 891 888 960 Qui:
914 891 1172 963 scriptura
1196 891 1409 963 populis
1432 888 1667 945 omnibus

117 984 289 1056 legittu,
315 984 403 1038 hoc
427 993 519 1050 est,
552 994 611 1039 ut
638 999 815 1040 omnes
837 982 1150 1055 intelligant.

178 1076 300 1132 idem
326 1075 475 1131 Praef.
514 1080 569 1131 in
611 1083 846 1147 quatuor
895 1075 1185 1147 Evangelia
1229 1075 1295 1130 ad
1329 1075 1617 1131 Damasum
1651 1091 1663 1129 :

119 1168 418 1224 Prctermitto
447 1168 701 1240 (inquit)
731 1184 817 1223 eos
859 1168 1083 1233 codices,
1126 1184 1253 1238 quos
1280 1185 1314 1222 a
1338 1166 1599 1232 Luciono,
1623 1177 1672 1222 et

125 1259 340 1333 Hesychia
365 1271 685 1334 nuncupatos
709 1276 992 1331 paucorum
1017 1260 1282 1316 hominum
1323 1259 1506 1314 asserit
1556 1275 1673 1329 per-

119 1370 239 1410 uersa
267 1356 498 1410 contentio
519 1396 536 1421 ,
564 1354 945 1423 quibusqutique
981 1368 1073 1408 nec
1114 1353 1169 1407 in
1198 1361 1302 1407 toto
1343 1351 1508 1407 Veteri
1548 1349 1671 1405 Ins-

120 1456 332 1503 trumenta
366 1457 475 1520 post
517 1444 670 1503 LXX
706 1446 1006 1517 interpretes
1030 1447 1300 1500 emendare
1337 1443 1464 1516 quid
1492 1444 1669 1511 licuit,

119 1554 199 1593 nec
218 1541 263 1594 in
292 1539 428 1595 Novo
471 1540 673 1613 profuit
700 1538 996 1595 emendasse
1023 1553 1042 1592 :
1065 1553 1181 1591 cum
1217 1536 1502 1591 multarum
1540 1535 1676 1591 Gen-

118 1633 223 1687 tium
243 1632 414 1706 linguis
433 1634 716 1706 Scriptura
734 1642 854 1687 ante
877 1630 1148 1700 translata,
1162 1630 1362 1698 doceat,
1388 1630 1525 1702 falsa
1542 1647 1674 1698 esse,

116 1742 209 1793 qua
232 1726 396 1781 addita
414 1737 558 1781 sunt.

172 1817 372 1874 Sanctus
399 1820 740 1889 Augustinus
762 1817 854 1873 lib.
896 1832 933 1873 ιι
969 1815 1037 1873 de
1060 1817 1316 1874 Doctrina
1344 1815 1674 1885 Christiana,

116 1922 216 1981 cap.
245 1910 293 1975 5,
319 1911 391 1967 ait
417 1928 431 1964 :
456 1909 546 1967 Ea:
571 1927 680 1983 quo
723 1910 918 1982 factum
955 1919 1065 1980 est,
1108 1919 1166 1966 ut
1210 1913 1362 1966 etiam
1408 1911 1682 1985 Scriptura

118 1998 298 2068 Diuma,
320 2018 417 2074 qua
450 2003 616 2057 tantis
641 2001 831 2057 morbis
858 2003 1196 2057 humanarum
1218 2003 1532 2058 voluntatum
1560 2002 1682 2057 sub-

121 2096 291 2149 uenitur
317 2136 334 2164 ,
356 2098 415 2151 ab
443 2113 549 2151 una
575 2096 764 2169 lingua
788 2099 1047 2169 profecta,
1079 2113 1181 2168 quo
1207 2106 1492 2169 opportune
1520 2097 1686 2169 potuit

122 2204 201 2260 per
217 2189 368 2244 orbem
384 2202 647 2246 terrarum
665 2190 1012 2255 dissentinari,
1044 2206 1134 2261 per
1157 2190 1327 2245 varias
1348 2191 1685 2262 interpretum

122 2284 295 2355 linguas
312 2285 455 2358 longe
479 2286 689 2353 lateque
714 2284 1047 2340 innotesceret
1073 2282 1318 2339 Gentibus
1343 2283 1413 2338 ad
1441 2282 1682 2338 salutent.

124 2394 177 2453 Β.
211 2396 575 2455 Theodoretus
623 2397 889 2455 Sermone
947 2413 979 2453 v
1028 2397 1098 2454 de
1166 2396 1369 2454 Natura
1442 2395 1688 2453 Hominis

244 2506 350 2562 pag.
378 2492 487 2550 555
508 2533 525 2560 ,
558 2490 674 2548 Lit.
701 2490 766 2547 Ο.
808 2491 898 2559 1).,
928 2489 1052 2547 Lut.
1096 2490 1268 2547 Paris.
1298 2505 1543 2549 uncam.

184 2612 306 2673 Τίνες
327 2620 413 2673 τῆς
438 2617 657 2670 Στοῖκῆς
687 2609 933 2686 αἱρέσεως
954 2608 1406 2684 προστατιύουσι,
1439 2606 1572 2667 rius;
1594 2608 1690 2660 τοῦ

127 2707 406 2778 Σταγειρίτου
434 2710 527 2764 τὴν
548 2700 891 2759 διδασκαλίαν
910 2700 1244 2776 κρατύνουσι,
1265 2703 1398 2760 τίνες
1417 2698 1553 2754 κατὰ
1570 2697 1693 2757 τοὺς

129 2796 354 2860 Πλάτωνος
392 2797 750 2853 πολιτεύονται
790 2794 978 2867 νόμους
998 2833 1016 2859 ,
1061 2798 1196 2856 τίνες
1240 2798 1330 2853 τήν
1377 2792 1468 2848 ὑπ’
1504 2792 1692 2847 ἐκείνου

127 2888 467 2963 immittam
513 2890 782 2947 πολιτείαν
818 2887 1153 2952 consumo;
1203 2885 1331 2941 ἀλλά
1370 2885 1566 2940 τούτων
1602 2883 1694 2955 μὶν

127 2989 210 3037 τῶν
544 2981 727 3039 οὐδένα
763 2980 1074 3038 διδάσκαλον
1103 2982 1243 3053 ’ἡμῖν
1281 2976 1525 3043 ἐπιδεῖξαι
1543 2975 1691 3035 δυνή-

126 3076 255 3130 σεσθε
275 3092 291 3104 ’
346 3080 496 3149 ἡμεῖς
553 3075 617 3132 δὲ
644 3115 661 3141 ,
706 3082 809 3130 τῶν
852 3073 1198 3129 ἀποστολικῶν
1243 3073 1330 3126 καὶ
1378 3075 1694 3147 προφητικῶν

125 3163 360 3243 δογματων
380 3173 439 3228 τὸ
460 3172 658 3249 κράτος
682 3170 907 3246 ἐναργῶς
954 3164 1299 3239 ἰπιδιίκνυμιν
1315 3181 1328 3195 ⁸
1359 3167 1512 3219 πᾶσα
1537 3164 1634 3238 γὰρ
1663 3163 1695 3221 ἡ

122 3261 300 3335 War
321 3264 473 3321 τῶνδε
494 3272 605 3321 τῶν
629 3264 788 3337 λόγων
815 3262 1076 3322 ἀνάπλεως
1100 3276 1115 3292 ⁶
1149 3262 1237 3316 καὶ
1302 3257 1551 3335 Ἐϐραίων
1565 3262 1699 3331 φωνή

124 3353 173 3408 οὗ
348 3359 421 3419 εἰς
446 3362 544 3417 τήν
581 3354 828 3415 Ἐλλήνων
874 3353 1179 3425 μετεϐλήθη,
1226 3351 1351 3407 ἀλλά
1396 3354 1481 3406 καὶ
1510 3352 1581 3411 εἰς
1607 3354 1699 3409 τήν

121 3443 347 3520 Ῥωμαίων
379 3452 469 3506 καὶ
489 3449 790 3522 Αἰγυπτίων
827 3449 912 3502 καὶ
939 3452 1140 3521 Περσῶν
1167 3446 1255 3498 καὶ
1283 3440 1450 3498 Ἰνδῶν
1477 3444 1564 3497 καὶ
1585 3439 1702 3518 ’Λρ-

122 3543 279 3609 μενὶων
294 3544 378 3598 καὶ
393 3542 602 3598 Σκυθῶν
620 3542 708 3596 καὶ
725 3545 1088 3617 Σαυροματῶν,
1105 3538 1190 3591 καὶ
1206 3533 1493 3594 συλλήϐδην
1514 3535 1699 3601 εἰπεῖν,

123 3635 184 3694 εἰς
198 3637 364 3699 πάσας
387 3637 487 3697 τὰς
521 3634 788 3709 τλόπτας,
817 3627 899 3692 αἶς
935 3629 1143 3687 ἅπαντα
1165 3630 1232 3686 τὰ
1257 3625 1373 3687 ἔθνη
1404 3626 1701 3704 κεχρημένοι

124 3724 335 3786 διατελεῖ.

182 3821 391 3888 Quinam
415 3818 581 3876 hodie
599 3827 748 3874 sectte
786 3815 980 3874 Stoica:
999 3814 1277 3886 praesident
1299 3853 1314 3878 ,
1340 3811 1551 3883 quinam
1576 3808 1698 3866 Sta-

122 3883 267 3988 giritte
306 3918 608 3975 doctrinam
634 3922 840 3970 tuentur
861 3953 879 3980 ,
931 3883 1017 3968 ubi
1046 3918 1164 3967 sunt
1192 3909 1280 3981 qui
1317 3908 1385 3962 ad
1410 3908 1547 3979 leges
1573 3883 1738 3963 Βία-⁸

125 4011 236 4065 tonis
274 4011 513 4067 civitates
539 4006 842 4081 gubernent,
867 4004 953 4078 qui
982 4003 1327 4075 conscriptam
1353 4000 1417 4056 ab
1447 4016 1506 4055 eo
1530 3998 1704 4070 reipu-

126 4101 252 4160 blicae
278 4109 511 4176 formam
538 4100 767 4173 amplexi
795 4099 943 4155 sint?
977 4098 1046 4152 At
1079 4096 1280 4152 nullam
1308 4097 1539 4167 profecto
1577 4092 1705 4167 dog-

127 4206 295 4251 matum
321 4197 548 4251 istorum
574 4192 833 4247 doctorem
859 4189 1002 4244 nobis
1019 4187 1284 4245 ostendere
1312 4186 1562 4258 poteritis.
1593 4184 1707 4241 Nos

126 4296 276 4342 autem
292 4288 432 4343 nobis
455 4298 805 4343 srosrouca
822 4295 1273 4345 PROPHETICEQUE
1299 4293 1580 4336 noenum:
1604 4278 1706 4332 vim

125 4390 166 4434 et
180 4381 326 4436 robur
345 4380 629 4451 manifeste
649 4377 986 4434 ostendimus.
1015 4374 1267 4431 Universa
1291 4374 1447 4439 enim,
1474 4387 1588 4444 quce
1612 4369 1708 4426 sub

1763 793 2011 867 γλωσσῶν
2039 796 2070 854 ἡ
2093 793 2397 869 ραδιουργία
2423 795 2577 855 αὕτη.

1838 884 2012 958 Igitur
2031 887 2163 956 ﬁdes
2188 888 2596 944 Christianorum
2620 900 2692 945 est
2714 890 2996 960 incuriosa,
3026 894 3081 948 in
3109 895 3334 965 simplici
3350 928 3362 936 -

1770 984 1892 1045 tate,
1924 987 1970 1033 et
1993 978 2296 1034 rectitudine
2335 980 2504 1035 cordis
2547 990 2705 1036 totam
2748 981 2991 1038 Divinam
3036 985 3363 1058 Scripturam

1770 1072 1997 1142 recipere
2024 1082 2267 1127 consuetu
2297 1114 2312 1140 ,
2337 1073 2556 1128 maxime
2577 1089 2696 1129 vero
2742 1076 3031 1145 doctrinam
3054 1094 3086 1130 a
3119 1076 3364 1134 l’atribus

1773 1164 2034 1222 traditam.
2068 1164 2216 1220 Dicta
2254 1166 2387 1221 enim
2418 1165 2732 1239 Evangelica
2770 1179 2815 1224 et
2854 1172 3138 1241 apostolica
3180 1174 3369 1228 scimus

1775 1259 2051 1312 universim
2098 1257 2370 1328 depravari
2396 1275 2497 1314 non
2517 1275 2762 1331 posse....
2792 1276 2850 1316 eo
2870 1261 3008 1332 quod
3036 1261 3373 1336 Enangelium

1776 1350 2104 1419 septuaginta
2130 1350 2350 1404 duarum
2383 1350 2680 1423 linguarum
2701 1361 2748 1405 et
2780 1352 3019 1407 Gentium
3044 1354 3226 1410 litteris
3250 1372 3368 1411 con-

1775 1443 2035 1514 signatum
2056 1444 2142 1498 sit.
2198 1442 2371 1511 Quare
2416 1444 2531 1513 ﬁeri
2575 1445 2784 1516 nequit,
2825 1456 2880 1501 ut
2909 1445 2991 1503 vel
3018 1446 3335 1504 detractione
3358 1491 3372 1517 ,

1776 1533 1855 1588 uel
1894 1533 2159 1589 additione
2186 1552 2217 1587 a
2245 1535 2510 1590 sceleratis
2550 1546 2928 1609 corrumpatur.
2956 1536 3097 1593 Nam
3120 1540 3237 1595 licet
3262 1542 3374 1610 quis

1778 1626 1935 1685 unius
1956 1628 2034 1682 uel
2059 1625 2270 1683 alterius
2297 1628 2489 1701 linguas
2533 1628 2688 1685 libros
2716 1632 2908 1701 falsare
2934 1643 3245 1700 conaretur;
3278 1634 3375 1689 im-

1706 1734 1756 1795 B
1781 1718 2007 1790 probitas
2024 1727 2194 1775 tamen
2222 1718 2678 1793 istadetegeretur,
2700 1731 2747 1777 et
2768 1722 3161 1795 redargueretur
3177 1725 3241 1779 ab
3259 1724 3378 1781 aliis

1777 1813 2101 1884 septuaginta
2130 1813 2340 1885 linguis.
3046 1854 3052 1859 -

1851 1905 2193 1963 Venerabilis
2222 1905 2366 1963 Beda
2413 1905 2510 1963 lib.
2540 1923 2558 1963 t
2610 1907 2749 1964 Hist.
2781 1910 3104 1982 Anglorum,
3138 1925 3260 1982 cap.
3302 1912 3372 1968 ιι

1783 1998 2061 2055 Britannia
2084 2000 2140 2055 in
2170 2000 2410 2070 praesenti
2430 2003 2588 2074 juxta
2617 2016 2887 2057 numerum
2907 2002 3176 2068 librorum,
3198 2003 3380 2075 quibus

1785 2091 1897 2148 Lex
1922 2090 2114 2147 Diuina
2139 2092 2332 2163 scripta
2351 2101 2448 2159 est,
2479 2093 2702 2163 quinque
2738 2093 2978 2149 Gentium
3004 2095 3195 2169 linguis
3223 2112 3380 2151 unum

1785 2183 2112 2256 eamdemque
2130 2200 2342 2240 summa
2360 2184 2601 2251 ueritatis,
2632 2202 2693 2240 ac
2713 2201 2845 2242 verte
2863 2186 3192 2244 sublimitatis
3214 2206 3259 2243 δι
3271 2190 3380 2244 ien-

1788 2278 1914 2333 tiam
1955 2285 2251 2345 scrutatur,
2308 2286 2359 2332 et
2409 2276 2729 2347 confitetur:
2776 2278 3060 2350 Anglorum
3109 2278 3380 2346 uidelicet,

1789 2367 2062 2424 Britonum
2085 2410 2100 2435 ,
2128 2368 2402 2425 Scotorum
2426 2410 2441 2435 ,
2475 2367 2751 2424 Pictonum
2803 2380 2849 2425 et
2898 2367 3205 2425 Latinorum
3228 2411 3244 2439 ,
3268 2386 3383 2442 qua:

1788 2462 2119 2519 meditatione
2161 2462 2552 2530 Scripturarttm
2600 2465 2796 2519 ueteris
2842 2464 3079 2520 omnibus
3125 2473 3199 2521 est
3245 2466 3385 2536 facta

1789 2554 2093 2610 communis.
2125 2552 2285 2610 Nullo
2315 2553 2368 2609 i'l
2398 2553 2628 2610 artiﬁcio
2657 2554 2978 2628 (conversam
3008 2555 3206 2611 scilicet
3230 2557 3387 2628 fuisse

1792 2647 2014 2704 Sacram
2035 2644 2382 2719 Scripturam)
2405 2663 2473 2704 ex
2505 2648 2666 2705 Beda:
2706 2648 2889 2707 verbis
2918 2651 3100 2708 citatis
3138 2667 3226 2706 me
3275 2653 3389 2708 col-

1793 2739 1966 2810 ligere
2011 2754 2170 2810 posse
2199 2737 2374 2795 fateor
2396 2779 2411 2805 ,
2442 2740 2612 2808 inquit
2642 2740 2909 2797 Henricus
2948 2740 3214 2799 Wartbon
3264 2760 3385 2814 pag.

1795 2830 1904 2887 466
1926 2833 2161 2889 Auctarii
2190 2832 2259 2888 de
2286 2831 2470 2887 Sacris
2492 2832 2693 2904 Script.
2727 2835 3053 2890 vernaculis.

1868 2922 1973 2990 En,
2007 2924 2203 2992 praesul
2231 2923 2564 2991 doctissime,
2610 2924 2880 2993 prmeipua
2910 2926 3238 2994 testimonia,
3269 2943 3391 2998 qua:

1799 3027 2083 3084 perperam
2107 3013 2383 3069 intellecta
2404 3056 2420 3082 ,
2450 3015 2533 3069 vel
2566 3014 2791 3069 nimium
2814 3026 3029 3082 vexata,
3064 3032 3092 3070 a
3123 3019 3395 3074 nonnullis

1721 3116 1766 3179 ς,
1800 3104 2090 3161 neotericis
2118 3103 2419 3160 all'eruntur
2447 3146 2461 3171 ,
2493 3104 2559 3159 ad
2594 3106 2941 3161 asserendam
2993 3104 3139 3162 illam
3188 3109 3397 3166 versio-

1803 3213 1931 3253 num
1961 3196 2405 3253 numerositatem
2447 3197 2501 3252 in
2538 3196 2831 3265 Gentibus,
2862 3214 2983 3270 quae
3014 3212 3116 3257 nec
3140 3198 3393 3269 sull'rapio

1802 3289 1991 3345 nititur
2039 3288 2421 3359 antiquorum,
2468 3303 2570 3345 nec
2619 3291 3105 3362 manuscriptorum
3148 3293 3396 3350 codicum

1802 3382 2158 3453 inspectione.
2184 3380 2447 3450 Quoniam
2470 3396 2599 3437 vero
2628 3382 2852 3453 triplicis
2874 3386 3086 3454 generis
3107 3395 3235 3441 sunt
3256 3386 3397 3445 dicta

1803 3473 2024 3555 Patrum
2049 3518 2064 3543 ,
2115 3489 2236 3544 (pun
2264 3474 2488 3530 recitavi
2514 3516 2530 3543 ,
2559 3473 2628 3531 ad
2657 3474 2890 3545 primum
2922 3491 3122 3534 revoco
3161 3494 3284 3534 cum
3311 3478 3394 3534 Cl.
3429 3472 3439 3481 ’

1803 3566 1965 3624 Patre
1992 3566 2068 3623 Le
2098 3566 2251 3639 Long
2294 3567 2419 3625 bina
2450 3583 2516 3625 ex
2543 3567 2601 3624 S.
2626 3566 2835 3625 Joanne
2854 3568 3269 3642 Chrysostomo,
3292 3581 3399 3628 ter-

1805 3660 1938 3717 tium
1962 3676 2030 3717 ex
2058 3659 2404 3717 Theodorelo
2423 3701 2438 3724 ,
2466 3668 2714 3731 quartum
2758 3677 2824 3718 ex
2866 3660 3173 3719 Venerabili
3210 3664 3356 3721 Beda
3382 3706 3399 3734 ,

1804 3768 1926 3824 qua:
1952 3768 2021 3810 ne
2049 3752 2312 3810 versionis
2333 3752 2555 3826 quidem
2580 3753 2853 3825 pepularis
2877 3755 3209 3812 mentionem
3238 3757 3399 3813 ullam

1805 3843 2030 3901 faciunt.
2064 3843 2146 3900 Ad
2192 3848 2521 3911 secundum,
2551 3845 2656 3901 alia
2685 3844 2795 3901 duo
2819 3862 2885 3903 ex
2934 3845 2994 3904 S.
3027 3848 3358 3921 Hieronymo
3383 3891 3398 3917 ,

1806 3946 1864 3996 et
1900 3939 2118 3996 tertium
2158 3953 2226 3994 ex
2265 3937 2586 4011 Augustino.
2637 3937 2832 3994 Multas
2871 3940 3086 4011 quidem
3130 3941 3255 3997 inde
3280 3957 3404 3997 ver-

1808 4032 1992 4088 sioues
2020 4029 2265 4086 nonnulli
2289 4030 2571 4100 colligunt.
2597 4028 2729 4086 Esto
2754 4029 2863 4086 illis
2886 4032 3217 4104 temporibus
3238 4036 3407 4089 exsti-

1811 4121 1977 4179 terint
2020 4122 2268 4192 plurimae
2296 4122 2411 4178 sive
2440 4120 2665 4188 Cratere,
2698 4123 2812 4178 sive
2840 4123 3073 4190 Latinae,
3104 4133 3213 4180 tum
3242 4127 3402 4181 etiam

1811 4214 2069 4288 Syriaca,
2117 4225 2224 4271 etc.
2251 4229 2439 4270 verum
2481 4213 2652 4269 multo
2692 4213 2902 4271 minore
2948 4231 3207 4285 numero,
3238 4233 3401 4289 quam

1810 4314 1944 4378 quot
1970 4321 2037 4362 ex
2065 4306 2148 4362 his
2177 4300 2312 4362 locis
2341 4305 2535 4362 volunt
2560 4305 2768 4381 inferri.
2816 4306 2898 4362 Ad
2946 4316 3277 4379 postremum
3309 4312 3403 4369 de-

1811 4399 1975 4470 nique
2024 4398 2332 4456 testimonia
2362 4398 2647 4469 desumpta
2672 4413 2741 4455 ex
2771 4397 3009 4454 Eusebio
3037 4397 3400 4471 Caesareensi,

128 4475 219 4528 sole
251 4484 323 4530 est
358 4484 504 4530 terra
534 4471 616 4526 his
643 4469 960 4525 sermonibus
997 4467 1191 4538 referta
1226 4474 1319 4522 est.
1345 4463 1414 4519 Et
1453 4463 1694 4519 Hebraicc

1813 4499 1870 4549 et
1889 4463 2183 4548 Anastasio
2212 4492 2418 4547 Sinaita
2454 4463 2587 4547 :sed
2619 4506 2726 4546 non
2759 4490 2886 4547 inde
2907 4492 3193 4549 coniicitur
3215 4536 3230 4562 ,
3260 4463 3401 4567 quod

130 4565 303 4639 Elaea,
318 4567 433 4642 (καὶ
452 4569 487 4626 ἦ
505 4565 725 4644 έϐραίων
733 4561 917 4638 φωνή),
931 4576 1033 4616 non
1052 4561 1108 4615 in
1127 4558 1421 4614 Graecorum
1432 4556 1584 4611 modo
1605 4555 1707 4611 lino

132 4674 264 4729 gum
274 4676 418 4716 uersa
426 4669 531 4726 est,
545 4655 637 4712 sed
647 4654 865 4711 etiamin
876 4652 1246 4717 Romanorum,
1261 4645 1706 4720 et£gyptiorum,

132 4747 515 4824 Persarumque,
538 4758 587 4805 et
609 4746 883 4810 Indorum,
914 4753 961 4800 et
986 4743 1323 4799 Armenorum
1346 4782 1363 4810 ,
1391 4747 1441 4796 et
1480 4738 1708 4811 Scytha-

132 4859 234 4898 rum
277 4863 334 4899 ac
360 4840 763 4907 Sarrnatorum,‘
808 4849 959 4910 atque
980 4846 1039 4893 ut
1067 4838 1227 4892 semel
1263 4835 1431 4889 dicam
1456 4874 1473 4903 ,
1520 4834 1576 4889 in
1609 4833 1711 4888 lin-

130 4948 247 5005 guas
291 4953 467 4992 omnes
493 4976 509 5003 ,
555 4931 740 5007 quibus
784 4930 851 4986 ad
899 4929 1033 4986 hanc
1077 4929 1213 4984 diem
1259 4926 1511 4982 Nationes
1554 4934 1709 4981 utun-

136 5034 230 5083 tur.

134 5136 182 5197 S.
208 5141 525 5201 Anastasius
555 5139 761 5199 Sinaita
789 5138 843 5211 in
874 5135 1016 5192 libro
1040 5175 1055 5201 ,
1087 5133 1178 5205 qui
1209 5130 1525 5190 inscribitur
1550 5173 1564 5200 ,
1593 5128 1713 5190 ὁδη-

548 5232 670 5308 γὸς,
709 5230 814 5285 γεω
838 5228 965 5294 dux,
996 5241 1119 5298 cap.
1146 5241 1282 5282 nu.

194 5350 384 5405 οἷαοῦν
408 5350 589 5406 πίστις
617 5342 922 5421 ἀπερίεργός
948 5343 1089 5398 ἐστιν
1117 5340 1144 5396 ὁ
1173 5336 1596 5416 χριστιανισμός,
1628 5336 1715 5391 καὶ

134 5434 251 5508 δέον,
281 5443 331 5496 ἐν
358 5440 608 5499 ἁπλότητι
659 5440 749 5493 καὶ
784 5436 1014 5495 εὖθύτητι
1060 5432 1271 5509 καρδίας
1315 5431 1584 5504 δέχεσθαι,
1627 5431 1716 5485 καὶ

136 5534 317 5591 ἀπύειν
358 5539 540 5591 πᾶσαν
579 5535 800 5609 γραφήν,
830 5533 919 5586 καὶ
941 5530 1168 5603 μάλιστα
1190 5530 1286 5589 τὰς
1311 5524 1673 5585 διδασκαλικὰς
1697 5540 1713 5557 ⁸

140 5626 185 5680 αἱ
210 5631 299 5699 μὲν
342 5630 446 5702 γὰρ
492 5624 836 5700 εὖατγιλικαὶ,
884 5625 972 5680 καὶ
1014 5610 1346 5680 ἀέτοστολικαὶ
1394 5616 1601 5691 οἴδαμεν
1639 5612 1719 5671 ὅτι

142 5718 385 5779 Winei
410 5723 526 5777 eiei.
572 5754 587 5772 .
632 5754 648 5770 .
694 5756 708 5770 .
752 5756 766 5769 .
815 5759 828 5772 .
874 5756 886 5769 .
933 5755 945 5767 .
991 5757 1004 5770 .
1045 5714 1127 5773 ὅτι
1144 5712 1454 5777 διαδοθέντος
1481 5714 1722 5791 artiﬁce--

570 5811 850 5876 Ρηιωι.
900 5802 1055 5872 XII.
1090 5812 1099 5818 ’

1813 4581 1956 4639 velle
1994 4582 2247 4640 videntur
2274 4583 2352 4638 illi
2380 4583 2706 4653 scriptores,
2740 4581 2993 4653 quodque
3019 4585 3155 4641 ratio
3176 4587 3403 4646 credere

1812 4690 1922 4731 non
1953 4674 2084 4730 sinit
2109 4715 2124 4741 ,
2179 4673 2382 4729 nullam
2410 4673 2538 4745 ﬁngi
2570 4688 2731 4744 posse
2777 4674 3053 4733 nationem
3081 4676 3403 4738 Christianis

1810 4767 2071 4825 imbutam
2096 4766 2380 4835 doctrinis,
2411 4767 2464 4823 in
2491 4768 2646 4837 cujus
2675 4767 2875 4824 idioma
2905 4777 3083 4849 textus
3111 4785 3263 4828 sacer
3293 4790 3401 4831 non

1812 4860 1978 4920 fuerit
2001 4860 2314 4918 translatus.
2337 4859 2540 4918 Auctor
2563 4860 2896 4932 praefationis
2915 4861 3209 4921 Bibliorum
3240 4866 3403 4939 Poly-

1816 4956 2109 5029 glottorum
2156 4954 2544 5012 Parisiensium
2573 4993 2592 5023 ,
2639 4963 2881 5011 autumat
2924 4958 3197 5015 exstitisse
3243 4961 3331 5016 vel
3371 4977 3406 5018 a

1816 5047 2151 5121 temporibus
2179 5047 2237 5104 S.
2266 5046 2586 5120 Hieronymi
2613 5047 2901 5104 Arabicam
2931 5049 3168 5121 aliquam
3200 5054 3409 5109 versio-

1819 5157 1946 5199 nem
1975 5140 2234 5198 librorum
2263 5139 2618 5217 quorumdam
2642 5141 2821 5197 Sacra:
2850 5139 3144 5215 Scriptura:
3169 5186 3184 5212 ,
3212 5145 3266 5200 in
3298 5149 3410 5217 pri-
3486 5158 3495 5169 '

1819 5235 1924 5293 mis
1971 5232 2095 5290 libri
2124 5232 2246 5291 Job.
2277 5231 2474 5290 Scribit
2498 5216 2642 5289 enim
2674 5250 2688 5286 :
2720 5232 2860 5287 Hinc
2882 5237 3161 5291 maximam
3198 5216 3410 5293 mutua-

1819 5335 1904 5383 tur
1925 5323 2419 5381 commendationem
2448 5365 2463 5389 ,
2502 5322 2640 5390 quod
2677 5324 2843 5379 sancti
2884 5325 3191 5399 Hieronymi
3219 5333 3412 5387 steculo

1819 5418 2031 5494 quidam
2054 5434 2082 5474 e
2109 5416 2291 5472 Sacris
2319 5415 2525 5470 Litteris
2564 5415 2661 5469 Itac
2689 5415 2867 5488 lingua
2897 5415 3204 5489 (Arabica)
3230 5420 3413 5489 scripti

1818 5512 2185 5582 reperirentur,
2207 5525 2421 5580 quorum
2447 5506 2644 5562 auxilio
2663 5507 2849 5562 librant
2872 5508 2974 5563 Job
3004 5511 3057 5562 in
3084 5507 3421 5575 septingentis

1821 5608 2002 5680 ferme,
2032 5618 2080 5663 et
2107 5606 2406 5678 octingentis
2426 5602 2671 5665 uersibus,
2706 5611 2761 5653 ut
2790 5617 2855 5655 eo:
2881 5603 3099 5671 prce/ima
3139 5597 3255 5650 huic
3283 5598 3423 5658 libro

1818 5701 2123 5779 praefatione
2155 5700 2489 5773 manifestum
2510 5701 2603 5760 est,
2635 5690 2875 5745 restituit.
2901 5692 2984 5779 lin
3009 5690 3067 5745 S.
3101 5685 3428 5757 Hieronymi

2896 5773 2937 5837 Ιι.
