3950 6176
551 232 650 289 107

1935 216 2151 274 PROLE

2260 215 2465 272 MENA.
3728 208 3815 271 108

547 348 713 405 verba
754 363 767 400 :
797 345 926 400 Han:
952 351 1120 398 autem
1144 341 1163 412 (
1180 349 1361 395 nostra
1387 337 1407 409 )
1436 336 1706 391 translatio
1737 336 1933 389 nullum
1964 335 2026 387 de
2055 350 2138 388 vc-
2167 337 2218 393 Α
2247 332 2487 388 tissimus
2507 330 2582 386 Le
2599 329 2748 402 Long
2769 341 2889 399 cap.
2907 327 2944 383 2
2972 327 3110 384 Bibl.
3139 326 3323 385 Sacrae
3345 341 3465 400 pag.
3503 326 3627 399 157)
3645 327 3819 398 hujus-

555 441 741 496 leribus
783 439 1008 508 sequitur
1048 436 1412 501 interpretem;
1460 430 1548 483 sed
1595 445 1656 482 ea:
1695 429 1806 496 ipso
1850 426 2138 492 Hebraico,

555 532 898 600 Arabicoque,
929 538 973 582 et
1002 524 1260 580 interdum
1291 523 1448 593 Syro,
1483 537 1617 574 nunc
1666 519 1834 584 verba,
1863 536 1998 571 nunc
2027 534 2142 571 sen-

558 640 664 690 sus,
699 637 833 676 nunc
852 617 1003 673 simul
1038 625 1308 682 utrumque
1329 612 1605 666 resonabit.
1635 610 1740 664 Sed
1771 611 1904 664 scite.
1926 608 2142 663 Walto-

557 729 658 768 nus
707 711 1001 781 prologum.
1054 708 1142 767 14,
1176 705 1204 777 §
1234 706 1298 760 17
1336 723 1349 758 :
1411 702 1530 757 Non
1562 703 1807 772 loquitur,
1836 703 2029 771 inquit,
2062 701 2144 755 hic

561 806 778 860 Sanctus
806 801 898 854 illo
925 800 1036 853 loco
1065 799 1129 850 de
1157 796 1384 850 versione
1413 795 1587 862 aliqua
1611 794 1854 857 Arabica,
1888 792 2004 846 licet
2034 794 2144 865 ejus

555 893 703 950 verba
733 893 898 962 primo
923 899 1133 958 aspectu
1160 889 1260 941 tale
1283 887 1406 958 quid
1442 889 1652 940 innuere
1676 887 1912 940 videntur
1940 902 1959 940 :
1982 885 2147 951 loqui-

555 1000 636 1042 tur
659 987 817 1049 enim,
843 995 895 1038 ut
923 984 1071 1038 verba
1090 985 1198 1056 ejus
1223 981 1446 1053 penitius
1462 981 1678 1034 intuenti
1696 981 1872 1053 liquet,
1899 980 1959 1034 de
1981 989 2148 1032 trans—

558 1081 750 1135 latione
768 1095 861 1133 sua
876 1077 1086 1141 Latina,
1115 1092 1266 1146 quam
1296 1092 1358 1129 ea:
1388 1073 1605 1128 Heber
1631 1078 1952 1139 traduxerat,
1982 1084 2028 1126 et
2053 1073 2147 1128 hoc

563 1181 762 1226 tantum
800 1170 1000 1231 innuit,
1032 1169 1084 1222 in
1111 1167 1242 1222 libro
1267 1166 1368 1221 Iob
1417 1165 1670 1220 Ilebraico
1699 1165 1948 1220 vocabula
1987 1165 2148 1218 multa

559 1264 779 1318 Arabica
805 1276 1090 1315 occurrere.

633 1354 995 1422 IEtbiOpicam
1024 1366 1238 1422 quoque
1283 1350 1574 1405 Bibliorum
1598 1351 1902 1405 versionem
1928 1349 2017 1422 (ab
2046 1348 2146 1403 ho-

557 1450 742 1507 dierna
791 1447 1057 1502 diversam
1083 1447 1122 1515 ).
1157 1445 1489 1514 temporibus
1516 1445 1885 1514 apostolorum
1919 1443 2148 1497 adorna-

563 1552 670 1599 tam
700 1540 868 1596 fuisse
899 1539 1140 1610 plerique
1171 1536 1462 1606 scriptores
1490 1545 1856 1590 asserueruut.
1884 1536 1988 1590 Eos
2011 1536 2152 1590 inter

559 1636 748 1690 Petrus
779 1633 964 1687 Victor
990 1629 1281 1700 Cajetanus
1304 1670 1318 1694 ,
1346 1627 1597 1700 Paradig.
1631 1627 1695 1680 de
1722 1628 1896 1698 lingua
1939 1625 2151 1680 xEthio-

2247 425 2392 480 modi
2423 425 2661 490 auctori,
2708 424 2796 493 qui
2846 422 3095 479 ducentis
3136 432 3189 476 et
3229 422 3463 492 amplius
3514 421 3670 477 annis
3715 432 3822 491 post

2245 515 2615 588 Chrysostomi
2648 515 2852 570 obitum
2901 530 2988 569 res
3027 516 3095 570 ab
3125 515 3242 584 ipso
3283 523 3465 585 gestas
3487 515 3693 584 absque
3728 515 3822 570 ullo

2248 617 2489 663 veterum
2511 615 2861 662 monumento
2886 607 3196 678 descripsit.
3232 607 3362 673 lldcs
3390 617 3474 664 est
3501 605 3745 664 habenda
3765 606 3820 659 ‘ts

2245 701 2510 767 Quoniam
2538 716 2669 758 vero
2714 700 2805 754 alii
2855 700 3042 754 volunt
3076 741 3090 766 ,
3150 700 3317 756 Biblia
3361 699 3573 756 Veteris
3613 709 3666 757 et
3707 698 3826 754 Novi

2251 793 2578 847 Tcstameuti
2609 808 2676 846 ex
2711 791 2902 847 Grzeco
2926 791 3178 848 idiomate
3201 792 3252 846 in
3282 791 3575 846 Armenum
3603 806 3634 847 a
3661 792 3830 862 Moyse

2247 884 2639 950 Grammatico,
2675 884 2880 939 Davide
2917 884 3239 954 philosopho
3265 926 3280 949 ,
3321 893 3376 938 et
3405 883 3700 951 Μίλωνι-τρο
3742 885 3834 939 Ar-

2251 979 2423 1031 menis
2451 978 2592 1030 circa
2615 985 2854 1046 tempora
2874 975 3093 1031 Arcadii
3120 972 3462 1046 imperatoris
3481 976 3647 1032 fuisse
3672 985 3840 1032 trans-

2251 1069 2380 1135 lata,
2409 1068 2692 1122 audiamus
2723 1069 3005 1123 sententiae
3033 1068 3191 1139 hujus
3221 1075 3495 1136 auctores,
3524 1084 3664 1138 quos
3705 1069 3837 1124 idem

2251 1160 2324 1215 Le
2350 1159 2498 1231 Long
2527 1160 2723 1231 allegat
2756 1179 2768 1212 :
2801 1160 2914 1214 Hac
2965 1161 3142 1214 eadem
3165 1171 3460 1233 tempestate
3487 1161 3722 1232 (scilicet
3749 1160 3840 1218 Ar-

2251 1254 2387 1309 cadii
2426 1237 2811 1324 imperatoris)
2839 1255 3014 1324 floruit
3066 1256 3217 1310 etiam
3272 1255 3327 1309 in
3369 1255 3616 1310 Armenia
3657 1257 3843 1312 celeber

2251 1348 2460 1418 quidam
2507 1345 2771 1402 Heremita
2795 1389 2808 1410 ,
2846 1348 3010 1402 dictus
3041 1346 3308 1402 Mesrobus
3332 1390 3348 1414 ,
3392 1349 3470 1404 rir
3498 1349 3652 1418 plane
3682 1351 3847 1404 erudi-

2252 1442 2494 1509 tissimus,
2520 1451 2563 1496 et
2587 1443 2788 1513 ingenia
2807 1443 3094 1512 perspicax,
3121 1443 3209 1512 qui
3227 1459 3338 1500 cum
3364 1444 3732 1512 Armenarum,
3751 1456 3846 1500 tum

2257 1531 2529 1590 lberarum
2575 1551 2776 1605 quoque
2804 1535 3088 1590 litterarum
3118 1534 3434 1590 characteres
3470 1538 3847 1592 accuratissime

2255 1627 2450 1695 primus
2480 1628 2750 1696 expressit,
2781 1644 2840 1681 ac
2871 1629 3090 1696 posteris
3120 1629 3386 1699 singulare
3413 1631 3510 1683 hoc
3529 1631 3847 1698 beneﬁcium,

557 1732 677 1802 pica
701 1771 717 1794 ,
741 1744 862 1799 pag.
895 1727 1026 1792 160,
1057 1728 1146 1781 ubi
1171 1727 1278 1781 ait:
1311 1726 1545 1780 Primum
1571 1725 1776 1795 quidem
1803 1723 1866 1775 de
1891 1723 2032 1775 illius
2061 1737 2158 1774 an-
2190 1727 2236 1786 Β
2264 1733 2361 1786 quo
2381 1726 2451 1770 tot
2486 1720 2758 1771 transactis
2786 1719 2988 1773 steculis
3015 1736 3188 1773 eorum
3237 1724 3460 1793 majores
3481 1732 3720 1789 expertes
3744 1727 3850 1792 fue-

556 1825 787 1893 tiquitate
831 1839 931 1876 non
963 1831 1034 1874 est
1079 1820 1214 1890 quod
1242 1819 1566 1885 dubitemus;
1604 1817 1812 1890 quando
1841 1858 1855 1883 ,
1877 1818 1993 1887 jam
2036 1815 2155 1869 inde

559 1931 719 1984 usque
771 1931 802 1966 a
853 1911 1045 1968 Christi
1116 1910 1443 1980 temporibus,
1496 1920 1542 1964 et
1603 1910 1983 1983 apostolorum,
2047 1918 2156 1962 erat

555 2023 701 2060 sacer
754 2003 1136 2077 prophetiarum
1172 2013 1434 2058 contextus
1463 2004 1559 2058 isto
1582 2003 1824 2057 idiomate
1856 2001 1927 2055 1E
1935 2001 2157 2070 thiopico

557 2100 613 2153 in
642 2098 872 2152 manibus
914 2097 1155 2151 Eunuchi
1181 2096 1322 2150 illius
1355 2097 1509 2168 regiae
1532 2094 1786 2149 Candacis
1815 2094 2152 2160 conscriptus.

559 2191 642 2246 Ad
675 2190 777 2245 hoc
803 2205 931 2244 vero
965 2189 1371 2254 stabiliendum,
1407 2188 1590 2242 Victor
1619 2188 1816 2242 Palma:
1863 2185 2155 2240 auctorita-

562 2293 670 2338 tem
699 2281 843 2337 mille
869 2291 922 2337 et
959 2283 1374 2352 quingentorum
1403 2296 1698 2344 annorum,
1735 2289 2013 2350 postquam
2039 2278 2156 2332 haac

565 2388 714 2449 gesta
748 2377 1019 2448 ﬁnguntur
1044 2418 1058 2442 ,
1090 2378 1144 2432 in
1175 2377 1408 2431 medium
1442 2374 1596 2430 affert
1622 2393 1633 2426 :
1665 2373 1806 2446 quod
1854 2373 2036 2444 quanti
2065 2387 2156 2426 va-

563 2471 690 2536 leat,
724 2470 862 2540 arqui
890 2470 1122 2539 bonique
1161 2468 1380 2522 lectoris
1417 2466 1679 2536 judicium
1707 2474 1842 2519 esto.
1882 2462 2156 2517 Adeantur

563 2562 648 2618 Jo.
709 2561 906 2616 Millius
951 2560 1004 2614 in
1072 2559 1283 2630 Proleg.
1340 2573 1458 2628 pag.
1519 2557 1655 2621 19.1,
1704 2566 1756 2611 et
1787 2554 2157 2610 Renaudotius

559 2671 679 2727 cap.
713 2655 771 2710 11
796 2697 812 2722 ,
844 2652 906 2707 de
933 2661 1177 2724 perpetuo
1201 2649 1450 2705 Ecclesite
1476 2664 1746 2714 consensu,
1779 2657 1883 2702 etc.
1916 2661 2036 2717 pag.
2061 2645 2152 2700 92.

635 2751 870 2804 Armena
901 2747 1102 2818 pariter
1132 2745 1427 2799 Bibliorum
1456 2742 1634 2796 versio
1677 2741 1908 2811 jactatur
1936 2740 2157 2794 concin-

563 2850 688 2899 nata
714 2841 816 2897 sub
843 2840 1100 2894 Ecclesiae
1146 2836 1416 2892 nascentis
1445 2834 1686 2899 exordio,
1721 2849 1785 2888 ex
1825 2832 2036 2898 Grmca,
2069 2832 2157 2887 vel

562 2950 626 2990 ex
652 2930 1262 3006 Syrainterpretationc.
1289 2947 1306 2979 ι
1331 2926 1459 2982 Illud
1486 2927 1793 2996 neutiquam
1820 2933 1903 2980 est
1931 2933 2151 2994 praetcr-

560 3026 794 3083 cundum
827 3025 922 3098 (ait
958 3023 1043 3078 Jo.
1078 3022 1270 3076 Millius
1304 3035 1423 3090 pag.
1457 3019 1558 3072 152
1601 3017 1812 3089 Proleg.
1840 3016 1892 3070 in
1945 3015 2152 3070 Novum

2260 1820 2398 1874 rant,
2430 1811 2718 1876 dereliquit.
2750 1810 2808 1865 Is
2832 1813 2988 1883 igitur
3008 1853 3024 1877 ,
3074 1823 3120 1867 et
3161 1811 3314 1866 Isaac
3344 1817 3711 1871 Armeniorum
3748 1815 3851 1870 Pa-

2262 1904 2490 1957 triarcha
2513 1905 2685 1975 plures
2707 1905 2759 1958 in
2785 1906 3029 1960 Armenia
3056 1908 3352 1964 erudierunt
3383 1908 3704 1981 discipulos;
3734 1927 3852 1982 quos

2259 2005 2305 2050 et
2339 1997 2565 2050 Athenas
2607 1997 2676 2051 ad
2718 1997 2953 2052 Grazcam
2983 2000 3214 2072 linguam
3240 2042 3255 2067 ,
3309 2003 3538 2070 aliasque
3586 2003 3853 2072 facultates

2259 2092 2617 2161 adipiscendos
2636 2093 2900 2148 miserunt.
2930 2094 3072 2150 Inter
3090 2113 3177 2152 eos
3195 2107 3367 2153 autem
3387 2101 3611 2155 maxime
3631 2103 3854 2156 omnium

2259 2188 2584 2257 profecerunt
2612 2197 2730 2252 tres,
2763 2188 2992 2243 videlicet
3024 2190 3234 2246 Marsus
3260 2194 3647 2264 cognominatus
3679 2195 3856 2250 Gram-

2260 2280 2498 2345 maticus,
2538 2280 2713 2340 Dum
2735 2282 3094 2352 philosophus,
3125 2295 3169 2338 et
3196 2285 3537 2352 MAIPBEUS,
3561 2289 3650 2358 qui
3691 2299 3858 2358 postea

2267 2373 2534 2443 plerosque
2577 2374 2754 2441 libros,
2807 2393 2868 2430 ac
2915 2377 3197 2447 prtesertim
3235 2378 3520 2435 Bibliorum
3577 2380 3770 2438 Veteris
3814 2393 3858 2438 et

2267 2462 2402 2518 Novi
2428 2463 2734 2520 Testamenti
2756 2484 2817 2522 ea:
2837 2466 3019 2524 erco
3040 2471 3284 2526 idiomale
3307 2473 3360 2527 in
3381 2475 3660 2530 Armenum
3688 2490 3858 2531 trans-

2265 2557 2499 2625 ferendo,
2531 2575 2679 2612 suam
2714 2559 2940 2630 ipsorum
2975 2563 3208 2632 linguam
3250 2566 3435 2618 mirum
3461 2568 3512 2620 in
3541 2569 3756 2643 modum
3783 2568 3856 2622 lo-

2260 2651 2606 2720 cupletarunt.
2627 2651 2752 2706 llaec
2778 2667 2844 2707 ex
2867 2652 3129 2709 historico
3153 2653 3403 2713 Carmine
3425 2659 3696 2716 Niersesis
3722 2661 3856 2718 Ghel

2260 2739 2328 2795 de
2359 2743 2575 2812 regibus
2621 2742 2895 2800 Armeniae
2946 2762 3096 2803 num.
3151 2747 3296 2816 490,
3342 2751 3482 2820 apud
3526 2753 3855 2810 Clementem

2261 2833 2549 2901 Galanum,
2581 2846 2717 2906 part.
2755 2838 2946 2895 histor.
2979 2840 3388 2900 Couciliationis
3417 2847 3566 2902 Eccl.
3601 2848 3853 2906 Armenta

2259 2941 2381 2982 cum
2427 2927 2689 2995 Romana,
2721 2945 2840 3000 cap.
2869 2932 2922 2997 7,
2957 2948 3012 2986 n.
3044 2933 3131 2988 12.

2331 3021 2462 3075 Rem
2492 3022 2650 3076 aliter
2691 3031 2874 3078 narrat
2901 3023 3037 3080 Vitm
3068 3026 3132 3082 B.
3164 3026 3434 3099 Mesropze
3471 3031 3707 3100 scriptor
3727 3072 3743 3098 ,
3771 3033 3856 3109 qui

560 3119 708 3175 Tcst.
735 3114 1004 3186 Graecum)
1027 3156 1041 3179 ,
1072 3112 1216 3184 quod
1241 3126 1339 3167 nos
1369 3127 1466 3181 per
1488 3110 1694 3165 litteras
1717 3108 1944 3175 monuit,
1974 3108 2026 3162 in
2056 3109 2151 3162 Ar-

2263 3115 2315 3168 in
2344 3115 2499 3176 titulo
2525 3115 2766 3184 ejusdem
2803 3117 2935 3173 Viue
2962 3131 3187 3176 vocatur
3213 3119 3439 3178 Comum.
3469 3123 3692 3194 Legitur
3719 3127 3856 3180 circa

561 3210 773 3266 menica
801 3251 814 3274 ,
845 3215 1150 3274 caateraque
1193 3203 1337 3258 omni
1371 3203 1673 3256 litteratura
1723 3200 1971 3253 orientali
1995 3199 2156 3267 longe

561 3303 964 3359 versatissimus
992 3298 1295 3352 Ludovicus
1323 3294 1540 3349 Pis-hius
1569 3294 1760 3347 doctor
1787 3292 2155 3346 Sorbonicus:

571 3396 772 3458 Versio,
796 3393 988 3462 inquit,
1022 3389 1292 3443 Armenica
1322 3398 1394 3442 est
1422 3386 1776 3456 antiquissima
1811 3428 1824 3446 ,
1854 3395 1899 3436 et
1927 3399 1990 3438 ea‘
2009 3381 2156 3454 genio

561 3503 656 3541 suo
682 3486 754 3539 ila
785 3485 1038 3548 ἐλληνίζει,
1071 3492 1126 3535 ut
1155 3481 1217 3533 de
1246 3480 1391 3533 verbo
1414 3480 1480 3531 ad
1506 3478 1714 3532 verbum
1740 3475 1920 3531 Graeca
1944 3479 2157 3546 referat;

561 3576 698 3632 unde
742 3591 805 3629 ea:
853 3575 964 3645 ipsa
1009 3573 1102 3641 jus
1141 3581 1214 3625 est
1254 3569 1550 3623 restituendi
1601 3569 1851 3639 originale
1881 3568 2156 3634 Onerum,

562 3669 700 3723 unde
755 3665 1020 3737 proﬂuxit.
1072 3683 1090 3716 ι
1138 3661 1245 3718 Sed
1279 3677 1364 3715 res
1396 3671 1520 3715 nota
1547 3668 1631 3715 est
1658 3659 2157 3731 (inquitGregorius

562 3760 896 3817 Scholiastes
914 3757 1087 3828 Syrus
1112 3755 1253 3826 apud
1273 3752 1605 3817 Waltooum,
1629 3753 1832 3824 proleg.
1869 3753 1952 3818 15,
1984 3754 2011 3824 §
2067 3752 2154 3823 15)

559 3853 726 3925 quod,
751 3854 915 3908 etiam
944 3851 986 3904 si
1014 3849 1229 3904 codices
1256 3863 1319 3901 ex
1345 3846 1537 3900 Grtcco
1565 3845 1938 3900 transtulerint
1964 3849 2157 3902 Arme-

560 3949 656 4015 ni,
690 3957 869 4010 tamen
912 3958 1033 3998 cum
1089 3940 1313 4012 Syriaco
1369 3949 1552 4009 postea
1603 3939 1947 3993 contulerunt
1997 3953 2152 3993 suum
2205 3925 2226 3948 ⁵

559 4039 873 4109 exemplar,
905 4047 960 4090 et
987 4034 1114 4088 illud
1146 4033 1370 4103 singulis
1397 4033 1450 4085 in
1480 4032 1611 4086 locis
1648 4031 1986 4112 concordare
2013 4031 2158 4088 lece-

557 4141 701 4187 runt.
737 4149 755 4183 ι
785 4129 910 4185 Sive
931 4137 1111 4180 autem
1143 4140 1210 4180 ex
1242 4122 1454 4190 Graeco,
1482 4123 1595 4177 sive
1620 4139 1685 4178 cx
1716 4123 1940 4193 Syriaco
1966 4139 2154 4178 excut-

557 4225 693 4296 plari
729 4225 842 4294 ipsa
895 4219 1252 4290 proﬂuxerit,
1285 4217 1473 4286 procul
1527 4215 1692 4269 dubio
1739 4230 1844 4269 non
1877 4223 1962 4269 est
1993 4227 2154 4271 tanta:

562 4313 916 4385 antiquitatis.
952 4325 1002 4364 ut
1033 4309 1195 4379 aliqui
1229 4318 1438 4377 putant.
1481 4306 1670 4360 Sixtus
1699 4306 1953 4361 Senensis
1986 4307 2075 4361 lib.
2102 4324 2155 4363 v1

554 4409 901 4466 Bibliotheca:
925 4405 1138 4460 Sancta:
1171 4409 1412 4454 annotat.
1441 4399 1562 4462 152,
1586 4399 1792 4458 scribit,
1816 4398 1878 4454 S.
1897 4397 2156 4453 Joannem

2263 3205 2474 3262 initium
2508 3224 2520 3258 :
2553 3207 2851 3276 Mesropam
2881 3213 3025 3280 apud
3049 3229 3102 3266 se
3127 3215 3366 3270 statuisse
3407 3216 3588 3289 viginti
3634 3219 3766 3272 duos
3795 3219 3856 3274 li-

2262 3295 2377 3349 bros
2412 3295 2608 3353 Veteris
2638 3298 2949 3362 Testamenti
2976 3308 3256 3374 transferre
3279 3307 3335 3360 in
3380 3307 3712 3372 Armenicum
3755 3327 3858 3364 ser-

2259 3405 2500 3453 mortem.
2542 3394 2629 3446 cui
2675 3395 2924 3466 discipuli
2969 3401 3050 3452 sui
3071 3397 3324 3466 Ioannes,
3371 3410 3420 3470 et
3453 3401 3649 3471 Ioseph
3700 3405 3754 3456 in
3801 3421 3856 3461 eo

2261 3484 2515 3537 auxilium
2562 3485 2844 3540 dabant....
2898 3488 3018 3543 Illis
3058 3493 3374 3562 temporibus
3413 3497 3660 3565 regnabat
3695 3495 3858 3573 Theo-

2261 3573 2439 3628 dosius
2453 3578 2660 3646 junior.
2685 3577 2878 3634 Narrat
2920 3591 3108 3650 postea
3131 3625 3146 3648 ,
3175 3585 3320 3654 quod
3347 3587 3681 3657 cogitaverim
3711 3591 3858 3644 ambo

2259 3663 2430 3732 beati,
2482 3669 2628 3723 Isaac
2679 3672 3034 3727 Armenorum
3093 3675 3393 3744 patriarcha
3416 3723 3430 3747 ,
3461 3690 3516 3734 et
3563 3681 3812 3751 Mesropa
3835 3724 3850 3748 ,

2261 3773 2368 3811 sua:
2407 3762 2718 3815 narrationis
2746 3765 3059 3832 scripturam
3085 3768 3354 3823 extendere
3378 3813 3390 3834 ,
3423 3782 3468 3826 et
3491 3788 3676 3843 augere
3702 3775 3860 3827 inter-

2271 3851 2578 3918 pretationes
2621 3863 2672 3908 et
2723 3856 2914 3926 scripta
2940 3897 2954 3920 ,
3003 3860 3284 3914 secundum
3337 3862 3667 3932 efficientiam
3715 3865 3858 3933 Dei;

2261 3955 2530 4012 propterea
2553 3946 2799 4002 miserunt
2828 3949 2959 4004 duos
2989 3968 3052 4005 ea:
3076 3953 3348 4022 discipulis
3372 3956 3425 4009 in
3447 3958 3623 4012 urbem
3651 3957 3858 4015 Edesia:

2262 4037 2455 4104 Eznac,
2485 4050 2531 4094 et
2560 4039 2777 4111 Ioseph,
2805 4054 2860 4096 ut
2887 4061 2949 4099 ea:
2977 4044 3230 4116 Syrorum
3253 4048 3430 4120 lingua
3455 4049 3675 4106 Sauctas
3711 4052 3858 4108 Scri—

2260 4140 2440 4199 pturas
2469 4132 2862 4203 interpretantes
2904 4137 2957 4190 in
3008 4138 3236 4208 linguam
3268 4139 3617 4210 Armenicam,
3662 4145 3856 4200 litteras

2265 4227 2675 4278 commendarent
2704 4243 2814 4281 suae
2835 4230 3034 4298 regioni
3057 4246 3075 4283 :
3101 4232 3180 4285 illi
3209 4245 3379 4288 autem
3409 4246 3602 4306 euntes,
3635 4239 3857 4306 per/ece-

2260 4315 2379 4367 runt
2410 4315 2560 4383 jussa
2585 4357 2600 4379 ,
2631 4308 2737 4371 etc.
2796 4318 2922 4373 llaec
2950 4322 3220 4392 exscripta
3252 4335 3380 4378 sunt
3417 4305 3484 4379 ex
3529 4305 3734 4382 codice?
3756 4329 3855 4384 Ar-

2263 4420 2423 4460 meuo
2453 4405 2794 4468 bibliotheca:
2823 4412 2985 4480 regim
3009 4453 3024 4478 ,
3055 4415 3144 4483 qui
3175 4414 3562 4488 Sanctologium
3612 4417 3857 4474 inscribi-

558 4501 976 4570 Chrysostomum
1011 4495 1215 4548 Novum
1241 4491 1641 4551 Testamentum,
1669 4500 1715 4543 et
1737 4489 1974 4545 Psalmos
1998 4491 2155 4545 Duvi-
2182 4513 2232 4572 ι)
2265 4506 2369 4561 tur,
2400 4497 2556 4566 juxta
2587 4502 2894 4558 versionem
2923 4503 3102 4560 Oskan
3140 4506 3448 4588 Vartabied,
3481 4511 3517 4565 i.
3540 4525 3588 4566 e.
3618 4512 3854 4584 episcopi

562 4592 706 4646 dicos
728 4592 780 4643 in
821 4591 1044 4658 linguam
1088 4585 1410 4638 Armenicant
1438 4583 1776 4636 transtulisse.
1803 4583 1870 4636 Et
1915 4594 2090 4640 tamen
2120 4600 2151 4640 e

557 4683 829 4740 veteribus
858 4680 908 4734 id
938 4679 1100 4734 refert
1128 4691 1308 4743 nemo,
1340 4685 1463 4730 ante
1486 4674 1773 4746 Georgium
1807 4675 2150 4733 Alexandrite

553 4773 920 4832 Patri-archani
948 4771 1078 4839 (qui
1107 4769 1300 4824 claruit
1330 4784 1419 4823 an.
1461 4767 1566 4823 620
1589 4769 1629 4837 ),
1663 4769 1715 4822 in
1751 4769 1865 4823 Vita
1904 4770 2148 4839 ejusdem

557 4866 888 4927 sanctissimi
923 4863 1177 4918 doctoris.
1228 4861 1649 4933 Chrysoslomus
1677 4905 1690 4928 ,
1742 4878 1862 4917 cum
1897 4865 1947 4918 in
1975 4866 2152 4919 Cucu-

558 4979 679 5021 sum
737 4959 1006 5015 Armenia:
1054 4956 1309 5025 Oppidum
1349 4957 1622 5010 exsularct
1677 4956 1876 5028 (inquit
1905 4957 2152 5015 laudatus

556 5055 844 5126 Georgius)
890 5050 1101 5112 invenit,
1134 5049 1377 5117 largiente
1401 5047 1531 5113 Deo,
1559 5049 1807 5118 quosdam
1829 5067 1893 5105 ea:
1920 5052 1982 5104 iis
2006 5051 2151 5107 Grat-

556 5166 613 5203 ce
634 5149 1011 5212 scientes;quos
1027 5139 1233 5194 Novum
1247 5139 1289 5192 T
1291 5150 1644 5203 estamentum,
1662 5152 1707 5196 et
1743 5141 2053 5198 Psalterium
2096 5147 2147 5199 in

553 5239 880 5296 vernaculam
908 5237 1136 5304 ipsorum
1169 5233 1397 5303 linguam
1423 5244 1710 5289 convertere
1737 5236 1945 5307 effecit,
1977 5247 2028 5290 ut
2057 5254 2148 5292 no-

551 5334 716 5387 titiam
745 5330 922 5386 Sacra:
951 5327 1238 5395 Scriptum
1259 5327 1555 5381 obtinerent.
1579 5327 1749 5382 Porro
1770 5329 1998 5399 scriptor
2020 5332 2141 5397 iste,

549 5427 699 5494 juxta
732 5421 1009 5480 Photium,
1044 5429 1239 5488 prmtcr
1268 5419 1505 5473 historia:
1530 5419 1686 5473 ﬁdem
1717 5435 1966 5475 narrasse
1996 5439 2144 5493 qum—

548 5520 672 5575 dam
695 5517 842 5572 visus
872 5524 976 5570 est.
1009 5514 1075 5567 Et
1104 5521 1318 5568 constat
1361 5529 1428 5567 ex
1450 5511 1673 5567 Palladii
1707 5514 1918 5582 dialogo
1943 5515 2008 5569 de
2037 5517 2143 5570 vita

545 5609 944 5684 Chrysostomi,
993 5605 1269 5675 Georgium
1299 5620 1416 5684 sua,
1444 5615 1496 5656 ut
1521 5606 1820 5674 plurimum,
1843 5607 2033 5672 fabulis
2064 5609 2144 5662 in-

553 5705 799 5769 tertextis,
834 5699 1185 5768 descripsisse.
1226 5715 1244 5747 ι
1284 5697 1538 5763 Quaenam
1586 5697 1745 5767 igitur
1773 5698 1980 5769 (inquit
2015 5701 2143 5757 doc.

2261 4590 2504 4656 Armeni,
2533 4607 2676 4646 anno
2706 4594 2869 4660 1669,
2901 4595 3118 4653 factam.

2334 4681 2536 4736 Eadem
2587 4699 2726 4753 pene
2770 4687 2937 4742 refert
2982 4689 3160 4746 Moses
3187 4691 3592 4762 Chorenensis,
3637 4696 3729 4752 lib.
3761 4714 3849 4766 Ill,

2261 4787 2380 4842 cap.
2415 4774 2505 4838 55,
2538 4791 2658 4846 pag.
2693 4777 2820 4840 130.
2855 4780 2993 4836 Hist.
3022 4784 3294 4852 Armcme,
3335 4788 3720 4844 Amstclodami
3750 4807 3850 4846 an-

2261 4881 2331 4920 no
2369 4866 2508 4922 1695
2530 4911 2545 4934 ,
2592 4868 2751 4924 edita:
2790 4886 2855 4925 ex
2903 4875 3152 4930 versione
3176 4877 3453 4936 Schroteri
3485 4899 3499 4934 :
3528 4881 3847 4954 Miesropus,

2261 4959 2512 5028 disposito
2539 4961 2763 5018 Armeno
2793 4965 3066 5034 alphabeto
3087 4971 3243 5036 juxta
3288 4975 3662 5030 illubricitatem
3690 4981 3849 5050 sylla-

2265 5053 2465 5118 barum,
2508 5071 2623 5124 qua:
2655 5067 2729 5110 est
2775 5059 2826 5112 in
2865 5058 3045 5115 Grch
3069 5105 3083 5129 ,
3116 5065 3331 5121 ulterius
3379 5085 3585 5122 manum
3628 5071 3849 5129 admovit

2253 5146 2321 5199 ad
2349 5147 2840 5217 interpretationem,
2866 5155 3097 5210 consulto
3117 5157 3325 5212 initium
3354 5161 3546 5227 faciens
3567 5180 3600 5217 a
3624 5161 3845 5221 Prover-

2252 5239 2365 5300 biis,
2400 5243 2663 5310 complevit
2690 5245 2826 5311 illos,
2856 5256 2904 5300 el
2931 5249 3112 5319 viginti
3140 5250 3268 5306 duos
3295 5255 3544 5314 reuelatos
3570 5256 3734 5314 libros
3759 5301 3770 5325 ,
3797 5272 3846 5315 et

2257 5330 2461 5385 Novum
2493 5332 2884 5404 Testamentum,
2915 5342 3280 5416 transfundere
3306 5346 3358 5400 in
3394 5347 3687 5409 Hakanum
3713 5353 3772 5421 (i.
3795 5370 3844 5408 e.

2253 5435 2465 5478 veterem
2528 5429 2842 5502 Armenum)
2873 5449 3154 5508 sermonem
3186 5438 3324 5506 ipse,
3357 5453 3402 5495 et
3451 5443 3692 5517 discipuli
3737 5450 3845 5519 ejus

2249 5517 2477 5573 Joannes
2497 5520 2786 5588 Ekelensis,
2831 5537 2878 5582 et
2900 5527 3162 5602 Iosephus
3191 5530 3481 5598 Balnensis.
3509 5535 3601 5591 llis
3625 5517 3845 5596 omnino

2251 5616 2619 5690 accensendus
2669 5629 2752 5672 est
2806 5618 3026 5694 (pergit
3092 5624 3458 5698 Schroterus)
3502 5629 3616 5698 ipse
3672 5630 3842 5689 Moses

2251 5704 2617 5775 Cliorcncnsis
2651 5711 2901 5785 Micerpi
2925 5731 3139 5788 quoque
3167 5719 3464 5792 discipulus
3491 5722 3622 5778 nulli
3649 5739 3845 5782 secun-
