3950 6176
154 170 253 247 tua

901 174 1231 236 EPISTOLA
1268 172 1639 255 sumantur
1678 171 1771 251 Alt
1808 172 2197 255 ξιδιξιᾷονυιι
2234 182 2673 246 GURCENSEM.

3339 193 3441 269 tto

152 283 247 340 dus
269 326 284 349 ,
312 283 404 357 qui
429 285 595 359 citato
632 286 781 359 loco,
810 289 1088 348 modestia:
1129 307 1258 364 ergo
1282 334 1300 361 ,
1330 307 1529 361 nomen
1577 305 1732 347 suum

1851 304 2531 376 IllegabantAttgttstinum,
2565 305 2656 377 qui
2694 304 2788 371 lib.
2810 320 2849 363 tt
2875 305 2945 363 de
2983 305 3235 363 Doctrina
3257 303 3447 375 Chris-

149 377 402 442 reticuit;
458 379 549 434 sed
598 379 668 435 ad
739 382 973 439 lsaacunt
1039 383 1379 455 Bagratidem
1450 383 1695 441 scribens
1726 423 1742 450 ,

149 484 209 522 se
239 471 703 540 excusat_(ibidern
732 488 848 545 cap.
876 473 966 539 65,
993 491 1042 543 p.
1067 473 1216 542 446),
1246 472 1383 543 quod
1408 473 1743 542 prolixiorem

157 560 401 619 Haicame
437 564 608 635 gentis
665 565 935 620 historiam
966 565 1012 621 ei
1061 565 1295 623 exhibere
1348 582 1448 619 non
1485 566 1743 636 potuerit;

150 653 269 723 quia
293 669 463 719 senex,
491 664 538 708 et
563 656 997 724 valetudinarius,
1030 666 1078 712 et
1119 657 1325 711 minime
1350 656 1547 710 otiosus
1573 657 1635 709 ab
1665 657 1744 709 in-

152 744 607 815 terpretationibus,
629 756 681 801 et
710 747 1042 801 sanctioribus
1067 746 1247 802 verbis.
1274 745 1330 800 Id
1352 745 1494 821 quod
1524 746 1745 802 ineunte

149 838 336 899 stocqu
364 854 413 903 ν,
448 850 682 909 mortuo
708 840 1098 913 Clirysostomo
1124 882 1138 907 ,
1186 841 1330 896 circa
1374 856 1573 895 annum
1604 840 1742 908 410,

147 930 335 1003 creuit.
371 929 527 997 tlanc
554 934 890 993 sententiam
919 932 1201 993 conﬁrmat
1231 931 1631 1003 Theodoretus,
1652 933 1744 1003 qui

150 1022 442 1085 versionem
476 1026 780 1101 Armenam
811 1067 825 1105 ,
857 1040 958 1080 suo
984 1034 1227 1096 tempore
1256 1024 1573 1081 adornatam
1598 1040 1747 1082 asse-

150 1112 283 1179 ruit;
312 1123 494 1184 utpote
521 1117 618 1187 qui
671 1131 818 1171 anno
846 1114 1051 1173 Christi
1077 1116 1185 1181 425
1216 1116 1495 1185 ordinatus
1522 1130 1605 1195 est
1631 1118 1747 1191 epi-

77 1248 96 1268 .
143 1220 350 1277 scapus,
375 1217 428 1264 et
457 1209 701 1279 proinde
727 1209 912 1281 versio
943 1210 1032 1267 illa
1057 1209 1233 1265 adhuc
1263 1220 1539 1281 superstes
1565 1211 1744 1281 attigit

143 1312 279 1375 nunc
298 1306 506 1359 aetatem
544 1298 691 1377 12,00
730 1314 1037 1361 annorum:
1074 1302 1148 1357 ita
1178 1300 1521 1369 Scbroterus.
1553 1300 1746 1367 Nullus

143 1403 215 1446 est
243 1405 369 1465 sane
393 1391 737 1451 Theodoreti
769 1394 919 1449 locus
948 1434 963 1459 ,
994 1391 1042 1449 si
1090 1391 1206 1449 haec
1230 1392 1484 1447 dicuntur
1524 1392 1592 1447 de
1636 1392 1701 1447 iis
1723 1433 1739 1463 ,

140 1498 251 1553 qua:
288 1483 503 1554 scripsit
531 1498 796 1553 sermone
822 1483 880 1551 5,
911 1499 1035 1556 pag.
1067 1483 1194 1553 555,
1219 1483 1514 1555 curationis
1535 1480 1745 1538 (ἰηπα-

140 1590 246 1629 rum
263 1574 610 1646 affectiontmt
635 1618 651 1643 ,
674 1575 766 1635 ubi
789 1584 978 1649 agatur
998 1576 1066 1633 de
1092 1576 1272 1653 sacra:
1303 1575 1598 1647 Scriptura:
1623 1591 1745 1632 ver-

1846 396 1991 453 tiana
2010 412 2130 468 cap.
2151 414 2211 461 ll,
2230 396 2536 454 Latinorum
2567 399 2901 469 interpretum
2922 400 2974 455 in
3001 399 3201 469 finitam
3222 402 3441 455 varieta-

1846 499 1946 543 tem
1970 499 2237 545 memorat.
2270 490 2338 546 Et
2374 493 2535 560 paulo
2578 489 2749 559 infra,
2775 507 2925 548 num.
2968 491 3058 559 16,
3083 493 3257 564 inquit
3290 511 3303 547 :
3336 493 3441 562 Qui

1848 583 2145 655 Scripturas
2164 599 2230 639 ea:
2253 583 2476 640 Hebrtea
2503 585 2683 656 lingua
2708 586 2762 640 in
2791 583 3026 640 Graecam
3045 594 3319 653 uerterunt,
3347 602 3444 641 nu-

1846 679 2035 733 merari
2079 688 2327 748 possunt;
2356 676 2529 734 Latini
2553 690 2726 737 autem
2766 679 3067 748 interpretes
3095 679 3239 734 nullo
3267 678 3440 735 modo.

1851 766 1919 822 Ut
1943 769 2077 823 enim
2101 769 2283 839 cuique
2308 769 2486 840 primis
2515 768 2635 838 ﬁdei
2673 767 2984 840 temporibus
3013 770 3067 823 in
3095 785 3274 825 manus
3313 770 3450 837 venit

1846 862 2008 918 codex
2024 862 2257 930 Gracus,
2285 872 2331 919 et
2354 862 2733 933 aliquantulum
2753 863 3014 934 facultatis
3034 862 3131 918 sibi
3160 863 3443 933 utriusque,

1848 954 2038 1025 linguis
2061 954 2245 1010 habere
2281 955 2565 1015 uidebatur.
2596 970 2752 1013 ausus
2776 963 2853 1009 est
2883 954 3222 1024 interpretari.
3258 952 3449 1013 Varias

1846 1045 2064 1117 quidem
2086 1046 2226 1107 .olim
2270 1045 2435 1102 fuisse
2464 1045 2685 1103 Latinas
2716 1045 3005 1105 Sacrorum
3036 1044 3330 1100 Bibliorum
3361 1044 3446 1099 in-

1848 1124 2267 1209 terpretationes
2314 1152 2416 1209 ego
2464 1152 2681 1208 quoque
2726 1136 2836 1200 aio,
2892 1145 3055 1206 atque
3104 1135 3339 1191 defendo
3393 1136 3449 1209 in

1847 1229 2079 1299 epistola
2097 1229 2163 1284 ad
2180 1228 2558 1287 doctissimum
2581 1230 2754 1291 virum
2775 1228 3071 1289 Antonium
3095 1227 3449 1287 Franciscum

1849 1321 2094 1380 Gorium.
2122 1323 2511 1385 Vehementius
2539 1332 2719 1383 tamen
2747 1338 2854 1391 non
2877 1330 3007 1383 sunt
3026 1321 3263 1394 urgenda
3285 1321 3452 1393 allata

1848 1413 1947 1472 SS.
1984 1414 2303 1488 Hieronymi
2330 1424 2386 1472 et
2405 1414 2691 1483 Augustini
2726 1415 3064 1483 testimonia,
3093 1428 3268 1483 neque
3309 1412 3455 1477 esis:

1848 1509 2172 1577 timandnm,
2219 1510 2419 1577 varios,
2461 1510 2551 1580 qui
2581 1517 2708 1567 tunc
2734 1508 2996 1580 temporis
3040 1508 3324 1581 exstabant
3353 1508 3455 1567 Sa-

1848 1615 1956 1657 cra:
1976 1602 2271 1672 Scriptura».
2299 1601 2538 1668 codices,
2577 1601 2749 1671 fuisse
2777 1614 2968 1659 omnes
3010 1614 3040 1669 a
3068 1599 3234 1657 variis
3263 1598 3448 1655 divero

138 1666 398 1743 sionibus,
472 1668 576 1749 sed
625 1668 695 1747 de
741 1667 1086 1741 dogmatibus
1143 1670 1456 1735 christianse
1527 1670 1744 1743 religio-

1851 1694 2034 1768 sisque
2062 1666 2451 1765 interpretibus
2474 1666 2746 1757 exaratos.
2793 1666 3085 1763 Diversitas
3116 1692 3229 1759 illa,
3253 1690 3321 1751 de
3348 1705 3453 1767 qua

142 1775 242 1816 IIIS.

209 1850 403 1908 Punica
434 1853 571 1912 item
601 1855 842 1929 jactatur
867 1857 1070 1922 versio,
1096 1857 1206 1928 jam
1234 1873 1334 1919 usu
1356 1866 1574 1928 recepta
1612 1866 1750 1914 tem-

139 1945 348 2014 poribus
374 1946 433 2002 S.
459 1946 760 2020 Augustini
784 1949 924 2020 apud
958 1932 1246 2005 nonnullas
1258 1948 1455 2005 Africae
1472 1950 1747 2005 nationes:

145 2036 357 2117 ejusque
404 2040 796 2112 antiquitatem
848 2043 1063 2112 plurimi
1106 2043 1237 2099 satis
1268 2050 1528 2099 assertam
1558 2041 1751 2101 volunt

142 2144 204 2201 es
247 2130 473 2200 quodam
520 2134 775 2204 ejusdem
822 2134 880 2191 S.
930 2135 1292 2205 Hipponensis
1340 2136 1580 2205 episcopi
1626 2135 1746 2191 loco

143 2222 271 2278 circa
297 2227 457 2281 ﬁnem
490 2228 856 2303 expOsitionis
888 2229 943 2285 in
995 2229 1260 2299 psalmum
1287 2245 1473 2295 cxvm,
1505 2230 1595 2284 ubi
1627 2231 1743 2285 ait:

149 2318 321 2391 Uinnes
358 2331 572 2383 octonos
623 2338 793 2377 versus
833 2323 886 2379 in
932 2322 1200 2377 Hebraicis
1240 2323 1499 2380 codicibus
1544 2324 1607 2377 ab
1658 2340 1739 2391 ea,

149 2424 247 2477 qtae
274 2410 373 2467 illis
398 2415 737 2485 proponitur,
758 2414 926 2469 littera
945 2415 1187 2485 incipere,
1210 2414 1272 2469 ab
1300 2414 1490 2484 eis,qui
1511 2414 1628 2470 illas
1654 2431 1749 2469 no-

152 2512 311 2556 seruut
339 2505 562 2575 litteras,
600 2506 746 2560 nobis
768 2506 1049 2567 indicatum
1073 2515 1167 2572 est,
1199 2508 1334 2576 quod
1362 2508 1521 2561 nostri
1542 2507 1617 2562 vel
1644 2505 1748 2562 La-

154 2593 261 2655 tine,
310 2597 383 2650 vel
434 2595 664 2661 Punice,
709 2614 834 2671 quos
878 2612 1237 2654 Αιιεεεωιιιοε
1278 2608 1475 2667 vocant,
1522 2599 1747 2670 psalmos

155 2687 305 2755 facere
328 2701 726 2745 consueverunt.
752 2688 949 2747 Verum
985 2691 1054 2744 ibi
1090 2706 1197 2745 non
1250 2691 1486 2761 loquitur
1512 2689 1570 2747 S.
1606 2691 1745 2746 Doc-

159 2787 230 2833 tor
253 2779 315 2835 de
352 2782 588 2839 Psalmis
617 2783 910 2850 Davidicis,
933 2783 1029 2840 sed
1050 2784 1119 2838 de
1143 2784 1398 2849 Canticis,
1434 2800 1530 2840 seu
1562 2783 1747 2840 Canti-

161 2871 281 2940 lenis
305 2876 679 2941 Abecedariis.
731 2877 1005 2955 Psaltnum
1038 2878 1303 2948 ejusmodi
1334 2888 1519 2933 contra
1572 2880 1748 2934 Dona-

161 2964 295 3019 ustas
317 2983 345 3020 a
371 2983 430 3025 se
460 2971 839 3047 conscriptum
860 2979 1126 3043 memorat
1155 2971 1271 3040 ipse
1301 2972 1531 3027 Sanctus
1584 2972 1677 3026 lib.
1709 2989 1746 3029 ιι

1854 1784 1958 1841 ΡΡ.
1986 1785 2150 1841 locuti
2182 1794 2330 1853 sunt,
2361 1795 2480 1843 orta
2506 1785 2738 1855 videtur,
2777 1794 2836 1845 ut
2867 1784 3183 1857 plurimum,
3215 1798 3282 1840 ex
3312 1782 3454 1839 anti-

1852 1875 2080 1947 quariis,
2119 1875 2485 1949 librariisque,
2519 1876 2608 1961 qui
2655 1875 2798 1945 inter
2821 1875 3240 1939 describendum
3287 1889 3449 1931 unum

1853 1968 2209 2040 eamdemque
2220 1969 2548 2035 versionem,
2578 1984 2678 2024 suo
2700 1968 2895 2039 singuli
2921 1967 3183 2037 arbitratu
3208 1966 3453 2039 quaedam

1851 2060 2078 2129 addere,
2134 2070 2227 2117 aut
2282 2061 2592 2129 detrahere,
2649 2062 2732 2125 vel
2779 2072 2986 2119 mutare
3037 2070 3164 2117 sunt
3206 2062 3342 2137 ausi.
3396 2059 3455 2117 Si

1853 2153 2070 2224 quando
2097 2154 2241 2210 enim
2273 2153 2512 2223 ignotum
2542 2153 2788 2223 verbum,
2835 2162 2929 2209 aut
2976 2152 3206 2211 obscura
3253 2152 3454 2209 locutio

1852 2244 2103 2301 codicum
2154 2244 2442 2302 latinorum
2475 2244 2904 2315 exscriptoribus
2954 2245 3293 2310 occurrebat,
3339 2243 3448 2321 ipsi

1853 2335 2101 2393 Griecum
2132 2336 2185 2392 in
2206 2336 2356 2393 Novo
2386 2336 2614 2403 Fmdere
2641 2336 2862 2394 adibant
2881 2337 3178 2408 exemplar,
3208 2337 3455 2408 quamvis

1853 2441 2137 2502 utramque
2187 2433 2426 2505 linguam
2478 2447 2665 2504 parum
2709 2432 3001 2501 callerem,
3051 2446 3150 2491 nec
3194 2430 3452 2505 idoneum

1855 2525 2116 2589 baberent
2137 2523 2436 2596 ingenium.
2458 2527 2499 2581 A
2525 2524 2761 2593 testibus
2789 2524 3144 2597 originalibus
3166 2524 3454 2601 diligenter

1853 2616 2065 2673 collatis
2111 2616 2432 2684 haurienda,
2463 2633 2525 2673 ac
2555 2617 2851 2690 repetenda
2880 2626 2999 2679 erat
3036 2616 3270 2689 genuina
3298 2616 3453 2677 vitia-.-

1854 2714 1922 2763 ιω
1954 2708 2260 2774 locutionis,
2294 2711 2551 2781 verbique
2590 2710 2805 2777 obscuri
2835 2710 3126 2778 sententia,
3162 2721 3219 2766 ut
3263 2709 3490 2773 Patres.

1852 2799 2108 2858 docuere.
2151 2802 2415 2859 Audiatur
2446 2802 2608 2865 Divus
2649 2802 3005 2877 Augustinus,
3039 2802 3129 2874 qui
3170 2801 3222 2857 in
3279 2800 3374 2856 lib.
3413 2815 3453 2857 ιι

1853 2891 1923 2951 de
1951 2892 2207 2953 Doctrina
2236 2894 2562 2961 Christiana,
2594 2908 2715 2963 cap.
2753 2893 2841 2961 ll,
2889 2893 2990 2957 has
3028 2894 3236 2950 Latinis
3277 2892 3455 2957 homig

1855 2983 2014 3040 nibus
2058 2985 2271 3055 regulas
2323 2985 2482 3053 tradit
2526 3002 2539 3038 ς
2594 2983 2785 3040 Contra
2824 2986 3002 3055 ignota
3044 2987 3193 3063 signa
3243 2976 3456 3058 propria

162 3057 377 3137 Benaci.
404 3080 528 3135 cap.
581 3064 677 3120 20.
716 3065 1008 3130 Pot-terea,
1055 3066 1099 3120 si
1142 3074 1367 3135 tempore
1410 3064 1550 3120 illius
1592 3066 1753 3121 versio
1780 3067 1826 3131 C
1859 3090 2102 3146 magnum
2140 3075 2418 3129 remedium
2444 3086 2537 3137 est,
2563 3076 2758 3145 inquit,
2785 3057 3355 3149 linguaruntwgnitio.
3388 3076 3459 3135 Et

165 3150 339 3221 Punica
375 3158 525 3229 Afris
552 3159 739 3213 usitata
765 3160 965 3228 fuisset.
997 3159 1301 3213 mentionem
1334 3160 1444 3230 ejus
1469 3161 1637 3231 facere
1658 3159 1747 3217 ille

162 3261 247 3301 non
273 3250 667 3316 intermisisset;
696 3269 814 3306 cum
838 3252 1057 3313 inlibris
1084 3254 1146 3308 de
1174 3252 1424 3308 Doctrina
1453 3252 1745 3311 Christiana

161 3353 215 3392 es
230 3346 446 3414 professo
473 3346 679 3412 doceat,
704 3362 817 3414 quia
837 3345 1077 3416 pra'sidia
1101 3346 1196 3402 sibi
1216 3363 1517 3418 comparare
1541 3348 1740 3417 debeat,

163 3432 236 3499 qui
270 3434 552 3493 Sacrorum
580 3436 893 3495 Litterarum
928 3439 1311 3515 intelligentiam
1341 3442 1580 3511 consequi
1600 3441 1739 3496 uelit.

164 3522 227 3580 lta
248 3528 529 3593 Gretserus
561 3531 656 3587 lib.
694 3547 731 3595 ιι
792 3530 1129 3588 Defensionis
1157 3535 1504 3591 Controvers.
1539 3534 1744 3591 Bellar-

166 3618 298 3690 tniui,
328 3639 448 3699 cap.
490 3624 580 3690 l5,
612 3641 664 3699 [ι.
697 3622 828 3697 814.

225 3714 468 3791 Explosis
487 3734 621 3795 ergo
653 3727 731 3775 tot
755 3720 992 3793 omnium
1026 3718 1221 3793 linguis
1253 3734 1524 3788 nunquam
1566 3718 1743 3793 enatis

167 3809 487 3877 Iersiuuibus
510 3821 755 3885 tempore
777 3813 1170 3883 apostolorum,
1200 3812 1503 3877 videamus,
1545 3810 1741 3882 prtesul

168 3899 480 3977 doctissime,
511 3922 581 3961 an
626 3908 681 3962 in
724 3906 975 3963 eumdem
1024 3905 1324 3979 impingunt
1362 3905 1615 3978 lapidem,
1650 3909 1741 3975 qui

172 3994 398 4067 Ecclesia:
423 4001 701 4073 nascentis
729 3999 952 4057 exordio
981 4000 1293 4065 innumeras
1312 4008 1502 4071 putant
1523 3999 1741 4059 Latinas

170 4092 419 4165 etstitisse
468 4096 748 4167 utriusque
793 4093 1037 4171 Foederis
1070 4094 1477 4169 translationes,
1510 4097 1627 4148 usui
1663 4092 1743 4147 lu-

170 4190 295 4261 lutgs
332 4187 593 4263 Ecclesia:
636 4187 889 4259 Gentium
933 4188 986 4241 in
1020 4186 1247 4263 imperio
1278 4185 1524 4241 Romano
1567 4184 1745 4240 domi-

172 4287 363 4347 natum.
407 4281 669 4350 Quamvis
717 4290 917 4341 autem.
950 4288 1009 4354 ut
1034 4280 1204 4353 inquit
1255 4279 1463 4335 Plinius
1517 4278 1610 4349 lib.
1660 4293 1739 4343 ιιι,

172 4381 281 4443 δραι.
309 4390 380 4441 vt,
407 4374 433 4441 ἕ
440 4376 589 4440 talia,
614 4375 817 4433 numine
856 4373 1005 4427 deant
1028 4373 1182 4443 elata,
1213 4388 1393 4445 sparsa
1413 4378 1747 4443 congregaret

175 4460 375 4537 iuperia,
403 4468 635 4535 ritusque
655 4467 912 4533 molliret;
933 4476 981 4520 et
1010 4475 1081 4541 tot
1098 4466 1405 4536 papulorum
1431 4464 1742 4539 discordias,

178 4556 372 4632 {neque
391 4562 617 4633 linguas,
638 4558 886 4631 sermonis
909 4558 1211 4615 commercio
1232 4556 1582 4622 contraheret;
1606 4554 1740 4610 mihi

181 4655 324 4721 tamen
351 4671 450 4725 pro
480 4665 633 4710 certo
660 4663 764 4718 est,
812 4667 920 4723 non
960 4652 1099 4708 adeo
1133 4652 1407 4725 ingentem
1449 4649 1613 4713 fuisse
1641 4647 1741 4717 Sa:

179 4752 353 4813 statum
382 4748 787 4819 Scripturarum
834 4744 1027 4815 Latine
1052 4757 1351 4807 versurum,
1399 4759 1517 4815 quae
1549 4741 1742 4798 Eccle-

180 4830 257 4903 siis
290 4838 675 4915 inserviebam,
733 4836 1197 4911 numerositatem.
1249 4834 1422 4893 Fuere
1466 4835 1738 4902 nonnulli,

180 4926 269 5001 Qui,
311 4942 370 5007 ut
409 4933 476 4988 de
524 4931 857 4991 conterenda
906 4929 1223 5001 edendaque
1272 4928 1490 4998 antiqua
1548 4928 1741 4983 Latina

181 5014 284 5095 Itala
316 5025 750 5099 Yindobonensis
778 5024 983 5097 codicis
1025 5021 1381 5099 translatione
1410 5022 1588 5076 omnis
1620 5030 1744 5076 tuus

180 5124 370 5191 conatus
400 5122 581 5195 irritus
605 5119 946 5187 crederetur,
975 5116 1236 5191 quasdam
1268 5116 1366 5173 SS.
1403 5115 1743 5187 Hieronymi,

181 5211 493 5288 etbpgustini
511 5211 789 5287 protulere
816 5211 1139 5293 sententias,
1161 5222 1228 5264 ex
1251 5207 1447 5278 quibus
1472 5206 1538 5261 de
1560 5206 1747 5263 multis

180 5306 360 5377 [auratis
419 5304 720 5381 CuquiQUS,
772 5302 852 5357 tui
906 5300 1192 5366 similibus,
1244 5297 1556 5368 conjectura
1626 5298 1746 5354 ﬁeri

180 5403 358 5473 mser.
385 5398 741 5473 aiebaptqqe,
774 5394 1053 5467 doctorem
1085 5392 1373 5467 Maximum
1415 5392 1466 5446 in
1495 5390 1654 5447 Praei.
1691 5391 1748 5448 in

180 5496 217 5549 ιι
238 5472 507 5571 Evangelia
544 5491 790 5571 scribere
820 5486 887 5541 ad
915 5487 1202 5561 Damasum
1240 5484 1524 5559 Pupam,si
1544 5483 1749 5553 Latinis

181 5586 513 5663 aanplartbus
524 5584 660 5661 fides
673 5589 746 5636 est
758 5579 1069 5645 adhibenda,
1086 5579 1427 5657 respondeant
1438 5577 1659 5647 quibus?
1677 5585 1752 5635 tot

182 5676 399 5753 enimsunt
409 5676 735 5753 mmplaria
749 5689 896 5745 pene,
909 5672 1261 5751 quotcodices.
1277 5671 1536 5747 Sanctum
1551 5670 1754 5747 pariter

1853 3169 2058 3237 Latina:
2080 3168 2284 3239 quidem
2314 3169 2504 3241 lingua:
2529 3167 2781 3235 homines,
2814 3184 2941 3239 quos
2968 3185 3101 3225 nunc
3132 3171 3461 3245 instruendus

1851 3261 2190 3334 suscepimus,
2232 3260 2431 3329 duabus
2455 3260 2572 3314 aliis
2602 3260 2670 3313 ad
2718 3261 3108 3329 Scripturarum
3146 3259 3456 3333 Divinarum

1852 3356 2213 3426 cognitionem,
2263 3370 2390 3425 apus
2420 3353 2625 3425 habent,
2658 3351 2879 3421 Hebraea
2916 3354 3127 3423 scilicet,
3158 3363 3207 3413 et
3252 3353 3454 3431 Graeca,

1851 3460 1907 3503 ut
1932 3448 2001 3503 ad
2038 3447 2353 3520 exemplaria
2382 3446 2725 3517 prarcedentia
2754 3456 3070 3521 recurratur,
3104 3448 3149 3505 si
3173 3465 3328 3523 quam
3356 3449 3456 3504 du-

1850 3542 2144 3606 bitationem
2180 3540 2406 3599 attulerit
2434 3540 2739 3603 Latinorum
2760 3542 3089 3619 interpretum
3140 3542 3346 3613 inﬁnita
3370 3558 3458 3598 va-

1850 3636 2098 3692 rietas....
2148 3646 2362 3707 propter
2397 3634 2709 3697 diversitates
2740 3648 2972 3706 namque
2995 3677 3008 3702 ,
3044 3642 3100 3695 ut
3132 3634 3326 3690 dictum
3356 3645 3451 3703 est,

1849 3728 2206 3800 interpretum,
2239 3726 2450 3783 illarum
2471 3728 2766 3799 linguarum
2794 3737 2866 3783 est
2892 3727 3117 3802 cognitio
3144 3729 3451 3801 necessaria.

1849 3818 1919 3875 Et
1944 3835 2065 3891 cap.
2102 3819 2166 3875 14
2195 3818 2437 3890 ejusdem
2476 3818 2623 3889 libri,
2664 3818 2776 3873 ait:
2816 3817 3053 3887 Namque
3089 3828 3178 3879 aut
3219 3820 3453 3891 ignotum

1850 3911 2057 3977 uerbum
2079 3911 2204 3982 facit
2230 3911 2420 3969 lucrare
2444 3910 2703 3983 lectorem,
2726 3918 2815 3973 aut
2844 3910 3019 3982 ignota
3041 3910 3248 3967 locutio.
3297 3908 3449 3981 Quor,

1848 4004 1894 4063 si
1917 4018 1981 4058 ex
2000 4002 2183 4057 alienis
2225 4002 2414 4073 linguis
2454 4004 2682 4078 ueniunt,
2704 4012 2793 4056 aut
2817 4001 3092 4072 querenda
3123 4012 3241 4056 sunt
3270 4000 3333 4081 ab
3362 4017 3455 4057 ea-

1850 4111 1969 4161 rum
2010 4094 2306 4168 linguarum
2332 4094 2642 4158 hominibus,
2684 4102 2774 4148 aut
2815 4093 3004 4170 credent
3047 4094 3258 4164 lingute,
3307 4092 3353 4147 si
3404 4101 3453 4157 et

1852 4190 2013 4245 otium
2038 4199 2134 4255 est,
2182 4200 2229 4242 et
2258 4188 2540 4260 ingenium,
2572 4187 2879 4255 ediscenda,
2914 4197 3001 4245 aut
3027 4186 3255 4257 plurium
3296 4186 3455 4253 inter:

1850 4293 2053 4355 prelum
2073 4282 2386 4341 consulendo
2407 4281 2612 4337 collatio
2637 4289 2732 4345 est,
2761 4290 2867 4337 etc.
2896 4278 3185 4341 Plurimum
3212 4278 3294 4351 llic
3321 4295 3453 4349 quo-
3520 4337 3525 4342 _

1851 4393 1948 4447 que
1976 4380 2127 4450 juvat
2169 4378 2505 4447 interpretum
2546 4374 2908 4440 numerositas,
2948 4372 3151 4429 collatis
3191 4371 3454 4447 codicibus

1772 4463 1829 4527 Β
1851 4468 2099 4539 inspecta,
2131 4477 2282 4537 atque
2317 4467 2567 4523 discussa.
2603 4466 2757 4530 Item,
2802 4463 2895 4535 ubi
2939 4477 3124 4535 supra,
3164 4478 3285 4537 cap.
3332 4463 3400 4519 15
3434 4478 3450 4517 :

1854 4560 1961 4617 Sed
1994 4560 2253 4630 quoniam,
2293 4567 2341 4615 et
2368 4573 2481 4628 qua:
2530 4558 2595 4613 sit
2634 4559 2746 4632 ipsa
2790 4556 3061 4620 sententia,
3094 4573 3245 4627 quam
3277 4555 3454 4636 plures

1853 4653 2151 4724 interpretes
2181 4667 2274 4721 pro
2300 4667 2393 4705 sua
2420 4650 2627 4719 quisque
2653 4649 2916 4727 facultate,
2948 4659 3100 4720 atque;
3117 4650 3318 4723 judicio
3359 4665 3453 4703 co-

1854 4751 2044 4797 nantur
2074 4740 2265 4813 eloqui,
2312 4758 2414 4796 non
2441 4752 2675 4812 apparet,
2719 4742 2818 4796 nisi
2842 4742 2896 4797 in
2921 4758 2977 4796 ea
3005 4743 3185 4813 lingua
3210 4741 3456 4812 inspicia—

1855 4847 1961 4902 tur,
1977 4851 2138 4906 quam
2167 4836 2589 4907 interpretantur,
2613 4845 2658 4891 et
2674 4836 2972 4908 plerumque
2994 4852 3024 4889 a
3054 4852 3205 4890 sensu
3228 4834 3455 4913 auctori;

1851 4927 2027 5003 devius
2068 4926 2269 4983 aberrat
2308 4926 2573 5001 interpres,
2619 4928 2793 4989 sinon
2839 4929 2901 5001 sit
2958 4927 3314 4994 doctissimus;
3360 4935 3453 4987 aut

1852 5020 2147 5091 linguarum
2186 5018 2414 5087 illarum,
2456 5036 2521 5075 ea:
2562 5020 2744 5091 quibus
2793 5021 2844 5075 in
2889 5019 3128 5085 Latinam
3180 5013 3455 5099 Scriptura

1852 5112 2101 5183 pervenit,
2129 5113 2344 5183 petenda
2371 5112 2593 5183 cognitio
2616 5121 2725 5176 est;
2753 5124 2839 5167 aut
2879 5112 3122 5168 habenda:
3156 5113 3461 5183 interpreta:

1855 5205 2016 5259 tiones
2046 5220 2243 5269 eorum,
2284 5204 2371 5276 qui
2401 5220 2453 5258 se
2492 5203 2653 5259 verbis
2690 5205 2847 5261 nimis
2898 5204 3274 5273 obstrinxerunt
3295 5219 3315 5279 ,'
3352 5220 3457 5265 non

1854 5299 1975 5369 quia
2003 5298 2290 5370 sufficiunt,
2324 5298 2412 5351 sed
2450 5306 2505 5351 ut
2534 5314 2595 5353 ex
2621 5298 2694 5352 eis
2738 5298 2942 5371 ueritas,
2972 5300 3050 5354 vel
3077 5315 3221 5359 error
3249 5297 3461 5370 detega«

1856 5402 1943 5448 tur
1971 5392 2212 5457 aliorum,
2236 5392 2324 5461 qui
2354 5407 2454 5449 non
2485 5392 2649 5463 magis
2677 5390 2844 5458 verba,
2877 5408 3029 5462 quam
3065 5394 3337 5447 sententias
3381 5393 3462 5447 in-

1858 5481 2185 5555 terpretando
2234 5482 2376 5554 sequi
2440 5482 2747 5553 maluerunt.
2813 5483 2998 5555 Itaque
3067 5485 3456 5553 recurrendum

1859 5585 1979 5655 erat
1999 5576 2066 5631 ad
2088 5584 2294 5639 textum
2314 5575 2715 5651 primigcutum,
2738 5573 2956 5649 quando
2980 5574 3460 5665 interpretationes

1865 5671 1988 5745 (seu
2042 5665 2397 5747 exemplaria)
2441 5668 2580 5741 inter
2626 5681 2686 5745 se
2730 5664 3065 5743 dissidebant
3096 5682 3109 5718 :
3136 5664 3139 5665 ⁷
3169 5664 3262 5729 sed
3311 5664 3463 5737 [uere
