3950 6176
505 209 599 263 111

1905 195 2439 255 PROLEGOMENA.
3515 190 3557 215 “

3690 194 3821 253 ΗΞ

497 323 866 394 quamplures,
925 320 1035 389 qui,
1088 318 1369 386 utriusque
1427 313 1623 384 linguae
1682 312 1796 369 fere
1876 319 2173 384 prorsusA
2204 315 2401 371 ficavit.
2456 315 2591 370 Hinc
2634 314 2853 371 demum
2901 313 3222 386 Augustino,
3264 313 3354 383 qui
3407 310 3542 366 nihil
3590 311 3813 380 inepte,

498 415 695 486 ignari,
746 415 999 483 nulloque
1040 411 1222 463 habito
1265 408 1642 475 interpretum,
1688 422 1783 459 seu
1816 408 2096 475 exempla-

498 508 637 562 rium
668 507 901 567 delectu,
931 501 1233 557 difliciliora
1263 507 1318 553 et
1342 498 1658 552 obscuriora
1704 496 1848 550 Itala:
1895 497 2099 552 versio-

499 601 587 655 nis
617 601 733 654 loca
768 596 884 651 ausi
923 602 1048 649 sunt
1087 592 1381 662 corrigere,
1435 604 1764 659 expungere,
1810 588 1893 642 vel
1942 603 2095 642 assu-

500 692 698 748 mentis
724 702 922 758 augere
948 704 961 739 :
1004 693 1059 741 et
1084 699 1205 755 quin
1236 682 1424 737 lectori
1455 695 1662 736 moram
1694 679 1889 735 all‘erre
1942 689 2095 748 pote-

496 777 1028 848 rautinEvangeliis,
1059 791 1142 839 ea,
1177 774 1313 828 facta
1337 772 1500 827 veluti
1527 772 1755 842 quadam
1783 768 2095 837 Harmonia,

495 876 717 931 alterius
774 869 1137 941 Evangelistte
1195 866 1370 931 stylo,
1441 864 1730 934 verbisque
1800 864 2093 918 illustrare.

494 968 634 1023 Hinc
661 965 849 1030 variae,
888 962 1367 1031 discrepantesque
1399 958 1558 1011 unius
1582 971 1646 1012 ac
1684 956 1927 1026 ejusdem
1954 955 2095 1008 anti-

493 1062 589 1132 qui
616 1055 929 1127 interpretis
955 1063 1081 1109 sunt
1124 1060 1324 1107 exortae
1351 1049 1645 1112 lectiones;
1689 1064 1809 1117 qua:
1837 1047 1936 1103 SS.
1974 1047 2098 1102 Hie-

493 1165 727 1223 ronymo
754 1159 808 1203 et
831 1144 1129 1215 AuguSIino
1164 1144 1216 1197 in
1251 1157 1411 1197 causa
1454 1140 1625 1207 fuere,
1653 1149 1710 1193 ut
1740 1149 2099 1208 quererentur

495 1246 715 1316 utrique
734 1243 802 1297 de
822 1249 964 1295 tanta
988 1239 1294 1293 Latinorum
1312 1237 1668 1304 interpretum
1685 1235 2094 1288 numerositate.

497 1338 756 1409 Quamvis
781 1335 945 1397 enim,
988 1332 1162 1402 inquit
1190 1329 1536 1385 doctissimus
1564 1327 1807 1382 Sabatier
1840 1327 1894 1381 in
1936 1325 2093 1381 Praef.

496 1429 749 1489 Generali
778 1426 879 1499 (De
904 1424 1188 1479 Bibliorunt
1221 1421 1503 1477 Sacrorum
1545 1419 1741 1473 Latinis
1783 1417 2098 1472 versionibus

494 1525 749 1595 antiquis,
783 1520 811 1592 §
840 1520 924 1589 ἓ),
967 1527 1144 1574 textus
1177 1516 1477 1587 primigenii
1522 1514 1830 1584 discrepent
1870 1513 2011 1569 inter
2038 1527 2096 1569 se

493 1617 785 1689 aliquando
811 1613 1093 1679 lectiones,
1125 1610 1395 1680 variisque
1436 1609 1732 1664 dissideant
1767 1609 1972 1674 verbis,
2016 1618 2098 1662 at-

2201 410 2334 464 nihil
2362 411 2462 464 nisi
2495 421 2645 465 recte
2673 410 2861 464 scribit
2888 451 2901 473 ,
2945 409 3188 463 scribere
3233 408 3456 461 forsitan
3490 405 3657 469 licuit,
3687 405 3816 458 La-

2201 502 2333 555 tinos
2360 504 2659 573 interpretes
2686 502 2945 556 numerari
2974 518 3075 555 non
3107 516 3272 571 posse.
3306 496 3385 553 lta
3419 496 3665 552 laudatus
3708 497 3811 549 CI.

2201 595 2468 660 Sabatier,
2498 596 2653 665 cujus
2672 596 3041 663 conjecturam
3060 610 3158 663 ego
3176 591 3550 648 vehementius
3574 592 3812 661 urgebo.

2200 686 2387 742 Varias
2416 689 2691 744 exstitisse
2718 687 2817 743 SS.
2868 687 3177 758 Hieronymi
3227 694 3281 740 et
3308 683 3591 755 Augustini
3636 693 3811 738 aetate

2200 779 2482 836 versiones
2518 796 2617 851 ego
2646 796 2859 851 quoque
2888 796 2994 835 non
3043 780 3213 835 semel
3258 778 3466 834 asserui
3498 779 3550 832 in
3610 786 3755 833 tomo
3795 794 3817 833 ι

2206 873 2563 927 l'indiciarum
2594 873 2968 928 Canonicarum
3000 872 3408 943 Scripturarum,
3434 880 3597 942 atque
3618 871 3671 925 in
3698 872 3817 928 hoc

2200 962 2562 1037 Evangeliario
2611 966 2975 1036 Quadruplici,
3006 966 3153 1020 nisus
3179 964 3499 1019 auctoritate
3529 962 3626 1019 SS.
3667 963 3812 1029 PP.,

2198 1065 2254 1113 et
2297 1059 2597 1127 praesertim
2646 1057 2853 1123 Hilarii,
2902 1056 3237 1128 Hieronymi,
3278 1064 3335 1111 et
3364 1054 3673 1124 Augustini,
3707 1056 3813 1125 qui

2198 1148 2339 1203 libro
2368 1165 2403 1203 ιι
2436 1148 2505 1204 de
2563 1149 2813 1203 Doctrina
2850 1148 3157 1203 Christiana
3188 1162 3310 1217 cap.
3345 1147 3431 1212 14,
3465 1145 3592 1201 dum
3626 1146 3814 1201 varias

2201 1255 2297 1310 pro
2328 1240 2518 1295 iisdem
2544 1240 2895 1295 emendandis
2925 1240 3141 1310 regulas
3173 1239 3356 1306 tradit,
3388 1240 3680 1294 maximum
3708 1237 3815 1293 ha-

2200 1330 2435 1387 bendum
2465 1346 2585 1387 esse
2626 1331 2870 1387 codicum
2918 1331 2986 1386 ab
3016 1330 3211 1386 eodem
3260 1331 3557 1401 interprete
3586 1331 3773 1386 deriva
3792 1365 3815 1379 .

2200 1431 2374 1479 torum
2397 1424 2668 1480 delectum
2699 1424 2887 1479 docet:
2918 1423 3079 1487 Nam,
3108 1424 3317 1493 inquit,
3349 1422 3610 1477 codicibus
3631 1439 3813 1478 emen-

2200 1515 2385 1569 dandis
2430 1517 2667 1587 primitus
2715 1516 2858 1571 debet
2900 1517 3167 1587 invigilare
3214 1516 3423 1569 solertia
3472 1532 3673 1583 eorum,
3715 1519 3815 1587 qui

2202 1609 2500 1678 Scriptura:
2528 1610 2745 1665 Divinas
2776 1626 2927 1665 nosse
2954 1609 3262 1676 desiderant,
3309 1618 3360 1662 ut
3390 1609 3672 1664 emendatis
3703 1626 3813 1663 non

493 1729 600 1785 que
627 1713 789 1766 etiam
818 1705 1121 1771 sententiis,
1165 1720 1329 1759 unum
1364 1712 1546 1757 tamen
1574 1702 1933 1771 eumdemque
1983 1702 2090 1785 pri.
2125 1702 2173 1762 B
2199 1702 2453 1756 emendati
2488 1703 2692 1769 cedant,
2722 1720 2787 1757 ea:
2832 1718 2938 1758 uno
2978 1704 3248 1757 dumtaxat
3288 1717 3812 1758 tnrenensrntoms

495 1803 787 1876 migenium
860 1814 983 1856 esse
1053 1807 1256 1853 textum
1335 1803 1611 1851 constat:
1694 1794 1877 1864 quidni
1934 1793 2093 1862 igitur

490 1900 696 1971 pariter
746 1910 907 1952 unam
976 1892 1330 1961 eamdemque
1387 1891 1620 1960 primum
1676 1888 1843 1943 fuisse
1911 1885 2092 1957 Scrip-

494 2000 738 2047 turarum
802 1985 1301 2057 interpretationem
1359 1981 1675 2046 dixerimus,
1726 1979 1968 2050 quamvis
1995 1994 2090 2033 va-

490 2084 589 2141 riae
666 2084 721 2137 in
785 2079 1061 2135 codicibus
1147 2083 1436 2132 occurrant
1507 2074 1906 2143 discrepantia,
1972 2088 2091 2143 qua:

486 2175 666 2230 varias
712 2170 1203 2241 interpretationes,
1252 2182 1283 2221 a
1347 2167 1511 2221 variis
1552 2166 1856 2222 elaboratas
1914 2164 2087 2220 inter-

492 2268 762 2342 pretibus,
800 2265 1103 2335 signiﬁcare
1130 2261 1455 2317 videantur?
1482 2260 1740 2315 Nimirum
1786 2259 1952 2313 variae
1983 2258 2091 2312 illze

489 2357 1134 2427 forsitandiscrepautite,
1166 2362 1258 2409 aut
1290 2353 1359 2407 ab
1393 2350 1738 2409 oscitantium
1766 2349 2089 2422 negligentia

488 2454 859 2516 librariorum,
912 2460 1004 2504 aut
1034 2448 1102 2503 ab
1131 2447 1411 2503 audacium
1450 2446 1753 2500 temeritate
1799 2442 2093 2499 eruditulo—

487 2564 610 2603 rum
638 2554 763 2601 sunt
795 2542 1079 2613 profectio;
1110 2556 1340 2610 quorum
1373 2539 1462 2593 alii
1490 2537 1854 2593 somniculose
1888 2535 2091 2591 descri-

484 2639 665 2697 bendo
712 2638 852 2692 hanc
909 2633 1431 2703 interpretationem,
1488 2631 1652 2686 verba
1696 2639 1751 2684 et
1796 2629 2091 2683 sententias

486 2733 783 2793 vitiarunt;
853 2728 942 2782 alii
991 2741 1143 2793 vero,
1209 2740 1329 2794 qua:
1385 2723 1565 2777 minus
1612 2720 1950 2787 intellexere,
2002 2728 2094 2774 aut

486 2795 747 2879 mendosa
793 2828 1071 2891 putarunt,
1124 2824 1215 2871 aut
1262 2814 1526 2871 arbitratu
1570 2828 1669 2868 suo
1719 2818 2088 2867 mutaverunt.

484 2914 669 2981 Certe,
700 2913 745 2969 si
785 2912 837 2967 id
879 2910 1021 2966 inter
1049 2907 1468 2965 exscribendum
1500 2906 1879 2975 primigenium
1910 2903 2094 2973 Scrip-

486 3014 625 3062 tura:
655 3014 885 3070 textum,
917 3001 1069 3072 cujus
1094 3000 1177 3055 vel
1209 2999 1503 3054 litterulam
1539 3006 1750 3053 mutare
1790 2994 1946 3052 nefas
1974 3010 2095 3050 esse

2196 1809 2376 1863 genere
2404 1795 2675 1847 venientes.
2710 1793 2777 1847 Et
2814 1794 2865 1848 in
2900 1793 3091 1848 eodem
3134 1792 3291 1859 libro,
3340 1807 3464 1862 cap.
3496 1793 3589 1857 15,
3645 1809 3801 1847 num.

2194 1885 2286 1950 22,
2321 1884 2384 1939 1η
2431 1887 2556 1956 ipsis
2586 1900 3185 1949 INTERPRETATIONIBUS,
3216 1884 3344 1939 ltala
3374 1886 3569 1939 ueteris
3609 1889 3814 1956 prtefe-

2195 1986 2377 2044 ratur;
2422 1994 2543 2031 nam
2584 1987 2657 2032 est
2686 1978 2955 2033 verborum
3002 1980 3251 2044 tenacior,
3296 1993 3410 2030 cum
3439 1978 3814 2048 perspicuitate

2194 2070 2475 2125 sententiae.
2526 2070 2615 2136 At,
2664 2070 2755 2125 ubi
2788 2070 2845 2125 S.
2898 2070 3259 2141 Hieronymus
3302 2070 3493 2123 arbiter
3532 2070 3697 2135 sedit,
3742 2069 3809 2123 Β.

2198 2164 2413 2222 Damasi
2439 2166 2614 2234 jussu,
2646 2175 2700 2218 ut
2742 2165 2877 2239 (post
2908 2164 3223 2235 exemplaria
3253 2162 3641 2233 Scripturarum
3671 2162 3813 2217 Novi

2197 2259 2531 2316 Testamenti
2560 2270 2663 2314 toto
2695 2258 2816 2313 orbe
2842 2258 3057 2325 diﬂ'usa,
3108 2274 3222 2328 qua:
3270 2260 3403 2312 inter
3432 2274 3485 2313 se
3513 2258 3812 2328 variabant)

2197 2369 2314 2423 qua:
2342 2362 2507 2408 essent
2529 2354 2642 2418 illa,
2672 2368 2787 2423 qua:
2815 2368 2931 2406 cum
2957 2350 3139 2407 Grceca
3169 2351 3550 2406 consentiebant
3573 2352 3811 2417 veritate,

2195 2444 2523 2508 decerneret;
2549 2461 2612 2498 ne
2642 2446 2881 2508 multant,
2914 2444 3111 2513 inquit,
3142 2461 3171 2497 a
3194 2443 3427 2497 lectionis
3452 2443 3658 2497 Latina:
3682 2460 3811 2498 con-

2194 2538 2463 2592 suetudine
2502 2538 2873 2607 discreparent,
2916 2538 2990 2591 ita
3039 2536 3240 2590 calamo
3290 2522 3703 2607 temperavimus,
3754 2546 3813 2590 ut

2195 2629 2275 2684 Itis
2302 2640 2519 2695 tantum,
2547 2646 2663 2699 qua:
2698 2646 2902 2685 sensum
2943 2628 3243 2683 videbantur
3285 2640 3501 2694 mutare,
3536 2629 3809 2696 correctis,

2194 2722 2389 2792 reliqua
2414 2739 2619 2777 manere
2646 2731 2957 2797 pateremur,
2980 2731 3033 2775 ut
3056 2724 3278 2792 fuerant.
3310 2720 3493 2790 Itaque
3517 2722 3604 2776 illa
3628 2739 3808 2776 exent-

2206 2815 2399 2887 plaria,
2428 2830 2549 2885 quze
2580 2813 2708 2868 dicit
2739 2823 2810 2868 tot
2840 2831 2967 2884 pene
2990 2814 3167 2885 fuisse,
3201 2824 3321 2883 quot
3352 2814 3569 2879 codices,
3602 2829 3669 2869 ex
3698 2829 3811 2868 uno

2204 2907 2483 2961 dumtaxat
2512 2904 2974 2976 interpretationis
2991 2922 3191 2977 genere
3216 2907 3534 2972 veniebant;
3560 2906 3810 2977 quando-

2197 3002 2415 3073 quidem
2445 3010 2522 3057 tot
2542 3002 2942 3072 exemplaribus
2964 3001 3111 3056 ltalze
3135 3002 3273 3057 mire
3286 3001 3577 3071 corruptis,
3602 3002 3803 3071 quibus

487 3099 774 3161 debuerat,
818 3095 1074 3164 contigit;
1124 3103 1325 3165 quanto
1354 3093 1524 3163 magis
1553 3090 1871 3162 contingere
1918 3090 2093 3160 potuit
2118 3093 2163 3157 C
2198 3094 2399 3151 mederi
2433 3094 2669 3160 volebat,
2698 3093 2918 3149 minime
2948 3094 3329 3158 consuluisset,
3357 3095 3401 3149 si
3429 3110 3492 3150 ca
3524 3095 3657 3149 varii
3691 3096 3807 3151 ela-

483 3192 539 3247 in
563 3188 918 3248 exscribenda
954 3188 1423 3259 interpretatione,
1454 3185 1633 3253 cujus,
1661 3199 1783 3238 cum
1810 3200 1919 3240 non
1942 3191 2091 3237 tanta

483 3292 629 3340 esset
679 3278 1000 3344 auctoritas,
1046 3289 1247 3348 quanta
1282 3286 1467 3331 textus
1512 3275 1841 3345 primigenii,
1894 3273 2091 3328 minori

486 3375 668 3431 adhuc
695 3388 846 3435 cura,
871 3370 1180 3441 minorique
1203 3369 1465 3439 religione
1482 3377 1565 3424 est
1588 3367 1861 3437 descripta
1879 3383 1907 3420 a
1927 3367 2092 3422 libra-

484 3466 605 3532 riis,
655 3473 711 3519 et
754 3461 1061 3529 eruditulis,
1093 3462 1184 3532 qui
1235 3469 1465 3527 mutare,
1512 3458 1733 3524 addere,
1780 3457 2088 3526 detrahere,
2136 3486 2143 3489 -

487 3556 757 3631 glossulas
780 3555 1042 3619 inserere,
1074 3552 1320 3622 religioni
1346 3566 1450 3606 non
1481 3550 1821 3606 habuerunt?

558 3652 829 3706 Praaterea
858 3646 1127 3702 variarum
1172 3653 1343 3715 potest
1369 3659 1489 3699 esse
1520 3644 1623 3698 alia
1658 3645 1951 3699 lcetionum
1974 3644 2088 3700 ori-

486 3759 579 3818 go,
609 3759 779 3814 eaque
802 3741 986 3813 purior
1005 3747 1169 3810 atque
1201 3738 1405 3793 utilior.
1437 3736 1586 3793 Sicut
1607 3736 1751 3792 enim
1778 3735 2005 3803 librarii,
2035 3745 2091 3793 et

485 3834 767 3901 erudituli,
790 3832 1103 3896 oscitantia,
1127 3841 1179 3887 et
1195 3829 1501 3885 temeritate
1518 3828 1893 3900 primigeniam
1914 3838 2091 3884 trans~

482 3934 743 3991 lationem
773 3943 1158 3999 nonnunquam
1188 3925 1555 3989 vitiarunt;ita
1570 3924 1789 3991 eruditi,
1814 3925 2089 3995 siquando

486 4025 725 4097 primum
768 4021 1094 4076 dormitasse
1141 4025 1476 4089 agnoverunt
1520 4016 1895 4086 interpretem,
1945 4017 2086 4088 quod

482 4115 687 4172 nemini
714 4129 820 4169 non
843 4112 1127 4181 contingit,
1153 4126 1274 4166 cum
1298 4124 1506 4174 errare,
1537 4118 1590 4163 et
1618 4107 1731 4163 falli
1761 4108 2079 4175 humanum,

483 4219 541 4265 et
587 4225 617 4263 a
670 4209 889 4265 nemine
934 4207 1170 4263 alienum
1212 4206 1303 4273 sit,
1353 4219 1475 4276 quae
1520 4204 1701 4259 minus
1752 4211 1899 4259 recte
1929 4217 2085 4259 versa

485 4312 661 4370 erant,
692 4302 1045 4373 castigarunt,
1088 4308 1143 4355 et
1188 4297 1394 4365 verbis,
1441 4295 1799 4352 sententiisve
1837 4295 2086 4351 obscuris

484 4398 661 4455 lucem
687 4398 908 4454 dedere.
941 4395 1080 4450 Hinc
1112 4393 1312 4450 factum
1343 4399 1445 4457 est,
1480 4398 1540 4444 ut
1565 4406 1683 4460 quae
1716 4390 1875 4444 variae
1895 4389 2083 4445 viden.

2195 3187 2479 3243 borassent
2533 3186 2882 3257 interpretes.
2934 3187 3201 3243 Praeterea
3255 3187 3631 3257 discrepantes
3690 3188 3807 3243 lec-

2196 3280 2375 3336 tiones
2419 3281 2857 3352 Evangeliorum,
2900 3296 3034 3351 quas
3072 3281 3186 3348 ipse
3236 3279 3615 3352 Hieronymus,
3666 3296 3807 3351 pra:-

2193 3372 2379 3428 serlim
2425 3373 2476 3428 in
2508 3372 2899 3429 commentario
2946 3373 2999 3426 in
3049 3372 3382 3437 Matthzeum,
3432 3373 3641 3437 recitat,
3694 3388 3805 3429 non

2193 3464 2436 3519 diversos
2466 3464 2789 3534 interpretes
2818 3472 3070 3534 arguunt,
3096 3462 3191 3518 sed
3214 3462 3545 3532 exemplaria
3579 3462 3797 3519 diversa

2192 3556 2436 3627 ejusdem
2484 3556 2823 3627 interpretis.
2876 3556 3122 3623 Demum,
3169 3571 3295 3611 cum
3335 3570 3507 3626 usque
3540 3554 3610 3610 ad
3652 3554 3798 3613 hanc

2190 3650 2334 3706 diem
2387 3650 2716 3722 insigniores
2775 3650 3119 3707 bibliothecae
3188 3651 3449 3722 singulari
3473 3651 3802 3722 ',"diligentia

2192 3742 2487 3813 pervolutre
2537 3744 2873 3798 servaverint
2921 3744 3241 3814 quamplura
3292 3745 3591 3815 fragmenta
3648 3745 3797 3802 illius

2190 3834 2579 3905 antiquissima:
2627 3836 3110 3906 interpretationis,
3153 3853 3315 3908 quam
3342 3848 3491 3894 tanto
3519 3839 3572 3894 in
3620 3840 3800 3909 pretio

2190 3924 2379 3981 habuit
2405 3928 2759 3998 Augustinus,
2788 3929 2981 3999 cuique
3010 3940 3235 3984 caeteras
3260 3945 3379 3985 esse
3398 3931 3797 4000 posthabendas

2191 4023 2577 4093 pronuntiavit,
2610 4039 2707 4079 cur
2735 4024 2958 4079 aliarum
2987 4025 3227 4080 omnium
3268 4025 3480 4082 fortuna
3518 4026 3657 4083 adeo
3683 4027 3799 4083 dis-

2191 4130 2286 4185 par
2329 4116 2445 4178 fuit.
2497 4125 2660 4187 atque
2701 4116 3024 4173 dissimilis?
3077 4119 3330 4187 Privatis,
3378 4120 3525 4177 dicet
3577 4122 3796 4193 aliquis,

2191 4207 2375 4262 usibus
2434 4209 2819 4265 inserviebant.
2868 4211 2938 4265 At
2976 4225 3081 4266 non
3110 4226 3320 4267 omnes.
3376 4212 3525 4268 Itala:
3572 4212 3793 4283 quidem

2188 4300 2330 4370 apud
2362 4301 2580 4356 Latinos
2622 4302 2930 4358 excellebat
2968 4304 3296 4370 auctoritas;
3339 4303 3435 4360 sed
3463 4314 3639 4361 tamen
3671 4306 3794 4361 alia:

2188 4394 2434 4464 quaedam
2475 4394 2690 4451 fuerunt
2733 4395 3047 4463 versiones,
3096 4396 3290 4467 quibus
3331 4396 3514 4452 Italam
3572 4398 3795 4467 postha-

486 4499 577 4546 tur
598 4493 718 4546 esse
742 4506 769 4542 a
796 4489 958 4543 variis
986 4486 1281 4543 elaborata:
1306 4483 1661 4554 scriptoribus
1682 4481 2082 4553 Scripturarum
2110 4487 2164 4548 D
2189 4486 2356 4543 buere
2384 4488 2628 4543 nonnulli
2671 4489 2881 4544 Patres.
2926 4488 3190 4555 Quoniam
3221 4506 3350 4546 vero
3388 4505 3573 4560 paucae
3612 4500 3789 4560 erant,

482 4582 981 4653 interpretationes,
1006 4578 1151 4634 aliud
1184 4577 1406 4633 forsitan
1431 4575 1563 4631 nihil
1589 4576 1716 4642 sint,
1746 4591 1904 4645 quam
1936 4576 2080 4631 varia

481 4675 728 4745 ejusdem
778 4671 1241 4741 interpretationis
1279 4668 1545 4737 exempla,
1590 4683 1685 4737 pro
1739 4667 2079 4723 librariorum

481 4767 833 4838 negligentia,
874 4764 1199 4836 ignorantia,
1222 4777 1285 4817 ac
1316 4760 1641 4826 temeritate,
1671 4758 1766 4816 sed
1798 4769 1852 4815 et
1893 4760 2077 4815 erudi-

476 4870 659 4917 torum
689 4857 1039 4928 castigatione
1067 4855 1453 4924 discrepantia.
1494 4851 1631 4908 Hinc
1670 4852 1849 4907 forsan
1890 4852 2079 4908 Hiero-

480 4966 699 5023 nymus,
747 4958 818 5003 tot
862 4946 1176 5017 exemplaria
1220 4961 1365 5015 pene,
1406 4954 1528 5015 quot
1567 4944 1785 5011 codices,
1825 4945 2073 5014 scripsit;

479 5059 603 5114 quce
652 5050 831 5095 tamen
878 5037 1040 5107 paulo
1084 5035 1318 5090 inllatius
1356 5035 1554 5104 scripta
1586 5044 1751 5089 sunt:
1799 5033 1925 5089 hinc
1953 5049 2075 5089 cum

474 5134 619 5192 idem
651 5132 1011 5201 Hieronymus
1035 5142 1226 5183 novam
1246 5126 1562 5183 adornasset
1583 5126 1722 5182 Novi
1744 5126 2077 5182 Testamenti

472 5224 1005 5296 interpretationem,
1037 5220 1199 5291 idque
1227 5235 1255 5274 a
1288 5218 1530 5291 pluribus
1558 5219 2067 5291 reprehenderetur,

472 5326 693 5376 sanctus
735 5317 934 5371 Doctor
965 5314 1265 5377 malevolis,
1291 5313 1379 5383 qui
1410 5328 1489 5376 se,
1523 5328 1783 5382 suamque
1811 5312 2072 5368 rodebant

471 5423 530 5470 et
563 5410 855 5481 carpebant
884 5409 1214 5473 versionem,
1246 5407 1310 5461 iis
1337 5406 1618 5475 respondit
1644 5406 1847 5473 verbis,
1879 5408 2072 5477 quibus

469 5523 581 5564 non
607 5516 712 5561 tam
737 5521 766 5560 a
806 5520 863 5560 se
887 5520 1080 5559 novam
1113 5502 1407 5571 Scriptura:
1432 5501 1931 5570 interpretationem
1953 5502 2068 5556 ela-

467 5599 737 5663 boratam,
769 5612 929 5669 quam
970 5607 1209 5651 veterem
1253 5591 1619 5659 emendatam,
1667 5603 1721 5647 et
1760 5608 1791 5646 a
1823 5593 2065 5660 maculis,

468 5694 745 5766 vitiisque,
773 5691 967 5763 quibus
990 5688 1298 5758 laborabat,
1321 5694 1673 5759 expurgatam
1705 5686 1874 5745 fuisse
1900 5688 2067 5759 signi-

2190 4580 2421 4651 primum
2447 4582 2704 4653 neglectre
2724 4590 2850 4637 sunt
2872 4582 2926 4636 in
2949 4581 3139 4638 forulis
3159 4583 3566 4651 tabulariorum,
3593 4583 3791 4641 deinde

2188 4672 2465 4729 interitum
2502 4690 2711 4744 .passre.
2756 4674 2810 4731 Si
2856 4690 2993 4746 pene
3048 4676 3343 4732 innumera:
3382 4677 3529 4733 credi
3577 4677 3789 4746 volunt,

2186 4766 2311 4835 quei
2357 4765 2470 4821 fieri
2504 4768 2694 4836 potuit,
2744 4776 2803 4822 ut
2849 4782 3037 4822 omnes
3082 4768 3377 4839 deperditae
3416 4768 3686 4835 dicantur,
3733 4777 3789 4825 et

2186 4858 2314 4913 sint.
2346 4858 2462 4913 Non
2507 4860 2638 4915 levis
2658 4872 2740 4915 εει
2767 4860 2884 4916 haec
2920 4860 3235 4928 difﬁcultas,
3263 4877 3363 4918 nec
3390 4862 3562 4917 facilis
3592 4861 3660 4917 ad
3690 4878 3785 4919 ex-

2181 4950 2507 5019 pediendum
2540 4962 2622 5005 est
2664 4951 2837 5008 nodus
2885 4953 3014 5017 illis,
3045 4954 3135 5025 qui
3163 4954 3352 5009 volunt
3394 4954 3557 5009 nimis
3592 4970 3787 5026 urgere

2180 5042 2281 5098 SS.
2313 5043 2622 5114 Hieronymi
2663 5056 2717 5100 et
2759 5045 3043 5116 Augustini
3087 5046 3406 5113 sententias,
3460 5063 3595 5118 quas
3634 5050 3777 5105 reci-

2183 5135 2308 5189 tavi.
2343 5135 2662 5205 Hujusmodi
2693 5146 2870 5193 tamen
2903 5138 3076 5195 nodus
3096 5139 3246 5195 nullo
3273 5140 3489 5211 negotio
3515 5140 3777 5210 solvetur,

2179 5227 2225 5281 si
2261 5236 2339 5281 tot
2370 5227 2587 5283 Latinos
2644 5230 2968 5302 interpretes
3009 5232 3231 5287 minime
3273 5231 3546 5288 exstitisse
3587 5234 3779 5290 creda-

2176 5336 2317 5378 mus;
2361 5320 2468 5377 Sed
2513 5321 2581 5378 de
2611 5322 2713 5379 hoc
2739 5324 2887 5380 alibi.
2922 5325 3001 5381 Ne
3042 5336 3221 5381 autem
3253 5327 3484 5397 amplius
3531 5328 3689 5384 alicui
3714 5344 3779 5385 ea

2176 5414 2430 5483 cogitatio
2475 5416 2654 5470 venint
2699 5417 2751 5471 in
2790 5429 3025 5473 mentem
3056 5421 3203 5487 (post
3232 5429 3321 5475 tot‘
3356 5420 3778 5478 litteratissimos

2178 5505 2447 5574 homines,
2470 5511 2559 5579 qui
2584 5510 2651 5564 de
2673 5510 2903 5567 Vindob.
2933 5513 3080 5580 cod.,
3110 5514 3333 5587 ejusque
3361 5515 3495 5570 Itala
3523 5519 3776 5575 versione

2173 5599 2307 5654 mihi
2338 5601 2696 5673 scripserunt)
2732 5605 2906 5675 ipsum
2934 5608 3211 5679 exemplar
3255 5613 3473 5666 incertae
3500 5612 3774 5669 versionis

2171 5705 2316 5761 esse,
2348 5701 2403 5749 et
2428 5692 2623 5751 frustra
2652 5712 2739 5755 me
2765 5697 2894 5757 illud
2924 5699 3214 5771 edendum,
3247 5711 3297 5761 te
3328 5704 3611 5773 collatore,
3648 5722 3769 5763 sus-
