3950 6176
171 299 258 354 HS
896 302 1231 362 EPISTOLA
1275 303 1640 360 BLANCHINI
1680 303 1772 360 AD
1815 301 2198 361 EPISCOPUM
2237 303 2682 362 GURCENSEM.

3372 311 3475 367 114

161 416 386 486 cepisse;
432 415 692 471 omnibus
728 416 1018 473 industria:
1051 433 1183 474 meae
1213 419 1348 474 ratio
1384 427 1662 488 comperta
1688 418 1762 473 sit
1786 420 1837 480 Α
1866 416 2042 475 Graec.
2075 421 2163 474 int
2201 424 2294 479 τήν
2335 417 2566 494 vappa»;
2600 419 2745 492 quod
2775 423 2996 493 proprie
3023 437 3278 495 sponsam
3309 424 3476 494 signi-

165 531 228 570 ex
274 514 616 582 consequenti
674 515 931 570 locorum
993 517 1368 586 parallelorum
1421 515 1760 586 prolatione:

166 624 279 679 qua:
305 609 429 672 loca,
463 609 552 679 qui
582 613 861 664 attentius
887 610 1256 680 perpenderit,
1293 624 1414 665 cum
1454 618 1573 664 tuos
1616 609 1766 665 labo-

168 717 253 757 res
279 701 450 756 merita
472 703 782 757 cumulabit
809 703 1005 772 gloria,
1030 712 1142 758 tum
1174 718 1306 758 mem
1329 702 1572 765 editioni,
1602 717 1763 772 quam

173 794 353 848 mereri
395 793 587 862 possit,
636 793 860 848 laudem
913 793 1051 848 tituli
1100 810 1203 848 non
1262 793 1542 848 invidebit.
1599 791 1764 846 Multa

175 885 452 954 quidemet
497 883 738 939 maxima
789 884 964 940 debeo
1007 884 1088 939 CI.
1139 875 1209 938 ν.
1239 884 1456 940 Nicolao
1505 883 1764 938 Forlosite

174 975 303 1045 Aug.
332 975 669 1032 hiblimheca:
693 976 909 1030 custodi
939 976 1219 1046 primario,
1237 977 1326 1045 qui
1356 974 1764 1044 incomparabili

175 1068 434 1136 diligentia
463 1065 688 1121 Latinos
721 1083 832 1122 non
862 1069 1038 1122 solum
1068 1067 1286 1123 codices
1315 1082 1500 1122 sacros
1527 1083 1592 1122 ex
1638 1067 1761 1120 Vin-

172 1157 458 1213 dobonensi
480 1158 742 1212 thesauro
769 1158 1005 1230 collegit,
1046 1159 1411 1229 collectosque
1444 1159 1496 1212 in
1529 1158 1760 1214 indicem

171 1251 356 1307 ordine
381 1267 472 1306 suo
495 1251 803 1319 distribuit,
830 1261 992 1323 atque.
1018 1252 1084 1307 ad
1121 1268 1207 1308 me
1239 1253 1416 1319 misit;
1457 1253 1552 1309 scd
1596 1267 1758 1309 evan-

169 1345 439 1415 geliarium
477 1345 669 1411 etiam,
717 1345 785 1400 de
815 1361 922 1416 quo
951 1347 1241 1416 loquimur,
1285 1348 1569 1418 explicuit,
1599 1358 1762 1418 atque

167 1435 472 1506 descripsit;
496 1438 692 1492 critico
733 1437 954 1508 insuper
992 1449 1045 1494 et
1073 1439 1332 1493 historico
1363 1439 1578 1510 adjecto
1614 1439 1758 1508 judi-

166 1527 270 1582 cio.
321 1528 528 1584 Utinam
590 1537 737 1585 totus
782 1529 873 1586 ille
912 1531 1106 1598 codex,
1158 1531 1311 1600 cujus
1349 1547 1450 1602 ego
1491 1532 1761 1588 variantes

165 1620 419 1676 lectiones
467 1622 686 1693 evulgo,
741 1637 772 1676 a
817 1633 890 1691 te,
939 1623 1338 1694 sapientissime
1391 1623 1609 1693 praesul,
1661 1623 1762 1680 ali-

163 1714 378 1783 quando
404 1713 454 1769 in
490 1715 666 1770 lucem
699 1715 910 1770 edatur.
957 1715 1103 1788 Opus
1133 1731 1263 1771 sane
1307 1714 1755 1786 incomparabile,

1873 509 2022 566 licet.

1939 603 2073 659 Luc.
2103 618 2223 673 cap.
2255 621 2407 672 xvut,
2435 606 2488 660 7.
2519 605 2921 674 Vindobonen.,
2945 607 3277 678 Vercellen.,
3305 610 3482 666 Vero-

1867 709 1995 749 nen.
2039 696 2337 764 patientiam
2381 696 2591 751 habens.
2637 697 2694 752 In
2743 697 3010 753 hodierno
3045 701 3234 756 codice
3279 702 3472 759 Graeco

1865 795 1951 842 est
1979 828 1994 854 ,
2029 791 2112 842 καὶ
2136 792 2471 867 μακροθυμῶν
2498 790 2575 844 ἐπ’
2599 790 2800 854 αὐτοῖς,
2848 798 2897 842 et
2945 791 3238 861 patientiam
3256 793 3464 850 habent.

1865 880 2004 935 Olim
2037 880 2248 949 legi-bat
2273 867 2540 953 interpres
2573 881 2818 950 Latinus,
2845 887 3472 960 μακροθυμήσει,ραιὶεη-

1871 975 1994 1028 tiam
2027 974 2229 1028 habebit
2261 977 2312 1028 in
2344 976 2470 1030 illis.

1935 1068 2067 1124 Luc.
2113 1083 2234 1139 cap.
2289 1085 2379 1135 xx,
2412 1071 2500 1126 55.
2536 1069 2908 1126 Vindobouen.
2957 1079 3012 1127 et
3046 1071 3336 1128 Corbeien.
3387 1089 3478 1128 ne-

1864 1176 1961 1232 que
2001 1165 2196 1216 ducunt
2239 1178 2459 1226 uxores,
2515 1161 2754 1217 Brixian.
2807 1179 2966 1234 neque
3012 1181 3199 1219 uxores
3255 1167 3474 1222 ducunt.

1865 1253 2090 1320 Quidam
2143 1255 2304 1309 etiam
2353 1269 2486 1308 mss.
2539 1254 2649 1309 div.
2695 1254 2837 1310 Bibl.
2883 1255 2939 1313 S.
2994 1256 3217 1312 llieron.
3265 1257 3474 1314 habent

1859 1343 2016 1415 juxta
2048 1343 2293 1401 Graecum
2314 1387 2328 1411 ,
2357 1362 2516 1415 neque
2543 1346 2735 1400 ducunt
2761 1363 2970 1401 uxores.

1936 1436 2101 1490 Marc.
2149 1450 2265 1506 cap.
2323 1451 2400 1502 ιι,
2457 1437 2545 1491 19.
2602 1435 3016 1505 Vindobonen.,
3063 1438 3371 1495 Vercellen.
3413 1451 3470 1496 et

1864 1527 2110 1582 Brixian.
2148 1527 2276 1582 Filii
2301 1527 2500 1599 sponsi.
2532 1528 2754 1585 Graecus
2792 1538 2992 1596 textus,
3035 1537 3127 1586 τοῦ
3183 1541 3468 1606 νυμφῶνος.

1864 1621 1934 1676 Ει
1959 1622 2028 1676 ita
2063 1621 2292 1678 habetur
2321 1621 2510 1678 Matth.
2547 1637 2666 1694 cap.
2699 1639 2773 1688 Ix,
2797 1639 2850 1678 ν.
2886 1624 2976 1689 15,
3005 1633 3059 1678 et
3080 1623 3212 1680 Luc.
3244 1639 3364 1696 cap.
3415 1641 3468 1694 ν,

1864 1727 1917 1766 v.
1943 1712 2035 1767 54.

161 1818 215 1862 ct
266 1810 664 1865 immortalitate
706 1810 963 1880 dignum;
1007 1811 1100 1865 sed
1148 1810 1424 1865 hominum
1453 1810 1750 1877 dumtaxat,
1782 1791 1830 1852 Β
1933 1803 2094 1859 Marc.
2146 1820 2265 1876 cap.
2321 1821 2435 1871 vu,
2513 1807 2566 1862 5.
2631 1805 3008 1862 Vindohonen.
3069 1815 3124 1862 et
3178 1805 3469 1862 Corbeien.

160 1900 245 1969 qui
278 1901 497 1955 multum
550 1903 946 1972 progressionis
976 1901 1202 1958 fecerint
1231 1902 1284 1956 in
1336 1901 1569 1957 lectione
1614 1900 1758 1956 Lati-

163 2008 351 2047 norum
372 1992 592 2048 Patrum
629 1994 1049 2062 primitivorum,
1084 1995 1192 2049 imo
1222 2002 1438 2048 :ctatem
1465 2007 1757 2062 consump-

115 2103 123 2110 ·
159 2088 350 2154 serint,
389 2087 639 2144 manibus
656 2087 1226 2143 contrectandum.En
1256 2086 1453 2144 indolis
1487 2085 1757 2142 Viudobo-

161 2179 345 2234 nensis
370 2179 572 2235 codicis
602 2179 910 2235 testimonia
937 2178 1186 2236 clariora.
1235 2197 1238 2200 ’

228 2270 387 2327 Marc.
432 2288 558 2340 cap.
593 2287 713 2336 vtu,
774 2271 864 2327 10.
926 2271 1329 2339 Vindobonen.,
1378 2271 1649 2326 Veronen.
1707 2279 1761 2325 et

163 2377 214 2420 et
238 2364 521 2422 Corbeien.
555 2366 856 2438 Magedam.
890 2365 1119 2437 Vulgata
1151 2366 1208 2423 S.
1240 2365 1403 2422 Marci
1437 2365 1524 2421 hic
1551 2373 1756 2431 narrat,

163 2454 427 2513 Christum
460 2473 557 2528 per
584 2473 735 2514 mare
775 2457 1075 2514 Tiberiadis
1129 2461 1410 2530 navigasse
1469 2456 1762 2513 Dalmanu-

166 2545 333 2603 thum.
363 2548 418 2606 S.
441 2550 730 2606 Mattltteus
755 2566 886 2606 vero
918 2565 1036 2620 cap.
1067 2566 1160 2617 xv,
1189 2550 1278 2616 59,
1314 2561 1368 2606 et
1395 2551 1549 2620 plura
1570 2550 1756 2605 Latina

167 2640 223 2696 S.
277 2641 432 2698 Marci
480 2659 614 2697 mss.
660 2642 862 2700 habent
906 2643 1122 2699 venisse
1166 2642 1448 2715 Magedan.
1497 2643 1757 2716 Syriacus

166 2748 391 2803 quoque,
415 2749 476 2790 ac
506 2735 794 2802 Arabicus,
827 2743 882 2790 et
911 2735 1097 2790 Grteca
1128 2735 1375 2806 quaedam
1393 2737 1755 2792 vetustissima

168 2828 485 2896 exemplaria
514 2830 727 2899 legunt,
762 2827 1046 2900 Magedan.

235 2917 365 2976 Luc.
389 2936 508 2992 cap.
541 2937 636 2987 xu,
661 2921 750 2977 55.
779 2921 982 2976 Desunt
1007 2921 1190 2986 verba,
1215 2921 1270 2974 in
1295 2921 1530 2976 manibus
1555 2923 1757 2989 vestris,

166 3009 216 3064 in
241 3011 643 3079 Vindoboneu.,
673 3012 1003 3079 Vercellen.,
1033 3012 1154 3069 Gat.
1185 3021 1242 3068 et
1262 3013 1496 3068 Brixian.
1521 3023 1574 3068 et
1604 3014 1676 3068 ita
1706 3015 1758 3069 in

167 3102 344 3160 Grzeco
374 3117 546 3172 textu,
580 3106 636 3161 in
664 3107 900 3176 antiquis
927 3105 1352 3162 Corbeiensibus
1384 3105 1595 3174 Bibliis,
1623 3114 1680 3162 et
1705 3107 1756 3162 in

1865 1896 2083 1963 habent,
2109 1898 2207 1952 nisi
2233 1899 2432 1970 pugillo
2461 1899 2697 1953 laverint.
2742 1899 2963 1954 Graecus
2993 1913 3110 1970 pro,
3165 1899 3264 1955 nisi
3295 1901 3470 1956 crebro

1862 1991 2075 2044 laverint
2093 2009 2296 2058 manus,
2315 1992 2438 2058 fert,
2461 1993 2568 2048 Ἐὰν
2591 1999 2661 2066 μὴ
2678 2003 2858 2070 πυγμῇ
2874 1995 3123 2066 νίψωνται
3143 1999 3238 2055 τὰς
3257 2003 3468 2072 χεῖρας,

1863 2087 1950 2137 οὐκ
2000 2086 2255 2151 ἐσθίουσι,
2290 2085 2340 2139 id
2365 2095 2466 2148 est,
2499 2086 2599 2139 nisi
2623 2087 2876 2157 pugillum
2907 2086 3142 2142 laverint.

1935 2176 2101 2232 Marc.
2144 2191 2263 2246 cap.
2299 2195 2328 2232 ιι
2363 2219 2379 2245 ,
2417 2178 2508 2235 40.
2540 2178 2595 2233 1η
2639 2178 3019 2234 Vindobonen.
3054 2221 3070 2246 ,
3105 2178 3411 2234 Vercellen.
3447 2221 3463 2248 ,

1862 2267 2149 2322 Corbeien.
2177 2277 2230 2322 ct
2259 2267 2529 2325 Veronen.
2559 2269 2749 2336 deest,
2772 2271 2830 2324 τὸ
2883 2269 3044 2323 vobis.
3097 2270 3162 2325 Et
3191 2271 3268 2336 ita_
3291 2311 3305 2336 ,
3337 2271 3468 2326 illud

1861 2359 2018 2424 vobis,
2053 2358 2205 2415 abest
2229 2375 2258 2414 a
2291 2361 2451 2432 Syro,
2475 2370 2530 2416 et
2556 2376 2583 2414 a
2607 2361 2885 2417 codicibus
2911 2361 3136 2418 ϐιηθεὶς.

1935 2451 2066 2506 Luc.
2097 2467 2218 2522 cap.
2251 2465 2361 2519 xu,
2389 2453 2482 2509 58.
2528 2453 2832 2509 Vindobon.
2865 2453 2926 2510 Si
2953 2455 3140 2510 venerit
3171 2457 3462 2526 vespertina

1863 2545 1990 2600 liora
2020 2547 2216 2617 vigilia,
2246 2547 2472 2613 Veron.,
2507 2548 2794 2605 Corbeien.
2826 2558 2882 2604 et
2908 2549 3036 2605 Mm.
3071 2551 3114 2604 si
3137 2551 3328 2604 venerit
3353 2566 3463 2604 ves-

1861 2639 2060 2710 pertina
2086 2639 2283 2712 vigilia.
2316 2638 2526 2694 Vetusti
2550 2639 2770 2696 codices
2805 2641 3048 2696 nonnulli
3074 2641 3214 2712 apud
3237 2641 3460 2696 Millium

1863 2732 1951 2787 hic
1983 2734 2160 2788 lerunt
2182 2773 2196 2799 ,
2227 2731 2495 2809 Ἑσπερινῇ
2526 2734 2720 2809 φυλακῇ
2751 2775 2764 2797 ,
2797 2732 2902 2789 hoc
2930 2744 3012 2788 est
3035 2775 3051 2802 ,
3079 2735 3361 2803 vespertina
3391 2734 3468 2787 vi-

1860 2826 2020 2896 gilia,
2057 2841 2192 2896 pro,
2233 2827 2460 2881 secunda
2507 2827 2707 2899 vigilia.
2749 2827 2816 2882 Et
2841 2827 2916 2882 ita
2964 2828 3177 2898 legebat
3202 2827 3462 2893 Marcion,

1863 2927 2004 2973 teste
2035 2917 2355 2988 Epiphanio.

1933 3011 2065 3066 Luc.
2097 3025 2218 3081 cap.
2255 3028 2334 3078 ιιι,
2364 3012 2452 3067 15.
2484 3011 2864 3068 Viudobonen.
2893 3053 2909 3080 ,
2947 3012 3220 3068 Veronen.
3247 3022 3301 3067 et
3323 3012 3461 3068 Cor-

1865 3106 2070 3171 beien.,
2095 3108 2281 3160 bonum
2314 3106 2512 3159 datum.
2560 3115 2616 3160 et
2659 3106 2733 3160 ita
2776 3105 2898 3160 cod.
2943 3103 3345 3176 Cantabrigien.
3399 3105 3459 3162 S.

169 3200 472 3268 quibusdam
540 3201 662 3256 aliis
706 3173 910 3256 Latinis
942 3214 1073 3254 mss.
1131 3201 1182 3253 in
1224 3199 1284 3256 S.
1335 3199 1526 3254 Irenzei
1566 3199 1658 3254 lib.
1704 3215 1756 3254 ιν
1785 3173 1830 3238 C
1861 3199 2181 3255 Ambrosius
2229 3200 2286 3254 in
2316 3198 2408 3254 lib.
2456 3214 2474 3252 ι
2543 3197 2614 3254 de
2639 3198 2781 3268 Spir.
2841 3199 3025 3254 Sanct.
3067 3173 3289 3268 cap.'5,
3335 3212 3458 3269 pag.

169 3303 342 3347 contra
373 3293 612 3348 haereses
641 3302 772 3348 tom.
801 3309 840 3360 ι,
877 3309 998 3363 pag.
1030 3292 1159 3358 278;
1189 3293 1241 3347 in
1275 3292 1332 3348 S.
1365 3292 1622 3364 Cypriani
1661 3293 1752 3348 lib.

171 3383 232 3437 de
254 3383 460 3439 Uoitate
492 3383 756 3440 Ecclesiae
778 3383 1092 3449 Catholicae,
1125 3398 1246 3454 pag.
1272 3383 1378 3439 260
1404 3394 1458 3440 et
1483 3383 1612 3440 266.

233 3475 387 3532 Marc.
418 3491 543 3548 cap.
597 3493 715 3542 vut,
758 3478 847 3533 15.
878 3477 1314 3532 Vindobonensis
1343 3494 1460 3548 pro,
1505 3477 1756 3546 Herodis,

170 3565 340 3636 habet,
383 3567 824 3624 Herodianorum.
877 3569 1048 3624 Graeci
1099 3569 1315 3625 codices
1365 3571 1634 3636 nonnulli,
1680 3569 1759 3624 vi-

167 3659 317 3715 dendi
361 3661 506 3727 apud
554 3661 775 3715 Millium
817 3659 903 3714 hic
941 3675 1061 3730 pro,
1109 3662 1357 3732 fermento
1390 3659 1634 3726 Herodis,
1684 3660 1760 3715 fe-

167 3765 299 3818 runt,
353 3758 447 3811 sui
474 3764 568 3816 τῆς
599 3753 763 3827 ζύμης
804 3751 1140 3832 Ἠρωδιανῶν,
1180 3753 1282 3808 hoc
1308 3762 1412 3818 est,
1457 3758 1759 3823 fermentum

170 3844 609 3911 Ilerodianorum;
634 3861 810 3916 neque
840 3845 1228 3915 spernendum.

227 3940 386 4007 Luc.,
431 3954 555 4010 cap.
601 3955 657 4006 x,
692 3939 779 3994 15.
817 3937 1196 3994 Vindoboneu.
1239 3946 1296 3992 et
1334 3937 1607 3993 Veroueu.
1636 3939 1760 4010 quid

163 4048 311 4102 usque
357 4033 413 4085 in
457 4032 663 4097 coelum,
707 4030 943 4085 Brixian.
974 4046 1088 4100 qute
1140 4045 1297 4100 usque
1347 4030 1402 4083 in
1452 4029 1654 4084 coelum.
1700 4030 1757 4086 lu

161 4123 348 4180 Graeco
373 4123 564 4178 codice
594 4121 857 4178 hodierno
885 4121 1168 4176 Matthacus
1198 4133 1250 4177 et
1294 4121 1467 4177 Lucas
1522 4139 1626 4176 non
1659 4122 1762 4176 dif-

161 4219 333 4275 ferunt
370 4237 381 4271 :
426 4217 588 4288 igitur
617 4217 864 4287 \ulgatus
897 4218 1163 4286 interpres
1212 4217 1263 4270 iu
1297 4217 1486 4271 Graeca
1520 4215 1760 4272 Mttttluei

161 4313 411 4366 versione
458 4309 691 4379 legebat,
739 4315 809 4380 μή
839 4310 933 4370 ἕως
964 4311 1199 4385 οὐρανοῦ,
1228 4308 1478 4376 numquid
1521 4324 1679 4378 usque
1707 4309 1760 4362 in

161 4408 354 4466 calum,
391 4402 670 4474 quomodo
715 4418 773 4458 se
823 4404 876 4456 iu
934 4401 1166 4472 quodam
1213 4401 1512 4472 exemplari
1564 4401 1760 4472 legisse

163 4508 386 4556 testatur
419 4498 582 4552 Be-za.

1859 3293 1986 3362 6M,
2019 3302 2075 3348 et
2095 3293 2337 3349 nonnulli
2363 3291 2580 3347 codices
2612 3292 2886 3363 Evangelii
2910 3293 3206 3348 secundum
3229 3293 3456 3362 Lucam,

1859 3397 1920 3444 ut
1941 3388 2108 3444 refert
2144 3387 2283 3442 idem
2309 3386 2366 3442 S.
2409 3384 2732 3441 Ambrosius
2764 3387 2815 3440 in
2855 3385 3000 3442 dicto
3041 3387 3158 3442 loco
3193 3429 3208 3453 ,
3245 3397 3299 3442 et
3327 3387 3455 3442 Mm.

1862 3480 2118 3552 Spiritum
2137 3478 2327 3533 bonum
2355 3479 2552 3533 datum.
2608 3477 2847 3532 Brixian.
2879 3478 3134 3548 Spiritum
3179 3478 3453 3546 Sanctum,

1860 3585 1914 3628 et
1936 3573 2006 3626 ita
2041 3572 2219 3628 versio
2239 3570 2476 3627 Persica.
2535 3571 2792 3643 Didymus
2821 3613 2837 3639 ,
2871 3579 2928 3626 et
2969 3571 3146 3626 versio
3187 3571 3407 3643 Syriaca
3437 3614 3452 3639 ,

1861 3663 2118 3736 Spiritum
2161 3663 2466 3718 sanctitatis.
2497 3661 2807 3734 Etliiopica
2857 3677 2986 3717 vero
3011 3661 3169 3718 habet
3197 3703 3214 3730 ,
3270 3663 3460 3718 bonum

1860 3755 2042 3810 datum
2067 3755 2294 3826 Spiritus
2314 3752 2516 3809 Sancti.

1933 3850 2064 3905 Luc.
2089 3865 2208 3919 cap.
2234 3865 2308 3914 ιιι,
2339 3848 2435 3904 50.
2471 3847 2847 3902 Vindobonen.
2900 3846 3248 3902 etVeronen.
3300 3863 3460 3916 usque

1860 3944 1930 3997 ad
1951 3943 2327 4014 generationem
2379 3943 2551 3996 istam.
2597 3949 2651 3996 et
2709 3942 2780 3995 ita
2826 3939 3042 3996 Lucifer
3095 3937 3456 3996 Calaritanus.

1862 4035 2166 4090 Vercellen.
2198 4050 2354 4104 usque
2379 4035 2432 4087 in
2459 4043 2606 4106 gente
2634 4033 2750 4086 hac.

1933 4126 2065 4181 Luc.
2091 4141 2210 4197 cap.
2240 4142 2392 4192 xvut,
2435 4125 2522 4179 H.
2553 4125 2957 4191 Vindobonen.,
2991 4125 3264 4182 Veronen.
3291 4165 3308 4190 ,
3337 4124 3460 4178 Bri-

1862 4221 2033 4286 xian.,
2057 4219 2349 4276 Corbeien.
2390 4229 2445 4274 et
2467 4218 2588 4275 Gal.
2623 4218 2804 4288 magis.
2829 4234 2984 4284 quant
3009 4219 3096 4272 ille
3136 4217 3456 4283 Pharisteus;

1863 4322 1918 4366 et
1950 4313 2021 4367 ita
2051 4313 2230 4367 versio
2255 4311 2377 4380 Syr.
2412 4318 2470 4364 et
2516 4309 2576 4364 S.
2609 4309 2914 4380 Cyprianus
2967 4308 3018 4361 in
3047 4308 3140 4362 lib.
3193 4307 3263 4362 de
3306 4305 3457 4362 Orat.

1865 4404 2081 4460 Domin.
2115 4419 2236 4475 pag.
2270 4402 2377 4459 9.65
2401 4419 2414 4456 :
2441 4401 2498 4457 S.
2533 4400 2787 4456 Ambros.
2835 4414 3048 4470 quoque
3093 4399 3144 4453 in
3172 4397 3265 4453 lib.
3327 4414 3346 4452 ι
3393 4398 3462 4454 de

1865 4495 1997 4551 Cain
2025 4506 2080 4551 et
2107 4495 2264 4559 Abel,
2297 4510 2418 4566 cap.
2443 4511 2518 4560 ix,
2551 4509 2670 4564 pag.
2705 4490 2832 4560 199,
2856 4492 3046 4562 magis,
3078 4507 3234 4562 quam
3263 4490 3460 4546 Phari-

227 4591 358 4646 Luc.
393 4605 516 4660 cap.
567 4604 661 4653 xu,
707 4589 761 4643 8.
797 4586 1196 4654 Vindobonen.,
1229 4587 1514 4642 Corbeien.
1545 4594 1599 4642 et
1626 4586 1752 4642 Mm.
1862 4605 2017 4643 saetis.
2048 4587 2176 4643 Mm.
2215 4564 2379 4659 magis
2407 4586 2468 4640 ab
2495 4587 2606 4640 illo.

165 4685 484 4755 confitebitur
511 4684 563 4737 in
592 4684 706 4747 illo,
737 4694 790 4737 et
820 4683 912 4748 ita,
940 4682 1091 4751 juxta
1131 4681 1308 4747 Graec.
1332 4681 1392 4738 S.
1425 4683 1758 4753 Augustinus

166 4779 214 4832 in
240 4777 475 4847 Speculo
501 4775 571 4830 de
608 4774 902 4845 Evangelio
933 4773 1230 4829 secundum
1262 4772 1462 4829 Lucam
1511 4784 1641 4828 tom.
1675 4789 1754 4840 ιιι,

166 4879 299 4940 part.
343 4887 381 4936 ι,
417 4885 540 4940 pag.
565 4869 691 4934 770,
722 4881 777 4923 et
803 4868 854 4922 in
883 4868 1143 4926 Sermone
1171 4870 1257 4933 71,
1286 4869 1354 4924 de
1382 4868 1560 4924 verbis
1582 4868 1762 4924 Evan-

167 4964 282 5031 gelii
306 4961 496 5016 Matth.
528 4961 618 5027 12,
655 4972 784 5016 tom.
814 4977 867 5024 v,
899 4971 1035 5030 part.
1071 4977 1109 5028 ι,
1144 4976 1196 5031 p.
1228 4960 1359 5016 401.

236 5058 365 5112 Luc.
407 5070 528 5126 cap.
582 5071 679 5121 xu,
707 5055 799 5110 45.
833 5052 1205 5110 Viudobonen.
1237 5063 1290 5108 et
1338 5053 1609 5110 Veronen.
1653 5053 1762 5109 Do-

173 5150 329 5202 minus
357 5151 492 5220 ejus.
516 5133 753 5214 Quidam
803 5161 934 5201 mss.
974 5147 1094 5200 libri
1135 5147 1252 5201 Div.
1297 5146 1436 5203 Bibl.
1471 5147 1530 5202 S.
1575 5145 1765 5202 Hiero-

177 5243 335 5312 nymi,
357 5240 511 5310 juxta
543 5239 812 5302 Graecum,
839 5240 1056 5304 habent,
1093 5239 1338 5293 Dominus
1365 5256 1508 5294 suus.

237 5333 366 5389 Luc.
411 5347 533 5403 cap.
572 5348 669 5397 xu,
721 5331 814 5387 45.
851 5330 1248 5393 Vindobonen..
1282 5331 1576 5399 Veronen.,
1632 5331 1766 5388 Cor-

177 5429 363 5495 beien.,
395 5427 522 5484 Gat.
556 5434 614 5480 et
654 5425 780 5478 Mm.
816 5439 934 5494 pro,
965 5440 1153 5488 servos,
1206 5423 1424 5489 habent,
1472 5441 1677 5494 pueros,
1709 5433 1768 5481 et

180 5521 262 5588 ita,
282 5519 504 5590 propius
539 5518 736 5575 Graeco
765 5517 954 5581 verbo,
983 5516 1182 5571 habent
1203 5514 1421 5586 quidam
1439 5530 1568 5570 mss.
1601 5515 1761 5571 codd.

185 5613 292 5668 Div.
318 5611 576 5669 Bibliotli.
615 5611 676 5667 S.
712 5609 1044 5680 Hieronymi.

245 5706 368 5764 Luc.
415 5724 534 5779 cap.
575 5721 673 5766 xu,
714 5703 802 5757 55.
839 5702 1140 5756 Vindohoo.
1170 5712 1220 5754 ct
1256 5702 1451 5757 Veron.
1495 5719 1670 5757 socrus
1713 5705 1768 5758 in

190 5815 430 5868 sponsam,
461 5810 570 5854 etc.
601 5796 765 5852 Cum.
789 5794 963 5851 Graec.
995 5794 1473 5869 διαμερισθήσονται
1510 5795 1614 5850 hic.
1645 5795 1767 5854 cod.

1935 4683 2098 4738 Marc.
2125 4697 2247 4752 cap.
2276 4697 2348 4747 vi,
2371 4681 2425 4735 5.
2454 4679 2829 4735 \‘indoboneu.
2849 4719 2864 4742 ,
2895 4677 3202 4735 Vercellen.
3237 4722 3252 4747 ,
3283 4680 3457 4734 Vero-

1862 4793 2013 4842 nen.,
2044 4776 2169 4831 Gat.
2196 4783 2247 4830 et
2290 4774 2414 4829 Mm.
2453 4773 2642 4828 Nonne.
2670 4775 2753 4828 hic
2783 4772 2954 4846 (Gat.,
2996 4772 3148 4834 Μαι..
3178 4783 3233 4828 ct
3257 4773 3462 4830 Vindo-

1863 4869 2065 4924 boncn.
2099 4867 2214 4936 iste)
2243 4874 2318 4920 est
2349 4865 2484 4936 fabri
2515 4864 2654 4933 ﬁlius
2679 4867 2701 4918 ?
2731 4863 2906 4919 Graeci
2944 4864 3162 4920 codices
3213 4865 3459 4920 nonnulli

1867 4960 2091 5026 habent,
2124 4961 2240 5032 Οὐχ
2265 4956 2414 5020 οὗτὸς
2435 4961 2550 5015 ἔστι
2574 4965 2668 5014 τοῦ
2688 4960 2940 5021 τῖκτονος.
2987 4959 3066 5014 Ita
3105 4959 3264 5014 COdd.
3293 4959 3460 5027 aliqui

1867 5064 2101 5121 veteres,
2132 5061 2268 5109 teste
2299 5052 2547 5120 Erasmo,
2575 5051 2733 5107 Colb.
2766 5053 2820 5118 8,
2859 5053 3031 5108 Paris.
3064 5052 3116 5121 6,
3146 5052 3310 5108 Arab.
3362 5051 3460 5108 ΑΞ-

1868 5147 2066 5216 thi0p.,
2101 5155 2208 5200 etc.
2232 5161 2354 5216 qua:
2375 5145 2538 5201 verba
2569 5145 2722 5200 reddi
2751 5154 2977 5214 possunt
3005 5144 3198 5200 Latine
3221 5188 3238 5214 ,
3275 5144 3462 5200 Nonne

1868 5238 1953 5294 hic
1977 5247 2046 5294 est
2072 5239 2212 5307 ﬁlius
2237 5237 2390 5308 fabri,
2417 5237 2504 5293 vel
2540 5237 2802 5292 artiﬁcis?
2829 5237 3018 5293 Grmca
3061 5237 3203 5292 enim
3236 5251 3334 5291 vox
3367 5252 3464 5306 ge-

1871 5334 2052 5388 nerica
2076 5340 2194 5396 est,
2250 5340 2305 5386 et
2329 5330 2603 5400 quodlibet
2659 5329 2924 5384 artificum
2952 5343 3124 5399 genus
3174 5327 3462 5398 signiﬁcat.

1870 5423 2057 5481 Certat
2083 5424 2343 5494 Origenes
2371 5422 2465 5478 lib.
2492 5425 2759 5477 vr'contra
2788 5419 3036 5485 Celsum,
3082 5420 3231 5474 nullo
3285 5419 3464 5475 Evan-

1872 5519 2136 5590 geliorum
2168 5518 2286 5572 loco
2315 5516 2522 5581 doceri,
2553 5525 2719 5570 artem
2744 5515 2904 5570 ullam
2925 5513 3232 5570 exercuisse
3251 5512 3461 5578 .lcsum,

1875 5628 2198 5683 quamquam
2261 5610 2530 5681 Josephus
2583 5610 2733 5665 faber
2772 5609 2898 5672 fuit;
2945 5608 3170 5668 dicens,
3227 5603 3466 5675 Οὐδαμοῦ

1880 5715 1978 5761 τῶν
2010 5708 2060 5760 ἐν
2090 5713 2206 5764 ταῖς
2259 5704 2551 5762 ἐκκλησίαις
2598 5703 2878 5774 φερομένων
2917 5697 3223 5767 Ebur/elimat
3278 5697 3468 5748 τέκτων

1879 5800 2036 5854 «ora;
2069 5796 2095 5852 ὁ
2121 5796 2310 5853 Ἰησοῦς
2332 5797 2736 5864 ἀναγέγραπται.
2772 5790 3022 5857 Plerique
3050 5800 3225 5842 tamen
3253 5784 3466 5840 codices
