3950 6176
522 304 625 360 115

1905 295 2273 353 PROLEGOM
2285 296 2415 351 ENA
2430 335 2443 350 .

3708 298 3811 352 116

526 436 688 476 manu
718 419 948 484 exarati,
977 430 1269 485 annuosque
1320 414 1460 485 typis
1506 412 1711 484 vulgati
1741 436 1755 477 ,
1809 412 1995 467 Patres
2020 454 2033 477 ,
2062 418 2117 466 et
2142 414 2196 472 Α
2220 412 2662 467 circumstantibus
2711 428 2910 467 mecum
2936 452 2950 475 ,
2988 410 3276 465 Corbeien.
3332 420 3451 463 sunt
3488 411 3689 479 quidam
3730 413 3814 464 hic

520 516 867 583 interpretes,
895 526 999 563 uno
1025 523 1249 562 assensu
1281 548 1295 569 ,
1338 506 1523 560 Jesum
1558 505 1720 559 fuisse
1763 504 1969 558 fabrum
2013 503 2115 558 d0-

524 615 669 662 cent.
712 602 989 658 Matthqu
1017 602 1137 671 cap.
1163 614 1279 667 xm,
1314 599 1405 667 55,
1437 599 1569 655 fert:
1602 597 1790 652 Nonne
1819 599 1900 652 hic
1939 607 2011 652 est
2038 598 2119 664 [a—

530 698 606 753 bri
634 696 812 766 ﬁlius?

598 790 727 843 Luc.
759 802 879 856 cap.
911 801 1007 852 xu,
1040 786 1130 841 59.
1160 784 1490 851 VindObon.,
1548 784 1696 850 Gat.,
1727 784 1853 838 Mm.
1894 792 1949 840 et
2003 784 2121 838 Bri-

524 884 668 937 xian.
703 881 1033 935 novissimum
1057 880 1390 948 quadrantem
1419 880 1624 942 reddas,
1661 880 1927 934 Veronen.
1960 878 2121 933 donec

523 976 677 1029 etiam
703 972 894 1027 reddas
916 972 1244 1025 novissimum
1291 972 1627 1040 quadrantem
1656 1012 1669 1037 ,
1702 970 1989 1025 Corbeien.
2030 988 2120 1025 no-

516 1066 789 1120 vissimunt
806 1064 1170 1133 quadrantem.
1194 1064 1249 1116 8.
1274 1062 1512 1116 [renatus
1544 1062 1597 1116 in
1630 1062 1721 1116 lib.
1744 1078 1759 1116 ι
1780 1071 1971 1116 contra
2008 1061 2121 1118 Hm-

522 1172 675 1213 reses
699 1164 827 1211 tom.
855 1171 893 1220 ι,
920 1170 1040 1225 pag.
1074 1156 1199 1221 104,
1232 1156 1393 1209 donec
1429 1154 1618 1210 reddas
1646 1156 1977 1210 novissimum
1997 1172 2123 1226 qua-

525 1251 782 1303 drantem.

593 1340 727 1393 Luc.
759 1354 877 1408 cap.
906 1354 1001 1393 xui
1025 1380 1039 1404 ,
1074 1338 1127 1393 8.
1164 1337 1540 1394 Vindobonen.
1590 1340 1941 1409 permitte.....
2000 1340 2122 1393 mit-

527 1449 630 1486 tam
662 1431 939 1500 copltinum
962 1431 1220 1495 stercoris,
1262 1429 1565 1485 VerCellen.
1594 1439 1649 1485 et
1681 1431 2119 1487 Brixian.........

522 1535 571 1580 et
606 1526 802 1578 mittam
825 1522 1103 1594 capitinum
1139 1525 1379 1579 stercoris
1404 1565 1417 1590 ,
1455 1524 1720 1579 Veronen.
1754 1534 1807 1580 et
1830 1526 2118 1582 Corbeien.

521 1618 961 1671 remitte..........
1006 1625 1049 1668 et
1078 1617 1275 1668 mittam
1297 1617 1573 1685 cap/tinum
1607 1618 1866 1683 stercoris,
1893 1628 1944 1671 et
1968 1618 2038 1671 ita
2062 1618 2119 1673 8.

527 1708 805 1769 Paulinus,
839 1708 897 1760 8.
927 1706 1246 1761 Ambrosius
1270 1707 1323 1759 in
1348 1706 1440 1762 lib.
1474 1722 1548 1773 ιι,
1578 1707 1647 1762 de
1676 1707 1872 1763 Posuit.
1898 1722 2017 1777 cap.
2052 1710 2075 1762 1
2105 1748 2121 1770 ,

2219 507 2655 559 circumstantium
2686 520 2787 557 me.
2831 502 2886 559 8.
2916 501 3171 557 Ambros.
3217 500 3271 555 in
3328 501 3421 554 lib.
3471 517 3530 555 ιιι
3568 502 3635 556 de
3685 501 3816 557 Fide

2221 606 2350 652 tom.
2380 612 2439 663 ιι,
2472 612 2595 668 cap.
2626 595 2712 661 12,
2740 611 2857 666 pag.
2888 594 3014 661 5M,
3047 595 3182 663 quod
3208 602 3325 647 sunt
3366 594 3576 663 quidam
3602 594 3813 648 circum-

2218 690 2481 743 stantium.

2292 782 2422 835 Luc.
2456 796 2573 851 cap.
2600 797 2677 848 χι,
2704 779 2759 834 2.
2790 779 3169 835 Vindobonen.
3211 787 3265 833 et
3294 778 3532 833 Brixian.
3579 777 3697 833 Fiat
3724 796 3811 833 vo-

2228 874 2400 927 luntas
2429 873 2763 946 (Vindelion.
2797 874 3107 941 volumptas)
3136 884 3242 936 tua,
3271 872 3400 926 sicut
3437 873 3489 925 in
3521 874 3667 938 caelo,
3693 875 3814 927 etin

2224 973 2378 1029 terra,
2427 966 2732 1021 Vercellcn.
2765 964 2887 1019 Fiat
2933 964 3167 1019 voluntas
3204 976 3291 1018 tua
3319 1006 3333 1030 ,
3378 965 3647 1019 Veronen.
3698 965 3815 1019 Fiat

2228 1058 2462 1112 voluntas
2491 1068 2579 1112 tua
2602 1060 2657 1112 in
2693 1059 2853 1121 coelo,
2896 1068 2945 1110 et
2975 1059 3026 1110 in
3065 1068 3220 1110 terra.
3257 1056 3431 1112 Grzeci
3473 1058 3817 1126 dttamplures

2224 1161 2337 1207 tum
2367 1152 2519 1216 editi,
2546 1162 2655 1207 tum
2700 1168 2860 1206 manu
2910 1151 3157 1217 exarati,
3188 1151 3403 1220 legunt,
3438 1149 3560 1203 Fiat
3587 1154 3819 1204 voluntas

2228 1260 2335 1312 tua,
2367 1249 2497 1301 sicut
2524 1248 2577 1301 in
2604 1247 2729 1301 coelo
2755 1288 2770 1313 ,
2802 1256 2847 1300 et
2893 1247 2947 1300 in
2989 1255 3145 1301 terra.
3202 1245 3421 1315 Vulgata
3451 1286 3465 1310 ,
3498 1245 3822 1316 plurimique

2226 1338 2446 1393 codices
2468 1340 2687 1407 optima:
2734 1347 2875 1391 aeta:
2908 1338 3023 1391 hare
3053 1335 3212 1390 verba
3240 1336 3495 1390 omittunt
3523 1377 3539 1403 ,
3572 1337 3825 1406 quemad-

2228 1431 2447 1486 modum
2473 1432 2691 1500 Origen.
2729 1430 2826 1484 lib.
2857 1429 2924 1484 de
2977 1428 3167 1495 Prece,
3192 1445 3296 1499 qua
3344 1428 3413 1484 de
3456 1442 3517 1484 re
3566 1430 3822 1485 videndus

2226 1522 2380 1589 Mill.,
2418 1522 2569 1588 Var.,
2605 1522 2777 1584 Lect.,
2808 1520 2916 1589 hic,
2952 1531 3005 1575 et
3027 1523 3083 1576 8.
3133 1521 3482 1590 Augustinus.
3510 1521 3820 1576 Postremus

2230 1618 2283 1672 in
2314 1616 2661 1672 Enchiridion
2689 1615 2754 1670 ad
2784 1616 3042 1669 Laurent.
3074 1630 3194 1684 cap.
3222 1614 3345 1681 116,
3383 1614 3625 1669 advertit
3652 1656 3665 1679 ,
3692 1613 3821 1669 Ora-

2230 1711 2379 1766 tione
2402 1709 2679 1764 Dominica
2708 1709 2849 1778 apud
2878 1708 3076 1763 Lucam
3121 1710 3358 1779 quinque
3406 1709 3688 1763 dumtaxat
3740 1724 3828 1778 pe-

523 1816 646 1872 pag.
679 1800 805 1866 M5,
840 1810 893 1854 et
921 1800 973 1853 in
998 1800 1090 1854 lib.
1126 1815 1142 1852 ι
1172 1799 1239 1853 de
1254 1799 1440 1863 Jacob,
1467 1810 1521 1855 et
1539 1799 1661 1854 Vita
1684 1800 1870 1867 Beata,
1904 1815 2023 1870 cap.
2065 1802 2117 1865 1,
2154 1803 2201 1862 Β
2230 1802 2447 1857 titiones
2475 1803 2747 1856 contineri
2776 1819 2790 1865 ;
2824 1812 3032 1871 septem
3063 1817 3192 1855 vero
3222 1802 3361 1871 apud
3386 1802 3721 1857 Matthrcum.

522 1910 643 1963 pag.
672 1893 796 1957 445,
833 1907 1041 1947 necnon
1075 1892 1132 1947 S.
1162 1891 1518 1961 Augustinus.

596 1985 731 2039 Luc.
767 2000 886 2055 cap.
938 1990 1046 2038 xvu
1072 2026 1086 2051 ,
1114 1982 1165 2039 9.
1200 1983 1576 2039 Vindobonen.
1607 1992 1662 2037 et
1692 1983 1965 2039 Veronen.
2011 2000 2124 2055 quae

528 2077 622 2129 sibi
650 2077 901 2146 imperata
921 2085 1059 2140 sunt,
1095 2074 1395 2129 Vercellen.
1442 2084 1497 2129 et
1536 2074 1777 2129 Brixian.
1835 2091 1950 2145 qua:
1990 2092 2124 2145 pra:-

527 2181 671 2238 cepta
698 2179 814 2225 sunt
838 2170 903 2233 ei,
926 2169 1210 2225 Corbeien.
1247 2170 1364 2222 sibi.
1398 2176 1455 2223 et
1485 2170 1557 2222 ita
1592 2169 1812 2239 quidam
1844 2184 1972 2223 mss.
2009 2169 2118 2224 div.

526 2265 665 2320 Bibl.
722 2266 779 2319 8.
839 2263 1152 2335 Hieronymi
1185 2305 1199 2327 ,
1250 2263 1310 2318 8.
1356 2262 1608 2317 Ambros.
1661 2264 1715 2317 in
1769 2264 2015 2332 Exposit.
2070 2264 2125 2318 in

524 2358 719 2429 psalm.
749 2373 931 2423 cxvui,
967 2367 1096 2412 tom.
1124 2372 1162 2425 ι,
1189 2372 1308 2427 pag.
1346 2356 1485 2412 1179
1515 2397 1529 2421 ,
1564 2356 1761 2423 habet,
1801 2356 1938 2423 quod
1964 2358 2127 2425 impe-

526 2463 697 2506 ratum
717 2462 790 2506 est
816 2454 881 2505 ei.

604 2548 734 2602 Luc.
767 2560 889 2617 cap.
917 2562 1056 2612 xvu,
1090 2546 1175 2601 18.
1213 2544 1593 2602 Viudobonen.
1657 2544 1759 2600 non
1788 2552 1862 2600 est
1887 2548 1939 2600 in
1976 2546 2080 2600 illis
2110 2588 2126 2612 ,

530 2646 618 2713 qui
649 2644 856 2704 rediret,
879 2652 928 2696 et
959 2642 1155 2712 gratias
1198 2650 1371 2713 ageret
1420 2636 1530 2693 Deo
1559 2682 1572 2706 ,
1610 2638 1911 2695 Vercellen.
1958 2656 2020 2695 ea:
2051 2641 2128 2695 liis

530 2753 632 2791 non
660 2740 733 2789 est
762 2735 1028 2800 inventus,
1062 2742 1169 2789 etc.
1206 2732 1475 2787 Veronen.
1521 2748 1583 2784 ea:
1626 2730 1730 2784 illis
1776 2748 1877 2785 non
1905 2740 2010 2799 est,
2044 2733 2130 2800 qui

530 2831 741 2895 rediret,
771 2840 815 2882 et
838 2829 1032 2900 gratias
1054 2835 1225 2899 ageret
1254 2826 1358 2879 Deo
1386 2868 1401 2893 ,
1430 2820 1720 2879 Corbeien.
1772 2841 1834 2878 ea:
1860 2826 1967 2879 illis
2027 2843 2129 2880 non

534 2936 666 2991 erat,
696 2925 783 2994 qui
802 2923 1009 2989 rediret,
1032 2931 1078 2975 et
1108 2922 1303 2992 gratias
1328 2930 1499 2989 ageret
1540 2916 1670 2972 Deo.
1704 2917 1762 2973 8.
1787 2916 2039 2974 Ambros.
2076 2922 2126 2973 itt

530 3018 625 3073 lib.
677 3034 693 3071 1
720 3018 784 3072 tle
812 3014 941 3071 Cain
970 3027 1024 3069 et
1053 3014 1183 3069 Abel
1213 3028 1332 3084 cap.
1364 3012 1396 3069 9
1422 3054 1437 3079 ,
1479 3014 1602 3083 pag.
1656 3012 1780 3077 199,
1814 3027 1916 3065 non
1942 3013 2042 3083 fuit
2070 3028 2131 3066 ea:

529 3112 654 3175 illis,
689 3114 774 3181 qui
798 3111 1003 3174 rediret,
1037 3120 1083 3161 et
1113 3108 1306 3179 gratias
1328 3116 1498 3177 ageret
1518 3103 1651 3159 Deo.

2300 1897 2430 1951 Luc.
2463 1910 2582 1964 cap.
2616 1910 2690 1960 χι,
2719 1894 2773 1947 2.
2810 1894 2864 1948 lit
2896 1893 3275 1948 Vindobonen.
3312 1903 3472 1963 post,
3510 1893 3709 1961 Pater,
3735 1895 3829 1949 ad-

2227 1990 2389 2055 ditur,
2414 2002 2587 2043 sancte
2617 2031 2631 2055 ,
2665 1989 2750 2059 qui
2778 1991 2830 2041 in
2861 1989 3000 2042 caelis
3030 2005 3081 2042 es
3111 2029 3124 2051 ,
3161 1989 3210 2042 in
3262 1988 3568 2044 Vercellen.
3594 1999 3648 2043 et
3698 1990 3828 2044 Cor-

2227 2082 2406 2136 beien.
2432 2090 2625 2146 sancte,
2647 2081 2734 2150 qui
2763 2096 2816 2132 es
2860 2080 2912 2133 in
2930 2080 3086 2142 caelis,
3120 2080 3174 2133 in
3211 2079 3477 2134 Veronen.
3502 2089 3558 2134 et
3589 2081 3826 2135 Brixian.

2228 2184 2419 2239 noster,
2445 2176 2529 2243 qui
2553 2191 2603 2227 es
2632 2174 2685 2227 in
2702 2174 2839 2228 caelis
2872 2171 2947 2244 (in
2970 2172 3093 2228 Gat.
3118 2170 3328 2243 noster),
3360 2182 3415 2227 et
3445 2172 3516 2227 ita
3550 2176 3603 2228 in
3633 2175 3831 2231 Sancto

2228 2267 2545 2322 Ambrosio.
2576 2265 2633 2320 in
2664 2266 2788 2320 Mm.
2822 2275 3017 2320 sancte.
3051 2264 3226 2319 Verba
3276 2265 3390 2329 illa,
3426 2276 3629 2332 noster,
3664 2267 3752 2337 qui
3781 2284 3831 2320 es

2231 2362 2285 2413 in
2306 2360 2464 2425 caelis,
2486 2363 2597 2429 jam
2625 2366 2751 2415 ante
2789 2358 3038 2430 Origenis
3084 2367 3328 2428 tempora
3370 2363 3695 2432 irrepsisse,
3740 2378 3833 2433 ap-

2231 2464 2385 2524 paret
2411 2468 2477 2508 ex
2507 2453 2753 2523 ejusdem
2786 2454 2942 2516 libro,
2973 2458 3093 2531 περὶ
3121 2457 3299 2526 Εὐχῆς
3330 2468 3451 2525 pag.
3483 2456 3571 2510 57.

2304 2544 2437 2599 Luc.
2473 2560 2592 2615 cap.
2627 2560 2723 2610 xu,
2770 2546 2858 2600 11.
2904 2544 2958 2599 In
2984 2545 3367 2600 Vindolionen.
3402 2587 3417 2609 ,
3467 2547 3773 2604 Vcrcellen.
3814 2594 3829 2615 ,

2233 2640 2533 2704 Veronen.,
2558 2648 2613 2694 et
2640 2638 2927 2693 Corbeien.
2957 2638 3173 2693 additur
3193 2682 3205 2704 ,
3238 2650 3284 2694 et
3314 2638 3543 2695 Hierico.
3597 2652 3653 2698 et
3684 2643 3755 2697 ita
3782 2644 3831 2699 in

2233 2733 2389 2791 Colb.
2421 2734 2477 2798 2,
2509 2732 2649 2801 apud
2694 2733 2824 2786 Mill.
2848 2737 2941 2791 τήν
2968 2734 3158 2806 ἱερικώ.

2307 2824 2437 2878 Luc.
2472 2839 2591 2893 cap.
2626 2840 2660 2876 x
2681 2866 2694 2883 .
2727 2823 2819 2877 20.
2849 2822 3151 2878 Vindobon.
3175 2867 3190 2891 ,
3223 2825 3361 2879 vobis
3406 2827 3617 2899 subjecti
3664 2838 3782 2883 sunt
3808 2872 3822 2894 ,

2241 2918 2533 2981 Veronen.,
2556 2918 2768 2988 spiritus
2786 2918 3149 2987 malignivobis
3172 2921 3385 2987 subiecti
3406 2933 3545 2988 sunt,
3564 2923 3832 2989 Brixian.,

2236 3013 2507 3067 Daemonia
2538 3011 2677 3066 vobis
2706 3013 2913 3065 subdita
2941 3023 3077 3066 sunt.
3125 3012 3523 3071 Ambr'osiaster
3568 3017 3618 3070 in
3655 3017 3829 3087 Epist.

2236 3106 2301 3158 ad
2330 3103 2639 3159 Corinthios
2664 3106 2705 3169 Ι,
2737 3120 2857 3175 cap.
2902 3105 2989 3171 12,
3026 3122 3145 3177 pag.
3184 3107 3307 3161 154.
3353 3100 3650 3163 .Dtvmonia
3699 3112 3836 3166 vobis

603 3204 734 3257 Luc.
758 3219 878 3272 cap.
905 3217 1018 3267 XIX,
1053 3202 1105 3255 8.
1144 3198 1521 3253 Vindobonen.
1550 3200 1593 3251 si
1616 3198 1740 3267 quid
1765 3198 1919 3251 alicui
1948 3198 2132 3267 fraude
2161 3189 2206 3250 C
2239 3196 2471 3265 subjecta
2497 3206 2636 3249 sunt.

530 3296 759 3354 abstuli,
818 3293 1103 3347 Corbeien.
1169 3300 1224 3345 et
1282 3289 1519 3344 Brixian.
1582 3290 1841 3359 fraudavi.
1901 3290 2128 3345 Sanctus

531 3382 768 3440 Irenazus
794 3383 954 3435 habet
985 3424 997 3445 ,
1034 3392 1081 3436 et
1117 3382 1161 3435 si
1211 3384 1361 3452 cujus
1402 3379 1527 3449 quid
1580 3379 1837 3449 fraudavi.
1900 3380 2130 3436 Sanctus

534 3475 850 3534 Ambrosius
873 3478 923 3530 in
946 3476 1040 3530 lib.
1069 3490 1103 3529 ιι
1126 3475 1193 3529 de
1218 3474 1348 3529 Cain
1373 3484 1424 3528 et
1454 3473 1591 3526 Abel
1618 3488 1737 3541 cap.
1775 3474 1833 3533 4,
1861 3489 1975 3542 pag.
1999 3474 2127 3541 2M,

533 3571 579 3624 si
600 3570 681 3623 cui
711 3568 904 3633 aliquid
933 3570 1116 3638 fraude
1138 3567 1346 3630 abstuli;
1375 3573 1428 3619 et
1458 3566 1527 3618 ita
1554 3564 1945 3636 Chrysalogus.

550 3732 554 3735 _
606 3662 738 3715 Luc.
772 3675 890 3729 cap.
916 3675 1051 3725 χχιι,
1080 3659 1170 3721 51,
1205 3656 1430 3712 Vindob.
1465 3658 1741 3724 expetivit,
1776 3668 1828 3711 ut
1862 3675 1947 3712 vos
1974 3660 2133 3712 venti-

539 3756 626 3821 let,
656 3753 943 3808 Corbeien.
976 3760 1031 3807 et
1061 3751 1299 3806 Brixian.
1330 3792 1345 3815 ,
1379 3752 1652 3820 expetivit,
1684 3761 1737 3805 ut
1765 3766 1851 3805 vos
1890 3753 2094 3806 ventilet
2115 3794 2129 3818 ,

536 3855 642 3901 etc.
675 3843 1022 3899 Veron.......
1056 3843 1163 3903 ivit,
1192 3852 1411 3896 ut.......
1448 3840 1530 3894 let.
1563 3842 1620 3896 8.
1650 3841 1881 3896 llilarius
1930 3843 1982 3895 in
2036 3844 2129 3897 lib.

540 3957 575 3995 x
605 3940 674 3994 de
701 3938 987 3993 Trinitate.
1034 3936 1165 3991 tom.
1197 3950 1232 3989 ιι
1262 3977 1276 4001 ,
1310 3950 1429 4005 pag.
1459 3934 1563 3989 518
1588 3976 1601 3999 ,
1632 3936 1869 4005 expetivit
1903 3978 1917 4001 ,
1946 3946 1999 3990 ut
2049 3953 2136 3991 vos

539 4042 792 4095 cerneret;
820 4030 1059 4101 ejusdem
1090 4044 1219 4083 vero
1242 4029 1298 4082 S.
1328 4026 1516 4082 Hilarii
1557 4028 1726 4083 codex
1763 4027 2132 4095 Colbertinus,

540 4138 595 4183 et
621 4124 713 4181 alii
735 4139 840 4181 non
878 4122 1167 4180 deterioris
1200 4131 1363 4186 llOl‘J‘,
1394 4120 1597 4176 ventilet
1629 4136 1647 4185 ;
1696 4130 1753 4175 et
1794 4122 1864 4175 ita
1889 4121 1947 4178 S.
2006 4122 2137 4177 Am-

539 4222 689 4277 bros.
734 4219 787 4274 in
816 4217 909 4272 lib.
958 4231 1017 4271 ιιι
1046 4216 1114 4271 de
1146 4214 1417 4284 lnterpell.
1456 4213 1557 4269 Job
1588 4228 1705 4283 cap.
1741 4212 1796 4279 5,
1831 4228 1949 4284 pag.
1980 4214 2085 4270 659
2119 4256 2134 4280 ,

543 4327 646 4368 nec
673 4312 779 4367 hon
806 4309 1207 4366 Ambrosiaster
1235 4308 1286 4361 in
1318 4306 1491 4376 Epist.
1520 4305 1587 4359 ad
1628 4305 1857 4359 Roman.
1891 4320 2009 4375 pag.
2044 4307 2134 4373 77,

541 4410 600 4465 8.
629 4405 791 4477 Cypr.
822 4406 874 4459 in
899 4405 993 4460 lib.
1024 4403 1091 4458 de
1117 4401 1271 4458 Orat.
1316 4396 1527 4456 Domiti.
1562 4414 1682 4470 pag.
1712 4398 1842 4465 271,
1873 4400 2135 4469 expetivit,

541 4500 599 4554 ut
630 4492 714 4553 vos
744 4508 967 4564 vexaret,
998 4490 1106 4551 etc.

2312 3289 2441 3343 Luc.
2492 3305 2609 3357 cap.
2669 3306 2801 3356 xm,
2844 3290 2935 3347 25.
2985 3291 3404 3358 Vindobonen.,
3456 3293 3728 3349 Veronen.
3785 3306 3839 3351 et

2240 3380 2476 3434 Brixian.
2513 3381 2746 3443 Domine.
2782 3383 3015 3439 Domine.
3061 3384 3404 3440 Geminalum
3431 3427 3447 3451 ,
3473 3382 3721 3453 Domine,
3757 3399 3836 3445 est

2238 3473 2496 3527 Matthxi.

2309 3567 2441 3621 Luc.
2479 3582 2598 3636 cap.
2638 3583 2757 3634 xxi,
2786 3568 2873 3622 17.
2908 3567 3283 3623 Vindobonen.
3308 3611 3324 3637 ,
3358 3569 3479 3625 Gal.
3512 3580 3565 3626 et
3591 3571 3834 3627 Brixian.

2240 3663 2475 3715 onmibus
2505 3663 2817 3715 hominibus.
2851 3672 2904 3717 et
2928 3664 2995 3716 ita
3027 3664 3085 3717 S.
3133 3662 3450 3719 Ambrosius
3475 3710 3489 3731 ,
3517 3681 3609 3721 seu
3640 3667 3841 3722 Beren-

2240 3755 2446 3824 gaudns
2476 3754 2530 3809 iu
2582 3754 2932 3823 Expositione
2982 3756 3032 3809 in
3064 3752 3424 3827 Apocalypsin
3458 3801 3472 3825 ,
3503 3752 3571 3812 de
3617 3757 3839 3813 Visione

2241 3861 2313 3911 IV,
2348 3856 2477 3900 tom.
2512 3861 2570 3909 ιι,
2604 3862 2721 3916 pag.
2755 3847 2879 3901 557.

2315 3940 2443 3994 an.
2473 3954 2592 4010 cap.
2639 3956 2675 3993 ιι
2706 3980 2720 4004 ,
2763 3941 2855 3995 41.
2886 3940 2944 3995 In
2993 3932 3372 3996 Vindobon'en.
3405 3983 3419 4007 ,
3482 3942 3786 3998 Vercellen.
3822 3986 3837 4007 ,

2242 4030 2515 4087 Veronen.
2559 4041 2615 4086 et
2652 4030 2943 4088 Corbeien.
2992 4034 3185 4089 desunt
3227 4035 3426 4101 verba,
3482 4038 3705 4090 sollicita
3756 4054 3836 4101 es,

2243 4133 2287 4177 et
2336 4125 2559 4178 turbaris
2605 4141 2726 4195 erga
2769 4126 3015 4196 plurima.
3076 4136 3129 4181 et
3185 4128 3254 4180 ita
3304 4127 3360 4182 8.
3410 4127 3732 4183 Ambrosius
3786 4130 3837 4183 in

2242 4215 2436 4271 Enarr.
2471 4217 2525 4271 in
2557 4216 2691 4286 psal.
2717 4233 2733 4271 ι
2760 4259 2773 4283 ,
2814 4233 2932 4288 pag.
2960 4218 3063 4273 757
3084 4261 3099 4286 ,
3128 4219 3178 4272 in
3215 4219 3455 4290 Exposit.
3484 4221 3618 4288 psal.
3653 4236 3835 4287 cxvui,

2242 4325 2364 4380 pag.
2394 4311 2568 4378 1107,
2598 4310 2731 4366 etin
2776 4311 2869 4366 lib.
2903 4327 2940 4366 ι.
2994 4312 3241 4382 EXposit.
3296 4314 3499 4384 Evang.
3542 4330 3656 4370 sec.
3704 4314 3838 4369 Luc.

2242 4402 2486 4471 p.1268.

2314 4496 2445 4551 Luc.
2496 4511 2614 4566 cap.
2664 4512 2731 4563 ιι,
2781 4497 2871 4551 42.
2930 4497 3027 4552 Hic
3082 4513 3273 4553 versus
3317 4498 3469 4554 deest
3530 4499 3584 4554 in
3631 4500 3841 4556 Vindo-

613 4589 744 4644 Luc.
777 4603 895 4657 cap.
928 4604 1041 4653 xm,
1066 4587 1158 4641 27.
1200 4584 1580 4641 Vindobonen.
1615 4585 1782 4639 nescio
1813 4586 1949 4639 unde
1974 4585 2086 4640 sitis
2118 4626 2132 4651 ,
2161 4577 2217 4635 D
2242 4592 2443 4648 bone“,
2473 4632 2489 4659 ,
2532 4590 2836 4647 vel-cene“,
2879 4600 2937 4650 ει
2987 4593 3256 4649 verone",
3301 4605 3461 4666 atque
3502 4595 3554 4651 ίη
3596 4597 3653 4652 δ,
3713 4598 3844 4651 Am-

543 4676 815 4736 Veronen.
846 4720 859 4744 ,
893 4680 1062 4732 nescio
1083 4679 1219 4732 unde
1246 4678 1381 4732 estis.
1434 4685 1488 4732 et
1514 4677 1585 4731 ita
1615 4677 1674 4732 S.
1706 4675 2027 4733 Ambrosius
2084 4679 2136 4734 in

545 4773 640 4828 lib.
670 4786 686 4826 ι
716 4772 782 4825 de
808 4768 937 4824 Cain
970 4780 1025 4823 et
1048 4768 1183 4823 Abel
1205 4784 1325 4838 cap.
1359 4769 1412 4833 5,
1463 4783 1582 4838 pag.
1612 4768 1738 4825 192.

617 4863 745 4917 Luc.
775 4876 896 4930 cap.
926 4876 1016 4914 xw
1040 4901 1054 4925 ,
1080 4858 1168 4914 12.
1199 4858 1574 4913 Vindobonen.
1625 4870 1677 4915 et
1704 4857 1993 4915 Corbeien.
2051 4877 2139 4915 ne-

544 4970 644 5027 que
689 4956 879 5008 vicinos
911 4995 925 5018 ,
967 4967 1123 5021 neque
1148 4952 1369 5017 divites;
1397 4952 1695 5015 Vercellen,
1740 4968 1900 5021 neque
1948 4952 2135 5021 fratres

546 5046 684 5113 tuos,
715 5045 805 5100 sed
832 5059 921 5098 nec
947 5043 1159 5108 vicinos,
1184 5059 1273 5095 nec
1300 5044 1512 5107 divites;
1546 5059 1607 5096 ne
1637 5046 1766 5111 forte
1794 5052 1837 5095 et
1860 5044 1959 5111 ipsi
1977 5053 2025 5096 te
2056 5043 2135 5096 in-

543 5142 720 5203 vitent;
744 5136 1012 5192 Veronen.
1039 5152 1198 5204 neque
1228 5140 1411 5207 fratres
1433 5176 1447 5199 ,
1476 5136 1948 5205 nequeﬁcognatos,
1981 5150 2138 5201 neque

540 5233 757 5297 vicinos,
790 5246 949 5299 neque
996 5230 1172 5283 divites
1196 5244 1213 5295 ;
1238 5246 1298 5283 ne
1336 5233 1468 5299 forte
1513 5238 1560 5281 et
1612 5228 1712 5300 ipsi
1752 5237 1798 5281 te
1824 5229 2088 5283 reinvitent
2120 5270 2135 5297 ,

546 5326 787 5382 Brixian.
820 5340 881 5378 ne
905 5324 1038 5393 forte
1066 5333 1114 5378 et
1144 5322 1242 5393 ipsi
1272 5323 1541 5377 reinvitent
1567 5331 1633 5376 te.
1679 5320 1736 5377 8.
1761 5322 2061 5393 Cyprianus
2086 5324 2139 5377 in

544 5420 640 5473 lib.
672 5414 728 5472 tit
759 5416 1215 5472 Testimoniorum
1267 5413 1333 5468 ad
1390 5414 1669 5480 Quirinum
1722 5428 1842 5484 cap.
1888 5414 1964 5481 2,
2012 5431 2135 5486 pag.

543 5511 669 5573 572,
705 5510 863 5577 neque
890 5508 1077 5576 fratres
1107 5546 1121 5569 ,
1152 5520 1313 5575 neque
1334 5506 1528 5560 vicinos
1562 5547 1576 5572 ,
1630 5522 1787 5576 neque
1835 5505 2049 5572 divites;
2078 5524 2140 5561 ne

548 5613 678 5677 forte
708 5612 754 5654 et
776 5602 866 5671 illi.
888 5601 1154 5653 reinvitent
1176 5609 1240 5653 te.

620 5696 784 5748 Marc.
810 5707 927 5760 cap.
961 5706 1075 5758 vni,
1118 5691 1208 5745 59.
1256 5689 1631 5744 Vindobonen.
1682 5687 1821 5758 quod
1871 5697 1987 5741 sunt
2022 5690 2137 5757 qui-

567 5790 686 5836 dam
714 5787 1128 5850 circumstantes,
1167 5780 1439 5837 Veronen.
1486 5779 1623 5850 quod
1673 5787 1788 5834 sunt
1834 5779 2043 5848 quidam
2078 5780 2141 5835 de

2247 4684 2455 4740 brosio.

2322 4779 2449 4834 an.
2485 4792 2603 4848 cap.
2637 4770 2761 4845 xui,
2791 4780 2882 4835 '55.
2917 4778 3291 4835 Vindobonen.
3340 4780 3579 4847 omittit,
3616 4782 3840 4836 deserta.

2246 4870 2417 4924 Porro
2466 4869 2639 4926 (ἕτειί
2692 4870 2911 4926 codices
2961 4871 3113 4926 multi
3174 4888 3279 4926 non
3333 4872 3550 4937 ferunt,
3586 4874 3790 4927 deserta
3824 4916 3839 4940 ,

2240 4966 2466 5040 ἔρημος-ς
2499 4979 2675 5033 neque
2718 4960 2775 5019 8.
2827 4964 3176 5036 Cyprianus,
3230 4981 3405 5035 neque
3456 4966 3578 5020 libri
3630 4977 3841 5023 vett-res

2242 5056 2440 5121 Latini,
2464 5070 2638 5127 neque
2663 5057 2840 5112 versio
2884 5057 3103 5128 Coptica
3125 5099 3140 5123 ,
3172 5070 3224 5113 et
3252 5058 3506 5131 Armena.
3548 5059 3663 5128 Qua
3692 5060 3759 5115 de
3785 5075 3840 5115 re

2245 5148 2369 5204 vide
2394 5149 2545 5204 Grot.
2580 5142 2741 5220 Brug.
2777 5150 2905 5205 Mill.
2962 5151 3215 5205 Additum
3270 5151 3479 5206 videtur
3507 5166 3576 5206 ex
3614 5167 3669 5205 v.
3720 5152 3789 5207 53
3819 5192 3835 5216 ,

2245 5239 2435 5310 capitis
2460 5254 2591 5295 xxut
2621 5240 2901 5310 Evangelii
2933 5241 3118 5298 Sancti
3148 5241 3407 5296 Matthtei.

2318 5334 2451 5390 Luc.
2483 5348 2601 5403 cap.
2633 5349 2741 5399 xvi,
2770 5333 2859 5388 21.
2896 5335 2949 5387 lu
2971 5334 3275 5388 Vindobon.
3300 5375 3313 5397 ,
3351 5332 3676 5401 Vercellen.,
3736 5332 3839 5388 Vc-

2247 5446 2468 5498 ronen.,
2501 5430 2648 5496 Gat.,
2677 5420 2801 5484 Mm.
2832 5438 2886 5483 et
2918 5429 3156 5484 Brixian.
3189 5428 3389 5483 desunt
3416 5428 3572 5483 verba
3605 5429 3694 5482 illa
3730 5467 3745 5490 ,
3790 5439 3837 5482 ct

2248 5539 2393 5576 nemo
2415 5523 2495 5577 illi
2511 5522 2685 5576 dabat.
2719 5531 2771 5577 et
2798 5522 2869 5575 ita
2920 5521 2971 5575 in
3001 5521 3319 5591 quihusdam
3372 5533 3501 5573 mss.
3538 5512 3648 5574 div.
3695 5518 3832 5573 Bibl.

2246 5616 2305 5671 S.
2366 5615 2584 5669 Hieron.
2636 5625 2690 5669 et
2742 5616 2791 5669 in
2844 5614 3063 5669 Prtelat.
3124 5615 3183 5668 8.
3254 5612 3520 5668 Gaudent.
3594 5606 3835 5682 episcop.

2254 5702 2490 5760 Brixian.
2521 5708 2586 5760 ad
2621 5707 2860 5761 Benivol.
2894 5716 2949 5759 nt
2978 5707 3350 5761 animadvertit
3398 5706 3480 5759 Cl.
3512 5705 3709 5760 Paulus
3731 5704 3837 5760 Ga-

2254 5796 2471 5854 leardus
2510 5812 2626 5870 pag.
2663 5798 2729 5855 10
2756 5839 2771 5867 ,
2807 5810 2956 5855 num.
2985 5799 3020 5851 2
3053 5842 3066 5865 ,
3110 5814 3269 5870 quem
3323 5798 3574 5855 consule:
3624 5796 3832 5852 codices
