3950 6176
274 216 567 307 ’,119

1836 212 2363 270 PROLEGOMENA.

3662 217 3766 271 19.0

466 331 771 403 Descriptio
810 332 1054 403 ejusdem
1110 330 1315 387 codicis
1364 329 1794 385 \‘indobonensis
1848 331 1985 383 facta
2029 343 2057 381 ιι
2091 330 2138 389 Α
2164 332 2262 399 fuit
2286 330 2547 401 appellata
2582 338 2770 402 :alque
2797 331 2851 383 id
2882 331 2949 384 ad
2977 347 3122 399 eum,
3152 330 3239 401 qui
3272 330 3497 400 sequitur
3524 330 3764 385 modum.

536 424 616 480 Cl.
656 425 782 481 \‘iro
820 425 1038 482 Nicolao
1082 423 1323 479 Forlosia
1357 424 1493 494 Aug.
1541 420 1882 479 bibliothecae
1932 436 2056 476 cus-

538 518 661 575 tode
693 518 964 589 primario.

538 652 713 707 Codex
738 653 831 706 iste
870 668 963 705 ms.
997 650 1344 723 theol0gicus,
1370 649 1563 704 latinus
1611 658 1713 713 est,
1744 648 2063 703 membrana-

465 762 582 800 ceus
603 788 615 812 ,
634 761 919 815 purpureus
935 787 950 811 ,
980 744 1163 799 litteris
1183 744 1445 814 quadratis
1467 760 1529 799 ex
1553 753 1764 815 argento
1786 785 1801 809 ,
1822 742 2060 799 in-foIio.

469 837 677 892 Constat
713 838 767 890 in
795 838 1067 908 praesentia
1100 836 1239 905 foliis
1268 846 1471 890 centum
1496 836 1841 907 quadraginta
1860 845 1909 890 et
1935 836 2066 889 duo-

466 931 577 984 bus.
636 928 764 998 Ejus
793 927 1078 997 amplitudo
1126 937 1201 982 est
1228 928 1390 981 instar
1412 931 1555 1001 ejus,
1608 928 1745 995 quod
1774 928 2065 981 curavimus

468 1038 562 1089 pro
629 1022 985 1074 characterum
1024 1021 1332 1090 specimine,
1384 1020 1708 1092 exemplaris.
1752 1020 2069 1077 Membrana:

469 1115 624 1168 rubro
644 1116 849 1185 infecta:
870 1124 988 1167 sunt
1012 1115 1180 1167 colore
1211 1156 1225 1180 ,
1258 1129 1362 1167 non
1393 1122 1559 1167 tamen
1597 1130 1659 1167 ex
1681 1130 1826 1183 wquo
1852 1130 2026 1167 omnes
2052 1156 2066 1181 ,

469 1208 560 1262 sed
583 1223 675 1277 pro
699 1210 948 1281 cujusque
968 1208 1157 1261 duritie
1175 1248 1189 1273 ,
1213 1218 1302 1261 aut
1324 1208 1600 1263 tenuitate:
1626 1224 1800 1261 earum
1818 1208 2073 1278 pleneque

471 1301 599 1354 adeo
629 1310 743 1355 sunt
773 1300 1012 1365 subtiles,
1036 1310 1092 1353 ut
1112 1316 1197 1354 eas
1225 1316 1329 1353 non
1349 1300 1564 1370 agninas
1594 1300 1751 1371 pelles
1771 1341 1785 1365 ,
1818 1300 1907 1355 sed
1944 1301 2074 1355 vesi-

474 1409 652 1446 carum
682 1408 789 1447 esse
837 1403 981 1461 putes
1018 1393 1358 1449 membranas.
1382 1392 1536 1448 Folia
1566 1411 1627 1448 ex
1645 1404 1864 1465 utraque
1884 1395 2074 1463 scripta

475 1495 593 1539 sunt
653 1494 837 1554 parte:
888 1484 1121 1555 qutelibet
1168 1487 1360 1557 pagina
1416 1486 1803 1555 quatuordecim
1855 1487 2076 1539 continet

475 1576 679 1631 lineas:
730 1577 869 1630 linea
922 1577 1261 1631 vero'litteras
1289 1579 1358 1630 ad
1384 1576 1562 1647 viginti
1608 1586 1792 1647 prteter
1844 1586 2072 1647 propter.

476 1666 672 1721 Forma
699 1666 987 1722 litterarum
1034 1667 1325 1737 quadrata:
1358 1684 1527 1738 eteque
1571 1684 1744 1722 omnes
1778 1684 1841 1722 ex
1872 1678 2077 1740 argento

482 1761 758 1831 liquefacto
777 1802 790 1825 ,
820 1762 1048 1831 exceptis
1082 1762 1166 1827 iis,
1190 1761 1374 1831 quibus
1403 1757 1503 1814 Dei
1521 1759 1759 1827 ,Domini
1783 1803 1797 1828 ,
1814 1772 1903 1815 aut
1928 1761 2079 1817 Jesus

480 1868 665 1906 nomen
720 1853 966 1916 scriptum
994 1862 1095 1919 est,
1124 1868 1236 1923 qua:
1263 1861 1383 1907 sunt
1406 1868 1470 1906 ex
1491 1868 1617 1907 auro
1649 1869 1667 1907 :
1723 1862 1873 1923 prout
1918 1868 2083 1907 mem-

482 1946 644 1999 brana
670 1946 895 1999 tenacior
915 1987 931 2013 ,
965 1955 1053 2000 aut
1079 1947 1341 2017 paratior,
1374 1947 1447 2000 ita
1468 1946 1683 2000 vividius
1722 1946 1973 2013 colorem,
1997 1956 2084 2000 aut

484 2040 769 2093 litterarum
786 2039 1113 2112 splendorem
1128 2051 1312 2095 servat.
1335 2038 1533 2095 Praeter
1545 2041 1695 2094 hosce
1705 2040 2085 2110 quatuordecim

480 2149 683 2201 versus,
706 2135 761 2187 in
808 2150 1006 2188 summa
1034 2135 1224 2205 pagina
1251 2132 1554 2207 (quadratis
1574 2134 1726 2189 etiam
1753 2175 1767 2200 ,
1791 2144 1847 2188 ut
1870 2134 2083 2201 dicitur,

488 2226 671 2278 litteris
689 2267 703 2289 ,
758 2225 848 2279 sed
873 2226 1158 2280 minoribus
1196 2225 1214 2297 )
1241 2242 1273 2279 a
1295 2238 1440 2298 parte
1469 2226 1679 2280 sinistra
1704 2227 1950 2298 scriptum
1974 2236 2082 2293 est,

483 2319 780 2373 secundum
798 2361 813 2386 ,
837 2334 867 2370 a
883 2317 1093 2373 dextera
1114 2327 1315 2385 autem,
1344 2334 1371 2372 e
1390 2318 1597 2388 regione
1618 2316 2083 2388 Evangelistarum,

487 2429 669 2467 nomen
700 2414 1015 2480 Lucanum,
1069 2425 1158 2468 aut
1197 2412 1432 2469 Marcum
1455 2455 1471 2480 ,
1503 2414 1641 2467 circa
1692 2412 1829 2483 quod
1886 2412 2087 2466 lineola:

484 2508 679 2579 aliquot
702 2508 1070 2561 inscribuntur.
1109 2507 1260 2575 Quod
1289 2515 1459 2560 autem
1485 2504 1642 2560 Luca:
1667 2521 1847 2559 nomen
1867 2505 1936 2558 ad
1982 2503 2088 2558 La-

489 2600 582 2655 tini
610 2601 937 2672 patronimici
977 2604 1201 2672 formam
1228 2602 1280 2653 in
1312 2599 1587 2654 Lucanum
1619 2613 1886 2668 perperam
1925 2608 2088 2652 verte-

486 2696 602 2761 rit,
660 2696 715 2749 id
768 2695 1090 2768 calligrapho
1144 2695 1558 2751 condonandum.
1612 2694 1680 2749 In
1729 2695 2087 2764 quaterniones

489 2789 747 2860 digestum
791 2789 953 2860 fuisse
1004 2790 1230 2843 codicem
1258 2799 1474 2858 apparet
1520 2803 1582 2842 ex
1609 2786 1910 2860 hujusmodi
1956 2788 2089 2842 notis

490 2878 558 2947 Q.
580 2878 768 2947 XLIII,
794 2889 898 2935 etc.
933 2896 1047 2950 quw
1073 2891 1209 2934 nota:
1223 2881 1291 2934 ad
1305 2880 1458 2949 finem
1475 2880 1722 2950 cujusque
1741 2877 2088 2947 quaternionis

486 2973 542 3028 in
562 2974 665 3027 ima
685 2975 876 3047 pagina
902 2975 1153 3030 visuntur.

2234 423 2276 476 Α
2306 423 2434 493 folio
2457 423 2623 489 primo
2641 423 2709 475 ad
2737 423 2831 491 fol.
2855 426 3284 496 septuagesimum
3304 425 3563 491 quintum,
3596 420 3772 477 Evan-

2162 516 2352 586 gelium
2382 515 2680 572 secundum
2714 516 2910 571 Lucam
2952 557 2967 580 ,
2991 531 3140 585 quem
3168 532 3364 585 semper
3390 516 3446 570 in
3490 516 3771 571 Lucanum

2163 624 2359 663 versum
2374 608 2606 680 legimus.
2636 608 2749 663 Hoc
2759 618 2927 664 autem
2940 609 3120 679 incipit
3140 609 3193 662 in
3214 608 3387 663 codice
3406 607 3469 662 ab
3490 608 3600 662 illis
3615 610 3774 663 verbis

2166 708 2348 776 capitis
2377 706 2595 771 decimi,
2627 722 2759 760 vers.
2785 706 3024 775 septimi,
3059 706 3141 761 sin
3167 714 3344 759 autem
3368 704 3434 757 ad
3465 719 3563 759 vos
3586 719 3775 759 rever-

2168 809 2339 863 tetur,
2386 808 2492 854 etc.
2527 797 2679 863 Quod
2722 798 2963 859 initium,
2989 800 3119 867 forte
3164 796 3302 863 quod
3330 806 3455 850 esset
3498 796 3775 860 deletum,

2167 891 2407 945 mendose
2460 890 2524 944 ab
2580 890 2817 960 imperito
2869 890 3051 943 deinde
3100 889 3390 959 suppletum
3431 889 3605 941 estad
3646 888 3780 941 hunc

2170 984 2379 1039 modum
2395 1024 2409 1050 ,
2435 982 2851 1038 Sinautemavos
2871 1022 2884 1046 ,
2907 990 3012 1036 etc.
3036 978 3236 1034 Desinit
3255 981 3322 1033 ad
3347 981 3532 1050 capitis
3546 981 3779 1050 vigesimi

2173 1078 2329 1142 tertii,
2358 1092 2561 1131 versum
2611 1076 2863 1130 decimum
2893 1075 2946 1128 in
2975 1091 3034 1128 ea
3066 1074 3214 1128 verba
3234 1116 3248 1140 ,
3276 1083 3597 1129 constanter
3626 1087 3781 1129 accu-

2173 1182 2357 1227 sontes
2379 1186 2525 1227 eum.
2590 1214 2593 1219 -

2249 1286 2291 1339 A
2350 1287 2478 1356 folio
2522 1286 2896 1359 septuagesimo
2933 1295 3073 1341 sexto
3116 1286 3185 1339 ad
3214 1284 3454 1339 ultimum
3510 1284 3780 1354 sequitur,

2179 1380 2517 1452 Evangelium
2548 1381 2843 1435 secundum
2893 1381 3127 1436 Marcum
3148 1423 3163 1447 ,
3214 1398 3243 1432 a
3270 1378 3429 1434 verbis
3461 1379 3654 1451 capitis
3706 1395 3785 1432 se-

2180 1471 2335 1527 cundi
2355 1514 2369 1539 ,
2400 1488 2530 1527 vers.
2564 1473 2766 1545 septimi
2793 1473 3015 1539 decimi,
3048 1472 3174 1527 Sani
3207 1472 3471 1527 medicum
3492 1513 3507 1538 ,
3538 1468 3639 1526 sed
3700 1471 3786 1540 qui

2182 1564 2322 1619 male
2368 1564 2566 1632 habet,
2611 1575 2717 1621 etc.
2762 1563 2826 1618 In
2864 1572 3039 1619 nostra
3092 1562 3327 1634 “Vulgata
3365 1562 3621 1628 habetur,
3676 1560 3817 1616 sani'

2184 1654 2414 1712 medico.
2445 1653 2650 1709 Desinit
2690 1655 2743 1709 in
2772 1672 2831 1710 ea
2855 1655 3041 1725 capitis
3063 1654 3246 1710 decimi
3272 1654 3472 1723 quarti,
3505 1670 3650 1708 vers.
3700 1653 3788 1706 tri-

2184 1752 2362 1823 gesimi
2388 1750 2515 1805 sexti
2546 1748 2725 1817 verba,
2770 1749 2921 1804 Abba
2950 1748 3138 1813 Pater,
3172 1747 3446 1819 possibilia
3475 1746 3664 1801 omnia
3700 1746 3787 1800 tibi

2184 1876 2330 1922 sunt.

2257 1960 2338 2013 Ad
2363 1958 2678 2012 educandam
2701 1959 2986 2012 litterarum
3011 1959 3231 2028 formam
3264 1971 3420 2009 unum
3447 1964 3607 2025 atque
3662 1956 3788 2008 alte-

2186 2068 2299 2106 rum
2326 2049 2538 2105 adhibui
2564 2050 2957 2116 delineatorem;
2995 2057 3049 2103 at
3071 2065 3185 2101 cum
3215 2048 3268 2101 id
3290 2063 3351 2101 ex
3402 2063 3515 2101 mea
3540 2048 3789 2100 sententia

2187 2146 2395 2199 minime
2427 2152 2759 2215 prtestarent,
2806 2158 2864 2197 eo
2914 2142 3051 2210 quod
3077 2141 3348 2211 comptiori
3393 2155 3599 2208 semper
3625 2140 3787 2208 forma

2188 2256 2273 2295 eas
2302 2239 2600 2304 redderent,
2623 2238 2732 2309 ipse
2758 2238 3005 2308 improba:
3029 2236 3149 2290 huic
3170 2251 3340 2306 operte
3371 2251 3582 2288 manum
3608 2235 3788 2289 admo-

2187 2349 2300 2388 vere
2347 2348 2448 2387 non
2489 2331 2689 2401 refugi,
2727 2340 2774 2385 et
2811 2328 3067 2399 pellucida
3114 2330 3289 2382 charta
3343 2327 3418 2380 ita
3473 2327 3688 2395 excepi,
3738 2336 3786 2378 ut

2187 2426 2477 2497 exemplum
2524 2427 2691 2497 ipsum
2729 2424 2940 2497 propius
2986 2422 3214 2493 attigisse
3252 2420 3446 2476 videar.
3496 2418 3788 2474 Crassiores

2189 2517 2371 2572 etenim
2392 2517 2675 2571 litterarum
2706 2516 2889 2569 ductus
2915 2525 3064 2579 sunt,
3116 2513 3203 2569 sed
3251 2513 3304 2567 id
3331 2512 3579 2566 accidisse
3605 2512 3786 2581 opinor

2190 2610 2251 2665 ob
2272 2611 2426 2665 soluti
2455 2610 2653 2680 argenti
2688 2608 3113 2672 crassitudinem,
3145 2621 3258 2675 qua:
3284 2620 3385 2658 non
3412 2604 3608 2675 patitur
3650 2601 3783 2666 duci,

2190 2704 2618 2777 quemadmodum
2641 2701 2904 2772 scriptoris
2932 2702 3043 2755 vult
3060 2716 3239 2754 manus
3266 2708 3354 2752 aut
3381 2714 3541 2752 mens.

2263 2796 2485 2851 Exhibet
2532 2795 2791 2865 exemplar
2822 2794 3013 2848 codicis
3041 2793 3374 2863 manuscripti
3422 2792 3668 2862 paginam
3711 2791 3785 2845 al-

2191 2902 2351 2945 teram
2378 2889 2491 2960 folii
2517 2888 2775 2944 centesimi
2802 2904 2865 2943 ex
2916 2885 3196 2958 Evangelia
3225 2884 3518 2942 secundum
3549 2884 3783 2941 Marcum

2190 2998 2304 3051 cap.
2334 2997 2406 3037 vn
2426 3023 2441 3047 ,
2481 2997 2611 3036 vers.
2637 2980 2691 3035 4.

564 3064 846 3165 “tm
859 3066 1023 3165 “me?
1045 3066 1391 3165 Neapou_huc
1406 3074 1700 3165 afpf’rlam’
1722 3082 1741 3132 δ
1762 3081 1824 3165 (ξε
1838 3065 2083 3165 ﬁrma!"
2112 3093 2159 3157 C
2267 3095 2420 3164 Quod
2449 3137 2464 3163 ,
2511 3096 2556 3149 si
2587 3094 2685 3150 hoc
2714 3102 2861 3165 pacto
2884 3092 2965 3148 Cl.
2995 3091 3121 3147 Viro
3146 3090 3456 3145 Blanchinio
3480 3090 3609 3144 satis
3634 3090 3784 3163 fuerit

486 3158 556 3212 ad
598 3157 956 3214 bibliothecam
982 3158 1199 3212 Patrum
1245 3157 1735 3230 Augustinianorum
1762 3155 1822 3212 S.
1864 3155 2086 3210 Joannis

486 3252 556 3307 de
584 3252 933 3308 Carbonaria.
966 3252 1281 3308 Monasterio
1305 3269 1363 3306 ea
1383 3252 1561 3306 relicta
1578 3254 1744 3322 fuerat
1782 3268 1814 3304 a
1835 3249 2087 3304 cardinali

491 3345 787 3415 Seripando
812 3386 827 3411 ,
850 3347 936 3415 qui
966 3344 1021 3399 in
1047 3346 1265 3399 concilio
1288 3344 1592 3399 Tridentino
1618 3353 1809 3398 sancta:
1836 3342 2088 3397 Romana:

489 3438 741 3494 Ecclesia
767 3439 924 3510 legati
948 3454 1135 3493 munus
1160 3438 1335 3493 obivit.
1380 3436 1438 3491 Is
1458 3437 1647 3492 multos
1677 3437 1888 3490 maximi
1936 3436 2087 3505 pretii

489 3530 689 3585 codices
736 3546 800 3584 ex
827 3530 990 3600 legato
1034 3530 1369 3599 acquisiverat
1416 3546 1447 3582 a
1500 3527 1640 3582 Jano
1673 3526 1975 3582 Parrhasio.
2018 3525 2087 3581 In

488 3624 660 3694 fronte
690 3624 891 3696 paginae
919 3624 1099 3695 prima:
1118 3665 1132 3691 ,
1167 3622 1479 3693 Seripandi,
1518 3622 1596 3677 vel
1628 3621 1903 3676 Parrhasii
1932 3638 2086 3675 manu

489 3715 643 3788 (quae
680 3716 733 3769 in
758 3716 876 3771 aliis
914 3718 1064 3770 etiam
1091 3718 1345 3787 apparet)
1390 3715 1513 3770 olim
1565 3716 1813 3785 scriptum
1858 3714 2043 3785 legitur
2067 3755 2083 3781 ,

487 3823 756 3863 annorum
781 3808 1001 3865 circiter
1031 3809 1215 3875 mille,-
1239 3808 1365 3862 adeo
1393 3817 1448 3861 ut
1476 3824 1537 3862 ea
1561 3807 1760 3862 ratione
1788 3806 1953 3877 quinti
1976 3846 1991 3872 ,
2010 3805 2087 3859 vel

488 3903 616 3957 sexti
637 3902 815 3957 steculi
843 3903 1042 3956 habitus
1057 3905 1173 3975 jam
1201 3910 1307 3955 tum
1334 3902 1507 3973 fuerit.

565 3995 724 4050 Initio
751 3997 1001 4067 cujusque
1029 3995 1232 4067 pagina:
1259 3994 1472 4066 majoris
1497 3996 1679 4064 forma:
1706 3992 1904 4055 littera,
1932 4006 2090 4059 eaque

490 4090 714 4145 exterius
738 4131 752 4153 ,
789 4090 926 4161 picta
977 4098 1088 4154 est;
1126 4088 1354 4158 quamvis
1406 4104 1468 4141 ex
1500 4086 1816 4140 intermediis
1856 4085 2093 4139 dictionis

487 4198 597 4238 esse
614 4183 902 4253 contigerit.
931 4182 1021 4238 Sic
1048 4182 1200 4237 etiam
1228 4181 1449 4235 initiales
1472 4182 1652 4235 littera:
1688 4179 1935 4250 cujusque
1973 4194 2089 4232 ver-

486 4277 639 4331 siculi
660 4276 979 4349 grandiores.

563 4390 629 4443 In
659 4392 761 4459 ﬁne
800 4391 1175 4459 membrorum,
1203 4400 1294 4444 aut
1322 4390 1651 4461 periodorum
1686 4388 1829 4442 nulla
1877 4387 2090 4441 distinc-

2192 3189 2384 3259 factum
2405 3189 2540 3257 ,erit
2569 3187 2623 3242 id
2653 3188 2776 3241 mihi
2806 3196 2909 3241 tam
2937 3194 3139 3259 gratum
3172 3226 3186 3253 ,
3216 3200 3370 3255 quam
3390 3184 3527 3255 quod
3551 3182 3781 3256 gratissi-

2191 3299 2349 3337 mum.

2188 3481 2335 3538 Cels.
2366 3482 2423 3538 S.
2453 3481 2519 3538 R.
2545 3481 2586 3537 I.
2621 3481 2847 3553 principi
2874 3480 3113 3553 Josepho
3132 3480 3329 3537 Comiti
3349 3480 3562 3537 Thunio
3575 3481 3783 3538 Sancta:

2260 3577 2553 3633 Gurcensis
2607 3575 2862 3632 Ecclesia:
2908 3576 3196 3647 episcopo.
3252 3574 3501 3631 Nicolaus
3546 3571 3784 3631 Forlosia

2261 3670 2756 3741 obsequentissimi)
2783 3685 2853 3727 ex
2883 3670 3066 3726 animo
3091 3670 3150 3726 S.
3183 3669 3247 3726 P.

2263 3856 2490 3929 Benigne
2536 3862 2592 3909 tu
2631 3854 2868 3924 quidem,
2921 3864 2978 3907 ut
3017 3854 3169 3918 soles,
3236 3853 3430 3907 celsiss.
3506 3852 3777 3923 princeps,

2190 3950 2327 4020 quod
2353 3946 2651 4019 Evangelici
2671 3946 2864 4001 codicis
2881 3944 3274 4015 descriptionem
3296 3959 3397 3998 non
3421 3944 3679 4015 ingratam
3703 3942 3776 3997 Cl.

2190 4043 2298 4095 viro
2346 4039 2653 4095 Blanchinio
2678 4039 2854 4111 fuisse,
2900 4037 3159 4109 signiﬁces
3188 4051 3207 4091 :
3234 4037 3468 4106 apprime
3495 4052 3713 4105 namque
3731 4034 3780 4088 id

2194 4145 2436 4205 gratum,
2487 4143 2532 4187 et
2556 4149 2680 4203 quas
2708 4149 2803 4205 par
2854 4141 2928 4186 est
2957 4172 2972 4197 ,
3016 4131 3175 4185 habeo
3220 4132 3453 4201 gratias;
3503 4132 3595 4186 sed
3632 4131 3779 4186 nolim

2196 4229 2377 4299 gratim
2429 4226 2483 4280 id
2518 4225 2709 4297 apponi
2753 4223 2915 4290 mihi,
2968 4224 3104 4293 quod
3150 4224 3329 4277 merito
3382 4224 3481 4277 tuis
3528 4224 3777 4295 paruerint

2183 4322 2386 4394 jussis.
2418 4330 2463 4373 et
2514 4318 2592 4373 illi
2630 4317 2815 4388 fuerim
2844 4316 3107 4371 commode
3136 4316 3422 4370 obsecutus.
3474 4315 3599 4370 lam
3624 4358 3640 4383 ,
3696 4331 3779 4369 nec

2194 4412 2381 4467 minori
2400 4420 2530 4465 certe
2549 4411 2709 4464 animi
2739 4410 3004 4464 alacritate
3036 4410 3246 4464 studebo
3270 4452 3287 4477 ,
3334 4410 3387 4463 in
3414 4410 3776 4480 perquirendis,

490 4486 687 4537 tionum
710 4484 889 4555 signa,
926 4494 1110 4555 praeter
1131 4483 1511 4553 aliquantulum
1537 4482 1692 4551 spatii
1728 4482 1970 4551 majoris,
2025 4496 2088 4534 ac
2113 4477 2167 4540 D
2192 4506 2267 4559 uu-
2327 4503 2541 4556 ηιαηάαδ
2575 4543 2589 4565 ⁹
2638 4501 2859 4568 Lua-"5,,
2894 4504 2938 4555 εί
2985 4503 3073 4573 qu,-
3098 4508 3212 4556 δηηι
3235 4543 3251 4568 ,
3295 4477 3473 4557 δασέα
3501 4477 3807 4569 ςενδρωητε

487 4591 552 4628 ne
581 4574 635 4627 id
655 4575 859 4644 quidem
888 4591 1105 4645 semper.
1129 4574 1339 4630 Litteras
1368 4591 1542 4629 omnes
1571 4590 1713 4645 aeque
1741 4576 1874 4629 inter
1899 4591 1952 4629 se
1978 4575 2085 4627 dis-

487 4675 600 4721 tant
618 4709 633 4734 ,
658 4668 801 4721 nulla
821 4666 993 4721 habita
1020 4670 1172 4723 unius
1193 4668 1434 4722 dictionis
1460 4666 1523 4721 ab
1548 4668 1710 4721 altera
1738 4667 2083 4732 distinctione,

488 4758 591 4812 nisi
614 4774 754 4815 raro.
780 4758 860 4812 Ad
882 4760 1033 4828 ﬁnem
1062 4760 1288 4829 periodi,
1308 4768 1395 4813 aut
1421 4759 1655 4813 versiculi
1676 4800 1691 4825 ,
1710 4758 1907 4811 nullum
1924 4774 2088 4827 appo-

486 4852 641 4906 situm
681 4860 756 4903 est
789 4862 1065 4919 punctum,
1113 4854 1203 4904 sed
1252 4862 1448 4906 tantum
1482 4861 1593 4921 post
1636 4852 2085 4920 interrogationem

485 4941 696 4995 unicum
725 4941 1054 5012 appingitur,
1087 4958 1247 5012 neque
1275 4944 1329 4995 id
1355 4960 1552 5014 semper
1574 4959 1591 4997 :
1617 4959 1729 5012 qua:
1754 4958 1834 4997 res
1861 4942 1928 4996 ad
1951 4943 2087 4995 anti-

485 5032 730 5103 quitatem
771 5036 939 5103 facere
967 5034 1219 5088 videntur.
1249 5033 1348 5089 Ubi
1370 5033 1558 5089 Divina
1589 5036 1797 5088 nomina
1815 5034 2087 5104 scriptaex

484 5141 617 5180 auro
646 5135 792 5191 sunt,
827 5126 896 5179 ad
934 5127 1068 5180 latus
1104 5136 1370 5193 postremte
1398 5128 1576 5183 littera:
1605 5138 1847 5197 punctum
1874 5143 1936 5181 ex
1957 5143 2085 5181 auro

482 5218 837 5287 adscriptum,
891 5230 1102 5275 ornatus
1146 5222 1339 5290 gratia.
1389 5220 1713 5289 Dolendum,
1742 5221 2082 5293 quodinitio,

484 5311 590 5383 fine
608 5354 622 5379 ,
646 5322 691 5367 et
711 5313 1024 5368 intermediis
1060 5329 1258 5384 quoque
1278 5316 1419 5386 foliis
1445 5317 1509 5370 sit
1536 5332 1731 5389 quoque
1760 5315 1921 5370 codex
1966 5331 2080 5369 mu-

484 5403 635 5458 tilus.

556 5514 789 5571 Continet
811 5523 981 5570 autem
1006 5558 1021 5584 ,
1044 5518 1179 5587 quod
1204 5519 1315 5589 ejus
1354 5532 1612 5593 superest,
1646 5519 1925 5591 Evangelia
1950 5518 2079 5587 duo,

481 5622 597 5676 qua:
646 5617 944 5662 sanctorum
966 5607 1119 5665 Lacte
1170 5619 1216 5664 et
1263 5610 1429 5665 Marci
1482 5612 1759 5665 dicuntur:
1788 5620 1834 5665 et
1862 5611 2075 5680 quidem

474 5699 627 5767 juxta
653 5716 762 5753 eum
806 5700 1240 5771 editionem,quw
1260 5701 1491 5773 Antiqua
1530 5701 1711 5757 Italica
1762 5718 1794 5755 η
1838 5700 2080 5757 Patribus

2188 4596 2478 4659 codicibus,
2508 4595 2811 4666 quicumque
2840 4594 3009 4648 decem
3034 4592 3293 4664 prioribus
3322 4593 3628 4647 Christiana:
3662 4592 3777 4647 reli-

2190 4689 2363 4760 gionis
2391 4688 2595 4741 servulis
2624 4686 2801 4755 scripti
2837 4727 2851 4752 ,
2876 4686 2928 4739 in
2952 4686 3087 4757 Aug.
3139 4686 3235 4739 hac
3261 4686 3560 4741 bibliotheca
3589 4702 3779 4741 serven-

2190 4791 2293 4833 tur.
2349 4779 2515 4834 Unam
2564 4778 2885 4847 solummodo
2924 4777 3049 4831 mihi
3097 4779 3293 4832 veniam
3335 4790 3537 4851 petere,
3585 4794 3778 4836 necesse

2193 4883 2265 4928 est
2294 4891 2305 4925 :
2342 4889 2406 4927 ne
2431 4872 2625 4925 scilicet
2658 4914 2670 4937 ,
2706 4882 2807 4924 tam
2838 4887 3053 4943 propere
3097 4869 3154 4923 id
3195 4889 3225 4925 a
3246 4888 3325 4925 me
3357 4874 3591 4945 prtestari
3636 4886 3776 4945 posse

2192 4974 2331 5035 putet
2355 4962 2716 5018 Blanchinius.
2771 4959 2872 5015 Ille
2897 4962 3080 5015 etenim
3106 4977 3305 5016 amoma
3345 4963 3517 5018 ltalite
3545 4965 3671 5018 caelo
3696 4980 3775 5017 as-

2187 5067 2358 5113 suetus
2385 5099 2399 5123 ,
2427 5054 2637 5125 frigoris
2659 5053 2880 5126 regionis
2903 5054 3059 5125 hujus
3080 5054 3312 5125 ignarus,
3354 5065 3401 5109 et
3431 5058 3565 5125 quod
3617 5056 3773 5126 potis-

2188 5151 2369 5206 simum
2399 5159 2504 5215 est,
2552 5146 2867 5203 bibliotheca:
2888 5158 3073 5202 nostrte
3099 5148 3291 5201 inscius
3316 5190 3331 5215 ,
3365 5150 3451 5203 vix
3495 5148 3771 5221 intelliget,

2187 5252 2293 5298 tam
2321 5258 2428 5297 esse
2454 5257 2543 5312 per
2558 5240 2775 5296 hiemem
2800 5240 3101 5294 adeuntibus
3130 5240 3386 5311 ingratam
3415 5282 3429 5304 ,
3461 5250 3511 5299 et
3551 5240 3774 5311 inhospi-

2186 5344 2293 5389 tam
2316 5374 2329 5397 ,
2361 5349 2511 5404 quam
2549 5341 2727 5389 testate
2758 5331 3065 5403 jucundam.
3091 5330 3219 5385 Cum
3268 5333 3491 5403 primum
3524 5333 3681 5403 igitur
3722 5329 3772 5383 id

2187 5428 2298 5489 ﬁeri
2328 5428 2509 5498 poterit
2539 5468 2554 5493 ,
2579 5427 2634 5481 id
2679 5443 2759 5480 me
2804 5436 3100 5481 curaturum
3124 5426 3315 5497 recipio
3344 5468 3358 5492 ,
3387 5442 3449 5480 ac
3476 5426 3520 5480 si
3566 5427 3689 5494 quid
3710 5422 3773 5479 ad

2184 5523 2296 5593 ejus
2321 5538 2429 5577 rem
2453 5520 2806 5592 ,quodfaciat,
2829 5519 3193 5589 reperero,erit
3215 5519 3342 5573 mihi
3352 5518 3510 5584 vobis,
3525 5518 3772 5588 obtempe-

2183 5629 2326 5667 rasse
2348 5623 2453 5667 tam
2482 5622 2686 5683 gratum
2702 5628 2855 5682 quant
2876 5611 3012 5681 quod
3034 5612 3403 5684 gratissimum.
3432 5609 3522 5665 Sic
3552 5620 3621 5678 te,
3654 5608 3768 5665 Cel-

2184 5705 2302 5759 siss.
2340 5705 2592 5775 princeps,
2618 5720 2711 5778 pro
2744 5701 2985 5761 Ecclesiae
3032 5715 3135 5761 tua:
3158 5704 3469 5761 incremento
3482 5700 3619 5760 Deus
3641 5700 3765 5774 opti-
