3950 6176
115 243 188 299 {2|
866 247 1206 307 EPISTOLA
1241 244 1603 304 BLANCIIINI
1637 246 1727 302 AD
1767 243 2154 301 EPISCOPUM
2198 243 2636 300 GURCENSEM.

3309 244 3412 300 19.2

114 381 205 415 nius
225 375 373 418 servet
398 407 412 428 ,
437 373 704 435 acoplattt
730 375 826 421 tua
845 371 1106 422 secundet.
1143 366 1281 421 Vale.
1319 365 1714 430 i’indobonir,a.

1843 381 2174 438 .lohendorﬂ‘.
2225 382 2446 437 Membr.
2481 397 2604 438 saec.
2645 399 2738 450 xtt,
2782 383 3018 439 continet
3050 381 3166 439 Vet.
3199 393 3249 438 et
3279 381 3410 438 Nov.

117 463 164 512 d.
191 475 244 514 x.
275 461 371 514 cal.
392 462 586 530 Aprilis
615 503 632 528 ,
662 463 838 518 1746.

129 570 332 629 Celsiss.
361 574 415 629 8.
461 573 528 627 R.
564 572 611 627 1.
649 575 887 646 principi
940 575 1178 646 Josepho
1222 576 1433 632 Tltunio
1481 577 1716 634 Gurcen.

161 667 396 739 episcopo
422 665 688 722 Nicolaus
722 667 971 724 Forlosia
997 669 1056 724 S.
1085 669 1145 723 ῐ).
1172 669 1678 734 obsequentissime.

200 828 353 883 Siml
391 844 452 880 ac
490 829 632 883 acris
677 829 843 883 hiems
866 830 1218 900 prcecipitare,
1260 841 1306 884 et
1353 845 1442 884 ver
1482 841 1722 902 appetere

133 920 290 990 carpit,
319 917 448 972 nihil
478 918 610 972 mihi
657 919 754 989 fuit
785 920 952 989 prius,
998 936 1150 990 quant
1192 930 1246 974 ut
1287 921 1544 975 mandatis
1590 923 1718 988 tuis,

133 1008 328 1063 Celsiss.
377 1011 644 1078 princeps,
695 1027 952 1080 parerem.
995 1009 1208 1065 Latinos
1251 1013 1420 1082 itaque
1459 1029 1721 1068 sacrorum

132 1103 368 1155 librorum
397 1104 623 1169 codices,
669 1104 760 1175 qui
791 1105 845 1158 in
885 1106 1021 1177 Aug.
1048 1104 1148 1159 hac
1172 1105 1476 1160 bibliotheca
1514 1123 1721 1162 servan-

129 1204 236 1259 tur,
261 1195 587 1264 perlustravi,
632 1211 858 1265 quosque
887 1196 955 1250 ad
982 1197 1060 1251 Cl.
1108 1194 1402 1251 Blancliinii
1431 1207 1607 1269 optata
1634 1201 1719 1268 fa-

129 1303 246 1342 cere
274 1291 453 1357 reperi,
483 1305 570 1344 eos
611 1289 876 1353 adnotavi,
909 1299 955 1344 et
985 1291 1120 1355 gltuic
1148 1292 1377 1362 epistola:
1406 1310 1498 1362 pro
1529 1294 1722 1349 indicio

127 1381 434 1452 adscriptas,
460 1381 530 1434 ad
559 1391 608 1436 te
638 1383 805 1436 mitto.
841 1381 992 1449 Quod
1021 1384 1065 1437 si
1091 1383 1217 1454 quid
1239 1401 1304 1439 ex
1341 1388 1453 1458 ejus
1487 1402 1582 1440 usu
1613 1391 1724 1457 fue-

127 1472 223 1537 rit,
269 1474 361 1525 erit
407 1474 532 1526 mihi
579 1475 966 1544 gratissimum;
996 1487 1072 1540 ut,
1101 1477 1147 1530 si
1171 1493 1285 1546 qua:
1315 1477 1427 1531 loca
1451 1495 1568 1532 cum
1607 1479 1723 1533 Cle-

125 1565 354 1616 mentiae
386 1564 614 1618 editione
635 1566 824 1619 collata
846 1566 1080 1632 voluerit,
1108 1567 1163 1620 id
1184 1585 1275 1636 per
1298 1570 1456 1623 otium
1482 1580 1725 1641 prastare

122 1671 232 1710 non
260 1657 540 1728 defugiam.
572 1655 706 1730 Ejus
736 1659 894 1728 igitur
939 1659 1206 1730 explorare
1233 1662 1299 1714 sit
1343 1661 1512 1726 labor,
1557 1679 1617 1717 ac
1647 1663 1723 1716 tui

1897 475 2043 530 Test.

1876 590 2044 662 Neap.
2070 590 2604 662 Membr.s:cc.xt).l
2641 593 2918 649 continent
2956 593 3118 650 Vetus
3178 604 3231 650 et
3275 593 3412 649 Nov.

1877 608 2044 662 ueap.
2071 608 2295 647 memor.
2317 608 2444 647 sscc.
2463 608 2561 660 xl).
2641 608 2784 648 conti

1823 608 1854 756 ἔ
1878 685 2564 757 Neap.Membr.s:ec.xtv).
2587 608 2609 754 1
2639 685 2789 742 Test.

1824 801 2052 859 Codices
2080 805 2437 874 posteriorum
2460 802 2807 867 sxculorum,
2838 801 2930 872 qui
2963 811 3089 859 sunt
3120 802 3255 857 bene
3281 802 3417 857 mul-

1903 896 1964 962 ti,
1996 897 2125 951 nulli
2157 896 2242 953 hic
2270 897 2618 953 adnotantur.
3251 879 3256 888 ’

1823 1057 2044 1116 Celsiss.
2071 1059 2128 1115 S.
2280 1059 2319 1112 Ι.
2376 1057 2602 1130 principi
2649 1055 2885 1128 Joseplto
2925 1055 3136 1112 Tltunio
3158 1055 3420 1112 Gnrceusi

1907 1152 2202 1223 episc0po,
2282 1151 2537 1208 Nicolaus
2613 1150 2854 1206 Forlosia
2937 1148 3423 1220 obsequentissime

1897 1246 1955 1302 S.
1990 1247 2050 1302 D.

1903 1384 2022 1440 Mea
2061 1384 2171 1452 tibi,
2204 1385 2411 1442 Cetsiss.
2463 1386 2719 1456 princeps,
2765 1385 2980 1457 parendi
3027 1383 3218 1448 studia,
3243 1392 3292 1437 et
3338 1397 3425 1453 ge-

1826 1479 1974 1531 nium
2033 1479 2088 1531 in
2137 1479 2456 1552 hujusmodi,
2509 1496 2636 1547 quos
2684 1479 2764 1534 Cl.
2815 1476 3153 1532 Blancltinius
3214 1477 3423 1545 expetit,

1827 1569 2105 1634 laboribus,
2141 1571 2240 1622 nisi
2271 1571 2396 1624 satis
2435 1571 2646 1642 probata
2677 1569 2924 1624 hactenus
2968 1569 3106 1623 vobis
3155 1583 3260 1622 esse
3301 1583 3425 1621 con-

1828 1661 2067 1730 fiderem,
2096 1677 2154 1714 ea
2185 1662 2338 1732 facile
2366 1661 2635 1715 suaderent
2665 1671 2936 1732 postrema:
2957 1661 3024 1714 ad
3045 1669 3110 1723 te,
3141 1675 3268 1730 quas
3285 1658 3425 1724 dedi,

113 1750 325 1820 jubere.
361 1749 450 1804 Sic
480 1761 530 1803 te
571 1749 714 1805 Deus
757 1767 851 1822 pro
898 1750 1144 1806 Ecclesiat
1183 1761 1285 1807 tute
1327 1753 1478 1821 bono,
1525 1764 1571 1807 et
1617 1771 1727 1810 meo
1758 1759 1806 1818 B
1835 1753 2031 1806 littera).
2082 1751 2145 1806 In
2168 1753 2232 1807 iis
2274 1755 2456 1807 etenim
2501 1771 2602 1808 non
2631 1754 2823 1823 frustra
2864 1753 3032 1818 innui,
3081 1751 3126 1805 si
3167 1767 3280 1822 qua:
3320 1767 3428 1804 ma-

124 1842 377 1908 prtesidio
401 1854 557 1898 servet
584 1842 914 1897 incolumem.
947 1843 1090 1897 Vale.
1105 1842 1442 1912 Vindobonte,
1473 1863 1524 1898 a.
1561 1846 1614 1899 d.
1647 1863 1720 1901 Ix.

128 1935 240 1988 kal.
265 1935 408 2002 maii,
441 1934 603 1990 me.

138 2045 220 2100 Ex
267 2049 403 2117 Aug.
446 2046 770 2102 biblimheca
819 2048 1062 2104 starea
1111 2048 1506 2105 Vindoboucnsi
1551 2065 1732 2106 sacro-

217 2153 337 2191 rum
375 2138 660 2194 Bibliorum
691 2139 907 2195 codices
931 2139 1082 2210 juxta
1110 2141 1354 2196 ordinem
1384 2141 1447 2196 V.
1482 2142 1543 2197 C.
1579 2141 1725 2198 Gen-

223 2230 395 2285 tilotii.

149 2341 213 2398 L.
249 2344 722 2418 Quinquagesimus
746 2348 918 2404 codex
952 2349 1141 2404 Tlteol.
1176 2349 1397 2405 Latinus
1437 2359 1538 2415 est,
1565 2367 1733 2405 tuem-

222 2439 540 2508 branaceus,
581 2443 1017 2512 antiquissimus,
1063 2444 1162 2497 sub
1209 2444 1366 2498 linem
1399 2445 1579 2500 δεκουιί
1643 2461 1733 2501 vttt

229 2543 318 2587 aut
362 2535 558 2589 initium
608 2551 685 2600 ts,
717 2535 915 2591 litteris
960 2532 1203 2591 rotundis
1234 2535 1466 2606 scriptus
1510 2537 1735 2606 sumpti-

230 2622 326 2679 bus
352 2625 574 2682 Rationis
615 2628 843 2682 Abbatis
873 2627 931 2682 8.
982 2627 1199 2682 Vedasti
1246 2628 1618 2684 Atrebateusis
1667 2629 1735 2684 ab
1821 2669 1828 2682 .

231 2716 290 2770 Α.
314 2715 433 2771 Chr.
465 2719 589 2784 795,
628 2735 799 2791 usque
817 2719 884 2775 ad
909 2718 974 2774 Α.
1004 2719 1130 2776 815.
1156 2720 1252 2775 llic
1278 2737 1402 2775 vero
1433 2721 1735 2789 descriptus

232 2825 258 2863 a
288 2810 560 2868 Lambecio
593 2813 690 2869 lib.
724 2831 759 2869 ιι
818 2812 1275 2870 Commentarior.
1306 2830 1334 2868 a
1365 2830 1482 2885 pag.
1515 2816 1636 2881 402,
1669 2832 1736 2872 ex

233 2919 336 2974 quo
361 2917 602 2980 excerpta
633 2907 818 2963 retulit
841 2907 1074 2962 Jacobus
1103 2907 1178 2962 Le
1205 2907 1376 2977 Long,
1398 2889 1546 2962 'Bibl.
1579 2909 1732 2964 Sacr.

164 3020 173 3036 ν
232 2996 376 3053 Tom.
405 3016 439 3066 ι,
473 3015 593 3070 pag.
639 3001 768 3061 556,
797 3000 1036 3054 continet
1065 2998 1236 3053 Biblia
1267 2998 1429 3053 Sacra
1461 2999 1737 3069 utriusque

232 3088 563 3147 Testamenti.
606 3091 861 3148 Codicem
892 3102 1049 3144 totum
1080 3091 1346 3144 ruinosam
1375 3088 1511 3144 falso
1552 3093 1735 3160 appel-

229 3182 342 3248 lari,
371 3185 439 3238 ait
462 3185 809 3250 Gcntilotins,
855 3198 953 3238 nec
990 3181 1126 3238 adeo
1173 3181 1225 3235 id
1257 3197 1442 3235 verum
1486 3195 1608 3236 esse
1640 3197 1732 3236 ne-

227 3283 312 3344 gat
341 3291 354 3328 :
391 3293 503 3330 nam
531 3278 786 3350 fugientes
816 3275 1003 3328 alicubi
1029 3275 1246 3342 litteras,
1279 3273 1322 3327 si
1357 3271 1532 3327 oculos
1571 3273 1735 3327 inten-

227 3367 336 3435 das,
359 3370 651 3440 plerumque
677 3383 970 3439 asscquare.

179 3463 844 3579 lLXlV.—Membranaceus
869 3504 997 3560 anni
1027 3504 1187 3561 1541.

403 3555 841 3634 ’ξς”’ἶ’“”””“
1031 3555 1186 3634 ””ξ’
1210 3555 1228 3634 >
1251 3556 1458 3612 Veteris
1504 3565 1556 3611 et
1598 3555 1734 3610 Νονὶ

177 3586 379 3718 (XCIV.
419 3623 863 3680 Membranaceus
891 3637 1020 3676 saec.
1054 3619 1186 3691 xtv).
1210 3586 1642 3718 S;:;:;;e::i.u~

169 3742 311 3800 XCV.
350 3743 794 3800 Membranaceus
844 3757 972 3799 saec.
1036 3760 1089 3798 x.
1122 3743 1292 3800 codex
1341 3743 1562 3796 mutilus
1608 3755 1737 3795 con-

229 3840 352 3895 tinet
375 3840 688 3910 pmpltetas.

166 3950 258 4007 CL.
297 3953 730 4010 llembranaccus
761 3966 890 4008 saec.
925 3969 980 4018 x,
1013 3949 1252 4006 continet
1284 3959 1518 4021 quatuor
1563 3947 1739 4002 Evan-

225 4047 374 4116 gelia.

169 4157 366 4216 CCLIX.
409 4161 710 4218 Membra".
742 4176 868 4216 saec.
898 4176 954 4225 x,
986 4159 1232 4215 continet
1261 4159 1395 4213 Acta
1443 4158 1735 4229 Apostoloo
1822 4161 1834 4170 ‘

228 4270 356 4316 rum.
387 4255 682 4324 Epistulam
711 4251 920 4318 Jacobi,
949 4263 1004 4308 et
1039 4252 1134 4322 Ep.
1167 4251 1311 4306 Petri
1344 4251 1590 4320 primam.

167 4343 447 4402 CCLXXX.
489 4345 720 4401 Membr.
754 4359 881 4400 saec.
913 4360 965 4398 xt
988 4344 1241 4410 ,mutilus
1305 4341 1545 4397 continet
1585 4341 1741 4398 Salo-

231 4442 393 4494 monis
427 4438 747 4501 Proverbia,
771 4448 825 4492 et
853 4438 1046 4491 librum
1078 4435 1388 4506 Sapientize.

171 4527 456 4586 CCCXLIII.
529 4530 824 4586 Metnbran.
877 4543 1004 4585 saec.
1065 4543 1151 4594 xl,
1196 4528 1439 4583 continet
1501 4525 1811 4599 quatuorD

232 4620 526 4693 Evangelia.

178 4733 489 4793 ωειιιιιιιι
537 4747 592 4792 et
642 4734 912 4792 CDLVlll.
956 4734 1347 4790 Membrauaeei
1417 4749 1544 4790 stne.
1604 4751 1730 4802 xtv,

237 4831 374 4884 ambo
401 4831 686 4885 continent
712 4828 884 4883 Biblia
915 4829 1193 4898 utriusque
1224 4827 1576 4883 Testamenti.

183 4921 500 4978 CDLXXXV.
546 4922 847 4977 Membran.
896 4936 1023 4977 saec.
1073 4935 1186 4986 xu,
1244 4921 1484 4975 continet
1529 4920 1736 4976 Psalte-

238 5017 358 5070 rium
391 5014 710 5070 Davidicum
741 5029 863 5068 cum
895 5012 1134 5068 Canticis
1163 5013 1334 5078 Isaiae,
1359 5020 1414 5067 et
1437 5012 1670 5068 caeteris.

184 5105 310 5164 ΜΟ.
351 5109 648 5165 )lembrao.
690 5121 817 5160 saec.
865 5121 946 5160 xu
983 5105 1224 5159 continet
1274 5104 1478 5175 aliqum.
1521 5102 1736 5158 Veteris

238 5201 366 5258 Test.
400 5204 585 5270 libros,
616 5211 670 5257 et
697 5208 928 5270 quatuor
959 5197 1271 5268 Evangelia.

185 5291 543 5351 DCLXXXV“.
579 5293 806 5350 Membr.
852 5290 918 5346 A.
972 5289 1136 5356 1247,
1178 5290 1422 5347 continet
1469 5287 1637 5344 Vetus
1682 5298 1738 5344 et

236 5385 352 5441 Nov.
379 5386 527 5443 Test.
1295 5440 1302 5447 κ

188 5479 412 5539 ῡοειιιιι.
452 5482 682 5541 Metnbr.
714 5495 846 5538 saec.
895 5494 1013 5542 xui,
1057 5476 1299 5534 continet
1332 5475 1452 5532 Vet.
1500 5484 1555 5531 et
1598 5472 1734 5530 Nov.

238 5575 362 5632 Test.

193 5665 502 5730 DOCLXXVI.
545 5669 858 5730 Membran;
889 5681 1015 5724 saec.
1049 5681 1159 5735 xtv,
1187 5665 1429 5722 continet
1469 5663 1603 5720 Nov.
1637 5662 1738 5719 Te-

239 5767 362 5822 statui

1835 1847 2212 1915 nuscriptorum
2255 1847 2367 1900 loca
2412 1848 2632 1916 conferri
2672 1863 2789 1900 cum
2852 1845 3074 1916 Vulgata
3109 1845 3330 1898 editione
3372 1859 3428 1895 o-

1835 1949 2076 2007 pm-teret,
2128 1955 2208 1994 me
2254 1940 2309 1993 id
2360 1941 2726 2010 prwstiturum.
2782 1938 2860 1993 Ea
2902 1955 3023 1993 sane
3063 1939 3280 2002 ratione,
3327 1953 3429 2006 qua

1837 2049 2066 2102 possum,
2110 2051 2191 2087 me
2221 2034 2310 2086 tibi
2354 2034 2532 2088 obtuli.
2571 2032 2746 2086 Talem
2778 2041 2942 2086 autem
2989 2031 3248 2101 inreptare
3289 2030 3430 2084 labo-

1836 2141 1964 2191 rem,
2011 2126 2305 2193 diutiusque
2366 2124 2672 2197 perdurare,
2718 2125 2769 2176 in
2800 2139 2900 2194 quo
2944 2123 3186 2176 incubare
3231 2122 3427 2184 oculos,

1838 2219 2049 2288 prepius
2097 2218 2419 2283 admovendi,
2468 2227 2514 2273 et
2543 2217 2736 2288 ﬁgendi
2783 2231 2959 2281 causa,
3004 2231 3132 2285 opus
3176 2216 3261 2279 sit,
3306 2213 3432 2267 milii

1838 2317 1946 2382 fere
1993 2315 2192 2386 μύωπι,
2226 2328 2328 2366 non
2360 2313 2494 2376 licet,
2527 2328 2616 2383 per
2655 2311 2890 2380 pectoris,
2926 2326 3076 2380 quant
3109 2308 3296 2378 patior,
3334 2308 3432 2360 int-

1839 2403 2187 2458 becillitatem.
2245 2407 2433 2459 Sacros
2483 2405 2654 2474 itaque
2700 2403 2900 2457 codices
2961 2401 3256 2472 conferendi
3304 2417 3432 2456 onus

1837 2497 2158 2567 suscipienti,
2191 2496 2374 2568 fallere
2403 2512 2605 2550 necesse
2653 2505 2802 2560 esset,
2851 2511 3004 2565 quam
3043 2494 3298 2562 exsolvere
3343 2510 3432 2548 ne-

1837 2606 1990 2660 queo,
2039 2590 2216 2658 fidem.
2251 2590 2314 2642 At
2345 2590 2386 2642 si
2419 2591 2551 2659 forte
2580 2589 2689 2642 lteic
2734 2587 3053 2659 reperiantur
3099 2596 3198 2640 tua:
3247 2585 3433 2639 dioece-

1839 2701 1950 2739 seos
1982 2685 2313 2740 ecclesiastici
2341 2684 2465 2748 duo,
2496 2701 2708 2753 quorum
2741 2683 3023 2754 diligentiw
3050 2682 3103 2736 id
3123 2681 3432 2736 committere

1840 2779 2028 2847 possis,
2057 2779 2130 2832 eis
2153 2795 2234 2832 me
2262 2778 2497 2842 libenter,
2532 2779 2583 2832 in
2610 2778 2880 2850 captandis
2905 2775 3218 2847 fugientibus
3252 2775 3432 2830 litteris

1840 2881 2027 2941 prwsto
2076 2871 2308 2940 futurum
2375 2871 2638 2941 promitto.
2693 2868 2958 2935 Pluribus,
3010 2868 3288 2922 excusandi
3334 2867 3434 2920 mei

1840 2965 2030 3033 gratia,
2084 2962 2332 3028 abstineo,
2380 2979 2441 3015 ne
2478 2963 2540 3017 de
2587 2973 2674 3016 tua
2699 2979 2818 3032 erga
2844 2978 2922 3016 me
2953 2961 3313 3025 benevolentia,
3343 2968 3434 3013 aut

1841 3051 1905 3105 de
1934 3067 2017 3117 ea,
2046 3068 2145 3122 qua
2176 3055 2316 3125 apud
2352 3051 2717 3106 Blancbinium
2763 3052 2920 3110 vales.
2972 3055 3039 3102 ad
3085 3051 3182 3121 ipsi
3226 3065 3435 3118 persua-

1763 3144 1807 3208 C
1841 3145 2066 3200 deudum
2093 3147 2420 3210 auctoritate,
2450 3145 2677 3215 diffidere
2705 3145 2895 3197 videar.
2938 3141 3189 3212 Equidem
3213 3150 3261 3194 te
3281 3141 3435 3195 etiam

1837 3255 1984 3310 rogo,
2013 3248 2066 3292 ut
2094 3239 2173 3292 illi
2221 3237 2529 3310 persuadeas
2556 3237 2630 3302 id,
2658 3236 2797 3306 quod
2821 3235 3042 3289 maxime
3067 3250 3129 3288 ex
3152 3234 3312 3287 animi
3337 3234 3434 3288 mei

1837 3333 2085 3387 sententia
2112 3342 2366 3403 optarem,
2397 3340 2642 3402 prwstare
2665 3346 2766 3383 non
2794 3344 2959 3398 posse,
2993 3337 3038 3381 et
3069 3326 3274 3380 dividite
3300 3343 3428 3381 esse.

1840 3426 1930 3482 Sic
1977 3435 2046 3495 te,
2095 3425 2301 3482 Celsiss.
2354 3427 2626 3496 princeps,
2680 3423 2749 3476 Β.
2803 3423 2866 3478 0.
2905 3422 2980 3477 Μ.
3015 3423 3102 3476 diu
3131 3423 3432 3477 incolumem

1837 3528 2018 3572 servet.
2048 3517 2195 3572 Vale.
2234 3516 2571 3583 Vindobonat,
2619 3533 2670 3570 a.
2702 3516 2756 3570 d.
2788 3531 2874 3582 νι,
2907 3532 3028 3570 non.
3058 3513 3229 3579 Junii,
3268 3513 3428 3570 1746.

1913 3630 2040 3686 Haec
2087 3637 2231 3692 sunt,
2281 3645 2399 3700 qua:
2439 3645 2505 3684 ex
2555 3629 2782 3698 Optimo.
2811 3637 2865 3683 et
2899 3628 3060 3697 longo
3104 3641 3282 3682 rerum
3332 3642 3430 3682 usu

1839 3720 2296 3778 exercitatissimo
2326 3720 2735 3776 bibliotliecario
2773 3735 3006 3784 mecum,
3049 3718 3432 3775 humanissime

1839 3814 2115 3885 princeps,
2161 3813 2594 3878 communicasti,
2639 3822 2694 3866 ut
2745 3811 3126 3881 intelligerent,
3174 3826 3262 3866 me
3301 3813 3431 3865 tanti

1841 3905 1943 3960 viri
1969 3906 2234 3960 amicitias
2263 3915 2356 3960 tuo
2386 3921 2610 3961 munere
2639 3903 2804 3959 fuisse
2851 3913 3194 3973 aucupatum.
3239 3902 3432 3957 Audivi

1841 4014 1869 4052 a
1903 3999 2154 4054 maximis
2186 4000 2335 4064 viris,
2368 4001 2566 4070 quique
2594 3999 2644 4052 id
2690 3999 2940 4054 tacillime
2971 4013 3132 4052 nosse
3161 4004 3429 4066 poterant,

1844 4092 1896 4146 in
1933 4090 2339 4148 Vindoboneusi
2387 4091 2640 4146 thesauro
2671 4089 2830 4144 codd.
2879 4104 3010 4143 mss.
3053 4089 3256 4142 nullum
3285 4086 3432 4141 aliud

1841 4185 2146 4253 exemplum
2187 4197 2482 4253 superesse
2530 4181 2674 4235 illius
2729 4181 2992 4235 versionis
3041 4179 3258 4244 Italicae,
3312 4193 3432 4248 qua:

1843 4283 2160 4345 pr0pagata,
2190 4275 2449 4344 quasique
2482 4287 2576 4340 per
2603 4286 2789 4325 manus
2823 4271 3009 4324 tradita
3041 4270 3160 4335 fuit,
3187 4280 3242 4323 et
3284 4284 3432 4324 sum-

1843 4381 1932 4420 mo
1963 4366 2144 4420 studio
2173 4375 2376 4421 retenta
2423 4365 2475 4419 in
2511 4364 2776 4434 plerisque
2811 4362 3015 4417 Latinis
3047 4361 3310 4427 ecclesiis,
3342 4376 3433 4418 us-

1843 4473 1947 4529 que
1975 4460 2041 4513 ad
2074 4466 2314 4527 tempora
2345 4457 2402 4513 S.
2439 4456 2681 4527 Gregorii
2725 4455 2917 4524 Magni.
2953 4453 3292 4510 Sacerrimus
3341 4455 3431 4510 ille

1843 4551 2014 4607 codex
2047 4552 2098 4607 in
2132 4553 2324 4622 pluteis
2354 4552 2616 4606 latitabat.
2647 4550 2726 4605 Tu
2757 4565 2886 4604 vero
2910 4550 2962 4604 in
2989 4565 3055 4604 eo
3101 4549 3431 4606 conferendo

1847 4647 2052 4716 primus
2103 4646 2342 4700 omnium
2388 4646 2592 4699 navasti
2641 4659 2892 4714 operam;
2943 4654 2999 4696 ut
3051 4659 3152 4713 ego
3207 4645 3433 4699 collatos

1844 4738 1997 4792 locos
2047 4737 2100 4790 in
2149 4737 2316 4791 hocce
2345 4735 2769 4805 Evangeliariuut
2798 4733 3140 4804 Quadruplex
3173 4735 3431 4801 inferens,

1842 4842 1963 4882 eum
2023 4823 2326 4881 Christiana
2371 4841 2486 4894 rep.
2533 4827 3002 4881 communicarem.
3041 4825 3207 4879 Velim
3255 4833 3432 4878 tamen

1841 4937 1908 4976 ex
1942 4931 1994 4976 te
2044 4920 2224 4974 audiat
2251 4921 2333 4976 Cl.
2384 4919 2650 4986 Forlosia,
2697 4929 2952 4991 quantum
2998 4934 3098 4990 ego
3143 4917 3270 4972 mihi
3301 4933 3432 4971 con-

1845 5015 1989 5070 scius
2016 5013 2142 5080 sim,
2171 5022 2225 5069 et
2253 5015 2507 5086 proﬁtear
2531 5029 2615 5068 me
2643 5013 2742 5068 sibi
2765 5028 2979 5083 quoque
2993 5013 3193 5067 debere
3215 5028 3228 5075 ;
3250 5025 3435 5081 quam-

1841 5123 1952 5180 que
1978 5109 2194 5163 beatum
2230 5123 2315 5164 me
2347 5108 2583 5163 futurum
2617 5118 2820 5177 putem,
2862 5109 2906 5161 si
2958 5106 3088 5162 mihi
3138 5104 3434 5161 referendae

1841 5201 2028 5271 gratiae
2078 5207 2318 5270 potestas
2347 5200 2523 5255 detur.
2557 5199 2789 5255 Litteras
2825 5208 2944 5254 tuas
2988 5199 3142 5253 valde
3186 5207 3430 5265 expecto,

1842 5291 1926 5362 vir
1961 5292 2398 5362 sapientissime;
2431 5307 2531 5348 nec
2562 5294 2691 5348 mihi
2723 5293 3011 5363 quidquam
3055 5291 3260 5362 gratius
3289 5290 3438 5345 acci-

1843 5383 1976 5440 dere
2004 5384 2222 5454 poterit,
2253 5399 2413 5453 quam
2459 5385 2503 5438 si
2548 5399 2635 5438 me
2671 5385 2763 5438 tibi
2805 5384 3006 5455 aliquid
3054 5393 3139 5436 tua
3173 5396 3331 5436 causa
3365 5381 3439 5435 la-

1845 5492 1970 5533 cere
1991 5477 2201 5548 jubeas.
2235 5475 2371 5532 N0vi
2405 5486 2478 5543 te,
2503 5477 2607 5532 mei
2639 5492 2762 5534 esse
2789 5477 3238 5532 amantissimum.
3287 5476 3437 5530 Nune

1845 5587 1980 5630 vero
2007 5579 2064 5628 et
2089 5572 2178 5626 alii
2207 5587 2276 5633 ex
2314 5571 2529 5642 scriptis
2574 5571 2692 5626 istis
2725 5572 3039 5640 intelligent,
3071 5576 3267 5634 quauta
3298 5568 3440 5620 inter

1849 5680 1948 5720 nos
1975 5664 2334 5727 voluntatum,
2366 5678 2429 5718 ac
2472 5662 2773 5716 studiorum
2824 5656 3132 5726 conjunctio
3183 5656 3272 5709 sit.
3308 5655 3440 5711 Vive

1843 5756 1957 5821 diu,
2003 5755 2199 5824 priesnl
2250 5751 2671 5813 humanissime;
2714 5750 2856 5812 vive,
2909 5753 2960 5799 et
3009 5758 3341 5804 consenesco
3389 5746 3440 5800 in
