3950 6176
491 250 594 305 19.3

1867 245 2400 303 PROLECOMENA.

3672 247 3775 301 £21

489 363 685 421 studiis
737 365 862 419 luis.
894 362 1276 433 Contempsiin
1305 361 1479 416 adhuc
1517 361 1732 432 juvenis
1773 375 1836 436 ea
1875 363 2076 428 omnia,
2107 362 2405 432 Aprtesuti
2448 363 2500 416 in
2556 372 2706 430 parte
2762 332 2842 428 ιι,¹
2891 377 3044 417 versa
3100 362 3258 432 hujus
3310 362 3584 417 editionis.
3644 362 3773 416 Pos—

491 474 612 526 qua:
643 455 803 526 vulgo
829 456 988 510 etiam
1030 471 1059 508 a
1087 453 1304 508 senibus
1352 453 1568 507 maximi
1601 451 1753 507 fiunt.
1787 452 1975 517 Deum,
2028 461 2084 507 et

493 550 794 606 Ecclesiam
829 559 970 602 luam
1003 548 1156 602 unice
1181 548 1406 616 cogitas.
1450 544 1570 600 Alia
1613 545 1795 600 omnia
1838 553 2079 599 contem-

497 645 608 710 nis,
637 643 886 713 quoniam
918 639 1086 707 ﬂuxa,
1114 649 1168 695 et
1189 633 1388 695 caduca
1417 649 1562 692 sunt.
1590 635 1770 692 Nostri
1797 652 1984 692 omnes
2031 646 2084 692 te

495 737 747 790 salutant.
801 735 982 789 Saluta
1031 733 1161 787 mihi
1212 742 1266 786 tu
1315 731 1472 786 isthic
1523 731 1587 786 D.
1635 730 1956 785 Forlosiam.
2002 727 2084 784 Ad

496 845 618 885 eum
649 829 890 884 scribere
923 841 1070 882 nunc
1097 842 1204 880 non
1237 825 1363 879 licet
1392 839 1486 893 per
1506 824 1886 893 occupationes
1916 842 1931 876 :
1963 824 2088 877 scri-

497 921 618 976 bam
660 931 839 975 autem
884 919 1219 991 prepediem.
1264 917 1412 982 Vale,
1445 917 1590 972 etde
1637 916 1819 972 Sacris
1867 916 2087 972 Litteris

497 1016 700 1086 optime
727 1014 946 1079 mereri,
977 1012 1190 1084 quando
1221 1011 1272 1065 id
1302 1011 1383 1066 vel
1416 1011 1508 1065 uni
1539 1011 1634 1065 tibi
1670 1010 1906 1066 maxime
1932 1012 2082 1073 licet,

496 1124 565 1162 ne
610 1107 860 1162 desistas.
910 1106 1004 1160 His
1032 1113 1290 1176 quantum
1335 1102 1518 1168 studii,
1551 1103 1949 1174 diligentiaeque
1995 1104 2090 1157 ad-

499 1197 760 1260 hibueris,
796 1207 996 1251 tantum
1032 1206 1082 1250 te
1108 1195 1370 1251 Gurcensi
1419 1193 1700 1259 Ecclesiae,
1752 1195 2090 1266 publicmque

504 1292 741 1358 utilitati,
786 1292 869 1346 cui
920 1305 1137 1361 semper
1166 1289 1452 1344 consulere
1493 1288 1768 1353 studuisti,
1801 1289 2088 1359 elargitum

500 1399 620 1439 οςδθ
673 1399 998 1454 cognovero.
1072 1385 1148 1438 Ex
1199 1381 1424 1437 {Edibus
1479 1381 1877 1447 Vallicellanis,
1933 1383 2092 1438 nonis

498 1476 628 1548 Apr.
663 1475 820 1532 1747.

1130 1638 1461 1695 EPISTULA

930 1787 1207 1829 BLANCHINI
1246 1789 1312 1828 AD
1342 1788 1662 1829 ιίυεοειιιωι.

501 1913 819 1968 Clarissimo
845 1921 900 1967 et
951 1911 1490 1966 benemercntissimo
1528 1911 1644 1966 viro
1686 1910 1880 1966 Joanni
1931 1909 2098 1964 Fran-

574 2006 719 2060 cisco
741 2004 986 2060 Musellio
1033 2014 1236 2058 sanctae
1270 2003 1592 2058 Veronensis
1636 2003 1893 2058 Ecclesia:
1931 2018 2097 2058 cano-

578 2103 698 2152 nico
735 2095 1206 2168 archipresbytero
1236 2094 1438 2164 Joseph
1468 2096 1794 2149 Blanchinus
1826 2094 2101 2150 Veronen-

576 2192 653 2246 sis
709 2190 990 2261 presbyter
1016 2190 1449 2259 congregationis
1489 2189 1724 2245 Uratorii
1775 2189 1832 2245 S.
1869 2190 2101 2262 Philippi

577 2285 720 2341 Nerii
748 2284 816 2339 de
842 2284 976 2340 urbe
1002 2284 1233 2339 Salutem
1262 2297 1314 2340 et
1345 2286 1530 2340 vitam.

582 2405 767 2458 Annus
796 2405 900 2470 iam
930 2403 1104 2472 agitur
1129 2417 1214 2467 xv,
1245 2417 1313 2456 ex
1343 2417 1470 2471 quo,
1507 2415 1604 2472 pro
1635 2401 1892 2473 singulari
1925 2411 2015 2457 tuo
2039 2402 2106 2458 de

509 2497 692 2554 Sacris
744 2496 962 2551 Litteris
1014 2495 1394 2550 benemerendi
1449 2494 1664 2560 studio,
1720 2505 1908 2549 auctor
1972 2494 2105 2549 mihi

509 2589 678 2652 fuisti,
715 2598 770 2642 ut
810 2587 1054 2644 codicem
1096 2588 1243 2641 illum
1274 2602 1599 2656 purpureum
1631 2586 1998 2642 celeberrima:
2029 2587 2109 2641 bi-

513 2681 800 2737 bliotheca:
830 2681 937 2736 DD.
972 2681 1354 2735 canonicorum
1405 2681 1720 2750 amplissimi
1762 2682 1980 2751 capituli
2004 2680 2112 2737 Ve-

512 2775 782 2839 ronensis,
813 2775 969 2844 cujus
1013 2775 1123 2843 jam
1173 2789 1273 2844 ego
1303 2789 1424 2844 pars
1456 2775 1559 2828 ima
1590 2774 1686 2840 tui,
1733 2785 1788 2828 tu
1831 2789 1990 2840 vero,
2024 2789 2112 2827 ar-

512 2867 888 2939 chipresbyter
921 2867 1389 2937 praestantissime,
1431 2881 1702 2922 summum
1748 2882 1808 2922 es
1849 2877 2030 2937 caput,
2058 2875 2114 2922 et

514 2961 700 3026 decus,
751 2961 890 3032 typis
937 2961 1178 3025 ederem,
1230 2969 1390 3032 atque
1439 2959 1804 3025 illustrarem;
1855 2960 2111 3030 quoniam

516 3051 735 3109 exhibet
765 3053 1039 3122 antiquam
1068 3051 1310 3107 Latinam
1337 3051 1520 3106 Italam
1550 3052 1978 3120 translationem,
1999 3053 2110 3122 jam

2188 457 2414 511 teritatis
2462 457 2638 527 potius
2709 455 3025 526 adjuvanda:
3102 456 3318 518 studio,
3379 465 3438 509 ut
3481 471 3567 510 me
3607 457 3772 509 vehe-

2185 557 2416 614 menter,
2449 559 2499 603 et
2523 549 2719 616 saepius
2742 564 2803 604 es
2834 549 3171 615 cohortatus,
3202 548 3454 616 efficiam,
3479 559 3538 603 ut
3561 549 3615 603 in
3644 564 3779 619 pra:-

2187 640 2371 710 cipuas
2384 641 2626 710 ejusdem
2653 641 3009 712 Evangeliarii
3025 643 3285 696 lectiones
3307 642 3638 707 incumbam,
3661 658 3780 712 qua:

2189 733 2389 788 abeunt
2418 749 2446 787 a
2476 745 2659 788 nostra
2687 735 2924 790 editione
2954 734 3176 806 Vulgata
3212 753 3224 788 :
3257 736 3412 804 sique
3460 751 3523 790 ac
3569 737 3782 791 ratione

2192 825 2472 900 catholicte
2517 825 2770 881 Ecclesia:
2812 829 2985 895 juvari
3027 841 3188 882 causa
3249 827 3477 896 poterit,
3532 836 3589 880 ut
3637 839 3782 884 certe

2192 929 2389 990 potest,
2425 935 2754 991 magnOpere
2783 936 2943 991 spero
2973 920 3106 985 fore,
3137 931 3194 974 ut
3225 935 3398 990 neque
3424 929 3474 974 te
3515 919 3679 974 ofﬁcii
3711 919 3785 974 tui

2192 1016 2242 1070 in
2272 1031 2357 1070 me
2387 1015 2738 1076 cohortando.
2765 1029 2940 1086 neque
2968 1015 3400 1084 incomparabilis
3447 1015 3788 1070 liberalitatis

2191 1109 2408 1166 Joanms
2439 1109 2479 1162 V
2506 1151 2519 1174 ,
2555 1109 2894 1180 Portugallim
2926 1120 2979 1165 et
3011 1103 3388 1180 Algarbiorum
3421 1109 3565 1180 regis
3610 1111 3662 1163 iii
3696 1109 3791 1164 ad-

2189 1202 2428 1272 juvando
2460 1201 2738 1271 paeniteat.
2803 1199 2880 1256 En
2925 1218 3054 1272 ergo
3097 1204 3489 1273 praecipuorum
3545 1204 3787 1258 locorum

2194 1295 2564 1365 Florilegium,
2588 1293 2730 1364 quod
2755 1311 2822 1350 ex
2853 1293 2949 1350 SS.
2971 1295 3186 1350 Patrum
3210 1295 3796 1367 Antehieronymiano-

2196 1403 2312 1442 rum
2343 1388 2592 1456 operibus
2615 1387 2898 1458 diligenter
2924 1400 3258 1458 excerptum.
3278 1405 3417 1444 nunc
3446 1389 3510 1444 ad
3539 1398 3590 1443 te
3615 1391 3790 1443 mitto.

2195 1479 2496 1548 Antequam
2525 1494 2652 1534 vero
2680 1480 2858 1533 ordiar
2884 1490 3068 1535 texere
3092 1483 3404 1536 eorumdem
3429 1481 3793 1544 collationem,

2195 1573 2335 1625 scire
2362 1580 2413 1623 te
2442 1570 2584 1634 volo,
2616 1570 2782 1624 fuisse
2809 1571 3118 1635 nonnullos,
3152 1572 3265 1639 qui,
3296 1573 3347 1625 in
3381 1571 3676 1628 Veronensi
3707 1588 3800 1628 co-

2197 1662 2316 1718 dice
2339 1663 2557 1718 Joannis
2585 1663 2762 1731 capite
2784 1677 2822 1727 t,
2856 1677 3012 1717 versu
3046 1665 3132 1730 l3,
3164 1665 3257 1718 ubi
3288 1665 3510 1734 legitur:
3550 1665 3655 1732 Qui
3696 1681 3799 1720 non

2125 1760 2171 1820 B
2199 1773 2261 1811 ex
2280 1757 2550 1827 sanguine,
2576 1772 2735 1825 neque
2759 1772 2826 1810 ex
2856 1756 3116 1810 voluntate
3135 1758 3324 1820 carnis,
3351 1773 3512 1827 neque
3527 1774 3592 1810 ex
3614 1758 3799 1810 volun-

2203 1861 2305 1904 tate
2326 1851 2442 1914 viri,
2467 1850 2555 1904 sed
2582 1866 2644 1902 ea:
2668 1848 2773 1903 Deo
2803 1859 2953 1902 natus
2982 1860 3078 1912 est,
3104 1859 3328 1903 vetusta:
3355 1849 3511 1918 hujus
3541 1849 3798 1904 lectionis

2203 1945 2558 2011 ignoratione,
2592 1951 2716 1997 sunt
2746 1942 3012 2006 arbitrati,
3043 1943 3282 1998 codicem
3317 1952 3559 1996 nostrum
3589 1943 3657 1997 ah
3689 1943 3804 1997 ha:—

2202 2037 2384 2094 reticis
2411 2037 2572 2092 fuisse
2601 2047 2937 2106 corruptum.
2992 2036 3276 2091 Lubricam
3309 2037 3440 2090 mihi
3465 2036 3639 2092 fateor
3666 2040 3805 2091 hanc

2203 2146 2326 2188 esse
2356 2131 2750 2185 defensionem.
2784 2130 2914 2184 Nam
2943 2145 3038 2184 eos
3074 2146 3172 2200 ego
3210 2130 3392 2199 quanti
3440 2129 3653 2196 faciam,
3710 2146 3805 2184 nn-

2205 2234 2352 2289 runt,
2376 2225 2699 2294 quicumque
2729 2238 2815 2278 me
2838 2232 3056 2277 norunt.
3086 2222 3188 2276 Res
3223 2232 3398 2276 tamen
3446 2221 3560 2290 ipsa
3605 2221 3806 2291 subigit

2205 2332 2314 2382 me,
2341 2325 2398 2370 ut
2427 2316 2596 2370 dicam
2634 2329 2728 2369 eos
2776 2313 3201 2382 reprehendendi
3233 2313 3510 2366 sacerrimi
3576 2312 3804 2377 codicis,

2209 2410 2368 2480 paulo
2388 2424 2545 2478 quam
2572 2424 2666 2478 par
2693 2416 2830 2472 erat,
2856 2407 3164 2477 cupidiores
3193 2406 3376 2461 fuisse.
3406 2406 3462 2462 Si
3503 2407 3668 2471 enim,
3707 2424 3806 2460 na-

2210 2512 2289 2554 tus
2311 2510 2402 2564 est,
2435 2499 2533 2569 ipsi
2567 2513 2826 2569 nusquam
2867 2497 3003 2552 forte
3029 2498 3150 2550 alibi
3187 2497 3449 2566 legerant,
3483 2513 3588 2552 non
3621 2498 3806 2551 statim

2209 2592 2625 2664 confugiendum
2650 2593 2728 2646 eis
2755 2601 2871 2646 erat
2900 2591 2966 2645 ad
2994 2591 3122 2645 illud
3147 2599 3204 2645 ut
3230 2590 3475 2646 dicerent
3499 2632 3514 2656 ,
3545 2591 3598 2644 iu
3631 2591 3811 2643 omni-

2213 2685 2310 2740 bus
2344 2685 2590 2739 Patribus
2619 2683 2905 2752 scriptum,
2939 2683 3044 2736 nati
3074 2691 3215 2736 sunt.
3246 2681 3398 2749 Quod
3429 2681 3472 2734 si
3502 2681 3719 2742 Volunt,
3756 2690 3812 2734 ut

2211 2793 2311 2847 ego
2336 2775 2562 2844 alicujus
2586 2773 2780 2828 veteris
2801 2773 3083 2842 scriptoris
3117 2772 3382 2842 proferam
3409 2771 3806 2835 testimonium,

2213 2885 2241 2923 a
2271 2884 2377 2939 quo
2407 2867 2544 2921 illius
2575 2867 2824 2922 lcetionis
2855 2867 3056 2922 mentio
3087 2865 3196 2931 fiat,
3226 2866 3349 2935 jure
3379 2866 3592 2936 quidem
3628 2865 3676 2918 id
3711 2881 3806 2932 po-

2213 2961 2433 3017 SIulant.
2465 2961 2594 3014 Nam
2627 2958 2929 3014 Vcronensi
2960 2959 3130 3013 codici
3158 2973 3259 3028 ego
3281 2941 3492 3028 quidem
3518 2958 3815 3026 plurimum

2183 3059 2191 3068 '
2215 3056 2412 3118 tribuo,
2446 3068 2550 3107 non
2580 3059 2783 3106 tantum
2809 3061 3008 3116 tamen,
3035 3059 3092 3104 ut
3118 3052 3247 3104 satis
3275 3050 3366 3114 sit,
3394 3050 3550 3110 αυτὸς
3578 3046 3690 3120 ἔφα.
3717 3047 3820 3102 Pa.

517 3149 641 3205 inde
668 3149 736 3203 ab
757 3149 1124 3220 apostolorum
1158 3147 1491 3217 temporibus
1539 3163 1636 3202 usu
1681 3134 2107 3217 receptainfcae-
2138 3139 2184 3202 C
2218 3159 2323 3204 tres
2349 3147 2491 3203 illius
2515 3146 2764 3203 lectionis
2787 3155 2951 3201 testes
2982 3145 3154 3201 habeo
3182 3143 3497 3214 locupletes,
3526 3142 3815 3208 irem-uni,

520 3241 758 3310 terisque
807 3240 1084 3308 prtelatam
1135 3241 1228 3310 (ob
1271 3241 1560 3293 verborum
1595 3241 1958 3304 tenacitatem,
1990 3253 2114 3292 cum

525 3331 902 3402 perspicuitate
958 3329 1283 3398 sententiae)
1338 3329 1452 3384 fere
1519 3344 1687 3399 usque
1754 3330 1821 3383 ad
1900 3338 2116 3384 aetatem

525 3421 707 3477 Sancti
759 3420 1004 3488 Gregorii
1052 3419 1247 3490 Magni.
1304 3422 1503 3487 Quare,
1555 3437 1676 3475 cum
1733 3433 1821 3476 tua
1874 3423 2120 3477 voluntas

528 3511 776 3568 maximae
803 3513 934 3581 legis
958 3511 1086 3577 vim,
1115 3527 1212 3581 pro
1238 3528 1446 3567 summa
1479 3523 1565 3567 tua
1609 3525 1715 3568 non
1749 3513 1912 3569 modo
1939 3527 2122 3570 aucto-

529 3605 709 3670 ritate,
744 3617 927 3657 verum
961 3603 1122 3656 etiam
1151 3603 1437 3672 Sapientia,
1469 3603 1714 3658 obtinere
1743 3605 1884 3675 apud
1908 3621 1994 3660 me
2025 3605 2124 3662 de-

529 3698 688 3762 beat;
716 3697 854 3752 scias
884 3697 1063 3762 velim,
1087 3715 1171 3752 me
1194 3700 1264 3752 ita
1287 3699 1606 3767 animatum,
1634 3702 1704 3755 ita
1735 3710 1980 3772 paratum
2006 3719 2127 3759 esse

533 3790 626 3844 tibi
661 3789 761 3844 hac
789 3790 841 3844 iu
873 3805 952 3857 re,
997 3799 1053 3845 ut
1082 3791 1136 3845 in
1160 3791 1410 3848 omnibus
1451 3795 1570 3847 aliis
1619 3793 1848 3851 libenter
1879 3795 2126 3866 obsequi,

533 3895 593 3940 ut
640 3902 748 3940 non
796 3885 1096 3940 detrectent
1149 3886 1442 3942 editionem
1489 3890 1802 3960 suscipere,
1854 3906 2037 3960 agere,
2077 3900 2133 3946 et

536 3987 817 4048 praestare,
871 3994 1088 4049 quoquo
1135 3979 1296 4034 modo
1344 3995 1585 4051 possunt.
1641 3983 1790 4038 Nosti
1839 3983 2134 4038 observan-

539 4075 664 4128 tiam
697 4089 904 4142 meam;
928 4084 1211 4146 postquam
1242 4077 1402 4131 etiam
1433 4076 1644 4133 Verona
1690 4078 1915 4133 discessi
1941 4118 1956 4145 ,
1992 4087 2048 4133 ut
2078 4079 2132 4133 iit

539 4167 679 4223 hanc
705 4166 1187 4240 Congregationcm
1220 4169 1404 4226 Sancti
1437 4170 1668 4243 Philippi
1711 4171 1860 4228 Nerii
1894 4188 1981 4228 me
2007 4188 2138 4228 con-

537 4261 736 4317 ferrem
769 4280 783 4319 :
827 4277 1042 4333 semper
1083 4264 1230 4318 enim
1261 4263 1360 4318 tibi
1389 4266 1760 4336 optemperavi
1785 4307 1802 4332 ,
1838 4276 2002 4337 atque
2033 4281 2136 4321 una

542 4355 643 4423 fui,
673 4356 863 4410 saltem
894 4357 1222 4413 commercio
1246 4358 1567 4424 litterarum;
1598 4359 1648 4413 in
1674 4359 1871 4430 quibus
1895 4375 2000 4414 non
2039 4376 2140 4432 ego

550 4447 765 4516 quidem
798 4459 941 4504 tuam
970 4466 1158 4507 vocem
1185 4452 1368 4519 audio,
1401 4466 1574 4522 neque
1601 4461 1656 4508 tu
1680 4469 1879 4522 meam,
1909 4455 2002 4510 sed
2023 4471 2142 4525 quae

2220 3241 2643 3305 Tertullianum,
2717 3239 2801 3293 .lo.
2867 3238 3356 3309 Chrysostomum,
3432 3235 3818 3305 Augustinum,

2223 3331 2477 3402 Vigilium
2533 3331 2860 3400 Tapsensem
2895 3370 2911 3396 ,
2963 3341 3016 3384 et
3083 3328 3343 3384 Joannem
3400 3328 3819 3410 Damascenum.

2225 3425 2379 3481 Libet
2399 3425 2731 3494 singulorum
2765 3425 2926 3478 verba
2957 3423 3218 3493 proferre.
3247 3424 3304 3479 S.
3336 3421 3603 3488 Ircuzeus,
3641 3422 3737 3476 lib.
3763 3437 3822 3476 ιιι

2226 3531 2410 3576 contra
2460 3501 2703 3574 lliBl'CStBS
2746 3509 3047 3572 luculenter
3075 3516 3470 3582 demonstrans,
3541 3513 3706 3568 unum
3771 3497 3827 3569 et

2228 3615 2474 3671 eumdem
2489 3591 2802 3668 essejesutn
2821 3612 3117 3678 Christum,
3133 3611 3475 3681 Unigenitum
3494 3610 3584 3664 Dei
3600 3608 3825 3674 Filium;

2230 3724 2418 3763 verum
2492 3707 2699 3770 Deum,
2754 3721 2816 3760 ac
2875 3721 3059 3760 verum
3126 3705 3431 3770 hominem,
3489 3705 3663 3774 capite
3738 3719 3830 3758 xvi

2233 3801 2418 3874 (Pag.
2491 3799 2630 3864 204,
2679 3799 2777 3854 col.
2835 3801 2904 3867 2,
2961 3816 3102 3853 nunt.
3149 3799 3227 3863 2,
3300 3802 3377 3853 lit.
3434 3801 3541 3868 ο),
3613 3800 3685 3852 ita
3743 3799 3827 3854 iti-

2234 3896 2348 3966 quit
2380 3913 2392 3948 :
2432 3912 2449 3945 ι
2489 3893 2742 3948 Petuerat
2765 3891 2945 3947 dicere
2968 3891 3268 3957 Matthaeus,
3301 3891 3433 3967 Jesu
3463 3908 3579 3944 vero
3618 3907 3832 3962 genera-

2242 4004 2260 4038 ι
2308 3979 2378 4040 tio
2405 3987 2478 4039 sic
2507 3995 2652 4038 erat:
2696 3982 2789 4038 sed
2835 3983 3142 4053 praevidens
3191 3982 3422 4054 Spiritus
3462 3982 3694 4038 Sanctus
3736 3984 3835 4038 de-

2246 4098 2263 4130 ι
2313 4091 2658 4148 pravatorcs,
2689 4084 2745 4130 et
2774 4075 3136 4144 prannuniens
3179 4085 3366 4129 contra
3411 4071 3833 4128 fraudulentiam

2248 4190 2266 4223 ι
2312 4185 2497 4224 eorum
2519 4211 2533 4236 ,
2566 4183 2660 4238 per
2685 4164 2991 4220 Matthaaum
3019 4167 3092 4220 ait
3118 4183 3130 4219 :
3164 4164 3357 4220 Christi
3378 4175 3547 4219 autem
3575 4167 3837 4235 generatio

2249 4282 2267 4315 ι
2315 4265 2388 4316 sic
2422 4273 2571 4330 erat;
2618 4274 2670 4319 et
2700 4261 2954 4334 quaniam
2982 4259 3071 4315 hic
3088 4268 3172 4314 est
3196 4258 3504 4312 Emmanuel
3534 4275 3552 4312 :
3598 4273 3664 4312 ne
3696 4257 3840 4314 forte

2251 4373 2269 4407 ι
2319 4364 2521 4410 tantum
2575 4372 2696 4411 eum
2745 4355 3015 4409 hominem
3063 4361 3371 4422 putaremus
3396 4391 3411 4419 ,
3443 4351 3568 4423 (non
3599 4347 3746 4424 enini
3780 4363 3842 4404 ea:

2253 4468 2271 4502 ι
2321 4449 2580 4504 voluntate
2616 4449 2809 4512 carnis,
2839 4461 3003 4516 neque
3028 4460 3090 4498 ea:
3120 4445 3378 4498 voluntate
3403 4443 3518 4508 viri,
3553 4445 3642 4495 sed
3664 4459 3726 4495 ea:
3753 4459 3842 4497 vo-

547 4541 666 4594 voci
694 4541 879 4596 subest
906 4558 1016 4609 res,
1061 4559 1182 4599 eam
1235 4544 1586 4600 nihilominus
1649 4547 1912 4616 percipio,
1979 4561 2138 4616 quam
2165 4533 2220 4603 D
2253 4561 2271 4596 ι
2321 4545 2516 4598 laniate
2548 4541 2660 4608 Dei,
2706 4541 2924 4596 Verbum
2945 4555 3066 4594 caro
3089 4541 3280 4610 factum
3308 4537 3443 4607 est);
3478 4551 3653 4605 neque
3674 4537 3843 4592 :iliuni

549 4649 674 4689 cum
724 4634 844 4689 istic
871 4639 1186 4692 canonicum
1215 4655 1453 4708 agerem.
1485 4637 1588 4694 Tot
1616 4655 1880 4694 annorum
1934 4640 2138 4710 lapsus,

550 4734 806 4794 tantaque
837 4727 1077 4783 locorum
1126 4729 1495 4800 intercapedo,
1543 4731 1862 4800 obsequium
1913 4746 2043 4802 erga
2091 4742 2144 4787 te

554 4832 735 4874 meum
769 4821 1075 4876 nullatenus
1105 4822 1460 4878 immutarunt
1492 4841 1504 4876 :
1534 4825 1700 4879 immo
1724 4825 1896 4894 ipsum
1914 4833 2143 4894 augetur

553 4912 608 4966 in
641 4912 781 4978 dies,
831 4914 896 4967 ad
942 4930 1314 4985 summumque
1346 4915 1678 4985 perducitur,
1707 4917 2146 4990 archipresbyter

556 5013 639 5061 ter
665 5005 912 5062 coleude.
945 5007 1077 5062 Cum
1109 5008 1288 5076 itaque
1334 5009 1464 5061 nihil
1513 5008 1793 5063 habuerim
1852 5009 2148 5079 antiquius,

557 5101 801 5172 nihilque
831 5101 1254 5170 exspectaverim
1285 5102 1475 5172 magis,
1505 5114 1562 5156 et
1584 5101 1996 5170 Iobservaverim
2023 5102 2151 5156 dili~

556 5196 792 5264 gentius,
822 5208 980 5263 quam
1011 5201 1065 5247 ut
1096 5192 1248 5248 firma
1297 5193 1362 5248 ad
1410 5203 1461 5248 te
1487 5194 1773 5249 colendum
1831 5194 1999 5249 animi
2045 5196 2152 5250 mei

561 5285 849 5355 prOpeusio
873 5285 1054 5354 aliquo
1081 5285 1292 5355 publico
1324 5285 1419 5340 tibi
1446 5295 1652 5356 pateret
1676 5285 1884 5351 officio,
1937 5303 2004 5343 en
2049 5298 2152 5342 ture

561 5380 738 5434 libens
762 5395 907 5433 nunc
944 5379 1214 5450 obsequor
1241 5379 1539 5445 voluntati;
1579 5397 1738 5450 quam
1789 5396 1890 5450 ego
1939 5391 2155 5450 semper

561 5475 696 5530 tanti
723 5475 900 5530 facere
923 5475 1094 5538 soleo,
1128 5486 1183 5529 ut
1208 5476 1396 5530 eadem
1438 5475 1568 5529 mihi
1615 5476 1736 5531 loco
1772 5475 2033 5544 jussionis
2061 5475 2158 5528 ha-

561 5567 769 5623 beatur.
841 5566 1265 5636 Descriptionem
1322 5577 1499 5620 tamen
1545 5567 1751 5621 codicis
1803 5564 2161 5632 Evangeliarii

585 5660 911 5716 Veronensis
949 5701 963 5726 ,
1007 5676 1038 5714 v
1063 5659 1145 5713 vel
1176 5675 1231 5714 vt
1268 5660 1469 5714 saeculo
1522 5659 1730 5711 exarati
1757 5697 1770 5721 ,
1801 5656 1920 5711 heie
1950 5673 2056 5712 non
2087 5667 2168 5711 at-

576 5765 798 5821 (esum,
829 5756 1081 5825 quoniam
1107 5755 1243 5811 liber
1270 5768 1437 5824 penes
1476 5765 1573 5809 vos
1609 5760 1713 5822 est,
1758 5760 1917 5824 atque
1963 5753 2017 5809 id
2061 5752 2172 5825 jam

2259 4657 2277 4690 ι
2323 4637 2543 4708 quidem
2566 4637 2772 4702 Jesum,
2806 4637 3033 4689 alterum
3059 4643 3234 4685 autem
3278 4631 3546 4685 Christum
3595 4629 3843 4699 suspica-

2260 4754 2278 4787 ι
2326 4751 2509 4790 remur
2534 4734 2718 4800 fuisse,
2738 4732 2833 4787 sed
2862 4744 3028 4786 unum
3043 4739 3097 4784 et
3117 4729 3366 4784 eumdem
3387 4729 3648 4782 sciremus
3661 4741 3805 4781 esse.
3822 4745 3841 4779 ι

2255 4827 2322 4882 Ει
2344 4843 2464 4896 cap.
2492 4841 2584 4880 ιιι
2607 4824 2700 4895 (Ρ.
2728 4824 2857 4890 212,
2889 4824 2988 4877 col.
3019 4823 3074 4888 2,
3107 4837 3250 4874 nunt.
3273 4820 3330 4884 2,
3359 4821 3437 4874 lit.
3469 4819 3565 4888 in),
3597 4818 3846 4889 ejusdem

2255 4922 2398 4987 libri,
2469 4928 2525 4974 ιιι
2592 4918 2783 4988 probet
2838 4931 2906 4972 ex
2973 4915 3286 4984 Scripturis,
3363 4913 3610 4968 eumdem
3661 4912 3847 4968 .Iesum

2255 5012 2530 5068 Christum
2585 5027 2768 5067 verum
2819 5026 2942 5066 esse
2999 5009 3092 5064 Dei
3151 5009 3345 5063 Filium
3397 5023 3460 5062 ex
3523 5008 3631 5060 Deo
3691 5007 3850 5062 l’atre

2257 5105 2514 5177 genitum,
2575 5115 2630 5160 et
2701 5119 2886 5158 verum
2961 5101 3232 5156 hominem
3298 5099 3466 5154 filium
3514 5114 3578 5152 ex
3627 5099 3851 5168 Virgine

2261 5207 2462 5259 natum,
2494 5197 2670 5250 Esaia:
2698 5195 2839 5267 (cap.
2871 5209 2983 5258 LIII,
3006 5193 3087 5262 8),
3108 5208 3170 5247 ac
3193 5193 3328 5264 (cap.
3358 5206 3486 5256 xvu,
3516 5192 3574 5258 9)
3599 5190 3852 5245 Jerei'nia:

2260 5292 2504 5359 geminos
2537 5289 2737 5359 profert
2768 5287 2936 5350 locos,
2967 5295 3023 5340 et
3051 5287 3161 5340 ait:
3197 5303 3215 5336 ι
3258 5286 3478 5352 Propter
3509 5283 3608 5336 hoc
3637 5299 3855 5352 genera-

2271 5401 2290 5434 ι
2337 5383 2527 5435 tionem
2556 5383 2667 5451 ejus
2693 5381 2808 5450 quis
2839 5377 3131 5434 enarrabit?
3158 5375 3412 5445 quoniam
3460 5375 3610 5427 Itont‘o
3657 5385 3751 5439 est,
3807 5384 3860 5428 et

2273 5492 2291 5527 ι
2342 5477 2456 5544 quis
2480 5486 2719 5546 agnoscet
2751 5473 2908 5528 eum?
2938 5469 3227 5541 Cognoscit
3251 5477 3429 5524 autetn
3459 5469 3608 5522 illum
3653 5469 3720 5532 is;
3767 5469 3858 5524 cui

2277 5585 2295 5619 ι
2345 5567 2521 5628 Pater,
2556 5569 2645 5637 qui
2677 5576 2758 5620 est
2790 5566 2841 5619 in
2873 5564 3046 5626 cmlis,
3097 5561 3355 5616 revelavit
3400 5577 3412 5611 :
3459 5571 3518 5613 ut
3567 5559 3857 5630 intelligat,

2278 5679 2298 5713 ι
2343 5661 2594 5729 quoniam
2627 5660 2690 5724 is,
2726 5660 2813 5728 qui
2843 5675 2945 5712 non
2974 5673 3036 5712 ea:
3069 5657 3328 5712 uoluntate
3355 5654 3545 5718 carnis,
3591 5663 3752 5724 neque
3795 5665 3863 5708 ea:

2288 5771 2308 5808 ι
2358 5752 2615 5808 voluntate
2657 5752 2750 5808 viri
2799 5762 2948 5808 natus
2995 5761 3067 5806 est
3101 5749 3262 5825 _filius
3322 5745 3588 5815 hominis,
3642 5746 3729 5803 hic
3776 5756 3863 5804 cst
