3950 6176
162 297 239 351 i333

902 290 1238 350 EPISTOLA
1277 282 1645 345 BLANCHINI
1694 280 1786 342 AD
1828 273 2213 341 EPISCUPUM
2254 279 2697 339 GURCENSEM.

3360 272 3455 330 Ιέϐ

159 432 177 465 ‹
215 410 447 465 Christus
474 409 655 465 Fiiius
683 409 785 464 Dei
808 408 948 464 vivi.
983 407 1146 463 sltem
1169 416 1288 478 cap.
1319 416 1410 461 xxi
1436 403 1594 475 (Pag.
1617 402 1748 470 217;
1777 405 1832 466 Α
1856 408 1961 457 tam
1987 396 2341 471 cinget-auter
2382 394 2672 453 lncdlCavli
2716 408 2821 450 non
2867 410 2928 449 ex
2965 392 3244 469 sanguine,
3274 404 3367 445 nec
3389 406 3458 444 ea:

162 505 247 556 col.
277 505 322 569 ι,
349 519 403 556 tt.
436 501 517 572 5),
547 511 914 565 ostensurus,
945 501 1203 571 Spiritum
1231 494 1327 553 Dei
1358 500 1454 567 per
1481 495 1755 565 aposmlos

163 597 504 662 annuntiasse,
537 610 614 650 ex
648 594 881 665 Virgine
902 604 1089 649 natum
1108 590 1229 648 esse
1250 589 1588 655 Emmanuel,
1619 589 1756 644 insi-

167 705 306 760 gnem
329 687 495 743 Esaia;
520 687 734 743 reeitat
766 685 1150 757 prophetiami,
1183 680 1531 754 pravamque,‘
1558 688 1613 736 et
1641 681 1756 737 lite-

169 784 366 840 retieam
409 780 866 837 adversariorum
916 779 1419 851 interpretationem
1477 774 1755 842 confutat;

171 876 376 933 dicens:
414 893 434 928 ι
464 875 709 945 Propter
757 875 864 930 hoc
918 872 1097 939 enim,
1129 878 1182 928 et
1227 870 1296 926 de
1343 868 1522 925 fructu
1556 869 1759 925 ventris

177 991 194 1026 t
234 972 341 1041 ejus
369 986 554 1042 regem
601 968 884 1040 promisit,
908 965 1048 1036 quod
1079 973 1196 1023 erat
1226 965 1504 1036 proprium
1531 961 1760 1033 Virginis

180 1084 198 1120 t
237 1064 589 1136 pmguantis;
620 1070 675 1116 et
704 1077 814 1117 non
845 1061 915 1117 de
946 1060 1121 1114 i’rnctu
1153 1057 1461 1114 lumborum
1487 1055 1624 1127 ejus,
1656 1062 1760 1110 nee

179 1175 199 1211 ι
239 1159 302 1213 de
321 1158 488 1212 [metu
514 1168 716 1211 renum
743 1153 887 1225 ejus,
919 1152 1059 1223 quod
1086 1160 1168 1207 est
1189 1151 1468 1223 proprium
1509 1148 1612 1203 viri
1661 1158 1758 1218 ge-

181 1269 201 1303 t
246 1251 486 1314 nerantis,
516 1258 572 1304 et
600 1247 849 1303 mulieris
873 1262 938 1301 ex
969 1246 1085 1299 viro
1110 1242 1521 1313 conceptionem
1549 1240 1757 1297 facien-

181 1364 199 1399 t
249 1344 326 1398 tis.
349 1342 793 1412 Circtnus‘eripsit
838 1340 998 1410 igitur
1031 1326 1284 1409 genitalia
1312 1337 1413 1391 Viri
1444 1335 1501 1390 itt
1533 1332 1761 1405 promis-

180 1457 201 1489 t
242 1440 385 1492 sione
408 1434 692 1504 Scriptura
724 1449 739 1486 :
773 1433 937 1487 immo
962 1446 1090 1487 vero
1123 1442 1224 1485 nec
1267 1436 1759 1495 commemoratur;

168 1551 202 1597 ,ι
245 1530 484 1602 quoniam
524 1544 633 1583 non
668 1544 734 1582 cx
762 1528 1040 1582 voluntate
1069 1524 1168 1580 \iri
1199 1522 1337 1589 erat,
1367 1522 1458 1593 qui
1499 1513 1759 1577 nasceba-

176 1641 196 1676 t
242 1635 342 1676 tur.
381 1640 399 1673 ι
437 1620 568 1675 Dein
599 1632 787 1674 veram
827 1618 1069 1686 ejusdem
1119 1614 1397 1685 propheta:
1437 1606 1759 1667 sententiam

167 1714 416 1785 explicat,
441 1721 497 1768 et
515 1709 811 1767 conﬁrmat
834 1709 956 1763 aliis
998 1719 1106 1763 tum
1140 1704 1399 1770 Danielis,
1444 1715 1556 1758 tum
1592 1696 1761 1756 Esaia!

1859 494 2032 549 carnis
2061 480 2340 556 uoluntate,
2366 484 2454 544 aitt
2474 490 2575 544 viri
2603 484 2823 552 natum;
2856 487 2953 542 niéi
2980 480 3109 557 'qilla
3130 496 3194 540 ex
3237 486 3297 539 ea
3342 480 3459 537 erat

1858 594 1987 642 caro
2009 586 2168 656 quam
2190 598 2255 639 ex
2281 578 2569 637 concubitu
2597 580 2774 633 natam
2804 588 2960 633 nemo
2979 572 3285 631 dubitai'et?
3311 570 3452 629 etc.i

1860 672 2017 737 Paria
2071 679 2232 735 habet
2278 677 2419 733 idem
2466 673 2829 730 Tertullianus
2881 671 2935 727 in
2983 664 3171 727 eodém
3219 664 3358 724 libro
3387 667 3455 723 dc

1859 773 2037 831 Carne
2057 772 2258 830 Christi
2286 777 2405 841 eap.
2434 766 2528 835 24,
2562 767 2650 823 ubi
2685 767 2885 833 locum,
2916 764 2985 820 de
3009 779 3115 834 quo
3135 760 3334 828 scribo,
3366 758 3461 814 ad-

1859 862 2050 925 versus
2086 864 2349 922 Ebionehi
2386 862 2545 918 affert
2580 879 2593 917 :
2628 866 2646 913 ὰ
2678 859 2804 915 Ideo
2834 856 2854 912 ὸ
2884 856 3056 927 lnqnit
3082 874 3099 908 t
3130 852 3292 912 etiam
3320 852 3460 908 Mat--

1860 964 2070 1021 cionein
2104 958 2433 1031 prospiciens
2461 952 2715 1029 (Spiritus
2740 951 3017 1023 Sanetus):
3052 948 3169 1021 Ego
3199 963 3343 1014 sum,
3366 942 3460 1029 lu-

1859 1054 1997 1129 qtiit,
2032 1024 2195 1120 Deus,
2218 1024 2273 1109 et
2298 1053 2437 1107 alius
2467 1024 2674 1118 absque
2704 1062 2791 1103 me
2821 1061 2928 1101 non
2952 1053 3054 1100 est.
3092 1042 3159 1098 Et
3186 1057 3307 1097 eum
3330 1024 3463 1097 alias

1862 1146 2093 1221 idipsdni
2124 1144 2318 1204 eodem
2349 1144 2508 1200 modo
2539 1141 2698 1206 dicit,
2731 1140 2913 1194 nescio
2950 1149 3084 1208 quas
3114 1131 3233 1190 illas
3260 1130 3464 1188 Valeti-

1862 1220 2189 1300 tihlanorum
2247 1240 2459 1293 datiuum
2509 1231 2856 1304 genealogias
2900 1229 3100 1299 pulsat.
3132 1220 3220 1289 Et,
3256 1240 3361 1280 non
3400 1226 3465 1278 'cx

1862 1334 2145 1405 sanguine,
2180 1334 2356 1400 neque
2380 1342 2448 1383 ex
2473 1325 2678 1391 eat-nis,
2711 1328 2766 1378 et
2795 1320 2897 1375 viri
2930 1320 3227 1383 voluntate,
3265 1315 3359 1370 sed
3401 1313 3488 1369 es

1866 1428 1978 1483 D'eo
2006 1437 2162 1482 natus
2192 1432 2295 1479 est.
2332 1426 2352 1474 ἱ
2388 1420 2618 1478 Sanctus
2639 1426 2855 1487 quoque
2876 1412 3117 1468 Joannes
3140 1407 3467 1481 Chrysostd-

1864 1535 1983 1577 mus
2009 1519 2075 1574 ad
2112 1512 2359 1573 eamdem
2404 1512 2691 1568 lectionem
2740 1504 2911 1562 nostri
2958 1500 3320 1571 Evangeliarli
3357 1497 3465 1554 Ve-

1862 1611 2114 1669 rortenSis
2155 1606 2233 1682 (in
2277 1600 2458 1675 aliquo
2504 1600 2733 1674 proinde
2773 1598 2967 1655 Graeco
3007 1591 3307 1663 esemplari
3348 1605 3378 1645 a
3409 1604 3470 1646 se

1864 1702 2156 1776 repertam,
2210 1694 2537 1767 lectamque)
2581 1692 2794 1749 videtur
2846 1684 3173 1760 respeilsse,
3219 1698 3342 1738 enm
3386 1681 3471 1736 in-

165 1777 480 1876 prophetiis,
511 1810 676 1873 atque
709 1803 777 1856 ita
801 1799 1077 1855 concludit
1107 1796 1201 1869 (P.
1244 1796 1373 1862 217,
1402 1812 1448 1848 c.
1479 1793 1535 1861 2,
1566 1810 1621 1848 η.
1653 1793 1709 1864 7)
1737 1810 1750 1849 :

1877 1792 1976 1869 fuit
2008 1812 2021 1851 :
2050 1798 2140 1852 Διά
2174 1782 2327 1850 τοῦτο
2349 1777 2502 1848 διπῖῆ
2542 1788 2741 1863 γέγονεν
2784 1785 2815 1842 ἦ
2858 1778 3126 1857 ἓγέννησις,
3166 1779 3252 1832 καὶ
3281 1777 3469 1830 ἑοικυῖἀ

172 1918 193 1953 t
226 1898 452 1968 Propter
476 1895 582 1951 hoc
610 1904 791 1949 autem
815 1903 866 1948 et
893 1891 1078 1971 Daniel
1100 1888 1401 1962 prmi/idene.
1423 1887 1538 1954 ejus
1559 1884 1763 1940 adven-

176 2004 198 2037 ι
245 1994 378 2050 tum,
421 1982 656 2052 lapidem
689 1979 808 2034 sine
836 1977 1082 2034 manibus
1131 1974 1429 2030 abscissum
1476 1971 1763 2026 advenisse

176 2095 197 2129 ι
244 2076 299 2130 in
327 2075 461 2129 hunc
491 2073 753 2128 mundum
799 2072 928 2141 (hoc
966 2078 1049 2125 est
1090 2069 1256 2135 enim,
1288 2066 1429 2137 quod
1460 2066 1568 2119 sine
1592 2064 1763 2118 mani-

172 2188 197 2222 ι
247 2169 363 2239 bus)
390 2166 728 2239 significabat
751 2164 901 2237 (cap.
935 2178 1119 2228 xxviii,
1167 2160 1305 2216 Dan.
1349 2175 1406 2225 ll,
1438 2156 1565 2229 54);
1593 2156 1761 2229 quod,

176 2281 197 2315 ι
245 2277 352 2317 non
381 2259 733 2331 operantibus
757 2256 1005 2312 humanis
1031 2252 1300 2317 manibus,
1351 2251 1456 2307 hoc
1491 2261 1593 2315 est,
1623 2250 1767 2303 viro-

176 2372 194 2404 t
245 2368 363 2408 rum
389 2354 626 2413 illorum,
662 2349 753 2420 qui
794 2350 971 2404 solent
1001 2347 1207 2417 lapides
1233 2344 1467 2410 exedere,
1521 2342 1571 2397 in
1622 2340 1766 2396 hunc

178 2460 200 2498 ι
246 2445 499 2500 mundum
526 2443 648 2514 ejus
672 2441 940 2496 adventus
977 2449 1122 2504 erat;
1153 2437 1203 2491 id
1231 2446 1334 2502 est,
1368 2451 1473 2489 non
1506 2434 1767 2503 operante

183 2558 205 2591 s
249 2539 303 2593 in
324 2554 440 2593 eum
470 2535 697 2606 .loseph,
726 2534 823 2590 sed
840 2532 969 2595 .sola
994 2532 1159 2586 Maria
1183 2535 1511 2597 eottperante
1537 2527 1769 2596 disposi-

181 2650 203 2684 r
250 2632 399 2687 tioni.
422 2629 520 2685 Hie
547 2629 695 2683 enim
730 2627 865 2696 lapis
894 2640 922 2677 a
947 2634 1089 2680 terra
1117 2634 1180 2678 ex
1211 2622 1407 2676 virtute
1428 2630 1480 2676 et
1504 2626 1619 2674 arte
1641 2632 1769 2674 con-

181 2743 204 2778 s
247 2732 356 2780 stat
383 2722 494 2778 Dei.
526 2721 762 2792 Propter
792 2718 893 2774 hoc
922 2728 1097 2774 autem
1124 2726 1187 2780 et
1212 2713 1401 2770 Esaias
1428 2713 1500 2768 ait
1528 2730 1540 2766 :
1571 2711 1661 2768 Sic
1683 2712 1767 2765 di-

187 2836 207 2870 s
251 2818 321 2871 cit
360 2815 653 2871 Dominus:
686 2813 822 2868 Ecce
864 2826 956 2881 ego
992 2809 1136 2864 mitto
1171 2808 1226 2862 in
1270 2807 1608 2877 fundamenta
1642 2803 1771 2859 Sion

185 2931 207 2966 ι
256 2911 472 2982 lapidem
495 2909 803 2978 pretiosum,
836 2905 1073 2967 electum,
1127 2915 1402 2966 summum,
1453 2897 1769 2972 angularem;

187 3024 208 3059 ι
253 3004 626 3074 honoriﬁcum;
654 3000 733 3055 uti
764 3013 873 3054 non
916 3010 980 3052 es
1010 2995 1287 3050 voluntate
1319 2991 1436 3057 viri,
1467 2989 1560 3046 sed
1590 3005 1654 3044 ex
1680 2992 1775 3041 vo-

189 3120 209 3153 t
255 3101 457 3155 luntate
487 3098 604 3161 Dei,
633 3093 922 3148 adventum
947 3090 1089 3156 ejus,
1120 3087 1212 3158 qui
1254 3083 1550 3141 secundum
1600 3081 1773 3136 humi-1

1864 1868 1998 1963 om,
2022 1891 2107 1943 irai
2123 1885 2503 1963 ὗτίνὲρϐᾱὶνουσα
2529 1884 2621 1938 τήν
2640 1874 2913 1953 ἡμὲέραν
2948 1873 3009 1929 τὸ
3043 1873 3132 1943 μέν
3164 1870 3217 1923 ἐκ
3235 1868 3469 1943 γυναικὸς

1863 1958 2175 2058 yet-inbuitur;
2209 1958 2326 2048 ἦμῖύ
2362 1974 2659 2031 uestiebatur
2714 1971 2769 2025 τὸ
2812 1967 2864 2024 δέ
2912 1972 2981 2039 μὴ
3019 1967 3042 2019 t
3071 1961 3311 2034 αἳματος,
3342 1958 3472 2033 μηδέ

1866 2052 1917 2130 iu
1940 2076 2218 2144 θελήματος
2239 2067 2420 2140 ἀνδρὸς
2442 2065 2473 2126 ἦ
2504 2065 2720 2141 σαρκὸς,
2754 2059 2855 2118 ἀλλ’
2879 2060 2929 2113 ἐκ
2956 2052 3465 2127 Πνεύματοζ,⁶Δγίόὺ,

1864 2173 1955 2228 τὴν
1983 2162 2403 2242 ὑπερϐαὶνσυσαν
2429 2160 2565 2230 ἡμᾶς
2593 2157 2680 2210 καὶ
2708 2154 2799 2213 ἰ’ήῦ
2828 2148 3109 2224 μέλλουσαι)
3120 2151 3470 2223 προαναφανεῖ

1865 2236 2113 2336 γέννησιςέ,
2139 2258 2197 2316 ἣν
2216 2258 2333 2329 ego
2358 2251 2557 2325 rem»
2576 2251 2628 2304 ἐκ
2646 2248 2931 2319 nvideatur
2954 2242 3279 2319 χαρίζεσθαι.
3311 2236 3469 2336 meo-

1866 2324 1965 2423 δατ
2007 2349 2201 2419 duplex
2247 2324 2498 2419 (Christi)
2547 2340 2804 2413 generatio
2852 2334 2988 2408 fuit;
3034 2344 3080 2388 et
3129 2346 3244 2404 qua:
3287 2324 3473 2383 similis

1869 2421 2055 2498 nostrae
2083 2447 2231 2505 esset,
2281 2447 2327 2491 et
2372 2448 2487 2505 qua
2530 2436 2758 2488 nostram
2787 2433 3139 2497 exsuperant.
3171 2421 3374 2477 Etenim
3401 2435 3466 2474 ea:

1873 2533 2089 2588 muliere
2111 2529 2254 2585 nasci
2279 2528 2421 2584 nobis
2442 2524 2714 2596 corttpetit;
2737 2519 2879 2576 nasci
2907 2528 3074 2573 autem
3107 2530 3210 2569 non
3250 2528 3313 2568 ea:
3349 2520 3472 2567 san-

1870 2627 2044 2698 guine,
2078 2638 2179 2679 non
2205 2638 2269 2677 ea:
2295 2622 2553 2676 voluntate
2598 2617 2725 2683 viri,
2757 2624 2804 2670 et
2832 2613 3038 2676 carnis,
3071 2608 3160 2664 sed
3181 2622 3244 2662 ea:
3269 2604 3473 2678 Spiritu

1873 2719 2085 2785 Sancto,
2130 2716 2510 2789 generationem
2557 2720 2648 2766 nos
2686 2715 3093 2779 exsuperantem,
3145 2711 3194 2758 et
3243 2705 3472 2774 futuram

1874 2812 2207 2885 praenuntiat,
2238 2814 2351 2878 qua:
2378 2823 2443 2863 ex
2471 2806 2659 2876 spiritu
2702 2801 2846 2856 nobis
2876 2796 3203 2853 concedenda
3245 2800 3374 2847 erat.
3409 2791 3477 2846 Et

1874 2915 1934 2961 ut
1963 2904 2079 2959 haec
2101 2903 2299 2958 leviora
2329 2901 2460 2966 sint,
2492 2897 2747 2968 quoniam
2794 2909 2900 2948 non
2942 2888 3247 2952 mahil‘esta,
3297 2887 3474 2940 locum

1873 3002 2042 3063 certe,
2074 3011 2233 3065 quem
2256 2992 2565 3063 subjiciam,
2593 2986 2888 3044 conciliare
2926 2983 3160 3052 aliquam
3203 2978 3330 3033 huic
3365 2977 3482 3050 epi-

1875 3091 2029 3147 st'olze
2065 3086 2319 3157 gratiam,
2348 3098 2412 3138 ae
2444 3081 2650 3152 pondus
2696 3084 3062 3133 controversa:
3107 3070 3345 3135 lectioni,
3393 3067 3481 3122 vel

190 3210 211 3244 ι
255 3205 378 3247 nem
418 3200 522 3257 εει.
563 3160 950 3253 intelligamus
987 3200 1006 3233 ι
1046 3181 1270 3235 Demum
1300 3177 1391 3232 Iib-
1444 3192 1497 3243 Vi
1544 3182 1661 3244 cap.
1715 3174 1769 3239 it
1799 3185 1847 3250 ο
1876 3183 2015 3255 apud
2059 3179 2371 3241 fastidiosos
2418 3173 2798 3235 aestimatores,
2831 3176 3029 3241 potest.
3062 3164 3254 3233 Itaque
3280 3160 3478 3216 S.Au-

184 3284 477 3339 luculenter
495 3278 758 3343 ostendit,
788 3275 1150 3339 Valentinum,
1173 3288 1237 3327 ae
1256 3271 1540 3333 Ebionem,
1572 3268 1661 3339 qui
1692 3267 1776 3326 lni-

185 3378 550 3432 cstrnationem
600 3371 723 3427 Filii
774 3368 872 3424 Dei
923 3383 987 3421 ex
1036 3365 1203 3420 Maria
1259 3362 1521 3435 Virgine,
1571 3359 1775 3430 Spiritu

187 3466 382 3523 Sancto
404 3471 667 3536 operante
693 3460 886 3515 factam
910 3456 1259 3528 respuebant,
1288 3468 1505 3525 manere
1527 3451 1581 3506 in
1607 3449 1774 3505 veteri

188 3560 314 3616 Adae
335 3557 703 3620 damnatione,
732 3560 893 3622 atque
942 3551 1013 3605 ita
1053 3547 1330 3604 concludit
1364 3565 1377 3600 :
1416 3565 1435 3599 t
1469 3545 1586 3602 Non
1632 3544 1776 3599 enim

197 3671 215 3703 t
258 3650 438 3723 eﬂugit
461 3645 755 3720 aliquando
784 3643 954 3699 Adam
985 3656 1179 3698 manus
1205 3641 1323 3708 Dei,
1355 3639 1419 3695 atl
1445 3652 1580 3710 quas
1621 3637 1781 3694 Pater

196 3765 214 3796 t
258 3746 498 3815 loquens,
530 3742 699 3797 dicit:
732 3738 1014 3794 Faciamus
1064 3735 1320 3791 hominem
1368 3734 1437 3788 ad
1480 3733 1778 3803 imaginem,-

202 3856 220 3887 t
264 3847 312 3891 et
339 3835 722 3891 similitudinem
754 3842 1004 3887 nostram.
1061 3828 1133 3885 Et
1172 3837 1393 3900 propter
1440 3828 1543 3883 hoc
1583 3826 1638 3881 in
1676 3826 1784 3882 ﬁne

200 3947 217 3982 t
263 3944 366 4001 non
395 3944 459 3984 ex
492 3926 774 3985 voluntate
803 3924 1004 3990 carnis,
1035 3934 1208 3993 neque
1254 3937 1320 3976 ex
1346 3920 1621 3975 voluntate
1659 3919 1781 3987 viri,

200 4039 217 4071 t
262 4020 356 4076 sed
383 4035 445 4076 es
476 4019 676 4089 placito
706 4016 882 4072 Patris
929 4026 1119 4070 manus
1168 4011 1286 4084 ejus
1330 4011 1510 4067 vivunt
1542 4009 1781 4080 perfece-

202 4130 220 4164 t
264 4119 388 4167 runt
417 4109 713 4172 hominem,
749 4107 823 4162 uti
851 4105 947 4161 ﬁat
973 4104 1143 4161 Adam
1169 4103 1465 4161 secundtlm
1497 4102 1787 4173 imaginem

203 4222 221 4255 t
264 4214 316 4259 et
337 4200 746 4258 similitudinem
794 4198 910 4255 Dei.
946 4212 966 4252 ο
1003 4196 1138 4254 Vide
1166 4211 1321 4267 ergo,
1356 4196 1437 4251 vir
1458 4191 1568 4261 CL,
1613 4210 1681 4249 an
1724 4193 1786 4260 il,

199 4298 285 4367 qui
312 4306 488 4367 putant
524 4292 824 4356 lectionem
862 4291 1194 4347 Veronensis
1244 4286 1607 4361 Evangeliarii
1639 4286 1789 4342 nullo

201 4390 358 4445 veteri
400 4388 716 4447 testimonio
764 4386 948 4441 fultam
994 4400 1138 4450 esse,
1188 4383 1397 4439 veritati
1453 4382 1631 4437 litem.
1681 4379 1790 4436 Sed

204 4482 365 4552 placet
390 4482 493 4537 alia
520 4495 739 4552 quoque
761 4478 1064 4536 testimonia
1088 4492 1408 4548 proponere,
1434 4490 1497 4531 ac
1516 4476 1570 4531 in
1596 4472 1789 4546 primis

1876 3252 2124 3350 gustinns
2163 3274 2214 3328 in
2245 3272 2383 3327 libro
2406 3266 2819 3325 Confessiouum
2847 3276 2947 3327 vn,
2973 3273 3092 3329 cap.
3120 3257 3176 3321 9,
3207 3254 3283 3309 ait
3311 3271 3324 3308 :
3354 3271 3373 3306 ι
3409 3252 3479 3308 Et

1880 3346 2056 3442 primo
2084 3367 2279 3423 volens
2309 3360 2602 3417 ostendere
2642 3356 2796 3421 mihi,
2841 3368 3001 3424 quam
3033 3350 3259 3406 resistas
3289 3346 3480 3416 super—

1879 3438 1986 3528 bis,
2013 3459 2303 3516 ltninilibus
2329 3454 2509 3511 autem
2539 3453 2634 3508 des
2658 3450 2907 3522 gratiam,
2938 3444 2994 3502 ei
3018 3452 3213 3517 quanta
3264 3438 3481 3496 miseri—

1881 3554 2066 3613 cordia
2091 3565 2176 3607 Iua
2199 3548 2569 3606 demonstrata
2598 3545 2669 3599 Sit
2689 3539 2996 3597 hominibus
3017 3538 3099 3592 via
3128 3533 3465 3596 humilitatis,

1882 3647 2026 3719 quod
2062 3641 2295 3700 Verbum
2351 3638 2500 3697 tudm
2529 3652 2656 3695 caro
2707 3634 2904 3691 factum
2963 3638 3067 3697 est,
3119 3637 3175 3685 et
3225 3624 3484 3683 habitavit

1883 3716 2025 3796 inter
2050 3737 2332 3801 homines;
2395 3731 2695 3806 procurasti
2727 3728 2860 3783 mihi
2908 3734 3007 3797 per
3053 3720 3341 3793 quemdam
3385 3716 3485 3771 lto-

1883 3832 2108 3894 minem,
2138 3825 2526 3884 immanissimo
2553 3821 2719 3894 typho
2749 3817 3039 3889 turgidum,
3062 3808 3324 3882 quosdam
3353 3808 3479 3862 Pla-

1887 3922 2183 3980 tenicorum
2237 3917 2405 3974 libros
2449 3931 2517 3972 ex
2567 3912 2753 3971 Graeca
2787 3910 2966 3980 lingua
2995 3907 3045 3960 in
3076 3902 3326 3959 Latinam
3366 3914 3480 3954 ver-

1885 4032 2017 4083 sos;
2042 4025 2098 4073 et
2126 4014 2198 4071 ibi
2223 4013 2349 4085 legi,
2380 4026 2487 4066 non
2510 4006 2728 4080 quidem
2754 4004 2837 4059 his
2858 4001 3059 4065 verbis,
3085 3996 3180 4052 sed
3208 3995 3309 4049 hoc
3341 3992 3482 4085 idem

1886 4109 2108 4166 omnino
2140 4084 2343 4169 multis,
2365 4112 2419 4159 et
2445 4097 2835 4168 multiplicibus
2889 4091 3105 4149 suaderi
3138 4084 3483 4163 rationibus;

1887 4201 2032 4274 quod
2055 4202 2110 4255 in
2131 4195 2387 4271 principio
2420 4194 2526 4249 erat
2560 4190 2798 4255 Verbum,
2831 4184 2879 4242 ei
2933 4184 3148 4238 Verbum
3191 4188 3303 4233 erat
3347 4175 3489 4246 apud

1889 4267 2075 4362 Deum,
2108 4267 2154 4347 et
2204 4289 2346 4345 Deus
2387 4295 2496 4342 erat
2549 4281 2788 4338 Verbum.
2825 4276 2939 4332 Hoc
2990 4283 3096 4329 erat
3145 4273 3198 4327 in
3232 4267 3490 4343 principio

1889 4387 2030 4459 apud
2061 4360 2225 4439 Deuin
2244 4399 2262 4437 :
2284 4379 2457 4436 omnia
2487 4392 2577 4448 per
2604 4376 2773 4445 ipsum
2802 4374 2940 4443 facta
2977 4374 3113 4429 sunt,
3146 4371 3194 4417 et
3234 4361 3347 4415 sine
3374 4360 3489 4430 ipso

1892 4455 2085 4553 factum
2105 4486 2177 4533 est
2202 4475 2354 4530 nihil.
2386 4468 2537 4540 Quod
2565 4469 2759 4549 factum
2781 4473 2852 4519 est
2876 4463 2932 4516 in
2954 4475 3038 4526 eo,
3064 4458 3170 4513 vita
3186 4463 3289 4521 est,
3315 4465 3363 4508 et
3386 4455 3490 4507 vita

206 4572 449 4646 insignem
471 4546 765 4645 quemdam
791 4546 1109 4625 Tertulliani
1138 4546 1335 4633 locum;
1367 4568 1419 4622 iu
1443 4582 1550 4639 quo
1576 4576 1774 4632 tamen,

1885 4546 1995 4629 erat
2024 4571 2116 4626 tua:
2134 4569 2417 4627 hominum,
2450 4573 2497 4619 et
2527 4546 2618 4618 tua:
2652 4561 2706 4615 in
2753 4556 2969 4614 tenebris
3007 4554 3160 4622 lucet,
3188 4558 3235 4605 et
3269 4546 3490 4603 tenebrat

210 4667 287 4736 qui
310 4681 364 4723 se
393 4679 637 4722 veterum
668 4665 998 4734 scriptorum
1039 4660 1194 4732 quasi
1242 4660 1487 4716 medicos
1514 4675 1634 4715 esse
1661 4658 1779 4730 glo-

212 4759 653 4826 riantur,latentia
678 4758 860 4829 ulcera
880 4756 1175 4827 (inorptimis
1198 4754 1497 4824 quibusque
1509 4752 1785 4808 codicibus

214 4868 306 4908 non
325 4838 655 4925 apparentia)
672 4837 1105 4924 deprehendunt.
1121 4848 1340 4925 Legitur
1361 4849 1536 4918 itaque
1558 4845 1625 4902 ad
1644 4846 1788 4910 hunc

214 4924 411 5000 modum
436 4947 488 5001 in
517 4944 657 5013 libro
684 4942 752 4998 de
777 4940 951 4997 Carne
979 4938 1182 5008 Christi
1224 4924 1342 5011 cap.
1361 4939 1449 5003 19,
1475 4924 1792 4994 ubidisserit

215 5036 453 5094 adversus
482 5037 892 5093 Valentinianos
926 5053 939 5090 :
978 5054 997 5088 ι
1044 5035 1182 5105 Quid
1222 5042 1307 5091 est
1348 5049 1481 5106 ergo
1513 5049 1527 5088 :
1557 5032 1675 5089 Non
1722 5047 1791 5089 ex

215 5136 477 5205 sanguine,
511 5147 689 5203 neque
750 5146 818 5187 ex
857 5130 1131 5185 voluntate
1171 5130 1370 5195 carnis,
1393 5140 1569 5198 neque
1596 5143 1662 5183 es
1692 5142 1789 5184 vo-

216 5223 399 5281 luntate
421 5224 541 5290 viri,
567 5222 663 5305 sed
692 5238 756 5278 ex
787 5222 896 5278 Deo
925 5228 1080 5276 natus
1106 5219 1228 5276 est?
1259 5219 1369 5275 Hoc
1399 5219 1617 5291 quidem
1643 5221 1786 5289 capi-

218 5318 424 5389 tuloego
440 5317 616 5385 potius
629 5323 772 5380 utar,
795 5328 959 5385 quum
988 5312 1381 5368 adulteratores
1403 5312 1520 5381 ejus
1550 5311 1792 5367 obduxe-

215 5424 285 5465 ro.
307 5410 393 5467 Sic
420 5409 568 5466 enim
590 5407 863 5478 scriptum
884 5420 1005 5462 esse
1029 5405 1355 5461 contendunt
1394 5424 1408 5459 :
1440 5402 1563 5459 Non
1588 5418 1651 5459 ea:
1673 5414 1795 5463 san;

214 5505 370 5573 grtiae,
399 5516 492 5556 nec
510 5515 577 5555 ea:
597 5496 770 5555 carnis
790 5496 1069 5554 voluntate.
1095 5511 1187 5550 nec
1227 5510 1292 5549 ea:
1330 5493 1446 5561 viri,
1478 5492 1569 5548 sed
1596 5508 1659 5547 ea:
1683 5489 1793 5548 Deo

214 5602 350 5648 natus
370 5602 442 5648 est
460 5591 486 5645 ἲ
523 5587 995 5658 .....lntelligimus
1021 5601 1151 5663 ergo
1180 5600 1250 5643 ex
1279 5585 1568 5641 concubitu
1596 5585 1793 5663 nativi:

221 5698 373 5745 tatem
406 5684 618 5742 Domini
650 5690 919 5754 negatam,
956 5681 1110 5752 quod
1153 5681 1296 5761 sapit
1318 5680 1565 5736 voluntas
1597 5678 1716 5743 viri,
1745 5685 1801 5732 et

230 5785 418 5852 carnis,
454 5796 562 5838 non
593 5794 661 5837 ex
690 5776 865 5833 vulvae
893 5776 1321 5847 participatione.
1355 5773 1422 5832 Et
1466 5770 1594 5844 quid
1619 5771 1804 5845 utique

1891 4671 2005 4722 eam
2047 4678 2149 4718 non
2193 4655 2712 4729 comprehenderunt.
2758 4650 2826 4704 Et
2852 4647 2976 4719 quia
3016 4644 3252 4700 hominis
3282 4639 3487 4702 anima,

1893 4754 2142 4830 quamvis
2168 4750 2534 4809 testimonium
2578 4743 2856 4818 perhibeat
2897 4740 2964 4794 de
3015 4737 3239 4801 lumine,
3272 4749 3377 4788 non
3408 4741 3494 4787 est

1897 4825 2076 4908 tamen
2129 4848 2242 4919 ipsa
2291 4845 2496 4908 lumen;
2550 4840 2647 4897 sed
2693 4836 2926 4894 Verbum
2950 4832 3070 4900 Dei,
3100 4831 3263 4896 Deus,
3295 4838 3379 4883 est
3410 4825 3525 4881 ιιι-ρ

1895 4959 2020 5000 men
2045 4955 2252 5007 verum,
2276 4935 2418 5009 quod
2451 4934 2722 4990 illumihat
2737 4943 2952 4987 onmem
2977 4925 3249 4980 hominem
3272 4920 3496 4976 venien-

1896 5046 2003 5094 tem
2053 5036 2104 5091 in
2153 5032 2298 5089 hunc
2339 5027 2622 5086 'muudum.
2654 5026 2720 5083 Et
2745 5023 2868 5094 quia
2900 5022 2950 5077 iu
2984 5019 3085 5073 hoc
3116 5014 3319 5072 mundo
3348 5021 3492 5076 erat,

1894 5138 1950 5186 et
1983 5126 2216 5183 mundus
2238 5139 2331 5195 per
2355 5123 2532 5194 ipsum
2562 5119 2736 5175 factus
2758 5124 2863 5181 est,
2892 5119 2949 5169 et
2972 5109 3206 5167 mundus
3232 5118 3357 5161 eum
3387 5116 3495 5157 non

1893 5219 2164 5292 cognovit.
2218 5216 2351 5284 Quia
2405 5227 2536 5270 vero
2579 5213 2633 5268 in
2672 5224 2768 5266 sua
2817 5207 3031 5279 prepria
3081 5201 3251 5265 venit,
3304 5206 3360 5253 et
3411 5195 3498 5250 sui

1896 5291 2019 5371 eum
2061 5327 2169 5368 nou
2215 5318 2573 5379 receperunt,
2625 5308 2891 5373 quotquot
2942 5306 3122 5353 autem
3170 5291 3502 5358 receperunt

1898 5423 2045 5473 eum,
2077 5403 2225 5460 dedit
2248 5401 2327 5458 eis
2348 5397 2670 5471 potedtaiem
2698 5393 2840 5449 ﬁlios
2863 5389 2956 5445 Dei
2983 5386 3123 5450 ﬂeri,
3154 5379 3499 5473 credentibus

1901 5500 1953 5556 in
2004 5467 2223 5554 nomine
2264 5467 2404 5563 ejus,
2458 5494 2562 5545 non
2616 5487 2688 5542 ibi
2734 5483 2861 5553 legit
2893 5478 3028 5533 Item
3069 5475 3137 5529 ibi
3200 5473 3314 5563 .cgi,
3370 5467 3500 5539 quia

1903 5591 2046 5648 Deus
2077 5561 2335 5652 Verbum,
2370 5598 2475 5643 non
2522 5596 2587 5636 ex
2632 5587 2818 5637 carne.
2851 5585 2959 5625 non
2987 5578 3051 5622 ex
3079 5561 3360 5652 sanguine,
3394 5572 3501 5612 non

1906 5699 1973 5741 ex
2004 5680 2282 5736 voluntate
2311 5675 2431 5740 viri,
2462 5685 2637 5741 neque
2663 5684 2731 5726 ex
2756 5661 3030 5717 νηιυιιιτιῑθ
3067 5650 3249 5741 caulis
3273 5689 3287 5713 ν
3315 5648 3507 5739 sed?!

1935 5734 2229 5832 Deotlattis
2254 5774 2338 5826 est
2374 5734 2524 5820 :Ised
2550 5734 2674 5830 quia
2704 5749 2938 5812 Verbum
2990 5755 3119 5801 caro
3162 5738 3360 5795 factum
3408 5734 3516 5806 est,
3574 5782 3583 5794 ι
