3950 6176
512 238 614 295 1³37

1872 264 2409 332 PROLEGOMENA.

3699 300 3802 356 1'28

504 366 561 411 ⁸⁸
597 356 855 415 habitam
884 360 936 416 ί¹¹
966 363 1138 428 ηθίθῖει
1171 383 1274 422 ηοη
1304 368 1377 424 ibi
1402 370 1524 441 Ιεὲίο
1577 393 1597 427 ³
1642 376 1843 434 Melo"
1885 397 2100 454 quoque
2126 388 2176 448 A
2206 396 2294 457 pta
2338 401 2481 446 sunt.
2518 392 2687 450 Porro
2732 413 2925 471 magno
2963 419 3188 463 numero
3218 409 3434 469 codices
3483 412 3623 471 hanc
3656 416 3807 474 addi-

509 447 850 474 n:..l..-.-_-___
890 454 945 474 J-
981 455 1055 474 nn
1112 457 1153 474 ηπ
1186 460 1197 471 ο
1242 459 1274 474 ο-
1319 469 1330 474 -
1500 465 1511 474 .
1545 465 1605 474 α...
1648 468 1700 474 ---
1815 471 1854 474 _

509 447 854 522 Dialogorum
882 454 951 511 de
980 455 1079 511 SS.
1112 457 1391 528 Trinitale,
1423 465 1513 533 qui
1545 465 1770 537 Vigilius
1813 447 2103 542 Tapsensis

503 541 745 597 creditur
767 545 850 613 (ut
866 547 1075 601 ostendi
1095 550 1147 602 in
1161 549 1503 610 Enarratiane
1514 541 2102 620 Pseuda-Atltanasiana

502 634 557 689 in
589 634 917 705 Symbolum,
951 656 1108 708 quam
1141 642 1371 702 Verona:
1411 650 1603 722 edidi),
1653 654 1717 708 ad
1765 659 2098 726 probandum

502 740 695 781 nomen
726 731 910 783 aeterni
934 730 1109 789 Patris
1136 751 1256 792 esse
1283 739 1333 793 in
1364 739 1521 809 Filio,
1553 759 1615 799 ac
1645 745 1846 815 Spiritu
1876 751 2097 822 Sancto,

499 819 728 874 alterum
775 836 987 893 eorum,
1039 829 1127 896 qui
1180 830 1587 905 'colloquuntur,
1622 840 1869 900 videlicet
1899 845 2095 902 Ortho-

498 909 718 977 doxtnn,
764 914 837 969 ita
888 917 1154 976 dicentem
1199 924 1249 979 in
1290 928 1593 995 paltrstram
1626 933 1829 991 inducit
1868 952 1883 991 :
1927 958 1945 991 ι
1992 941 2097 997 Sed

496 1021 562 1061 ex
593 1009 705 1065 Deo
733 1022 919 1067 natum
961 1029 1084 1073 esse
1110 1017 1434 1095 (Christum)
1463 1025 1697 1083 Joannes
1728 1041 1953 1089 testatur
1982 1053 1995 1089 :
2030 1036 2095 1092 In

494 1115 587 1153 sua
612 1103 769 1168 venit,
795 1113 843 1158 et
866 1108 947 1160 sui
973 1124 1085 1163 eum
1116 1128 1216 1166 nou
1262 1130 1559 1185 receperunt
1591 1137 1609 1175 .'
1638 1132 1887 1193 quotquot
1926 1139 2096 1185 autem

494 1206 793 1263 receperunt
838 1214 977 1265 eum,
1021 1202 1158 1258 dedit
1186 1206 1256 1259 eis
1285 1220 1585 1278 potestatem
1630 1216 1771 1283 filias
1817 1219 1914 1275 Dei
1953 1223 2089 1291 ﬁeri,

492 1287 817 1345 credentibus
842 1292 894 1346 in
920 1297 1123 1350 nomine
1150 1304 1282 1369 ejus,
1312 1305 1401 1372 qui
1426 1321 1525 1360 non
1552 1324 1614 1362 ea:
1640 1314 1907 1382 sanguine,
1937 1332 2095 1387 neque

491 1393 557 1432 ea:
583 1380 788 1437 volunte
813 1388 1007 1453 carnis,
1041 1407 1201 1461 neque
1220 1410 1286 1448 ea:
1317 1398 1573 1454 voluntate
1599 1404 1717 1470 viri,
1748 1407 1838 1459 sed
1878 1424 1941 1461 ea:
1987 1409 2092 1463 Deo

492 1481 642 1526 natus
666 1485 759 1528 est.
794 1476 928 1533 Huic
958 1482 1171 1538 tandem
1204 1490 1411 1544 accedit
1440 1493 1601 1546 etiam
1635 1496 1691 1549 S.
1724 1497 1958 1555 Joannes
1989 1501 2089 1556 Da-

490 1577 799 1633 masccnus,
830 1571 920 1639 qui
952 1580 1085 1629 tom.
1118 1592 1157 1644 ι,
1201 1578 1318 1641 lib.
1342 1598 1402 1638 ιιι
1426 1624 1439 1647 ,
1471 1583 1540 1639 de
1579 1585 1709 1643 Fide
1748 1588 2086 1660 Orthodoxa,

488 1668 608 1725 cap.
642 1658 695 1725 7,
731 1676 851 1731 pag.
879 1663 1004 1729 eos,
1039 1667 1171 1723 edit.
1208 1671 1532 1732 Parisiensis
1574 1678 1635 1733 P.
1678 1681 1952 1740 Michaelis
1981 1658 2088 1742 Le;

486 1748 648 1818 quien
678 1753 799 1807 0rd.
825 1754 930 1809 FF.
960 1757 1246 1817 Praedicat.
1279 1767 1417 1821 1712
1441 1771 1552 1825 ait:
1585 1778 1677 1827 Καὶ
1713 1774 1927 1851 ὁΛόγος
1951 1783 2085 1857 σὰρξ
2117 1776 2163 1835 Β

485 1842 755 1918 ἀτρέπτως
776 1848 986 1920 ἐγένετο,
1027 1856 1081 1909 ἐκ
1111 1864 1394 1931 Πνεΰματος
1417 1863 1586 1937 ἁγίου,
1633 1871 1715 1922 καί
1754 1874 1951 1947 Μαρίας
1989 1884 2082 1935 τῆς

483 1937 629 2013 ἁγίας
656 1944 1004 2023 ἀειπαρθένου,
1046 1957 1124 2007 καὶ
1167 1959 1437 2013 Θεοτὸκου’
1471 1966 1555 2016 καὶ
1592 1966 1805 2034 μεσίτης
1837 1974 1963 2022 Θεοῦ
2001 1974 2082 2024 καὶ

482 2032 760 2110 ἀνθρώπων
815 2050 1153 2115 χρηματίζει,
1203 2049 1228 2103 ὁ
1273 2051 1421 2122 μόνος
1464 2056 1807 2135 Φιλάνθρωπος
1838 2102 1853 2128 ,
1894 2066 1980 2117 οὐκ
2027 2066 2079 2119 ἐκ

480 2127 778 2199 θελήματος,
803 2132 833 2193 ἦ
850 2136 1140 2209 ἐπιθυμίας,
1164 2142 1193 2201 ἢ
1218 2150 1491 2220 συναφείας
1514 2150 1715 2228 ἀνδρὸς,
1746 2155 1775 2215 ἢ
1801 2164 2079 2229 γεννήσεως

480 2219 735 2288 ἐνηδὸνον,
760 2227 811 2281 ἐν
918 2232 1164 2308 ἁχράντῳ
1185 2242 1355 2315 μήτρᾳ
1372 2252 1463 2303 τῆς
1489 2249 1739 2322 Παρθένου
1760 2252 2075 2326 συλληφθεὶς,

479 2312 585 2366 ἀλλ’
631 2317 686 2368 ἐκ
734 2322 1027 2393 Πνεύματος
1082 2327 1252 2402 ἁγίου,
1301 2339 1385 2389 καὶ
1434 2345 1525 2398 τῆς
1558 2345 1767 2417 πρώτης
1798 2352 1889 2399 τοῦ
1929 2346 2077 2420 Δδάμ

478 2408 745 2475 γενέσεως,
796 2430 915 2479 qua:
973 2416 1157 2473 Graeca
1210 2425 1373 2480 verba
1427 2428 1674 2488 laudatus
1729 2436 2077 2496 doctissimus

477 2498 656 2553 editor
684 2500 973 2576 Latiuejita
998 2511 1233 2569 reddidit
1268 2536 1280 2570 :
1328 2536 1348 2569 ι
1394 2519 1655 2587 Quocirca
1686 2526 1919 2583 Verbum
1949 2546 2076 2589 caro

482 2607 500 2640 ι
548 2594 751 2662 absque
775 2597 878 2652 ulla
912 2605 1210 2662 mutatione
1232 2609 1298 2664 de
1318 2612 1523 2678 Spiritu
1553 2616 1774 2686 Sancto,
1796 2630 1851 2675 et
1874 2622 2073 2680 Sancta

482 2699 499 2732 ‹
546 2683 708 2740 Maria
743 2703 962 2761 semper
992 2695 1237 2767 Virgine,
1290 2702 1492 2774 Deique
1544 2683 1820 2767 Geuitrice
1870 2713 2069 2772 factum

480 2792 499 2826 ι
547 2788 623 2833 est
661 2798 671 2833 :
704 2781 896 2854 deique
919 2797 972 2841 et
1002 2788 1275 2848 hominum
1304 2799 1567 2857 mediator
1596 2805 1780 2860 existit
1807 2810 1953 2865 solus
1981 2812 2073 2868 ille

482 2886 500 2920 ι
549 2872 599 2925 in
628 2873 874 2934 homines
912 2879 1361 2955 benignissimus,
1395 2907 1499 2947 non
1536 2910 1600 2950 cx
1633 2899 1908 2957 voluntate
1932 2945 1946 2966 ,
1980 2914 2071 2960 aut

480 2978 498 3012 ι
545 2970 978 3037 c0ncupiscentia
996 3014 1010 3038 ,
1036 2988 1127 3030 aut
1149 2969 1445 3050 congicssu
1471 2988 1693 3055 viri,aut
1716 2996 2068 3062 generatione

479 3072 496 3106 ι
545 3072 666 3114 cmn
699 3063 971 3134 voluptate
1015 3070 1320 3141 conjuncta,
1378 3078 1428 3130 in
1486 3079 1807 3142 intemerato
1831 3088 2067 3159 Virginis

2209 481 2409 538 tionem
2438 501 2542 542 non
2574 486 2793 548 habent.

2275 573 2405 631 an.
2447 593 2564 650 cap.
2593 598 2667 648 v1,
2692 586 2784 654 55,
2818 587 3112 656 Veronen.,
3147 612 3299 666 super
3316 609 3512 669 gratos,
3544 612 3592 654 et
3620 606 3802 664 malos.

2209 666 2334 724 Haec
2356 670 2514 728 lectio
2538 676 2727 732 referri
2756 680 2973 738 videtur
2996 685 3060 739 ad
3088 688 3325 756 codices,
3348 693 3543 762 quibus
3570 710 3700 751 usus
3723 708 3807 753 est

2203 761 2566 823 Tertullianus
2599 771 2649 824 in
2683 772 2775 827 lib.
2807 790 2859 829 tv
2890 786 3075 831 contra
3108 779 3269 836 Marc.
3301 799 3422 850 cap.
3451 788 3538 850 17,
3574 788 3627 842 in
3686 794 3806 860 qui-

2202 852 2299 907 bus
2328 868 2447 924 post
2476 875 2686 916 versum
2713 865 2801 929 56,
2826 866 2931 923 hoc
2959 882 3329 929 assumentum
3361 875 3684 948 habebatur,
3712 884 3801 952 qui

2202 947 2335 1015 pluit
2378 967 2531 1022 super
2572 953 2749 1023 bonos,
2784 969 2829 1012 et
2857 962 3038 1027 malas,
3069 974 3115 1017 et
3156 966 3314 1020 solem
3346 986 3491 1023 suum
3522 974 3647 1027 oriri
3676 978 3802 1047 facit

2198 1056 2351 1108 super
2362 1046 2556 1114 justas,
2583 1057 2630 1100 et
2650 1049 2905 1118 injustas;
2928 1057 3197 1124 quomodo
3219 1067 3275 1114 et
3293 1059 3524 1118 habebat
3548 1046 3799 1126 Grmcum

2197 1136 2493 1204 exemplar,
2518 1141 2657 1208 quod
2683 1143 2927 1200 adhibuit
2948 1160 3135 1206 auetor
3170 1151 3512 1212 homiliarum
3540 1159 3801 1219 Clemeno

2199 1224 2428 1282 tinarum
2459 1229 2656 1287 llomil.
2688 1234 2743 1302 5,
2776 1236 2803 1307 §
2838 1238 2923 1293 57.

2268 1316 2397 1373 Luc.
2450 1336 2568 1391 cap.
2615 1340 2668 1388 x,
2708 1328 2796 1393 15,
2826 1328 3126 1399 Veronen.,
3162 1352 3320 1406 usque
3346 1341 3398 1394 in
3425 1342 3708 1409 infernum.
3739 1347 3797 1403 In

2193 1404 2385 1464 Grazco
2422 1411 2571 1469 fonte
2601 1417 2788 1473 eadem
2836 1423 2998 1478 verba
3029 1439 3323 1485 occurrunt
3344 1474 3358 1498 ,
3407 1434 3507 1498 ἕως
3538 1435 3665 1508 ᾆδον
3698 1463 3796 1495 κα-

2192 1508 2539 1584 ταϐιϐαθήσῃ,
2564 1530 2719 1584 usque
2749 1517 2801 1570 in
2830 1519 3106 1590 infernum.

2263 1599 2394 1656 Luc.
2428 1618 2543 1672 cap.
2579 1621 2675 1671 xu,
2713 1608 2803 1674 55,
2826 1610 3124 1681 Veronen.,
3155 1627 3205 1671 et
3228 1620 3302 1673 ita
3325 1622 3435 1690 ﬁet.
3464 1623 3614 1692 Gat.,
3642 1627 3792 1697 Μαι,

2191 1689 2570 1749 Vindobonen.
2621 1707 2675 1752 et
2721 1700 2985 1768 Brixian.,
3032 1718 3080 1761 et
3121 1709 3194 1762 ita
3232 1689 3416 1779 βεέςτδ
3463 1716 3554 1783 ita,
3586 1689 3795 1776 sudum

2191 1784 2353 1839 etiam
2380 1791 2623 1845 nonnulli
2651 1794 2809 1849 codd.
2843 1797 3038 1865 Grmci,
3073 1811 3126 1856 et
3157 1805 3337 1859 versio
3362 1806 3609 1877 Ethiop.

2260 1877 2422 1932 Marc.
2436 1894 2552 1950 cap.
2574 1898 2610 1947 ι,
2631 1884 2716 1949 11,
2730 1884 2922 1941 Veron.
2935 1930 2949 1953 ,
2970 1890 3021 1944 in
3037 1908 3136 1961 qua
3149 1894 3270 1948 bene
3289 1898 3477 1965 placuit
3497 1901 3642 1969 mihi,
3666 1902 3794 1959 Bri-

2186 1966 2307 2021 xiau
2319 1970 2424 2039 .qui
2441 1972 2564 2026 mihi
2576 1974 2696 2029 bene
2710 1979 3083 2047 complacuisti.
3099 1983 3269 2040 (ΖΓωοί
3285 1988 3497 2044 codices
3512 1991 3789 2061 impressi,

2189 2066 2243 2112 ιιι
2284 2075 2444 2115 manu
2477 2068 2681 2120 exarati
2710 2071 3076 2139 quamplures,
3109 2090 3231 2129 cum
3269 2077 3519 2135 Malthzeo
3543 2097 3784 2140 consen-

2186 2153 2407 2221 tientes,
2434 2155 2653 2223 habent,
2678 2161 2731 2213 in
2754 2178 2851 2231 quo
2872 2165 3182 2234 camplacui.
3210 2168 3449 2241 Vulgata:
3473 2172 3652 2232 favent
3682 2178 3793 2232 Lu-

2184 2258 2296 2311 cas,
2320 2257 2375 2301 et
2403 2249 2575 2318 major
2608 2251 2868 2308 librorum
2902 2273 3180 2315 numerus.

2253 2336 2420 2393 Marc.
2467 2357 2586 2411 cap.
2644 2360 2734 2411 vt,
2786 2346 2893 2411 55,
2957 2349 3273 2421 Veronen.,
3333 2364 3382 2411 et
3440 2374 3789 2420 convenerunt

2182 2428 2327 2483 illuc.
2359 2430 2580 2490 Graecus
2605 2452 2818 2508 quoque
2851 2450 3029 2498 textus
3058 2445 3229 2511 addit,
3261 2458 3307 2503 et
3336 2464 3680 2510 convenerunt
3710 2458 3783 2511 ad

2179 2523 2350 2580 illum.

2252 2617 2443 2673 Matth.
2474 2635 2593 2692 cap.
2636 2640 2734 2691 xu,
2768 2628 2855 2682 51.
2891 2629 3187 2701 Veronen.,
3216 2637 3305 2705 qui
3331 2648 3501 2693 autem
3530 2642 3584 2696 in
3608 2642 3785 2716 Spiri-

2179 2716 2285 2760 tum
2308 2708 2555 2765 Sanctum
2575 2714 3024 2789 blasphemaverit,
3054 2740 3154 2779 nan
3185 2730 3466 2784 remittetur
3488 2733 3572 2787 illi
3598 2708 3784 2805 pecca-

2177 2809 2301 2865 tum,
2332 2800 2617 2861 Corbeien.
2651 2812 2739 2880 qui
2760 2822 2929 2867 autem
2961 2817 3013 2870 in
3046 2817 3303 2887 Spiritum
3328 2822 3425 2879 Dei
3448 2800 3783 2897 blasphema-

2174 2895 2320 2959 veril,
2351 2913 2451 2951 non
2488 2902 2773 2956 remittetur
2812 2907 2879 2972 ei,
2909 2907 3148 2968 Brixian.
3183 2913 3414 2985 Spiritus
3449 2929 3619 2975 autem
3641 2923 3783 2978 blas-

2176 2988 2378 3055 phemia
2405 3007 2505 3045 non
2536 2998 2817 3052 remittetur
2842 3000 3157 3059 hominibus.
3187 3006 3244 3063 S.
3278 3009 3479 3066 Athan.
3503 3014 3556 3068 in
3584 3016 3677 3071 lib.
3707 3018 3779 3074 de

2174 3078 2370 3136 Trinit.
2392 3083 2548 3142 Tom.
2571 3104 2745 3161 t,pag.
2775 3092 2903 3158 98l,
2930 3099 3018 3165 qui
3049 3108 3215 3153 autem
3254 3102 3679 3173 blasphemacerit
3720 3114 3776 3167 in

478 3168 495 3200 ι
546 3162 698 3207 "lem
729 3170 1041 3227 conceptus,
1072 3165 1165 3217 sed
1192 3166 1259 3221 αθ
1291 3168 1492 3239 Spiritu
1533 3173 1731 3233 sane“,
1755 3220 1769 3246 ,
1800 3197 1862 3234 ω.
1892 3184 2063 3253 prima
2090 3170 2135 3232 C
2170 3172 2371 3243 Spiritu
2400 3176 2594 3233 Sancto
2624 3198 2725 3237 non
2766 3186 3054 3241 remittetur
3076 3191 3141 3256 ei,
3187 3204 3242 3247 et
3271 3195 3322 3248 in
3348 3194 3539 3267 fragm.
3574 3214 3777 3257 secun-

483 3261 497 3267 _
548 3245 629 3267 ,ηλ
998 3255 1009 3267 .
1091 3258 1118 3267 ,.

478 3261 497 3295 ι
548 3245 634 3299 illa
665 3248 852 3303 Adami
880 3255 1249 3319 productione.
1289 3278 1308 3309 ι

542 3336 730 3392 Matth.
757 3356 875 3411 cap.
902 3359 958 3408 v,
986 3346 1038 3409 1,
1066 3346 1239 3416 deest,
1267 3350 1442 3419 Iesus,
1466 3355 1517 3409 in
1539 3356 1734 3413 Veron.
1760 3362 2064 3419 ctBrixian.

472 3436 525 3483 et
554 3428 624 3482 ita
672 3429 724 3483 in
764 3440 913 3488 textu
950 3434 1174 3505 Graeco,
1219 3457 1429 3500 necnon
1472 3448 1524 3501 in
1560 3450 1829 3522 plerisque
1859 3454 2066 3513 Latinis

472 3534 605 3573 mss.
634 3525 1015 3583 vetuStioribus
1048 3529 1313 3587 Vaticanzr.
1346 3536 1712 3597 Bibliotheca.

543 3610 729 3669 Matth.
775 3631 893 3684 cap.
938 3634 1011 3685 ιχ,
1041 3620 1132 3685 28,
1180 3624 1231 3678 in
1266 3624 1462 3681 Veron.
1499 3630 1670 3687 deest.
1712 3636 1867 3704 vobis,
1905 3649 1958 3694 et
1993 3642 2063 3698 ita

474 3702 525 3757 in
556 3703 745 3760 Cra-co
775 3712 1091 3782 exemplari,
1124 3730 1189 3771 ac
1211 3717 1263 3772 in
1295 3722 1568 3779 nonnullis
1590 3730 1974 3786 vetustioribus
2003 3736 2066 3789 li-

470 3794 582 3849 bris
613 3797 1054 3867 Evangeliorum.

539 3888 725 3944 Matth.
775 3908 894 3964 cap.
928 3913 1037 3964 xxi,
1073 3903 1125 3967 4,
1164 3902 1216 3956 in
1251 3903 1517 3963 Veronen.
1548 3909 1833 3969 Corbeien.
1865 3926 1920 3972 et
1948 3918 2063 3975 Bri-

470 3983 619 4037 xian.
665 3985 841 4053 deest,
884 4000 1064 4045 totum.
1107 4006 1156 4050 et
1197 3998 1267 4051 ita
1297 3999 1350 4052 iu
1383 4001 1585 4060 Grmcis
1625 4008 1866 4066 melioris
1895 4022 2059 4082 noue,

467 4084 520 4130 et
550 4076 601 4131 iu
633 4076 838 4134 Latinis
861 4085 1059 4152 regina:
1082 4087 1377 4144 Succorum
1406 4110 1534 4150 mss.
1571 4098 1743 4154 libris.

533 4167 687 4224 1Ιοειιι.
713 4188 833 4243 cap.
862 4190 901 4241 ι,
938 4177 1022 4243 12,
1060 4178 1355 4249 Veronen.,
1385 4188 1727 4261 credentibus,
1752 4194 1906 4265 juxta
1939 4206 2056 4255 tex-

464 4267 574 4315 tum
601 4262 873 4333 Graecum,
901 4279 1014 4333 τοῖς
1044 4279 1404 4335 πιστεύουσιν.

531 4352 688 4411 Joan.
746 4373 865 4429 cap.
922 4378 1003 4439 vt,
1060 4365 1150 4431 58,
1204 4369 1476 4426 Veronen.
1525 4375 1635 4430 viva
1687 4395 1776 4447 per
1815 4379 2055 4453 Patrem;

460 4453 507 4497 et
532 4445 639 4515 ipse
673 4450 792 4503 vivit
817 4470 908 4523 per
931 4472 1028 4509 me.
1071 4457 1317 4530 Oramus,
1351 4461 1435 4519 διὰ
1455 4466 1541 4521 τὸν
1566 4471 1788 4545 πατέρα,
1823 4491 1915 4544 per
1948 4462 2053 4532 Ρα-

460 4546 606 4593 trem.

528 4631 683 4688 Joan.
718 4649 838 4706 cap.
869 4654 956 4704 xv,
990 4642 1042 4705 6,
1079 4644 1348 4703 Veronen.
1382 4659 1437 4705 et
1464 4648 1750 4710 Corbeien.
1771 4698 1785 4723 ,
1819 4668 1866 4713 et
1892 4664 2051 4729 aruit,

458 4727 680 4792 pr0pius
702 4727 894 4785 Graico
918 4738 1107 4792 textui.

529 4818 658 4877 Luc.
702 4837 822 4891 cap.
873 4842 932 4891 ιι,
970 4828 1061 4896 54,
1100 4831 1397 4903 Veronen.,
1432 4838 1533 4894 Hic
1559 4844 1757 4911 positus
1780 4849 1934 4901 estin
1965 4865 2053 4903 ca-

456 4926 588 4963 sum.
623 4924 677 4966 ct
717 4915 785 4969 ita
821 4926 1000 4973 textus
1031 4921 1253 4978 ϐιαιως
1282 4930 1353 4989 είς
1383 4939 1600 5001 πτῶσιν,
1650 4934 1700 4989 id
1747 4946 1851 5004 est,
1882 4940 1934 4992 in
1962 4957 2050 4994 ca-

455 5018 588 5054 sum.
620 5002 778 5061 Casus
803 5019 981 5064 autem
1015 5013 1088 5067 ibi
1124 5019 1335 5083 ponitur
1372 5020 1471 5089 pro
1500 5025 1674 5092 exitio,
1703 5029 1825 5097 quia
1859 5031 1925 5092 is,
1959 5034 2049 5100 qui

453 5095 668 5161 cecidit,
702 5098 857 5153 facile
886 5103 952 5155 ah
985 5104 1138 5160 hoste
1166 5113 1508 5181 upprimitur,
1553 5126 1606 5171 et
1637 5095 1890 5175 censetur
1925 5138 2042 5190 per-

452 5186 597 5242 ditus
626 5206 638 5243 :
670 5191 763 5256 ita,
800 5201 1122 5263 resurrectio,
1157 5216 1271 5270 pro,
1301 5208 1493 5273 salute;
1526 5210 1691 5278 quod,
1723 5214 1816 5282 qui
1836 5225 2049 5273 erectus

451 5284 685 5351 steterit,
715 5286 894 5341 salvus
927 5290 1188 5349 videatur.

528 5370 655 5426 Luc.
689 5390 809 5445 cap.
842 5394 912 5445 tv,
942 5379 995 5445 8,
1027 5381 1322 5455 Veronen.,
1358 5388 1498 5447 Vade
1517 5407 1633 5465 post
1656 5413 1755 5463 me,
1786 5398 2047 5469 Satanas;

450 5471 694 5542 scriptum
723 5484 799 5527 est
825 5477 963 5529 enim
1004 5493 1023 5532 :
1064 5479 1341 5539 Dominum
1387 5485 1554 5542 Deum
1600 5502 1743 5547 tuum
1786 5497 2043 5552 adorabis.

452 5563 675 5622 Graecus
718 5567 871 5638 legit,
921 5570 1116 5649 ’Υπαγε
1169 5579 1334 5636 ὀπίσω
1364 5603 1483 5654 μου,
1515 5591 1733 5641 Σατανᾶ·
1761 5589 2049 5660 γέγραπται

452 5659 572 5736 γὰρ,
608 5667 711 5715 etc.
746 5663 846 5717 hoc
875 5676 976 5733 est,
1018 5671 1197 5725 recede
1226 5689 1257 5725 a
1283 5690 1381 5739 me,
1408 5674 1670 5740 Satanas;
1701 5679 1949 5748 scriptum
1980 5691 2051 5736 est

449 5749 605 5815 enim,
628 5767 733 5807 etc.
769 5762 890 5827 qua:
923 5760 1085 5816 verba
1117 5772 1184 5817 ex
1216 5760 1449 5820 Matthtci
1476 5767 1593 5836 cap.
1616 5782 1686 5835 ιν,
1719 5768 1804 5835 lt),
1835 5770 2051 5829 dcsutus

2179 3267 2306 3323 dum
2337 3270 2647 3330 Matthteum
2676 3276 2835 3351 Tom.
2864 3297 2900 3345 ι,
2933 3281 3080 3337 Part.
3115 3300 3171 3349 ιι,
3197 3302 3318 3359 pag.
3346 3290 3504 3359 1169,
3536 3292 3777 3365 blasphe-

2176 3360 2278 3412 mia
2299 3372 2469 3417 autem
2497 3366 2551 3419 in
2583 3368 2840 3437 Spiritum
2870 3390 2973 3427 non
3003 3378 3287 3434 remittetur
3311 3382 3435 3436 illis.

2242 3454 2373 3508 Luc.
2405 3472 2525 3527 cap.
2556 3476 2650 3526 xu,
2680 3464 2770 3531 58,
2802 3465 3101 3536 Veronen.,
3125 3480 3177 3525 et
3198 3472 3241 3525 si
3268 3476 3459 3529 venerit
3482 3478 3776 3545 vespertina

2170 3547 2366 3619 vigilia,
2400 3560 2447 3604 et
2473 3552 2543 3605 ita
2570 3553 2839 3623 invenerit,
2875 3559 3009 3612 beati
3040 3570 3159 3615 sunt
3177 3578 3198 3626 ;
3222 3566 3465 3633 quoniam
3481 3569 3683 3637 jubebit
3708 3574 3777 3626 il-

2170 3641 2246 3695 los
2274 3642 2613 3709 discumbere.
2655 3660 2701 3726 et
2728 3651 3039 3706 ministrabit
3066 3655 3198 3723 illis,
3228 3655 3516 3716 Corbeien.
3550 3664 3595 3715 si
3619 3681 3776 3721 vene-

2166 3735 2234 3787 rit
2263 3739 2549 3807 vespertina
2578 3742 2772 3811 vigilia,
2809 3755 2858 3798 et
2888 3746 2959 3799 ita
2986 3746 3262 3815 invenerit,
3296 3750 3426 3805 beati
3450 3765 3569 3808 sunt
3594 3772 3613 3820 ;
3646 3761 3773 3827 quia

2156 3828 2357 3898 jubebit
2385 3832 2508 3886 illas
2539 3834 2871 3905 discumbere,
2906 3848 2951 3893 et
2982 3843 3210 3907 transiet,
3242 3854 3288 3898 et
3313 3846 3621 3904 ministrabit
3649 3853 3723 3907 eis
3753 3872 3771 3909 .'

2165 3921 2211 3973 si
2236 3924 2482 3989 secunda,
2524 3937 2570 3979 et
2599 3928 2644 3980 si
2674 3930 2843 3995 tertia,
2872 3931 3007 3986 beati
3037 3945 3175 4003 sunt,
3205 3936 3358 4003 Mm.,
3404 3949 3451 3994 et
3492 3942 3536 3995 si
3575 3948 3773 4000 venerit

2165 4014 2451 4084 vespertina
2478 4018 2673 4088 vigilia,
2704 4030 2750 4074 et
2788 4023 2860 4074 ita
2881 4024 3147 4089 invenerit,
3181 4027 3311 4083 beati
3347 4041 3463 4085 sunt
3488 4036 3621 4089 servi
3646 4036 3771 4102 illi;

2164 4106 2282 4173 quia
2299 4107 2501 4178 jubebit
2539 4110 2658 4165 illos
2687 4112 3019 4182 discumbere,
3067 4129 3113 4171 et
3158 4122 3413 4177 transiens
3450 4126 3765 4184 ministrabit

2164 4198 2271 4251 illis
2303 4215 2322 4251 :
2349 4209 2397 4252 et
2429 4201 2472 4253 si
2501 4204 2690 4255 venerit
2733 4206 2785 4258 in
2815 4208 3040 4262 secunda
3069 4211 3267 4281 vigilia,
3291 4224 3339 4268 et
3366 4217 3411 4268 si
3439 4217 3492 4270 in
3521 4220 3691 4285 tertia,
3716 4233 3769 4277 et

2159 4293 2232 4346 ita
2248 4293 2512 4361 invenerit,
2538 4296 2687 4363 beati,
2708 4308 2814 4356 etc.
2825 4300 3122 4358 Vindobon.
3133 4313 3200 4370 ,et
3214 4308 3260 4360 si
3272 4310 3458 4364 venerit
3474 4316 3769 4383 vespertina

2161 4386 2291 4440 hora
2316 4389 2511 4460 vigilia,
2539 4399 2587 4445 et
2620 4392 2693 4446 ita
2721 4394 2985 4461 invenerit,
3014 4398 3148 4453 beati
3181 4412 3368 4458 sunt...
3398 4406 3518 4473 quia
3550 4409 3757 4479 jubebit

2162 4481 2288 4535 illos
2317 4482 2653 4550 discumbere,
2705 4495 2750 4539 et
2781 4490 3013 4557 transiet,
3045 4501 3091 4545 et
3120 4494 3426 4549 ministrabit
3464 4498 3571 4553 illis
3595 4516 3614 4553 :
3640 4512 3688 4555 et
3718 4505 3768 4559 si

2082 4572 2137 4631 D
2161 4573 2405 4639 secunda,
2449 4582 2494 4627 et
2529 4575 2574 4630 si
2616 4577 2787 4645 tertia,
2820 4580 2949 4634 beati
2973 4594 3115 4637 sunt.
3160 4585 3331 4641 Etiam
3364 4588 3415 4642 in
3442 4590 3629 4647 codice
3657 4593 3767 4649 Ca-

2160 4666 2382 4734 tholico,
2431 4682 2536 4738 quo
2567 4668 2657 4725 hic
2696 4686 2823 4727 usus
2846 4684 2929 4730 est
2958 4675 3219 4745 Marcion,
3262 4689 3388 4735 ante
3415 4696 3631 4739 versum
3664 4687 3760 4752 38,

2156 4762 2227 4817 ita
2260 4762 2558 4834 legebatur,
2597 4770 2682 4821 καὶ
2708 4768 2790 4822 ἐὰν
2820 4768 2933 4844 ἔλθῃ
2976 4773 3025 4824 ἐν
3052 4781 3115 4848 τῇ
3144 4774 3385 4852 ἑσπερινῇ
3425 4778 3620 4855 φυλακῇ
3670 4789 3762 4839 καί

2158 4857 2283 4932 εὕρῃ
2330 4859 2485 4923 οὕτω,
2542 4862 2785 4940 μακάριοί
2841 4867 2968 4919 εἰσιν
2998 4864 3075 4922 ὅτι
3112 4868 3367 4925 ἀνακλινεῖ
3410 4875 3619 4941 αὐτοὺς,
3669 4882 3762 4932 καί

2156 4949 2308 5003 ἐλθὼν
2334 4956 2440 5005 πᾶν
2477 4950 2765 5013 διακονήσει
2793 4957 2990 5018 αὐτοῖς.
3038 4960 3213 5029 Atque
3249 4961 3352 5016 hoc
3380 4975 3758 5023 assumentum

2161 5054 2267 5093 non
2296 5056 2441 5109 esse,
2472 5053 2619 5112 putat
2642 5044 2840 5100 Millius
2862 5090 2875 5113 ,
2918 5048 3011 5103 sed
3046 5053 3333 5121 genuinam
3369 5055 3430 5107 D.
3462 5055 3620 5112 Luca:
3648 5061 3762 5116 lec-

2160 5130 2357 5185 tionem
2388 5147 2438 5202 p.
2468 5134 2556 5198 33,
2588 5135 2640 5189 in
2666 5135 2877 5207 Proleg.
2910 5153 3027 5192 eam
3059 5144 3291 5212 namque
3323 5143 3541 5201 firmant
3566 5148 3759 5204 lectio-

2161 5240 2282 5280 nem
2331 5228 2610 5297 exemplar
2643 5228 2884 5299 Vulgata:
2914 5232 3061 5303 (ante
3093 5232 3503 5310 Hieronymum)
3558 5240 3757 5297 lrenaei

2156 5318 2485 5389 interpretis,
2501 5321 2751 5377 Ambros.
2771 5339 2822 5377 ιιι
2841 5323 2993 5379 Com.
3019 5326 3071 5379 in
3092 5326 3223 5381 Luc.
3254 5329 3445 5397 lib.vn,
3470 5345 3589 5402 cap.
3611 5332 3669 5395 2,
3690 5342 3748 5389 ct

2156 5409 2461 5469 Methodius
2490 5414 2639 5469 Orat.
2688 5416 2750 5481 5,
2801 5416 2865 5471 de
2892 5417 3133 5472 Convivia
3190 5419 3479 5494 Virginum.
3524 5424 3753 5495 Verum,

2154 5516 2277 5557 cum
2312 5505 2531 5560 initialia
2562 5507 2814 5562 versiculi
2842 5508 2999 5577 hujus
3026 5510 3214 5565 eadem
3249 5514 3377 5577 sint,
3410 5531 3531 5585 qua:
3561 5533 3756 5574 versus

2156 5598 2401 5664 proxime
2446 5598 2856 5668 subsequentis;
2918 5610 3078 5673 atque
3123 5605 3250 5660 item
3306 5617 3575 5677 postrema
3632 5612 3755 5682 ejus

2157 5686 2341 5752 verba,
2373 5687 2481 5741 sint
2510 5689 2700 5745 eadem
2740 5692 2877 5760 ipsa,
2910 5709 3027 5763 qua:
3051 5710 3239 5751 versus
3270 5699 3579 5755 immediate
3608 5718 3755 5772 przeo

2155 5777 2399 5835 cedentis
2420 5792 2432 5843 ι
2463 5790 2647 5838 errore
2668 5782 2954 5841 admodum
2981 5785 3120 5846 incili
3144 5787 3341 5846 factum
3363 5804 3485 5849 esse
3510 5792 3746 5865 videtur)
