3950 6176
146 176 216 233 12‘.)
859 179 1198 242 EPISTOLA
1241 173 1613 238 BLANCHINI
1652 172 2172 250 AD,:EPISCOPUM
2213 177 2659 238 GURCENSEM.

149 305 188 348 ιιι
205 296 280 348 ista
302 309 334 349 e
368 306 604 364 corpore
637 301 831 353 textus
855 295 970 368 jam
1001 299 1127 352 olim
1160 296 1480 361 exciderint,
1517 304 1622 350 tam
1662 295 1713 349 in
1743 299 1792 356 A

151 388 334 452 Graecis,
360 402 514 458 quam
543 385 603 442 in
636 387 859 444 Latinis
887 389 1282 460 exemplaribus
1313 388 1709 455 manuscriptis,

154 483 198 538 in
220 483 382 554 quibus
419 490 560 536 totus
592 497 798 538 versus
830 483 918 551 58,
957 483 1197 554 Vulgata:
1227 481 1478 536 editionis
1507 480 1574 534 ab
1601 480 1713 534 An-

158 579 345 649 tiquario
363 577 765 648 praetermissus
790 585 897 632 est.
927 575 1052 631 Haec
1083 575 1297 632 Millius.
1567 566 1598 570 ”
1646 563 1667 570 ”
1689 561 1706 570 ”

217 670 374 725 Matth.
400 685 520 741 cap.
563 685 605 732 1,
638 669 736 731 25,
770 668 1047 724 Veronen.
1079 666 1366 724 Corbeien.
1392 673 1448 722 et
1475 664 1712 720 Brixian.

153 773 299 818 etnon
324 763 552 835 cognovit
584 777 716 816 eam.
745 770 803 816 et
830 762 904 816 ita
937 760 994 816 8.
1043 761 1291 816 Ambros.
1331 759 1385 814 in
1413 758 1507 814 lib.
1539 758 1606 813 de
1631 757 1716 812 ln-

150 857 245 912 stit.
272 855 408 926 Virg.
443 870 566 926 cap.
608 855 665 921 5,
714 871 835 926 pag.
859 855 966 910 257
993 863 1048 910 et
1070 855 1202 919 258,
1245 868 1344 908 nee
1389 867 1496 907 non
1527 852 1579 906 in
1613 850 1720 906 Ex-

147 947 286 1019 posit.
314 947 597 1018 Evangelii
625 945 853 1002 second.
888 945 1019 1002 Luc.
1060 961 1180 1016 pag.
1209 945 1370 1012 1281,
1405 952 1459 1000 et
1489 943 1546 1000 8.
1581 943 1719 998 Gre-

141 1056 248 1112 gor.
275 1039 447 1110 Magn.
484 1040 536 1094 in
567 1039 660 1095 lib.
693 1055 810 1104 vni,
845 1054 964 1109 cap.
1015 1041 1068 1106 7,
1102 1038 1251 1094 Beati
1284 1039 1402 1094 Job.
1444 1053 1566 1108 pag.
1593 1035 1721 1091 286.

210 1133 391 1191 Matth.
421 1148 543 1203 cap.
580 1149 661 1199 ιιι,
694 1134 750 1200 5,
776 1132 1003 1199 Veron.,
1029 1133 1233 1186 semitas
1264 1131 1361 1186 Dei
1385 1131 1545 1187 nostri
1567 1140 1622 1186 et
1650 1130 1724 1185 ita

135 1227 188 1283 S.
219 1227 447 1282 heraeus
471 1226 522 1279 in
555 1225 650 1282 lib.
677 1241 760 1289 ιιι,
784 1234 972 1280 contra
1007 1224 1258 1280 llereses.

201 1319 382 1374 Matth.
413 1335 536 1390 cap.
566 1335 644 1386 tv,
681 1320 770 1385 15,
799 1320 996 1375 Veron.
1046 1329 1099 1374 et
1131 1319 1369 1373 Brixian.
1413 1318 1466 1372 in
1494 1316 1728 1384 Caphar-

133 1432 276 1468 naam
304 1414 638 1468 maritimam.
685 1422 737 1469 et
781 1413 850 1467 ita
882 1413 1008 1468 Itala
1051 1414 1251 1480 versio,
1294 1421 1432 1468 teste
1468 1411 1635 1467 Millio
1674 1411 1727 1466 in

130 1505 334 1576 Proleg.
362 1505 497 1560 Novi
521 1503 858 1559 Testamenti
884 1519 1005 1575 pag.
1032 1503 1094 1558 5|
1113 1545 1125 1557 .

194 1599 381 1654 Matth.
415 1614 540 1668 cap.
592 1614 764 1666 ιιι-ιι,
811 1598 862 1662 6,
894 1597 1118 1665 Veron.,
1162 1598 1216 1652 in
1259 1596 1514 1652 loculum.
1565 1605 1619 1652 et
1656 1597 1726 1652 ita

121 1691 178 1748 S.
213 1692 536 1746 Ambrosius
568 1692 620 1745 in
653 1691 850 1761 psalm.
884 1705 992 1756 ιιι,
1023 1706 1171 1746 num.
1213 1690 1300 1744 15.

190 1787 351 1842 Joan.
395 1801 523 1856 cap.
572 1801 647 1840 xu
675 1827 691 1850 ,
750 1785 812 1850 1,
859 1784 1157 1850 Veronen.,
1190 1793 1296 1839 erat
1343 1783 1600 1850 Lazarus,
1641 1784 1728 1854 qui

120 1881 218 1949 fuit
264 1890 519 1935 mortuus.
566 1877 809 1934 Brixian.
854 1889 961 1933 erat
991 1877 1240 1945 Lazarus,
1281 1879 1366 1950 qui
1397 1882 1565 1950 fuerat
1592 1893 1729 1931 mor-

120 1984 261 2028 tuus.
295 1973 540 2040 Graecus,
567 1970 835 2049 λάζαροςὸ
865 1973 1136 2040 τεθνηκὼς,
1166 1970 1419 2036 Lazarus,
1444 1973 1533 2036 qui
1555 1975 1728 2042 fuerat

127 2076 385 2122 mortuus.

199 2159 336 2214 Luc.
369 2175 483 2229 cap.
515 2175 574 2225 tt,
604 2159 659 2228 2,
704 2158 972 2216 Veronen.
995 2201 1010 2226 ,
1047 2158 1350 2216 Vercellen.
1378 2201 1394 2228 ,
1437 2158 1724 2215 Corbeien.

129 2263 182 2308 et
212 2252 334 2309 Gat.
365 2254 618 2310 secundis
656 2254 822 2320 curis,
868 2255 1139 2323 professio.
1173 2253 1373 2309 Millius
1423 2253 1474 2308 in
1510 2253 1723 2324 Proleg.

131 2360 250 2416 pag.
292 2347 384 2412 52,
429 2347 526 2411 ait,
560 2345 826 2416 profiteri,
858 2361 986 2411 non,
1030 2345 1273 2412 describi,
1305 2347 1466 2401 vertit
1505 2345 1730 2400 Latinus

134 2439 396 2509 interpres
446 2455 513 2496 ex
566 2439 790 2503 Graeco,
835 2438 1221 2512 ἀπογράφεσθαι
1264 2456 1276 2490 :
1345 2447 1392 2492 et
1455 2439 1727 2509 professio,

141 2534 399 2609 ἀπηρηὴ
427 2548 542 2588 ver.
591 2532 648 2598 2,
682 2545 850 2585 voces
875 2529 1016 2584 haud
1055 2530 1255 2599 vulgati
1293 2528 1403 2598 jam
1435 2543 1589 2594 usus,
1633 2526 1729 2583 sed

144 2640 323 2680 revera
371 2625 673 2692 censuales,
730 2632 788 2678 ut
827 2622 897 2677 ab
942 2621 1166 2678 eruditis
1197 2630 1463 2688 notatum,
1496 2631 1551 2678 et
1575 2620 1730 2692 quasi

150 2716 419 2773 techniete.
453 2718 521 2772 Et
544 2715 764 2788 quidem
795 2714 1109 2784 elegantius,
1164 2714 1336 2786 inquit
1376 2715 1624 2785 Boysius,
1675 2724 1732 2767 ut

149 2809 511 2879 proﬁterentur,
537 2823 720 2879 quam,
763 2817 818 2862 ut
854 2807 1276 2871 describerentur,
1302 2807 1404 2863 hoc
1432 2807 1730 2876 praesertim

149 2900 199 2956 in
232 2904 364 2968 loco,
395 2903 505 2968 ubi,
535 2905 595 2959 τὸ
633 2902 1048 2977 ἀπογράφεσθαι,
1076 2915 1183 2954 non
1216 2898 1282 2954 ad
1313 2914 1535 2954 censum
1566 2914 1732 2968 agen-

153 3000 245 3056 tes,
278 2993 369 3049 sed
395 2994 460 3049 ad
504 3009 637 3062 eos,
691 2995 781 3063 qui
809 3000 1123 3058 censentur,
1165 2990 1418 3068 refertur.
1460 2990 1568 3057 Sic,
1600 2992 1733 3046 ἀπο-

3312 185 3415 241 150

1890 296 2077 350 Matth.
2108 311 2227 367 cap.
2278 313 2390 362 xvt,
2429 299 2514 362 19,
2563 297 2862 368 Veronen.,
2892 299 3181 357 Corbeien.
3213 312 3268 357 et
3298 302 3414 358 Bri-

1818 390 1985 455 xian.,
2021 399 2069 443 et
2093 406 2490 462 quaecumque...
2519 402 2665 446 erunt
2695 395 2923 466 ligata...
2948 406 2994 450 et
3013 413 3411 468 qua'cumque...

1820 494 1967 538 erunt
1993 484 2183 551 soluta,
2207 494 2313 540 etc.
2335 494 2390 542 et
2413 486 2483 540 ita
2512 485 2571 542 S.
2597 488 2912 545 Ambrosius
2940 490 2991 544 in
3011 491 3104 546 lib.
3129 508 3165 557 ι,
3192 492 3259 548 de
3285 492 3410 548 Pte-

1822 577 2014 632 niteut.
2046 593 2162 647 cap.
2214 578 2266 643 7,
2303 592 2426 648 pag.
2469 577 2594 635 599.
2626 579 2850 637 Tertull.
2895 584 2948 636 in
2993 581 3087 637 lib.
3117 584 3184 640 de
3224 584 3410 641 Pudic.

1822 684 1941 739 cap.
1974 669 2065 734 2-1,
2100 669 2246 739 legit,
2299 670 2489 724 soluta.
2522 671 2582 728 8.
2614 670 2868 744 Cyprian.
2893 683 2939 728 et
2963 691 3144 746 quaz...
3175 688 3322 731 erunt
3353 679 3417 732 li-

1822 769 2009 831 gata...
2055 770 2098 814 et
2128 777 2524 832 quaecumque...
2576 774 2725 817 erunt
2756 765 2945 831 soluta,
2994 779 3100 823 etc.
3153 769 3417 826 Pacianus

1824 867 2036 921 quoque
2076 861 2262 906 contra
2297 853 2580 910 Tractatus
2606 853 3026 913 Novatianorttm
3070 859 3122 914 in
3169 861 3329 932 epist.
3359 863 3416 929 2,

1825 942 2006 1009 habet,
2040 943 2208 998 soluta
2232 954 2398 1001 erunt.

1897 1033 2090 1089 Matth.
2125 1050 2242 1106 cap.
2290 1053 2399 1104 xvt,
2431 1037 2524 1105 21,
2558 1039 2829 1097 Veronen.
2866 1050 2918 1097 et
2949 1042 3417 1100 San-Germancn.

1826 1127 2036 1200 abneget
2062 1145 2117 1184 se
2143 1129 2258 1183 sibi.
2282 1131 2338 1186 8.
2374 1129 2608 1187 lrenacus
2641 1133 2693 1188 in
2725 1134 2818 1190 lib.
2849 1151 2930 1201 ιιι,
2962 1143 3147 1191 contra
3177 1135 3422 1192 llmreses

1830 1228 1960 1274 tom.
2018 1235 2058 1288 ι,
2101 1236 2222 1293 pag.
2271 1221 2398 1288 210,
2427 1234 2575 1295 neget
2601 1242 2674 1279 se.
2705 1226 2763 1281 8.
2802 1226 3034 1282 llilarius
3060 1228 3112 1282 iu
3145 1244 3423 1284 commen-

1830 1321 1931 1368 tar.
1964 1314 2015 1368 in
2051 1315 2192 1370 hunc
2239 1314 2473 1371 Mattluei
2502 1319 2699 1383 locum,
2728 1320 2878 1390 juxta
2927 1332 3034 1377 tres
3060 1337 3190 1377 mss.
3237 1323 3418 1390 codd.,

1830 1410 2041 1478 abneget
2070 1407 2294 1478 seipsum
2324 1408 2441 1474 sibi,
2485 1421 2539 1464 et
2591 1411 2662 1466 ita
2690 1412 2747 1467 S.
2802 1413 3119 1470 Ambrosius
3164 1415 3216 1469 in
3247 1416 3421 1485 Epist.

1833 1513 1980 1562 mu,
2010 1499 2166 1568 prim.
2192 1500 2350 1555 class.
2383 1516 2504 1571 pag.
2541 1502 2700 1558 1040.
2724 1504 2780 1558 ln
2803 1505 2895 1559 lib.
2921 1516 3098 1561 autem
3129 1523 3186 1564 tt.
3210 1507 3276 1561 de
3303 1507 3426 1564 Ρω-

1831 1592 2024 1646 nilent.
2060 1607 2180 1662 cap.
2231 1609 2288 1660 χ,
2324 1610 2444 1666 pag.
2475 1595 2602 1663 457,
2649 1596 2830 1665 habet,
2861 1599 3070 1672 abneget
3100 1602 3428 1674 semetipsum

1757 1697 1806 1758 Β
1831 1682 1947 1737 sibi.

1903 1777 2091 1832 Matth.
2122 1793 2243 1850 cap.
2293 1796 2403 1847 ut,
2454 1781 2510 1850 9,
2546 1782 2846 1841 Vercellen.
2898 1784 3005 1842 Fili
3051 1787 3239 1842 David.
3271 1796 3323 1845 et
3355 1787 3428 1844 ita

1834 1866 1892 1922 S.
1918 1867 2177 1925 Ireuazus.

1904 1961 2093 2020 Matth.
2125 1977 2246 2035 cap.
2283 1981 2411 2027 χχιι,
2445 1967 2534 2034 10,
2569 1967 2876 2025 Vercellen.
2910 1981 2962 2026 et
2993 1971 3258 2028 Veronen.
3283 1983 3433 2045 quot-

1831 2063 1954 2123 quot
1983 2055 2304 2110 invenerunt.
2340 2066 2393 2112 et
2420 2059 2490 2113 ita
2519 2059 2577 2115 8.
2611 2061 2868 2130 lrenmus,
2899 2073 2953 2118 et
2980 2063 3193 2120 Lucifer
3222 2065 3434 2121 Calari-

1835 2157 1989 2203 tanus
2020 2149 2074 2203 in
2105 2149 2198 2205 lib.
2241 2167 2296 2217 ιι,
2327 2168 2424 2222 pro
2452 2152 2511 2209 8.
2554 2154 2872 2211 Athanasio.
2902 2156 3036 2213 Cod.
3069 2156 3232 2216 Corb.
3277 2177 3430 2232 quos-

1833 2259 2045 2314 cumque
2065 2245 2380 2300 invenerunt.

1908 2339 2094 2393 Matth.
2137 2354 2258 2410 cap.
2293 2357 2435 2407 χχιι,
2480 2344 2569 2412 50,
2613 2344 2919 2411 Veronen.,
2960 2345 3026 2402 In
3065 2351 3435 2407 resurrectione

1833 2443 2002 2486 autem
2028 2450 2190 2504 neque
2211 2437 2428 2505 nubunt,
2451 2454 2611 2506 neque
2632 2455 2818 2496 uxores
2841 2441 3052 2497 ducunt.
3084 2444 3316 2500 Sanetus
3339 2446 3435 2516 Cy-

1836 2526 2054 2595 prianus
2080 2544 2296 2600 quoque
2327 2545 2447 2601 pag.
2480 2530 2608 2598 209,
2643 2533 2820 2601 habet,
2853 2544 3044 2590 autem.
3085 2537 3142 2593 8.
3176 2537 3428 2595 Ambros.

1834 2615 1888 2673 in
1914 2619 2007 2674 lib.
2033 2636 2070 2686 ι,
2096 2620 2165 2676 de
2189 2621 2393 2693 Virgin.
2429 2639 2548 2694 cap.
2588 2626 2642 2694 8,
2670 2643 2790 2699 pag.
2827 2629 2949 2694 159,
2983 2631 3037 2684 in
3063 2633 3436 2688 resurrectione

1836 2719 2004 2766 autem
2027 2728 2186 2782 neque
2212 2715 2416 2783 nubent,
2445 2733 2606 2788 neque
2632 2734 2815 2774 uxores
2842 2721 3045 2776 ducent.
3081 2722 3138 2778 S.
3165 2723 3312 2780 cho
3334 2724 3435 2780 Ve-

1835 2807 2084 2861 ronensis
2111 2808 2162 2861 in
2194 2808 2288 2865 lib.
2321 2825 2336 2863 ι
2367 2809 2550 2868 Tract.
2606 2813 2640 2868 5
2669 2811 2734 2866 de
2770 2814 3139 2882 Continentia,
3189 2833 3310 2888 pag.
3341 2817 3434 2886 49,

1838 2913 1999 2968 neque
2028 2899 2248 2953 nubunt.
2275 2901 2494 2956 Grtccus
2525 2914 2723 2972 textus,
2750 2924 2852 2960 non
2887 2910 3103 2963 nubunt.

1910 2987 2069 3044 Joan.
2102 3005 2221 3059 cap.
2269 3008 2383 3056 xm,
2420 2994 2509 3060 18,
2537 2995 2737 3050 Veron.
2772 3008 2825 3052 et
2856 2999 3121 3068 Brittium,
3151 3019 3306 3072 super
3334 3020 3437 3058 me.

149 3095 326 3162 γραφή,
354 3103 465 3158 eos,
498 3088 591 3159 qui
644 3094 958 3154 censentur,
1008 3085 1335 3156 respiciens,
1381 3093 1465 3139 est
1492 3083 1731 3154 proprie,
1762 3089 1807 3151 ρ
1841 3092 1894 3136 et
1915 3079 1985 3136 ita
2009 3083 2067 3136 8.
2100 3082 2418 3140 Ambrosius
2443 3087 2493 3140 in
2526 3087 2716 3142 Enarr.
2751 3089 2802 3144 in
2837 3093 2973 3160 psal.
3006 3109 3095 3159 ιιι,
3127 3110 3180 3164 p.
3209 3094 3335 3152 876.

152 3184 408 3252 professio.

217 3275 345 3331 an.
368 3291 484 3348 cap.
524 3291 578 3342 v,
618 3273 718 3338 14.
747 3273 951 3329 Veron.
973 3314 986 3338 ,
1013 3271 1170 3340 offers
1199 3287 1399 3326 munus.
1447 3268 1736 3326 Tertullia-

149 3386 242 3425 nus
280 3387 395 3444 pag.
441 3371 586 3438 420,
637 3368 768 3438 offer
812 3365 1014 3423 ntunus.
1063 3368 1121 3424 8.
1173 3365 1502 3437 Augustinus
1549 3365 1602 3419 in
1636 3364 1731 3419 lib.

150 3479 198 3520 γι
223 3474 404 3520 contra
433 3465 716 3528 Faustum,
749 3463 904 3518 Tom.
935 3477 1050 3530 vm,
1080 3476 1200 3532 pag.
1237 3459 1364 3528 206,
1395 3457 1525 3526 offer
1554 3474 1737 3512 munus

151 3565 304 3612 lauat.

218 3651 400 3707 Matth.
433 3667 556 3722 cap.
590 3665 626 3704 ν
650 3693 666 3717 ,
715 3650 821 3716 11,
860 3647 1062 3704 Veron.
1105 3656 1160 3703 et
1205 3646 1440 3701 Brixian.
1488 3645 1651 3700 eritis.
1683 3653 1739 3699 et

149 3741 213 3796 ita
239 3740 466 3798 Tertull.
517 3758 639 3812 pag.
670 3739 773 3797 144
802 3748 857 3796 et
883 3739 1012 3805 494,
1057 3737 1116 3794 8.
1165 3737 1420 3808 Cyprian.
1458 3736 1510 3790 in
1563 3735 1734 3805 Epist.

150 3833 231 3896 26.
258 3852 376 3907 pag.
410 3834 502 3900 84,
532 3843 588 3890 et
616 3833 784 3890 Hilar.
815 3833 964 3889 Diae.
997 3833 1050 3888 in
1085 3829 1492 3886 commentariis
1520 3829 1574 3883 in
1604 3828 1741 3883 Pau-

149 3925 275 3994 lum,
297 3929 398 3984 sub
421 3927 694 3983 Ambrosii
720 3925 938 3982 nomine
961 3924 1212 3995 vulgatis,
1252 3923 1429 3994 Epist.
1459 3921 1513 3988 5,
1536 3919 1603 3975 ad
1625 3919 1736 3975 Ro-

158 4037 292 4076 man.
327 4038 441 4094 pag.
473 4023 566 4078 52.

219 4114 405 4169 Matth.
439 4130 561 4184 cap.
595 4128 649 4168 ν.
679 4112 770 4176 25,
801 4111 1070 4167 Veronen.
1102 4118 1158 4166 et
1187 4109 1416 4166 Vercell.
1448 4112 1656 4180 offeres.
1687 4116 1743 4164 et

155 4205 218 4259 ita
254 4207 498 4277 plerique
526 4219 660 4260 mss.
706 4203 830 4258 libri
860 4204 916 4258 S.
949 4202 1234 4274 Augustini
1262 4202 1318 4256 in
1346 4200 1626 4257 Enchirid.
1673 4200 1742 4256 de

159 4297 313 4367 Fide,
338 4301 477 4372 Spe,
506 4309 562 4355 et
593 4297 870 4354 Charitate
890 4339 906 4362 ,
939 4306 994 4354 et
1024 4297 1077 4352 in
1107 4296 1201 4352 lib.
1234 4312 1324 4351 xxi
1382 4295 1450 4351 de
1515 4295 1744 4352 Civitate
1777 4367 1787 4375 .

157 4388 263 4447 Dei.

1908 3173 2065 3230 Joan.
2115 3191 2236 3245 cap.
2289 3193 2397 3244 xvt,
2436 3177 2492 3244 9,
2527 3179 2722 3235 Veron.
2771 3191 2826 3237 et
2851 3182 3166 3253 Corbeien.,
3197 3204 3299 3242 non
3328 3204 3439 3242 cre-

1835 3266 1984 3321 dunt.
2015 3267 2241 3334 Quidam
2285 3285 2417 3325 mss.
2453 3271 2573 3327 libri
2605 3273 2657 3327 in
2688 3272 2801 3329 div.
2833 3275 3152 3335 Bibliothec.
3205 3278 3264 3336 S.
3301 3280 3429 3336 llic-

1837 3364 2049 3431 ronyml
2081 3359 2303 3426 habent,
2329 3378 2430 3417 non
2458 3365 2683 3419 credent.

1911 3452 2068 3508 Joan.
2117 3469 2236 3522 cap.
2287 3471 2395 3522 xvi,
2459 3455 2544 3523 12,
2609 3457 2990 3517 in.Veronen.
3038 3470 3158 3532 post
3187 3463 3437 3533 verbum,

1839 3547 2069 3617 potestis,
2102 3546 2336 3612 additur,
2390 3565 2468 3614 ca,
2501 3548 2552 3603 in
2582 3548 2913 3608 Vercellensi
2968 3565 3167 3623 autem,
3198 3556 3314 3612 illa.
3368 3557 3441 3613 Et

1840 3636 1912 3690 ita
1939 3637 1989 3692 in
2022 3638 2080 3693 S.
2133 3640 2404 3696 Ambrosii
2453 3640 2546 3696 lib.
2581 3658 2660 3708 ιιι,
2707 3643 2774 3700 de
2800 3646 2960 3717 ,Spir.
3003 3646 3163 3704 Sane.
3196 3665 3316 3721 cap.
3347 3651 3436 3717 11,

1842 3743 1966 3800 pag.
1997 3729 2125 3786 687.

1913 3821 2044 3878 Luc.
2075 3838 2196 3893 cap.
2228 3839 2264 3890 ι,
2294 3824 2384 3893 59,
2421 3825 2642 3894 Veron.,
2696 3825 2857 3884 Corb.
2889 3837 2943 3886 et
2989 3831 3162 3900 Brix.,
3214 3832 3437 3906 Ινάιιάε,

1841 3913 1990 3969 etita
2019 3915 2078 3970 S.
2107 3914 2428 3972 Ambrosius
2479 3919 2530 3974 in
2565 3919 2654 3976 lib.
2711 3936 2792 3989 ιιι,
2838 3922 3082 3994 Exposit.
3115 3925 3320 4000 Evang.
3349 3945 3439 3986 se-

1844 4006 2006 4061 cund.
2045 4006 2176 4062 Luc.
2203 4024 2258 4079 p.
2290 4010 2453 4066 1515.

1917 4097 2050 4154 Luc.
2073 4115 2192 4170 cap.
2227 4117 2286 4169 ιι,
2315 4101 2405 4168 57,
2429 4101 2702 4161 Veronen.
2733 4116 2783 4162 et
2811 4106 3138 4176 Vercellen.,
3173 4129 3440 4171 annorum

1846 4205 2059 4256 Lxxnv;
2108 4191 2168 4248 8.
2198 4193 2521 4249 Ambrosius
2551 4196 2604 4250 in
2651 4197 2789 4253 libro
2817 4200 2976 4256 unico
3005 4201 3075 4258 de
3105 4202 3286 4260 Viduis
3317 4221 3436 4276 cap.

1847 4284 1902 4353 ι,
1935 4301 1986 4354 p.
2035 4285 2161 4353 191,
2189 4288 2447 4359 octoginta
2471 4297 2517 4342 et
2543 4299 2762 4360 quatuor
2784 4307 3054 4362 annorum,
3085 4303 3138 4350 et
3177 4295 3232 4350 in
3267 4295 3436 4368 Epist.

1847 4379 2007 4436 class.
2032 4397 2071 4448 ι,
2107 4397 2158 4450 p.
2189 4380 2314 4449 968,
2349 4399 2602 4439 annorum
2628 4387 2886 4458 octoginta
2912 4399 3152 4458 quatuor.

225 4484 402 4540 Matth,
454 4498 578 4554 cap.
630 4497 746 4548 νιιι,
797 4481 886 4549 12,
921 4481 1122 4538 Veron.
1155 4479 1458 4536 Vercellen.
1506 4487 1562 4535 et
1604 4479 1736 4536 San-
1767 4476 1818 4536 D
1917 4474 2047 4531 Luc.
2081 4490 2199 4546 cap.
2233 4492 2312 4543 ut,
2346 4475 2398 4542 1,
2433 4477 2630 4534 Veron.
2666 4488 2720 4534 et
2745 4479 3006 4551 Vercell.,
3031 4481 3254 4554 Judtete,
3283 4493 3338 4541 et
3367 4487 3440 4542 ita

166 4573 492 4642 Gcrmanen.,
517 4577 684 4630 ibunt.
714 4584 769 4630 et
794 4574 864 4629 ita
894 4574 952 4631 8.
979 4573 1213 4630 lrenams
1237 4573 1293 4628 in
1321 4573 1414 4628 lib.
1445 4588 1519 4640 tv,
1550 4583 1740 4628 contra

171 4664 394 4724 llazreses
423 4679 555 4724 tom.
582 4683 624 4736 ι,
653 4684 773 4739 pag.
801 4667 929 4724 281.
968 4667 1027 4724 8.
1057 4667 1358 4738 Cyprianus
1406 4681 1535 4722 vero
1565 4665 1618 4720 in
1643 4666 1740 4722 lib.

174 4773 189 4813 ι
238 4761 479 4817 adversus
508 4761 728 4817 Judaeos
755 4760 821 4816 ad
851 4760 1132 4830 Quirinum
1164 4775 1284 4831 cap.
1328 4761 1419 4828 25,
1454 4775 1576 4832 pag.
1604 4760 1742 4827 548,

175 4849 337 4916 habet,
364 4855 601 4910 exibunt.

237 4944 410 4999 Matlh.
433 4961 556 5015 cap.
583 4959 686 5012 xu,
716 4945 769 5011 7,
791 4941 995 4999 Veron.
1019 4941 1306 4999 Corbeien.
1336 4950 1392 4999 et
1419 4941 1568 4998 Brix.
1593 4960 1747 5014 quam

179 5038 484 5107 sacriﬁcium,
516 5048 572 5094 et
602 5040 674 5093 ita
699 5037 863 5109 aliqui
889 5051 1022 5092 mss.
1068 5036 1190 5092 libri
1223 5036 1283 5093 S.
1326 5035 1515 5092 lrenati
1546 5035 1640 5092 lib.
1670 5052 1746 5106 tv,

180 5142 341 5185 contra
373 5131 639 5188 Haereses.
1265 5134 1270 5140 ’

238 5221 412 5278 Matth.
445 5239 562 5295 cap.
596 5239 688 5291 xv,
729 5221 823 5288 26,
854 5221 1058 5278 Veron.
1105 5230 1161 5277 et
1201 5219 1504 5278 Vercellen.
1553 5233 1600 5277 et
1628 5221 1754 5277 dare

179 5316 397 5384 canibus,
424 5326 477 5372 et
505 5317 575 5370 ita
602 5316 662 5370 S.
695 5313 863 5370 ﬂilar.
897 5314 952 5368 in
981 5321 1274 5370 comment.
1309 5314 1362 5368 in
1392 5314 1536 5369 hunc
1564 5314 1753 5369 Matth.

180 5407 369 5475 locum,
417 5419 473 5467 et
513 5407 724 5465 Tertul.
765 5407 1027 5465 adversus
1070 5400 1400 5467 Marcionem
1440 5408 1494 5464 in
1537 5409 1630 5465 lib.
1681 5425 1754 5476 ιν,

179 5515 284 5573 cap.
315 5504 369 5557 7.

1850 4579 2003 4625 vetus
2023 4570 2310 4641 interpres,
2342 4578 2480 4628 teste
2504 4573 2671 4629 Millio
2693 4574 2744 4628 in
2769 4573 3004 4644 Proleg.,
3029 4591 3084 4647 p.
3104 4578 3194 4634 52.

1924 4663 2056 4718 Luc.
2087 4679 2207 4734 cap.
2242 4681 2295 4732 v,
2339 4665 2428 4720 10.
2467 4664 2666 4722 Veron.
2696 4666 3002 4724 Vercellen.
3053 4679 3108 4725 et
3149 4669 3435 4731 Corbeien.

1853 4758 2139 4828 viviﬁcans,
2185 4766 2241 4814 et
2279 4757 2351 4812 ita
2382 4758 2438 4815 S.
2474 4759 2794 4818 Ambrosius
2838 4762 2892 4818 in
2936 4763 3032 4819 lib.
3080 4781 3150 4834 vr,
3186 4765 3442 4825 llexaem.

1854 4866 1978 4923 cap.
2008 4851 2062 4917 8,
2091 4867 2145 4922 p.
2176 4851 2296 4906 155.
2386 4841 2388 4844 ’

1929 4944 2060 5000 Luc.
2089 4958 2210 5014 cap.
2241 4959 2336 5012 vu,
2375 4942 2467 5012 42,
2508 4943 2734 5013 Veron.,
2767 4945 3096 5017 Vercellen.,
3137 4949 3448 5022 Corbeien.,

1857 5037 2002 5106 Gat.,
2036 5036 2163 5094 Mm.
2192 5045 2247 5093 et
2275 5036 2538 5105 Brixian.,
2569 5055 2600 5092 a
2628 5048 2774 5096 uento
2802 5043 3033 5097 moveri?
3057 5041 3210 5100 Unus
3240 5043 3455 5101 Vatica—

1858 5146 1982 5198 nus,
2014 5138 2070 5187 et
2095 5130 2202 5188 duo
2241 5131 2444 5203 reginae
2479 5131 2775 5190 Succorum
2821 5151 2951 5192 mss.
2991 5136 3207 5193 codices
3251 5136 3305 5191 in
3336 5136 3451 5192 div.

1860 5221 1999 5280 Bibl.
2029 5221 2085 5280 8.
2111 5223 2445 5295 Hieronymi,
2476 5235 2623 5280 vento
2648 5228 2882 5283 moveri?

1933 5314 2065 5370 Luc.
2098 5330 2218 5386 cap.
2245 5331 2352 5381 1m,
2385 5315 2439 5381 6,
2477 5315 2676 5375 Veron.
2706 5326 2762 5373 et
2793 5316 3083 5388 Corbeien,
3120 5321 3295 5390 accipe
3324 5321 3460 5376 litte-
3538 5366 3540 5368 τ

1861 5417 2098 5475 rustuas,
2131 5416 2185 5462 et
2213 5407 2284 5462 ita
2321 5406 2379 5465 S.
2410 5406 2743 5464 Gaudentius
2773 5411 2825 5464 in
2857 5409 3033 5466 Serm.
3061 5427 3210 5478 xvut,
3239 5427 3295 5481 p.
3330 5412 3457 5466 202.

1938 5499 2100 5554 Marc.
2130 5513 2251 5569 cap.
2279 5514 2360 5564 ιιι,
2391 5497 2486 5566 27,
2515 5499 2740 5566 Veron.,
2775 5500 2898 5555 Mm.
2944 5508 2998 5554 et
3041 5501 3306 5562 Brixiam,
3338 5499 3461 5554 alli-

236 5599 416 5655 Matth.
469 5614 570 5670 cap
633 5613 725 5664 xv,
757 5595 848 5663 52,
882 5594 1152 5653 Veronen.
1201 5606 1258 5655 et
1291 5595 1545 5664 Vercell.,
1578 5605 1624 5653 et
1659 5613 1758 5653 non
1867 5594 2079 5665 gaverit,
2120 5601 2172 5648 et
2216 5594 2284 5647 ita
2314 5593 2373 5649 S.
2407 5593 2723 5650 Ambrosius
2754 5593 2808 5646 in
2839 5591 3081 5660 Exposit.
3119 5591 3319 5662 Evang.
3351 5606 3460 5649 sec.

179 5691 340 5747 habent
363 5708 553 5760 escam,
584 5699 642 5749 et
671 5691 746 5746 ita
769 5690 826 5746 S.
861 5686 1200 5748 Ambrosius.

1870 5686 2004 5744 Luc.
2031 5685 2218 5756 lib.-tt,
2247 5703 2298 5756 ιι.
2331 5687 2490 5743 1507.
