3950 6176
179 202 261 269 is;
866 180 1201 262 EPISTOLA
1240 182 1609 261 amantum
1647 200 1739 260 an
1777 201 2162 260 EPISCOPUM
2202 202 2648 261 GURGENSEM.
3300 192 3401 259 ist

231 328 349 389 Luc.
373 339 483 396 cap.
506 340 595 385 vn.
624 322 719 388 44,
753 323 804 381 in
837 321 1030 381 Veron.
1081 331 1134 381 et
1163 322 1381 379 Brixan.
1429 329 1569 392 post,
1623 321 1701 376 la-
1733 326 1782 385 Λ
1812 330 1863 375 et
1893 320 2035 375 Brix.
2065 328 2189 375 ante
2208 318 2369 381 Deus,
2400 319 2570 385 deest,
2602 334 2707 384 eos,
2739 324 2794 374 et
2824 317 2893 373 ita
2927 316 2976 373 in
3001 315 3124 388 Syr.
3155 324 3210 371 et
3238 315 3397 371 Pers.

170 422 359 493 rrymis,
397 419 606 479 additur,
652 418 782 482 suis,
830 427 884 472 et
915 418 982 475 ita
1015 419 1069 472 in
1094 416 1168 473 ‘S.
1194 415 1486 485 Ambrosii
1534 414 1706 485 Epist.
1884 415 2073 469 Matth.
2106 429 2225 483 cap.
2254 431 2330 479 γι,
2362 415 2451 479 13,
2482 414 2682 470 Veron.
2708 412 3013 481 Vercellen.
3034 424 3084 468 et
3107 410 3398 467 Corbeien.

171 517 236 573 -12
259 515 400 572 class.
432 514 476 578 l,
504 528 555 584 p.
583 511 714 568 919.
1812 509 2087 575 omittunt,
2133 507 2319 574 Amen,
2366 516 2419 563 et
2469 507 2539 562 ita
2577 518 2731 562 vetus
2758 505 2895 563 liber
2921 504 3402 574 Cantabrigiensis,

238 607 349 660 Luc.
392 619 498 673 cap.
543 619 677 669 χχιι,
713 601 763 667 6,
795 602 849 659 in
877 600 1078 660 Veron.
1109 610 1164 658 et
1191 600 1423 658 Vindob.
1473 600 1710 668 additur,
1812 602 2013 673 aliique
2040 600 2388 672 quamplures
2415 599 2613 665 Grmci,
2642 610 2695 655 et
2720 599 2918 666 Latini,
2942 598 3100 653 codd.
3134 599 3242 653 duo
3269 611 3403 653 mss.

172 700 254 763 eis,
282 697 326 752 in
344 694 612 755 Corbeien.
663 703 717 751 et
763 694 908 753 Brix.
949 696 1075 753 illis.
1110 694 1490 757 Addinientum
1532 701 1619 750 est
1645 706 1714 748 ex
1814 694 1867 750 in
1900 693 2008 750 div.
2038 692 2177 749 Bibl.
2207 692 2268 751 8.
2300 693 2543 760 Ηίειιοιι.,
2573 691 2959 758 Tertullianus,
2989 690 3048 747 8.
3080 688 3403 762 Cyprianus,

172 791 329 855 Matth.
353 806 461 863 cap.
484 806 577 856 χιι,
608 790 697 845 '58.
1815 785 1871 843 S.
1903 785 2189 859 Augustin.
2223 796 2279 842 et
2314 785 2493 843 versio
2536 785 2757 857 Syriaca
2801 802 2815 838 :
2861 799 3032 855 eaque
3080 800 3181 839 vox
3226 783 3408 838 addita

227 887 340 939 an.
384 896 497 952 cap.
542 897 658 947 χιιι,
694 879 782 945 10,
810 878 1015 937 Veron.
1056 880 1110 935 in
1156 897 1261 936 una
1308 892 1710 952 synagogarum.
1814 881 2031 937 videtur
2059 882 2127 936 ab
2155 881 2350 947 altera,
2381 896 2539 952 quam
2570 893 2601 934 a
2644 878 2879 934 Matthaii
2913 894 3094 944 manu,
3126 887 3408 948 postquam

171 974 337 1040 Verba,
383 976 431 1029 in
471 990 573 1029 una
599 989 978 1045 ryuagogarum
1004 972 1417 1044 explicationem
1449 969 1717 1040 margina-
1817 975 1869 1030 in
1922 974 2184 1046 liturgicis
2227 973 2476 1044 precibus
2522 971 2578 1027 in
2629 970 2736 1031 [ine
2786 969 3079 1026 Dominica:
3128 968 3406 1024 Orationis

167 1069 252 1125 lem
280 1075 414 1138 putat
455 1065 655 1122 Millius
685 1081 703 1121 :
732 1065 828 1125 sed
860 1065 912 1120 id
938 1064 1072 1127 mihi
1100 1068 1278 1124 minus
1318 1062 1543 1128 arridet,
1590 1075 1717 1119 cum
1820 1069 2064 1137 usurpari
2091 1068 2274 1138 cmpit.
3350 1062 3410 1129 ,Α

166 1162 211 1217 in
248 1159 472 1219 omnibus
515 1159 725 1222 Gracis
772 1158 1049 1215 codicibus
1092 1158 1421 1230 reperiatur.
1473 1154 1714 1212 Brixian.
1892 1161 2081 1217 Matth.
2113 1176 2233 1231 cap.
2268 1175 2343 1227 γι,
2374 1159 2464 1215 54.
2495 1158 2551 1214 In
2590 1157 2787 1216 Veron.
2819 1166 2874 1214 et
2903 1155 3203 1213 νει-ωηιξη.
3233 1153 3412 1220 deest,

166 1255 423 1325 iucundam
448 1268 735 1325 synagoga.
1820 1271 1963 1328 ergo,
1990 1264 2046 1310 et
2076 1253 2229 1325 itajin
2260 1252 2318 1310 8.
2348 1251 2511 1325 Cypr.
2543 1267 2663 1324 pag.
2694 1251 2825 1319 221,
2856 1259 2913 1308 et
2955 1251 3009 1309 in
3036 1251 3095 1307 8.
3126 1249 3413 1321 Augustin.

223 1348 592 1416 Luctantur,
621 1346 716 1411 25,
748 1344 802 1399 in
830 1344 1056 1410 Veron.,
1078 1342 1364 1400 Corbeien.
1396 1348 1453 1397 el
1472 1337 1714 1398 Brixian-
1822 1346 1917 1403 lib.
1941 1362 1998 1413 ιι,
2017 1345 2085 1400 de
2106 1345 2283 1402 Serm.
2306 1345 2461 1400 Dom.
2488 1343 2541 1399 in
2563 1352 2746 1400 monte
2770 1353 2900 1399 tom.
2920 1359 2980 1407 ιι,
2999 1351 3132 1413 part.
3150 1357 3268 1412 ιι,ιι.
3283 1339 3414 1395 222.

165 1449 267 1498 ante
308 1457 476 1511 rapes,
528 1440 767 1506 additur,
816 1438 974 1494 circa.
1030 1447 1087 1494 et
1133 1438 1205 1493 ita
1254 1438 1306 1492 in
1357 1434 1419 1492 8.
1465 1432 1718 1490 Ambros.

1898 1438 2089 1496 Matth.
2119 1455 2239 1512 cap.
2270 1455 2364 1505 vn,
2391 1438 2483 1507 27,
2519 1439 2570 1494 in
2595 1438 2796 1495 Veron.
2818 1446 2874 1495 et
2894 1430 3215 1493 San-Germ.
3239 1435 3415 1501 deest,

166 1533 327 1593 Euan.
357 1535 405 1592 in
436 1534 571 1604 psal.
605 1549 700 1600 χι,
728 1547 850 1604 pag.
883 1531 1011 1588 877.
1826 1543 1906 1599 et,
1936 1533 2134 1603 primo,
2166 1532 2425 1598 secundo,
2447 1540 2505 1588 et
2529 1533 2687 1588 tertio
2716 1531 2858 1597 loco,
2903 1541 2958 1587 et
2986 1530 3064 1586 ita
3086 1530 3139 1587 in
3161 1530 3220 1587 8.
3251 1529 3413 1601 Cypr.

221 1626 331 1685 Luc-
368 1642 483 1696 cnp-
519 1642 634 1692 m.
672 1626 729 1692 9.
775 1634 919 1696 post.
951 1621 1306 1688 tabernacula.
1335 1620 1572 1686 additur.
1602 1633 1719 1685 sua.
1897 1626 2088 1683 Μιιιιιι.
2129 1639 2248 1697 cap.
2292 1642 2368 1693 ιχ,
2404 1625 2494 1693 is,
2523 1626 2574 1680 in
2609 1623 2807 1680 Veron.
2841 1624 3015 1690 deest,
3059 1623 3216 1687 enim,
3245 1631 3301 1677 et
3345 1621 3449 1675 ita

161 1720 204 1781 in
232 1719 409 1779 Veron.
439 1727 492 1774 et
531 1719 604 1777 ita
658 1718 711 1777 in
762 1717 822 1777 S.
858 1715 1127 1789 Ambrosii
1176 1715 1271 1771 lib.
1324 1729 1381 1768 ιιι
1427 1712 1495 1770 de
1560 1709 1717 1769 Ofﬁc.

1855 1735 1880 1774 ιι
1912 1719 1972 1775 8.
2005 1718 2277 1775 Ambrosii
2326 1719 2419 1775 lib.
2468 1734 2487 1774 ι
2531 1718 2598 1775 de
2642 1718 2938 1775 Ptenitent.
2987 1730 3105 1788 cap.
3158 1717 3247 1782 12,
3292 1730 3415 1788 pag.

162 1811 363 1875 Ministr.
404 1827 523 1880 cap.
556 1811 656 1878 22,
686 1826 806 1882 pag.
839 1809 964 1874 MO,
990 1818 1044 1864 et
1072 1810 1124 1864 in
1156 1808 1249 1865 lib.
1303 1823 1321 1863 ι
1352 1805 1423 1865 de
1449 1802 1721 1869 Abraham
1824 1811 1954 1878 405,
1984 1822 2038 1867 ει
2059 1813 2112 1867 in
2143 1814 2385 1884 Ειροεει,
2421 1812 2613 1883 ρεοιηιι
2642 1827 2828 1877 cum,
2856 1826 2976 1883 pag,
3009 1810 3167 1866 “0|,

160 1921 261 1975 mp.
290 1907 338 1974 5,
366 1921 481 1977 pag.
507 1904 642 1963 295.
1901 1904 2088 1960 Matth.
2139 1918 2260 1976 cap.
2302 1921 2378 1971 ιιι,
2431 1904 2519 1969 18,
2571 1904 2623 1958 in
2678 1903 2949 1959 Veronen.
3000 1910 3057 1958 ct
3119 1899 3418 1956 Vercellen.

218 1999 333 2056 Luc.
375 2015 491 2070 cap.
536 2015 659 2063 γιιι,
691 1999 780 2066 15,
810 1997 1013 2057 Veron.
1043 2006 1096 2053 et
1121 1995 1286 2053 Corb.
1336 1993 1562 2058 addunt,
1615 1990 1727 2050 Bo-
1825 1997 2010 2061 deest,
2042 1995 2281 2063 Domine,
2310 2006 2363 2051 et
2391 1997 2463 2051 ita
2494 1996 2546 2050 in
2579 1994 2848 2066 aliquibus
2896 1993 3097 2063 reginae
3124 1992 3423 2048 Succorum

162 2091 296 2158 uane,
326 2098 378 2146 et
403 2091 469 2145 ita
511 2090 572 2147 8.
608 2089 866 2146 Ambros.
916 2089 971 2147 in
1014 2088 1110 2146 lib.
1169 2104 1186 2143 ι
1228 2086 1296 2144 de
1330 2084 1464 2144 Cain
1490 2092 1546 2141 et
1586 2082 1726 2141 Abel
1829 2105 1958 2146 mss.
2011 2088 2162 2144 libris
2187 2089 2371 2144 relatis
2394 2088 2448 2143 in
2478 2088 2657 2143 divina
2704 2086 2958 2142 Bibliotb.
2992 2086 3050 2142 S.
3088 2084 3422 2158 Hieronymi.

160 2196 263 2253 cap.
295 2184 338 2247 9,
369 2200 418 2254 p.
451 2183 576 2241 I99.

1900 2183 2090 2239 Matth.
2136 2198 2254 2254 cap.
2290 2199 2371 2249 χι,
2405 2182 2496 2248 10,
2530 2184 2583 2238 in
2609 2181 2811 2238 Veron.
2846 2180 3152 2238 Vercellen.
3184 2188 3242 2236 et
3285 2176 3423 2236 San-

218 2274 362 2330 Marc.
392 2290 508 2346 cap.
538 2290 581 2341 ι,
615 2272 710 2333 24.
744 2272 945 2333 Veron.
968 2270 1287 2336 Corbeien.,
1321 2270 1450 2332 Mm.
1500 2275 1553 2325 et
1601 2265 1723 2325 Bri-
1828 2274 2155 2331 Germanen.
2186 2274 2361 2340 deest,
2384 2275 2539 2339 enim,
2571 2283 2626 2330 et
2652 2274 2728 2329 ita
2758 2275 2808 2329 in
2840 2273 3041 2331 Sancto
3064 2273 3378 2329 Ambrosio.

162 2366 304 2435 xian.,
349 2370 450 2424 scio
478 2378 543 2435 te,
575 2375 715 2433 etc,
757 2375 814 2429 et
857 2367 928 2425 ita
976 2365 1034 2423 8.
1082 2364 1400 2423 Ambrosius
1444 2364 1500 2421 in
1548 2360 1722 2429 Epist.

1903 2368 2092 2424 Matth.
2143 2383 2261 2439 cap.
2314 2383 2431 2435 xm,
2480 2367 2571 2432 37,
2621 2368 2910 2433 omittitur,
2959 2366 3088 2433 illis,
3138 2369 3190 2421 in
3220 2366 3421 2422 Veron.

164 2460 296 2519 class.
327 2463 371 2525 l,
402 2476 525 2534 pag.
555 2460 691 2519 880.
1616 2449 1631 2459 ”
1829 2462 2135 2518 Vercellen.
2168 2470 2224 2517 et
2269 2459 2560 2517 Corbeien.
2604 2470 2661 2516 et
2706 2461 2779 2516 ita
2828 2460 2880 2515 in
2927 2460 3134 2517 Graecis
3186 2460 3428 2516 melioris

224 2552 384 2607 Matth.
417 2568 537 2623 cap.
585 2568 631 2620 ι,
667 2550 761 2619 25,
800 2550 854 2609 in
895 2548 1095 2609 Veron.
1148 2556 1202 2609 et
1250 2548 1302 2605 in
1352 2544 1725 2605 San-Germa-
1832 2567 1995 2623 notar,
2028 2565 2083 2612 et
2129 2557 2180 2611 in
2213 2556 2420 2613 Latinis
2452 2572 2584 2614 mss.
2619 2557 2766 2635 regio
2799 2555 3069 2613 Vaticanis
3099 2554 3295 2611 divinae
3338 2554 3428 2610 Bi-

167 2662 267 2702 nen.
290 2646 471 2703 desunt
496 2647 693 2713 verba,
717 2661 869 2702 suum
891 2643 1310 2717 primogenitum,
1339 2651 1399 2696 ut
1427 2641 1480 2695 in
1506 2638 1567 2698 S.
1597 2638 1727 2693 Am-
1831 2649 2113 2705 bliotheca:
2142 2649 2202 2705 S.
2233 2649 2569 2722 Hieronymi.

163 2737 281 2794 bros.
304 2749 354 2796 et
380 2741 435 2797 S.
465 2740 703 2811 Gregor.
734 2739 950 2809 Magno.
1493 2825 1505 2827 Α
1555 2822 1559 2827 θ
1903 2741 2089 2796 Matth.
2130 2757 2248 2812 cap.
2279 2757 2392 2808 χνι,
2426 2742 2515 2809 11,
2564 2742 2616 2796 in
2656 2740 2781 2797 Ver.
2813 2750 2868 2796 et
2894 2739 3110 2797 Vercel.
3139 2738 3318 2805 deest,
3340 2753 3429 2794 vo-

220 2831 351 2888 Joan.
376 2848 493 2903 cap.
525 2849 627 2900 ru,
655 2832 749 2903 55,
779 2831 833 2886 in
864 2830 1067 2891 Veron.
1096 2837 1153 2885 et
1179 2829 1327 2887 Brix.
1354 2825 1721 2890 desideratur,
1830 2834 1929 2900 bis,
1952 2845 2000 2896 et
2023 2835 2093 2889 ita
2116 2835 2170 2889 in
2202 2834 2261 2891 S.
2290 2834 2543 2890 Ambros.
2574 2834 2668 2890 lib.
2700 2834 2806 2891 tdc
2837 2835 3087 2891 Patuitc
3109 2834 3194 2902 15,
3228 2835 3427 2905 ιι.111.

168 2933 213 2978 ιιι
236 2926 281 2980 in
304 2942 449 2996 quam
476 2925 731 2998 plurimis
761 2938 892 2980 mss.
930 2923 1232 2980 codicibus.
1903 2929 2092 2985 Matth.
2123 2945 2242 3001 cap.
2278 2945 2393 2995 χιχ,
2431 2929 2521 2995 29,
2550 2930 2603 2984 in
2629 2929 2829 2985 Veron.
2861 2929 3164 2984 Vercellen.
3210 2938 3263 2983 et
3297 2924 3430 2984 Cor-

220 3018 380 3075 llatth.
434 3036 556 3091 cap.
598 3020 668 3075 ἰιι
694 3061 710 3085 ,
772 3017 830 3084 4,
885 3018 1082 3074 Veron.
1134 3025 1192 3073 et
1255 3016 1722 3073 San-Germancn.
1772 3088 1795 3091 _
1832 3023 2013 3079 brien.
2059 3022 2234 3091 deest,
2266 3032 2355 3076 aut
2399 3038 2635 3087 umorem,
2686 3030 2741 3077 et
2785 3023 2857 3076 ita
2888 3022 2940 3075 in
2973 3020 3032 3077 8.
3061 3019 3330 3074 Ambrosii
3360 3018 3431 3075 de

162 3114 283 3169 rabo
306 3112 411 3180 Dei,
440 3088 516 3170 eti
538 3115 615 3169 ita
644 3113 705 3170 S.
732 3112 1053 3171 Ambrosius
1082 3114 1137 3171 in
1165 3111 1263 3169 lib.
1298 3127 1358 3166 ιιι
1408 3110 1476 3167 de
1518 3107 1722 3178 Virgin.

1866 3116 1990 3172 lﬂic.
2021 3088 2226 3173 Minist.
2268 3115 2359 3170 lib.
2394 3131 2453 3181 ιι,
2486 3130 2605 3186 cap.
2635 3115 2693 3181 2,
2725 3130 2847 3186 pag.
2878 3114 2968 3179 ’ἕ1,
3000 3122 3055 3168 et
3098 3115 3149 3167 in
3179 3111 3426 3184 Exposit.

160 3220 254 3276 cap.
278 3205 329 3273 4,
358 3223 470 3278 pag.
510 3207 641 3273 174,
673 3216 728 3275 et
760 3206 810 3265 in
838 3205 1011 3273 Epist.
1045 3205 1119 3265 65
1174 3205 1341 3274 prim.
1370 3202 1562 3266 61355.,
1603 3214 1720 3271 p38-

1115 3232 1119 3251 »
1174 3205 1341 3274 prim.
1370 3202 1562 3266 class,
1603 3214 1725 3271 pag.
1833 3208 1887 3262 in
1922 3209 2116 3278 psalm.
2150 3223 2338 3274 cxvnt,
2367 3223 2489 3279 pag.
2516 3205 2675 3263 1059.

163 3299 399 3365 1026,ιιεε
420 3316 532 3356 non
557 3298 720 3357 inlib.
749 3314 767 3353 ι
798 3297 864 3355 de
889 3296 1021 3355 Cain
1044 3295 1252 3367 ctlAbel
1279 3310 1400 3365 cap.
1434 3294 1491 3362 5,
1512 3306 1567 3362 ρ.
1601 3289 1727 3352 191-
1908 3300 2096 3355 Matth.
2127 3314 2251 3369 cap.
2278 3315 2372 3365 xx,
2402 3300 2457 3363 Δ,
2490 3298 2542 3353 in
2572 3297 2698 3354 Ver.
2748 3296 2922 3363 deest,
2951 3314 3143 3364 meam,
3173 3305 3229 3353 et
3273 3296 3343 3352 ita
3374 3296 3429 3353 in

219 3391 379 3447 Matth.
429 3407 560 3462 cap.
613 3407 688 3458 vr,
743 3390 847 3458 55,
902 3391 954 3445 in
1000 3387 1202 3447 Veron.
1259 3389 1438 3453 deest,
1479 3386 1726 3457 primum.
1834 3392 2044 3448 duobus
2077 3392 2275 3463 regina:
2303 3391 2463 3447 Suec.
2503 3406 2633 3445 mss.
2665 3389 2834 3445 divin.
2864 3389 2980 3446 Bib.
3011 3388 3069 3445 8.
3094 3388 3428 3461 Hieronymi.

160 3494 204 3539 et
224 3485 284 3540 ita
308 3488 356 3543 in
379 3486 435 3545 8.
467 3486 763 3545 Ambros:
790 3486 858 3543 de
885 3485 1017 3540 Cain
1045 3494 1102 3541 et
1128 3484 1408 3553 Abelicap.
1436 3483 1496 3549 4,
1517 3496 1571 3551 ιι.
1605 3479 1729 3549 188.
1907 3486 2095 3542 Matth.
2146 3501 2265 3556 cap.
2293 3501 2408 3547 χχι,
2444 3484 2533 3550 12,
2567 3483 2792 3550 Veron.,
2824 3484 2876 3537 in
2906 3483 3172 3552 templum,
3201 3484 3429 3549 omisso,

214 3576 379 3633 Matth.
425 3595 554 3650 cap.
606 3595 720 3645 vtu,
765 3578 858 3644 29,
903 3577 1170 3634 omittitur
1192 3576 1251 3632 in
1281 3576 1479 3631 Veron.
1511 3584 1565 3629 et
1595 3572 1732 3631 San-
1835 3576 1956 3647 Dei,
1993 3588 2047 3633 ct
2091 3578 2161 3633 ita
2208 3579 2404 3649 ubique
2455 3576 2661 3633 Novum
2708 3577 2948 3631 Testam.
2980 3618 2995 3642 ,
3046 3586 3101 3631 et
3142 3577 3429 3647 Origenes.

159 3666 474 3740 θεηηθιιεηη
520 3673 665 3737 huic.
713 3684 767 3727 el
795 3671 870 3727 ila
898 3671 948 3726 ίιι
983 3670 1042 3725 S-
1076 3669 1352 3725 Αηιδΐοείί
1380 3667 1733 3737 Ειροείιίοηθ
1908 3674 2098 3731 Matth.
2127 3689 2247 3743 cap.
2281 3689 2413 3739 χχιι,
2443 3673 2499 3737 2,
2549 3674 2600 3726 in
2637 3671 2761 3727 Ver.
2792 3669 2956 3726 Corb.
2984 3682 3038 3726 et
3080 3670 3228 3725 Brix.
3249 3669 3427 3736 deest,

160 3764 319 3831 psalmi
345 3781 540 3832 CXVIII,
571 3781 692 3837 pag.
727 3765 887 3831 1056,
916 3774 972 3821 et
999 3763 1052 3820 in
1078 3763 1442 3834 Expositione
1468 3760 1720 3831 Evangel.

1868 3778 2050 3846 actum,
2080 3772 2137 3823 et
2161 3766 2230 3821 ita
2253 3765 2305 3819 in
2321 3764 2379 3821 S.
2400 3762 2592 3818 Iren.l.
2622 3780 2670 3817 tv
2693 3772 2837 3817 cont.
2867 3762 3147 3846 "mntem.
3175 3778 3214 3827 ι,
3240 3761 3428 3832 p.179.

159 3857 510 3915 secuud.Luc.
546 3874 668 3929 pag.
703 3857 868 3914 1285.
1842 3848 1845 3853 “
1911 3842 2100 3916 Matth.
2168 3875 2290 3930 cap.
2362 3875 2513 3926 χχιι,
2586 3857 2681 3924 21,
2733 3856 2938 3914 Veron.
2987 3842 3293 3911 Vercellen.
3374 3864 3435 3914 et

212 3947 347 4004 Joan.
392 3967 518 4020 cap.
567 3966 679 4015 χχι,
726 3950 788 4017 ,7,
815 3949 989 4012 deest,
1042 3949 1224 4012 Petro,
1277 3949 1329 4003 in
1372 3946 1642 4003 Veronen.
1675 3952 1734 4000 et

1867 3955 2149 4022 iorbeien.,
2195 3954 2415 4025 reddite,
2462 3968 2598 4021 qua),
2644 3952 2867 4018 omisso,
2919 3966 3062 4023 ergo,
3093 3958 3147 4004 et
3196 3951 3265 4004 ita
3295 3950 3427 4006 Ter-

160 4039 218 4094 ita
239 4041 283 4094 in
303 4041 511 4099 duobus
538 4057 669 4096 mss.
702 4041 792 4096 lib.
822 4040 930 4098 div.
963 4040 1101 4097 Bibl.
1136 4042 1199 4097 8.
1224 4040 1572 4112 Hieronymi.

1867 4050 1960 4105 uli.
1984 4065 2104 4120 pag.
2134 4047 2226 4115 94,
2252 4047 2344 4113 97,
2368 4046 2496 4113 558,
2528 4046 2657 4110 559,
2685 4045 2814 4112 499,
2839 4043 2969 4112 5‘22,
3002 4051 3059 4100 et
3102 4043 3160 4100 S.
3195 4043 3427 4098 Ambro-

214 4133 351 4192 Joan-
379 4153 503 4208 cap.
534 4136 765 4202 330,15,
794 4136 979 4203 verba,
1014 4135 1135 4206 plus
1164 4136 1268 4201 his,
1302 4135 1631 4189 omittuntur
1677 4133 1735 4201 ill
1836 4142 1946 4197 sius
1977 4141 2032 4196 in
2056 4140 2226 4212 Epist.
2257 4140 2418 4195 class.
2452 4137 2644 4208 prim.,
2677 4151 2796 4207 pag.
2825 4128 3083 4202 813,'nec
3111 4150 3216 4190 non
3250 4135 3302 4189 in
3330 4133 3427 4190 lib.

164 4226 326 4285 Veron.
353 4230 659 4288 Vercellen.
689 4239 744 4286 et
772 4227 1065 4286 Corbeien.
1095 4236 1153 4286 et
1177 4228 1252 4283 ita
1290 4227 1341 4283 in
1388 4226 1573 4284 Sancti
1602 4224 1733 4280 Am-
1836 4232 1904 4289 de
1931 4233 2211 4289 Benedict,
2242 4231 2541 4287 Patriarcb.
2572 4243 2691 4298 cap.
2725 4227 2781 4295 8,
2817 4244 2938 4299 pag.
2969 4226 3097 4282 521.

160 4320 297 4379 brosii
319 4324 481 4397 Apol.
516 4324 686 4380 David
712 4338 834 4392 cap.
863 4324 918 4389 9,
952 4337 1073 4393 pag.
1109 4322 1238 4378 U92.
1911 4326 2099 4381 Matth.
2149 4338 2267 4395 cap.
2318 4338 2450 4391 χχιι,
2480 4321 2570 4378 30.
2604 4320 2805 4377 Veron.
2857 4328 2912 4377 et
2940 4321 3186 4376 Brixian.
3220 4317 3431 4392 Angeli,

218 4414 358 4473 Joan.
385 4433 510 4488 cap.
546 4432 664 4482 χχι,
699 4415 789 4481 15,
821 4414 1098 4471 Veronen.
1131 4424 1185 4469 et
1213 4412 1729 4483 Vercellen.utique,
1759 4485 1803 4491 _
1837 4418 2064 4485 omisso,
2095 4416 2213 4484 Dei,
2260 4429 2314 4474 ei
2342 4416 2413 4471 ita
2443 4415 2502 4473 S.
2535 4415 2680 4470 Zeno
2709 4413 3067 4491 Veronensis.
3236 4424 3241 4429 '

165 4501 363 4576 Domine,
394 4485 550 4567 et'ita
576 4509 636 4565 S.
669 4508 994 4566 Ambrosius
1019 4508 1079 4563 in
1112 4508 1232 4564 loco
1257 4507 1447 4563 citato.
1759 4485 1816 4546 Ῑ)
1910 4510 2099 4564 Matth.
2131 4525 2251 4580 cap.
2276 4524 2425 4577 χχιν,
2449 4507 2540 4572 21,
2574 4488 2750 4574 deest,
2781 4516 2919 4570 tunc,
2952 4506 3005 4561 in
3042 4505 3238 4563 Veron.
3279 4518 3333 4563 et
3363 4508 3437 4563 ita

218 4596 349 4657 Joan.
386 4618 510 4672 cap.
541 4617 663 4666 xxi,
698 4600 786 4663 16.
818 4598 1023 4656 Veron.
1076 4599 1302 4654 oviculas
1342 4615 1512 4665 meas,
1561 4609 1614 4654 et
1658 4599 1733 4654 ita
1840 4603 1891 4657 in
1922 4600 1982 4657 8.
2010 4601 2150 4657 Iren.
2184 4601 2277 4656 lib.
2309 4617 2362 4657 tv
2403 4608 2590 4656 contra
2618 4598 2870 4655 Haereses
2917 4609 3049 4653 tom.
3111 4615 3152 4665 t,
3196 4615 3248 4670 p.
3299 4599 3431 4656 274.

169 4687 533 4752 S.Ambrosins
564 4696 615 4750 in
645 4694 879 4767 Prologo
909 4693 1006 4750 lib.
1062 4710 1096 4747 ν
1136 4693 1203 4749 de
1244 4692 1377 4749 Fide
1409 4709 1465 4762 p.
1508 4693 1638 4748 551.
1671 4692 1729 4747 ιιι
1910 4694 2065 4749 Joan.
2109 4709 2228 4764 cap.
2268 4709 2308 4760 ι,
2355 4693 2449 4757 21,
2483 4693 2537 4748 in
2572 4692 2768 4747 Veron.
2816 4698 2966 4758 ante,
3016 4690 3224 4762 Helias,
3257 4691 3433 4760 deest,

168 4781 243 4837 lib.
263 4800 381 4843 vero
408 4803 446 4844 ιι
505 4787 575 4843 dc
608 4787 764 4857 Spir.
795 4785 857 4844 8.
902 4801 1027 4858 cap.
1078 4786 1166 4852 15,
1207 4800 1331 4856 pag.
1370 4784 1499 4852 662,
1544 4784 1730 4853 habet,
1838 4784 1963 4856 quid
1992 4785 2153 4858 ergo?
2181 4794 2236 4840 et
2257 4786 2328 4838 ita
2357 4784 2411 4839 in
2438 4782 2661 4855 Coptica
2696 4784 2969 4839 versione.

169 4877 394 4943 agriculos
421 4896 581 4938 meas.
1910 4876 2067 4932 Joan.
2098 4890 2217 4947 cap.
2245 4891 2320 4942 γι,
2348 4874 2441 4944 59,
2470 4877 2521 4930 in
2553 4875 2675 4931 Ver.
2716 4884 2774 4931 et
2807 4875 2956 4931 Brix.
2985 4874 3135 4939 deest
3154 4916 3168 4942 ,
3225 4873 3433 4941 Panis,

224 4965 334 5026 Luc.
361 4988 478 5043 cap.
518 4987 673 5037 xxiv,
703 4972 795 5036 45,
828 4972 1033 5028 desunt
1064 4971 1227 5028 verba
1274 4971 1390 5039 illa,
1419 4970 1570 5025 tertia
1615 4969 1722 5036 die,
1838 4980 1893 5026 et
1939 4971 2013 5025 ita
2044 4970 2097 5024 in
2125 4968 2186 5025 S.
2212 4967 2371 5024 Amb.
2407 4969 2503 5024 lib.
2537 4984 2574 5024 ιι
2603 4970 2669 5024 de
2696 4968 2828 5025 Fide
2852 4969 3048 5025 Resur.
3084 4985 3139 5041 p.
3173 4966 3335 5025 “57.

172 5054 212 5110 in
236 5062 399 5119 eodice
432 5065 631 5120 Veron.
661 5077 715 5120 et
741 5064 795 5118 in
829 5063 1030 5120 Sancto
1060 5064 1205 5121 Iren.
1906 5062 2063 5120 Joan.
2088 5078 2209 5133 cap.
2241 5076 2338 5126 vn,
2365 5062 2456 5130 57,
2486 5061 2540 5117 in
2573 5061 2770 5118 Veron.
2800 5062 2976 5130 deest,
3022 5062 3091 5119 ad
3127 5078 3228 5129 me,
3269 5071 3326 5121 et
3354 5061 3431 5117 ita

228 5151 369 5210 Marc.
395 5172 512 5227 cap.
547 5172 588 5224 ι,
616 5157 674 5225 2,
706 5157 890 5225 verba,
915 5168 1034 5214 ante
1054 5161 1138 5226 fre,
1183 5158 1504 5215 omittuntur
1531 5157 1584 5212 in
1610 5156 1728 5213 τνθ-
1835 5157 1891 5214 in
1920 5156 1980 5213 8.
2008 5156 2261 5228 Cypriani
2305 5154 2399 5211 lib.
2431 5170 2474 5223 ι,
2499 5155 2764 5211 adversus
2788 5153 3006 5211 Judaeos
3050 5153 3119 5211 ad
3147 5153 3434 5222 Quirinum

172 5254 267 5296 ron.
294 5256 344 5301 et
369 5246 667 5305 Vercellen.
699 5257 755 5305 et
782 5248 855 5303 ita
886 5249 939 5305 in
968 5248 1287 5319 quibusdam
1316 5250 1519 5305 Graecis
1542 5265 1727 5306 exem-
1838 5263 1958 5319 cap.
1989 5247 2084 5314 22,
2113 5263 2232 5319 pag.
2259 5246 2391 5302 548.

173 5334 393 5407 plaribus,
440 5342 494 5396 in
540 5342 888 5398 versionibus
915 5342 1158 5415 Syriaca,
1181 5343 1427 5416 Coptica,
1482 5343 1728 5412 Persica,
1908 5340 2066 5397 loan.
2097 5354 2218 5411 cap.
2260 5356 2316 5406 x,
2342 5340 2436 5407 29,
2484 5340 2541 5396 In
2569 5340 2844 5398 Veronen.
2889 5348 2948 5398 et
2977 5340 3287 5399 Vercellen.
3324 5342 3428 5399 dc-

171 5436 213 5481 et
243 5427 557 5504 Ethiopica,
590 5434 643 5488 in
670 5432 735 5491 8.
767 5431 1000 5501 Irenaeo,
1031 5435 1086 5491 in
1113 5434 1366 5506 Origene,
1395 5449 1498 5491 nec
1525 5451 1630 5490 non
1669 5435 1727 5491 in
1836 5446 1918 5490 est
1940 5475 1955 5501 ,
1986 5449 2151 5499 meus,
2183 5442 2237 5489 et
2261 5434 2357 5504 ita;
2378 5434 2432 5489 in
2460 5432 2519 5490 S.
2564 5433 2840 5492 Ambrosii
2867 5435 3047 5493 Tract.
3078 5436 3147 5491 de
3171 5435 3439 5493 Trinitate

172 5517 396 5590 πίειιιίὺιιε
426 5542 557 5583 mss.
589 5525 707 5582 Lat.
736 5523 849 5583 ditt.
880 5526 1024 5584 Bibl.
1052 5526 1110 5583 8.
1141 5526 1481 5600 Hieronymi.
1840 5543 1961 5599 pag.
2008 5527 2137 5594 ωε,
2171 5526 2224 5583 in
2256 5526 2350 5583 lib.
2408 5543 2437 5582 ν
2478 5526 2550 5589 de
2578 5526 2711 5584 Fide
2746 5544 2866 5599 cap.
2915 5529 3002 5589 H,
3038 5540 3159 5597 pag.
3204 5525 3332 5590 διδ,
3379 5535 3437 5582 et

228 5613 367 5675 liam.
406 5636 527 5690 cap.
557 5636 615 5687 x,
663 5620 720 5686 6,
769 5620 826 5680 in
860 5617 1064 5687 Veron.
1113 5632 1170 5676 et
1212 5619 1503 5678 Corbeien.
1549 5622 1728 5678 deest.
1839 5620 1894 5676 in
1940 5621 2088 5685 lib.t
2143 5619 2212 5677 de
2255 5620 2464 5691 Spiritu
2500 5619 2701 5677 Sancto
2730 5636 2849 5690 cap.
2880 5620 2935 5687 2,
2969 5619 3022 5673 in
3080 5619 3172 5674 lin.
3216 5633 3271 5687 p.
3305 5618 3435 5687 607,

176 5717 399 5779 “tam,
424 5722 473 5769 et
496 5713 571 5770 ita
586 5713 639 5771 in
682 5714 807 5788 Syr.
833 5720 890 5771 et
908 5713 1061 5770 Pers.
1096 5711 1294 5771 Ibidem
1323 5715 1378 5771 iu
1408 5712 1731 5782 Ver.,Corb.
1844 5729 1948 5771 nec
1977 5730 2084 5771 non
2110 5715 2164 5772 in
2197 5715 2291 5771 lib.
2322 5730 2402 5782 ιιι,
2430 5728 2551 5784 cap.
2590 5712 2680 5779 16,
2713 5729 2834 5785 pag.
2867 5713 2994 5777 689.
