3950 6176
546 214 649 268 155

1935 205 2445 266 l’ltOLEGOMENA
2455 248 2468 265 .
3725 215 3810 274 l36

543 334 553 379 ι
614 328 769 384 .loan.
801 345 919 400 cap.
950 345 1004 395 χ,
1030 330 1120 394 57,
1148 329 1319 393 deest,
1354 327 1471 390 mei,
1520 326 1572 381 in
1610 326 1881 382 Veroncn.
1918 336 1971 380 ct
2001 327 2106 382 Ver
2158 326 2209 384 A
2237 326 2349 381 sius
2378 326 2431 381 in
2476 326 2726 397 Exposit.
2757 325 2962 399 Evang.
2995 329 3219 385 sccuml.
3250 327 3380 385 Luc.
3417 330 3510 387 lib.
3548 347 3601 400 ν,
3634 340 3753 387 tom.
3778 350 3813 399 1,

543 422 743 478 ccllen.
771 429 826 476 ct
851 422 921 475 ita
951 421 1002 474 in
1034 420 1091 474 S.
1120 418 1405 489 Cypriano.

615 513 770 569 Joan.
805 528 923 583 cap.
959 527 1031 578 ιι,
1061 510 1153 575 45,
1193 509 1471 566 Omittitur
1510 509 1686 575 Iesus,
1746 511 1799 566 in
1831 509 2129 579 Veronen.,

543 604 665 662 Cat.
716 614 767 659 et
802 605 928 658 Mm.
963 612 1016 657 ct
1038 601 1109 656 ita
1139 601 1192 656 in
1220 603 1496 657 nonnullis
1524 603 1729 659 Grarcis
1753 603 1874 658 cod.
1906 619 2132 659 necnon

541 698 594 753 in
625 695 943 766 quibusdam
973 694 1090 748 Lat.
1127 708 1258 748 mss.
1291 694 1459 749 divin.
1493 694 2129 750 Bibliothec.S.Hicron.

609 789 765 844 Joan.
796 802 917 857 cap.
952 801 1049 853 x11,
1079 784 1170 852 40,
1199 784 1421 853 Veron.,
1465 785 1588 841 Gat.
1620 793 1675 842 et.
1701 785 1826 840 Mm.
1857 795 1903 839 et
1944 786 2135 840 intelli-

536 890 659 953 gant
689 881 861 945 corde,
908 880 1134 945 omisso,
1176 894 1300 934 non.
1342 878 1409 932 Et
1438 878 1511 933 ita
1542 879 1598 935 8.
1634 878 1887 940 Ambros.
1937 878 1987 932 in
2036 878 2131 933 lib.

537 978 596 1029 ιιι
645 973 713 1029 de
745 974 949 1043 Spiritu
974 972 1173 1028 Sancto
1202 986 1322 1043 cap.
1353 972 1444 1039 22,
1489 988 1608 1044 pag.
1635 972 1763 1040 699,
1794 982 1841 1026 et
1870 972 2025 1027 corde
2055 974 2136 1026 in-

538 1068 790 1139 telligant,
816 1067 1019 1121 omisso
1049 1066 1271 1133 pariter,
1303 1082 1425 1119 non.

611 1160 766 1216 Joan.
814 1176 932 1230 cap.
985 1174 1105 1223 x111,
1156 1158 1246 1226 26,
1301 1158 1477 1226 deest,
1508 1175 1624 1230 ego,
1659 1159 1712 1213 in
1746 1159 1949 1215 Veron.
1979 1170 2032 1216 et
2066 1160 2136 1215 ita

538 1256 592 1309 in
621 1252 678 1309 8.
707 1250 980 1307 Ambrosii
1011 1252 1261 1308 Sermon.
1293 1250 1386 1316 27,
1421 1266 1541 1322 pag.
1575 1251 1704 1309 429.
1790 1306 1797 1311 .

612 1347 769 1401 Joan.
794 1361 913 1416 cap.
940 1360 1046 1409 xiv,
1068 1342 1161 1408 28,
1178 1342 1561 1413 decst,utique,
1592 1344 1644 1398 in
1662 1342 2129 1409 Ver.,Vercellen.

539 1449 593 1497 et
621 1438 784 1495 Corb.
818 1447 871 1492 et
902 1438 969 1491 ita
1014 1436 1066 1491 in
1104 1434 1162 1490 S.
1195 1434 1488 1507 Cypriano,
1522 1450 1574 1506 p.
1610 1437 1735 1504 161,
1767 1435 1892 1504 545,
1924 1446 1980 1492 ct
2006 1438 2132 1494 465.

2241 434 2363 489 pag.
2401 420 2563 487 1577,
2591 422 2835 491 quoniam
2865 421 2950 474 hic
2979 431 3051 476 est
3079 423 3264 477 electus
3292 422 3405 477 Dei.
3518 488 3524 497 η

2309 508 2443 565 Luc.
2494 525 2613 580 cap.
2661 527 2734 578 ιιι,
2787 512 2842 579 4,
2875 510 3149 568 Veronen.
3199 523 3253 569 ct
3291 511 3608 582 Corbcien.,
3661 515 3817 570 debita

2240 611 2438 669 nostra,
2465 612 2518 657 et
2543 602 2614 657 ita
2644 604 2702 659 S.
2732 603 3074 660 Ambrosius.

2312 695 2500 752 Matth.
2536 713 2656 769 cap.
2687 713 2766 763 ιιι,
2808 699 2895 764 17,
2930 698 3130 754 Veron.
3162 699 3226 754 de
3261 698 3425 766 caelo;
3454 709 3510 756 et
3552 700 3625 756 ita
3655 701 3713 759 8.
3743 701 3822 758 lli-

2240 790 2405 845 larius
2436 792 2487 845 in
2515 801 2668 847 tract.
2698 793 3254 863 inpsalm.cxxxv111,
3287 803 3415 849 tom.
3461 811 3511 862 1,
3546 809 3667 867 pag.
3706 797 3820 852 565.

2314 882 2501 937 Matth.
2551 898 2671 953 cap.
2718 899 2792 947 γι,
2848 885 2935 949 17,
2994 884 3266 940 Vcronen.
3317 894 3371 939 et
3424 884 3824 943 Vcrcellen.vos

2240 984 2436 1041 autem,
2460 992 2575 1029 cum
2592 977 2866 1049 jejuuatis,
2896 977 3106 1048 unguite
3130 988 3285 1048 caput
3311 986 3553 1047 vestrum,
3582 988 3629 1033 et
3655 982 3826 1050 faciem

2240 1078 2459 1123 vestram
2502 1069 2685 1135 lavate,
2737 1078 2792 1124 ct
2833 1070 2901 1123 ita
2936 1070 2995 1125 8.
3044 1070 3299 1126 Ambros.
3337 1073 3385 1126 in
3419 1072 3511 1127 lib.
3542 1072 3610 1127 de
3638 1072 3752 1128 Elia
3782 1084 3829 1129 ct

2241 1159 2422 1229 Jejun.
2455 1175 2575 1231 cap.
2610 1162 2699 1225 10,
2747 1176 2869 1231 pag.
2894 1160 3035 1227 546;
3082 1161 3203 1217 cod.
3244 1162 3592 1228 San-Cerm.,
3622 1180 3708 1219 vos
3746 1182 3830 1218 au-

2245 1262 2364 1318 tem,
2398 1270 2513 1308 cum
2560 1255 2857 1326 jejunatis,
2905 1255 3080 1325 ungite
3126 1255 3295 1325 capita
3338 1266 3523 1322 vestra,
3569 1267 3620 1313 et
3655 1258 3831 1329 faciem

2242 1355 2459 1400 vestram
2488 1346 2673 1400 lavate.

2320 1438 2507 1492 Matth.
2539 1454 2658 1508 cap.
2690 1454 2764 1505 γι,
2800 1438 2883 1506 18,
2921 1438 3192 1496 Veronen.
3219 1450 3273 1496 et
3296 1439 3624 1508 Vercellen.,
3657 1458 3720 1497 ne
3752 1460 3834 1513 pa-

607 1532 763 1588 Joan.
813 1545 934 1599 cap.
985 1544 1117 1593 xv11,
1173 1528 1261 1595 18,
1314 1529 1485 1595 deest,
1537 1539 1610 1596 tu,
1661 1529 1715 1584 in
1761 1530 2034 1587 Veronen.
2084 1541 2139 1588 et
2244 1531 2402 1585 reatis
2434 1532 2727 1585 hominibus
2768 1533 3089 1604 jejunantes,
3121 1534 3213 1589 sed
3263 1532 3414 1589 Patri
3460 1545 3836 1593 vestro......et

536 1624 840 1681 Vercellen.
873 1630 932 1678 et
960 1622 1032 1677 ita
1062 1624 1113 1675 in
1154 1620 1556 1678 Ambrosiastro
1585 1622 1636 1677 in
1666 1622 1840 1692 Epist.
1876 1626 2035 1694 prim.
2069 1625 2136 1680 ad

2250 1623 2406 1679 Pater
2444 1638 2675 1681 vester...
2706 1627 2882 1681 reddet
2926 1627 3086 1682 vobis.
3112 1628 3173 1684 8.
3225 1628 3477 1687 Ambros.
3531 1631 3585 1686 in
3635 1632 3731 1688 lib.
3778 1635 3837 1690 de

535 1714 782 1772 Corinth.
837 1728 957 1783 cap.
1002 1712 1089 1779 ll,
1121 1727 1242 1784 pag.
1280 1714 1473 1779 147,ct
1504 1713 1557 1768 in
1578 1715 1675 1784 Ep.
1699 1715 1766 1771 ad
1792 1713 1919 1771 Cor.
1940 1715 1986 1770 ll
2014 1732 2135 1789 cap.
2170 1697 2214 1756 Β
2244 1718 2357 1773 Elia
2389 1729 2444 1775 et
2471 1719 2705 1789 Jejunio,
2736 1735 2857 1791 cap.
2891 1721 2978 1786 10,
3010 1737 3132 1793 pag.
3169 1721 3299 1791 546,
3336 1741 3399 1780 ne
3425 1727 3651 1795 parentis
3683 1726 3839 1781 homi-

541 1810 628 1877 11,
672 1824 794 1880 pag.
828 1807 951 1876 l47,
984 1816 1038 1863 et
1076 1807 1128 1861 in
1160 1806 1337 1877 Epist.
1374 1807 1441 1864 ad
1467 1807 1802 1865 Corinthios.
1840 1810 1914 1879 ll,
1964 1812 2141 1882 capite
2244 1812 2411 1879 nibus,
2444 1813 2561 1882 quia
2580 1814 2856 1886 jejunatis,
2885 1814 2974 1868 sed
3005 1812 3156 1869 Pam'
3185 1825 3465 1872 vestro.....
3494 1827 3540 1873 et
3567 1816 3728 1874 Pater
3765 1836 3840 1875 ve-

535 1900 600 1970 5,
640 1916 692 1971 p.
725 1897 847 1954 l75.

606 1992 761 2048 Joan.
811 2006 930 2061 cap.
986 2007 1076 2058 xx,
1108 1990 1194 2059 17,
1247 1990 1422 2056 deest,
1477 2008 1664 2060 meum,
1698 1992 1874 2063 primo
1904 1995 2026 2050 loco
2075 1995 2129 2049 in

535 2086 735 2141 Veron.
769 2093 824 2140 et
854 2084 923 2139 ita
951 2083 1003 2139 in
1026 2083 1085 2139 8.
1116 2083 1257 2140 lrcn.
1284 2094 1472 2140 contra
1497 2084 1640 2139 llazr.
1664 2092 1794 2139 tom.
1830 2102 1884 2153 1,
1920 2100 1970 2157 p.
2005 2087 2132 2142 551.

604 2179 735 2235 Luc.
770 2194 891 2248 cap.
923 2194 982 2244 ιι,
1016 2179 1107 2244 21,
1141 2177 1313 2239 deest,
1365 2195 1513 2248 puer,
1567 2178 1620 2233 in
1654 2177 1855 2235 Veron.
1907 2189 1961 2235 et
2012 2179 2134 2234 Bri-

532 2275 679 2330 xian.
708 2281 764 2329 et.
792 2274 863 2328 ita
900 2272 953 2327 in
994 2270 1196 2328 Graecis
1240 2271 1480 2327 melioris
1530 2281 1672 2327 nota:
1720 2272 2020 2341 codicibus,
2073 2283 2128 2330 et

531 2368 585 2423 in
617 2384 725 2422 uno
758 2367 957 2437 reginae
1002 2365 1228 2421 Suecor.
1277 2381 1380 2420 ms.
1411 2366 1583 2419 relato
1630 2364 1684 2419 in
1737 2365 1846 2420 div.
1899 2366 2039 2422 Bibl.
2069 2366 2128 2423 8.

531 2460 755 2517 Hieron.
789 2460 843 2514 in
889 2459 1061 2514 altero
1096 2467 1276 2513 autem
1305 2458 1556 2513 secundis
1582 2458 1730 2514 curis
1760 2459 1975 2515 additus
2026 2469 2125 2516 est.

602 2553 735 2608 Luc.
784 2566 904 2621 cap.
958 2566 1012 2617 ν,
1042 2550 1098 2615 7,
1133 2549 1310 2615 deest,
1356 2565 1506 2621 pene,
1550 2550 1602 2604 in
1634 2550 1867 2615 Veron.,
1913 2550 2132 2607 Vercel-

529 2648 664 2715 len.,
696 2645 1005 2709 Corbcien.,
1036 2642 1155 2700 Gat.
1190 2653 1241 2699 et
1271 2642 1538 2710 Brixian.,
1570 2650 1627 2698 et
1658 2643 1729 2697 ita
1772 2643 1827 2698 in
1856 2644 2129 2701 nonnullis

528 2739 730 2811 regina:
760 2737 1055 2794 Succorum
1087 2752 1217 2790 mss.

599 2832 730 2888 Luc.
758 2846 876 2901 cap.
917 2844 1063 2897 xxxi,
1096 2827 1187 2894 '58,
1222 2825 1421 2882 Veron.
1456 2866 1472 2893 ,
1503 2836 1792 2881 conmotam
1820 2869 1834 2893 ,
1888 2833 2125 2900 δυρινερ

528 2927 803 2996 ﬂuentem,
845 2931 900 2977 et
929 2920 999 2976 ita
1027 2920 1079 2976 8.
1110 2917 1430 2974 Ambrosius
1462 2919 1517 2972 in
1571 2918 1662 2974 lib.
1712 2918 1779 2974 de
1823 2917 1979 2974 Ofﬁc.
2028 2920 2127 2974 Mi-

526 3019 651 3073 nist.
686 3031 805 3086 cap.
830 3014 919 3080 51,
952 3028 1070 3083 pag.
1099 3010 1189 3079 45,
1223 3012 1444 3076 omisso,
1469 3019 1539 3078 et,
1568 3021 1715 3078 ante,
1744 3012 2117 3082 superefﬂuen-

2243 1915 2465 1960 ster.....
2498 1905 2674 1960 reddet
2702 1907 2861 1962 vobis.
2905 1906 3347 1965 San-Germancn
3380 1951 3396 1978 ,
3447 1920 3501 1965 ut
3532 1927 3635 1965 non
3674 1913 3840 1968 videa-

2240 2002 2367 2055 mini
2421 2000 2711 2056 hominibus
2755 2004 3080 2075 jejunantes,
3126 2005 3217 2058 sed
3268 2003 3417 2058 Patri
3460 2015 3751 2061 vestro.....
3796 2017 3838 2061 et

2240 2092 2401 2148 Pater
2426 2103 2606 2149 vester.
2618 2133 2630 2147 .
2642 2135 2654 2147 .
2667 2134 2677 2143 .
2690 2135 2703 2148 .
2739 2095 2915 2148 reddet
2938 2095 3100 2149 vobis.

2313 2188 2503 2243 Matth.
2537 2205 2653 2261 cap.
2686 2205 2759 2254 v1,
2786 2188 2876 2255 25,
2913 2189 3112 2245 Veron.
3144 2199 3193 2245 et
3240 2200 3363 2246 tunc
3401 2193 3615 2265 jurabo,
3671 2204 3727 2250 et
3771 2194 3837 2250 ita

2239 2277 2300 2334 S.
2332 2278 2499 2334 Hilar.
2530 2280 2582 2335 in
2617 2280 2710 2336 lib.
2742 2281 2774 2335 9
2824 2280 2893 2336 de
2924 2281 3119 2337 Trinit.
3154 2298 3211 2337 ιι.
3242 2281 3332 2337 65.
3656 2344 3664 2350 η

2311 2372 2499 2428 Matth.
2548 2388 2667 2445 cap.
2723 2388 2797 2440 v1,
2842 2376 2932 2441 55,
2984 2375 3181 2431 Veron.
3233 2385 3289 2432 et
3336 2377 3833 2447 San-Ccrtnancn.,

2240 2470 2622 2539 prmstabuntur
2664 2469 2825 2524 vobis.
2861 2468 3191 2536 Vercellen.,
3220 2480 3267 2526 et
3292 2473 3461 2526 omnia
3502 2474 3610 2527 lucc
3650 2486 3837 2544 pra’sta

2235 2571 2355 2615 sunt
2394 2562 2554 2617 vobis.
2588 2564 2647 2617 S.
2689 2561 2943 2617 Ambros.
2995 2562 3049 2617 in
3101 2563 3194 2618 lib.
3243 2580 3261 2621 1
3314 2564 3382 2620 dc
3408 2565 3543 2620 Cain
3594 2576 3645 2622 ct
3696 2568 3835 2624 Abel

2235 2670 2355 2723 cap.
2386 2671 2459 2720 ιν,
2492 2671 2611 2725 pag.
2642 2654 2770 2721 488,
2802 2665 2988 2725 privato
3013 2665 3129 2710 sunt
3158 2657 3316 2711 vobis.

2302 2749 2489 2803 Matth.
2537 2764 2657 2819 cap,
2691 2765 2785 2816 v11,
2820 2749 2912 2813 27,
2944 2749 3211 2806 Veroncn.
3246 2750 3550 2808 Vercellen.
3595 2762 3649 2808 et
3694 2754 3834 2809 San-

2229 2842 2555 2898 Germanen.
2602 2851 2647 2896 et
2694 2846 2830 2913 facta
2869 2852 2944 2897 est
2974 2844 3127 2897 ruina
3156 2846 3266 2917 ejus
3294 2862 3499 2915 magna,
3544 2854 3600 2899 ct
3650 2847 3724 2900 ita
3771 2849 3831 2902 S.

2228 2935 2513 3006 Cyprian.,
2543 2934 2783 2990 Brixian.
2826 2950 2977 3003 vero,
3010 2946 3058 2990 et
3084 2940 3223 3007 facta
3248 2938 3397 2991 ruina
3424 2942 3535 3011 ejus
3558 2955 3768 3011 magna.

2299 3026 2484 3081 Matth.
2514 3042 2633 3097 cap.
2664 3044 2718 3094 ιι,
2759 3027 2852 3091 22,
2901 3026 3175 3083 Veroncn.
3223 3037 3278 3083 ct
3324 3028 3821 3099 San-Gcrmancn.,

525 3118 644 3175 tem,
692 3124 810 3180 qua-
842 3105 1151 3176 conjunclio
1183 3103 1336 3159 abest
1365 3102 1527 3158 etiam
1556 3118 1587 3158 a
1623 3102 1837 3160 Vercel.
1867 3114 1922 3160 et
1951 3105 2111 3162 Corb-
2144 3092 2188 3156 C
2222 3119 2456 3174 oninibus
2502 3092 2812 3186 hominibus,
2844 3129 2902 3175 et
2926 3121 2997 3175 ita
3028 3132 3234 3178 vetusta
3266 3123 3605 3180 Corbciensis
3627 3125 3827 3192 Biblia,

596 3205 759 3260 Marc.
784 3217 903 3272 cap.
935 3216 993 3267 ιι,
1022 3198 1094 3266 ,5,
1124 3207 1261 3269 post,
1293 3208 1521 3269 peccata,
1555 3197 1727 3263 deest,
1778 3208 1889 3265 tua,
1925 3198 1979 3253 in
2016 3198 2119 3254 Ve-

522 3314 642 3354 ron.
672 3305 727 3352 et
754 3295 826 3349 ita
852 3292 925 3361 ⁸ἱιι
950 3291 1157 3347 duobus
1184 3292 1383 3360 regina:
1423 3292 1721 3346 Succorum
1766 3307 1899 3347 mss.
1948 3291 2116 3347 divin.

521 3391 663 3448 Bibl.
696 3389 755 3445 S.
789 3386 1120 3457 Hieronymi.

596 3485 759 3540 Marc.
809 3496 931 3550 cap.
980 3495 1038 3546 ιι,
1086 3478 1178 3545 25,
1227 3477 1382 3533 deest
1430 3478 1481 3532 in
1515 3476 1816 3544 Veroncn.,
1854 3476 2115 3547 Vindob.,

522 3586 579 3634 et
608 3575 869 3641 Brixian.,
899 3570 1174 3636 Dominus,
1217 3578 1272 3624 et
1317 3570 1389 3624 ita
1434 3569 1487 3623 in
1517 3568 1836 3639 quibusdam
1866 3586 1999 3626 mss.
2029 3587 2119 3628 rc-

526 3668 647 3724 latis
689 3667 742 3721 in
772 3664 949 3720 divina
1000 3660 1257 3717 Biblioth.
1309 3661 1479 3716 sancti
1514 3659 1862 3732 Hieronymi;
1897 3661 2117 3719 Vercel-

521 3761 658 3830 lcn.,
687 3756 875 3824 Corb.,
906 3754 1028 3811 Gat.
1058 3762 1111 3808 ct
1136 3752 1264 3808 Mm.
1299 3751 1498 3808 habent
1530 3767 1648 3822 pro,
1678 3751 1950 3819 Dominus,
1975 3770 2113 3809 eum.

592 3856 758 3910 Marc.
790 3866 908 3920 cap.
942 3864 997 3913 κ,
1028 3847 1083 3914 6,
1119 3845 1389 3903 Veroncn.
1421 3854 1475 3899 ct
1502 3840 1818 3908 Corbcien.,
1848 3843 1923 3899 Ab
1965 3845 2117 3900 initio

519 3948 655 4003 enim
696 3942 1005 4017 (Corbcien.
1053 3935 1248 4009 autem)
1294 3936 1600 4001 masculum,
1630 3944 1678 3991 et
1720 3936 1971 4007 feminam
1997 3939 2117 4008 fecit

520 4040 679 4096 Deus.
724 4038 895 4108 Syrus
917 4076 932 4101 ,
965 4034 1148 4097 Persa,
1179 4040 1233 4086 et
1264 4028 1432 4084 Vetus
1463 4027 1687 4083 Cantab.
1731 4026 2019 4083 dumtaxat.
2039 4027 2117 4084 fe-

520 4143 645 4194 runt
664 4178 677 4204 ,
726 4132 848 4190 Ἀπὸ
869 4130 923 4187 δὲ
947 4131 1126 4209 ἀρχῆς
1150 4128 1390 4187 κτίσεως,
1416 4122 1468 4176 id
1494 4130 1597 4187 est,
1628 4120 1689 4175 ab
1718 4121 1865 4176 initio
1912 4139 2114 4176 mascu-

517 4232 627 4288 lum
673 4239 720 4285 et
777 4226 1020 4299 feminam
1062 4220 1183 4291 fecit
1230 4218 1401 4285 Deus,
1460 4231 1569 4272 non
1619 4225 1825 4279 autem,
1870 4218 2111 4278 κτίσεως.

588 4324 753 4379 Marc.
804 4333 922 4388 cap.
972 4330 1094 4379 xm,
1140 4312 1193 4378 6,
1248 4312 1300 4366 in
1342 4308 1615 4365 Veroucn.
1661 4317 1716 4363 et
1763 4307 1884 4363 Gat.
1938 4308 2109 4374 deem,

516 4416 659 4488 quia,
689 4423 744 4469 et
765 4413 838 4468 ita
869 4411 922 4465 in
948 4408 1007 4465 8.
1036 4406 1199 4477 Cypr.
1231 4402 1324 4458 lib.
1364 4399 1431 4456 ad
1458 4399 1684 4455 Fortun.
1728 4398 1795 4455 de
1826 4398 2109 4456 Exhortat.

514 4508 738 4578 Martyr.
767 4518 887 4574 cap.
920 4502 1008 4567 11,
1043 4513 1161 4571 pag.
1195 4496 1318 4551 334.

586 4598 775 4655 Matth.
804 4610 923 4667 cap.
970 4608 1106 4657 χιιι,
1157 4590 1248 4656 50,
1284 4588 1510 4653 Veron.,
1544 4587 1835 4643 Corbcien.
1889 4596 1942 4643 et
1993 4587 2112 4671 Bri-

513 4694 688 4757 xian.,
732 4699 872 4755 sunt,
912 4694 968 4743 et
1011 4686 1084 4740 ita
1137 4681 1358 4739 Graecus
1410 4688 1610 4748 textus,
1661 4689 1715 4735 et
1758 4678 1865 4735 duo
1909 4679 2111 4751 regina:

513 4790 809 4847 Succorum
834 4780 966 4840 mss.
995 4779 1163 4836 divin.
1193 4774 1512 4832 Bibliothec.
1548 4774 1606 4829 S.
1639 4773 1972 4844 Hieronymi.

585 4881 775 4938 Matth.
807 4892 925 4948 cap.
957 4887 1105 4938 niv,
1132 4869 1219 4937 15,
1250 4867 1479 4932 Veron.,
1512 4876 1654 4920 stans
1683 4875 1737 4920 et
1774 4864 1847 4919 ita
1901 4864 2103 4933 Italica,

509 4978 702 5037 Grtcco
728 4973 962 5037 addicta,
1000 4976 1139 5024 teste
1168 4963 1334 5021 Millio
1364 4965 1416 5018 in
1444 4961 1659 5032 Proleg.
1690 4976 1743 5031 p.
1779 4961 1868 5015 51.

581 5076 740 5132 Joan.
773 5084 890 5139 cap.
920 5084 957 5133 1,
989 5066 1079 5131 15,
1113 5062 1338 5129 Veron.,
1370 5059 1461 5114 sed
1488 5074 1554 5113 ea:
1581 5056 1690 5112 Deo
1721 5067 1870 5111 natus
1910 5066 2004 5111 est.
2039 5056 2103 5112 Et

508 5172 585 5228 ita
621 5168 682 5225 S.
730 5165 969 5221 Irentcus
1019 5159 1071 5213 in
1116 5156 1268 5212 libris
1314 5162 1503 5210 contra
1547 5151 1818 5219 Hacrcses,
1868 5149 2098 5219 Tertul.,

456 5278 459 5279 '
508 5265 569 5322 S.
599 5262 685 5319 Jo.
718 5258 938 5329 Chrys.,
965 5251 1124 5322 Vigil.
1152 5249 1467 5329 Tapsensis,
1500 5254 1555 5303 ct
1581 5246 1692 5302 alii.

579 5354 736 5412 Joan.
769 5365 888 5421 cap.
928 5363 969 5413 1,
1002 5345 1093 5411 15,
1137 5342 1336 5399 Veron.
1386 5340 1656 5410 sanguine,
1691 5348 1745 5394 et
1792 5338 1865 5393 ita
1911 5352 2098 5394 omnes

504 5463 640 5508 mss.
669 5443 792 5501 cod.
821 5442 881 5498 S.
909 5437 1098 5496 Hilarii
1128 5436 1221 5492 lib.
1255 5451 1271 5489 1
1322 5433 1390 5489 de
1422 5432 1687 5489 Trinitate
1715 5447 1865 5487 num.
1898 5433 1987 5487 10.

575 5544 737 5600 Joan.
778 5553 898 5610 cap.
930 5552 970 5602 1,
1019 5534 1111 5597 34,
1142 5530 1345 5587 Veron.
1393 5529 1633 5599 quoniam
1660 5527 1771 5597 ipse
1800 5535 1873 5580 est
1902 5523 2004 5580 Dei
2032 5525 2097 5593 fi-

2222 3218 2279 3266 et
2318 3211 2376 3265 S.
2411 3213 2738 3282 Augustinus
2766 3213 2815 3267 in
2846 3213 3077 3283 Speculo
3107 3214 3175 3270 dc
3204 3215 3496 3288 Evangelio
3525 3220 3826 3274 secundum

2222 3301 2410 3356 Matth.
2450 3311 2580 3358 tom.
2615 3311 2848 3374 111,part.
2883 3305 2936 3371 1,
2968 3320 3086 3377 pag.
3118 3306 3242 3362 758.

2294 3393 2481 3447 Matth.
2530 3409 2644 3464 cap.
2699 3411 2776 3460 ιιι,
2809 3396 2898 3459 12,
2954 3396 3175 3463 Veron.,
3210 3415 3422 3470 regnum
3456 3400 3699 3455 caelorum
3728 3419 3818 3457 co—

2220 3485 2379 3557 gitur,
2409 3496 2455 3539 et
2483 3497 2713 3559 cogentes
2753 3488 3004 3557 diripiunt
3032 3489 3188 3557 illud,
3216 3499 3273 3547 et
3302 3492 3372 3547 ita
3404 3491 3462 3549 S.
3493 3491 3820 3551 Ambrosius

2221 3576 2276 3631 in
2306 3577 2398 3633 lib.
2451 3577 2561 3633 1de
2603 3577 2734 3631 Cain
2782 3586 2836 3633 ct
2880 3577 3015 3635 Abel
3055 3595 3176 3651 cap.
3225 3580 3281 3649 4,
3331 3597 3450 3653 pag.
3501 3583 3625 3649 188,
3681 3585 3816 3641 item

2219 3668 2274 3724 in
2324 3668 2677 3725 Enarrationc
2724 3670 2777 3725 in
2826 3684 2907 3741 ps.
2957 3687 3109 3739 11.111,
3140 3688 3262 3744 pag.
3292 3674 3420 3739 902,
3452 3673 3586 3731 etin
3638 3676 3817 3748 Epist.

2222 3761 2312 3827 65,
2359 3762 2518 3832 prim.
2551 3763 2740 3829 class.,
2794 3777 2913 3834 pag.
2958 3764 3118 3820 1046.
3148 3764 3577 3823 Vercellen......
3627 3786 3674 3821 ns
3728 3786 3822 3823 co-

2221 3856 2359 3927 gitur
2409 3863 2455 3907 et
2496 3863 2733 3926 cogentes
2801 3856 3061 3927 deripiunt
3111 3858 3281 3925 illud;
3329 3861 3821 3931 San-Germanen.,

2220 3946 2485 4015 deripiunt
2510 3947 2663 4002 illud.

2292 4040 2477 4095 Matth.
2511 4041 2644 4113 Cap.
2671 4057 2748 4109 λι,
2781 4041 2872 4110 58,
2894 4042 3094 4099 Veron.
3135 4046 3500 4115 acceperit.....
3543 4059 3589 4103 ει
3620 4062 3825 4105 secutus

2221 4135 2373 4206 fuerit
2386 4149 2483 4187 me.
2502 4133 2786 4191 Corbcien.
2804 4138 3055 4208 acceperit
3080 4177 3116 4203 ,.
3130 4178 3142 4191 .
3159 4148 3204 4192 et
3219 4139 3510 4196 subsecutus
3532 4158 3612 4196 me
3640 4147 3818 4214 fuerit,

2217 4227 2275 4283 S.
2308 4227 2662 4299 Hieronymus
2687 4229 2737 4283 in
2760 4228 2929 4298 Epist.
2945 4245 3103 4297 cxav,
3125 4231 3189 4284 ad
3210 4231 3659 4305 Exuperantinm,
3680 4249 3815 4294 tum.

2218 4336 2276 4384 1,
2337 4335 2459 4390 pag.
2519 4320 2688 4386 1075,
2730 4319 2927 4386 habet,
2982 4322 3345 4380 tulerit........
3395 4336 3441 4379 et
3485 4339 3687 4383 secutus
3738 4348 3823 4386 me

2218 4414 2392 4483 fuerit.

2134 4484 2188 4545 D
2284 4503 2471 4558 Matth.
2494 4519 2614 4575 cap.
2642 4520 2738 4569 x11,
2764 4504 2791 4559 1
2811 4545 2826 4570 ,
2848 4504 3142 4572 Vcronen.,
3164 4506 3450 4564 Corbcien.
3471 4509 3813 4580 ctBrixian.,

2217 4595 2520 4662 Sabbathis;
2566 4597 2625 4651 S.
2660 4595 2980 4651 Ambrosius
3022 4595 3075 4650 in
3129 4596 3374 4667 Exposit.
3409 4599 3669 4672 Evangcl.
3722 4619 3816 4659 sc-

2212 4686 2374 4743 cnnd.
2408 4686 2539 4742 Luc.
2566 4687 2658 4742 lib.
2687 4702 2750 4755 ν,
2781 4697 2911 4742 ιοιιι.
2944 4704 2992 4753 ι,
3026 4702 3150 4759 pag.
3182 4689 3355 4757 1565,
3382 4690 3665 4748 Sabbatlta.

2283 4779 2469 4835 Matth.
2503 4795 2623 4850 cap.
2673 4796 2743 4845 ν,
2790 4780 2894 4846 25,
2936 4780 3177 4849 Veron.,
3233 4782 3532 4840 Vercellen.
3564 4796 3621 4842 et
3673 4789 3815 4845 San-

2209 4872 2537 4929 Germanen.
2562 4914 2576 4939 ,
2604 4873 2658 4926 in
2685 4872 2947 4939 triticum;
2977 4873 3033 4929 8.
3075 4874 3343 4941 Irerunus,
3388 4877 3523 4932 inter
3574 4882 3815 4949 frumen-

2208 4976 2348 5032 tum;
2398 4966 2457 5023 S.
2505 4965 2822 5021 Ambrosius
2877 4966 2929 5020 in
2979 4965 3072 5022 lib.
3126 4982 3183 5021 ιιι
3232 4967 3487 5025 llcxaem.
3522 4984 3644 5040 cap.
3702 4973 3806 5042 10,

2208 5072 2307 5129 pag
2336 5056 2426 5112 49.
2470 5057 2601 5110 inter
2621 5056 2862 5110 triticum.

2278 5147 2465 5203 Matth.
2517 5162 2637 5218 cap.
2686 5162 2832 5216 xm,
2880 5148 2988 5213 12,
3038 5148 3355 5219 Veronen.,
3409 5150 3717 5211 Vercellen.
3750 5168 3809 5213 et

2205 5242 2489 5299 Corbcien.
2521 5251 2713 5313 quanta
2738 5242 3029 5309 voluerunt,
3060 5252 3117 5298 et
3144 5244 3217 5298 ita
3240 5255 3393 5301 vetus
3416 5244 3599 5302 Italica
3623 5289 3638 5314 ,
3665 5259 3807 5307 teatc

2206 5337 2373 5393 Millio
2395 5337 2446 5391 in
2478 5336 2780 5407 Prolcgom.
2807 5352 2929 5407 pag.
2951 5337 3042 5393 55.

2275 5430 2462 5487 Matth.
2490 5446 2591 5501 cap
2616 5446 2775 5496 x1111,
2808 5430 2873 5497 5,
2910 5428 3184 5485 Veronen.
3214 5440 3268 5486 et
3304 5430 3606 5488 Vercellen.
3667 5436 3803 5491 sicut

2202 5522 2386 5594 pueri;
2417 5520 2710 5577 Corbcien.
2734 5521 2864 5575 sicut
2903 5521 3078 5591 infans
3104 5522 3186 5576 hic
3217 5532 3309 5578 est.
3328 5524 3401 5579 8.
3450 5524 3708 5585 Ambros.
3747 5535 3797 5585 in

503 5639 606 5696 lius
630 5636 837 5700 electus,
869 5627 1197 5692 Vercellen.,
1235 5623 1478 5695 quoniam
1502 5619 1585 5674 hic
1624 5628 1696 5671 est
1742 5616 1930 5671 electus
1956 5616 2099 5686 ﬁlius
2202 5617 2453 5675 Enarrat.
2481 5616 2534 5671 in
2561 5615 2760 5671 Psalm.
2793 5630 2998 5686 xxxv1,
3042 5630 3163 5687 pag.
3196 5617 3330 5682 800,
3362 5616 3492 5672 sicut
3520 5637 3651 5688 puer
3678 5623 3793 5679 ίδιρ,

507 5732 635 5799 Dei;
665 5725 955 5790 Corbcien.
984 5724 1105 5795 quia
1135 5720 1215 5774 hic
1241 5727 1312 5775 est
1354 5716 1537 5770 electus
1584 5711 1703 5768 Dei.
1752 5711 1810 5768 S.
1860 5710 2091 5767 Ambro—

2273 5710 2461 5767 Mattlt.
2492 5726 2609 5783 cap.
2643 5726 2762 5777 xix,
2797 5710 2884 5779 12,
2916 5710 3210 5780 Vcroncn.,
3250 5711 3546 5770 Vercellen.
3569 5724 3626 5771 et
3654 5715 3793 5776 Cor-
