3950 6176
554 233 655 286 139

1941 220 2450 279 PROLEGOMENA
2462 261 2477 277 .

3742 229 3839 285 “0

617 344 775 398 Joau.
806 358 926 411 cap.
953 358 1004 407 1,
1037 344 1127 408 δὲ,
1160 341 1455 407 νειοηειισ,
1486 340 1872 394 descendentem
1898 338 1959 391 de
1983 338 2146 403 racia.
2174 336 2225 398 Δ
2252 340 2380 397 Mss.
2402 340 2616 397 codices
2646 340 2799 397 relati
2831 340 2883 395 in
2911 338 3023 395 div.
3058 338 3199 395 Bibl.
3224 338 3283 396 8.
3323 339 3657 413 Hieronymi.

549 448 593 494 et
626 448 908 491 manentem
932 477 945 501 ,
970 448 1100 497 etc.;
1144 444 1198 489 et
1227 435 1298 488 ita
1330 433 1634 489 Vercellcn.
1668 434 1795 487 etS.
1828 431 2148 487 Ambrosius

2321 436 2453 491 Luc.
2480 451 2599 508 cap.
2635 452 2692 504 1,
2732 435 2833 499 55,
2885 434 3159 491 Yeronen.
3189 476 3205 501 ,
3237 433 3520 502 Abrahae;
3572 442 3627 490 et
3677 434 3751 490 ita
3782 436 3836 490 8.

552 532 604 584 in
631 532 716 585 lib.
739 548 795 585 111
820 531 885 585 de
907 531 1045 598 Spir.
1076 530 1259 583 Sanct.
1278 544 1398 597 cap.
1430 544 1470 591 1,
1492 544 1593 599 pag
1620 528 1745 582 665.
1773 528 1828 581 lu
1856 528 1948 581 lib.
1967 536 2146 580 autem
2250 529 2503 585 Irenzeus.

552 623 619 679 de
651 623 868 693 Mystcr.
903 637 1019 691 cap.
1045 624 1078 675 4
1101 663 1114 686 ,
1149 636 1200 689 p.
1234 621 1331 674 551
1361 662 1376 687 ,
1410 621 1575 676 habet
1602 664 1616 686 ,
1673 620 2059 675 descendentem
2089 620 2152 672 de

2324 624 2454 679 Luc.
2486 638 2604 695 cap.
2652 639 2687 679 ιι
2716 666 2729 689 ,
2756 623 2827 677 28
2851 664 2866 687 ,
2896 622 3169 687 Veroneu,
3219 621 3271 674 in
3300 621 3530 676 manibus
3558 662 3572 685 ,
3606 608 3841 677 Brixian.

554 717 861 769 caelo.......
890 724 937 767 et
957 724 1245 767 muneratam
1279 752 1293 778 ,
1322 722 1428 767 etc.
1461 714 1517 769 8.
1554 713 1776 768 Hieron.
1827 726 2045 781 quoque
2096 711 2151 765 in
2254 719 2305 771 in
2332 732 2513 771 manus
2533 733 2652 770 suas
2682 758 2696 781 ,
2746 723 2800 771 et
2823 715 2894 770 ita
2926 714 2985 771 S.
3016 714 3255 771 [tentens
3278 713 3331 768 in
3359 713 3451 770 lib.
3476 729 3494 769 1
3522 722 3708 770 contra
3738 714 3846 769 ba:-

551 806 759 863 Comm.
789 807 841 861 in
871 806 937 861 Is.
973 806 1066 861 lib.
1098 823 1172 872 1v,
1196 821 1316 877 cap.
1350 807 1436 872 11,
1471 821 1587 877 pag.
1620 806 1748 872 l56,
1773 815 1818 860 et
1846 815 2148 859 manentem.

620 899 776 954 Joan.
821 914 922 970 cap
949 914 1007 954 ιιι
1030 938 1045 963 ,
1082 900 1178 963 18,
1212 898 1410 953 V'er0n.
1466 908 1520 953 et
1553 898 1784 953 Vercell.
1842 900 2002 953 tertio
2033 897 2155 952 loco

551 992 781 1057 habent,
800 1008 903 1045 non
925 992 1162 1056 credidit;
1188 1002 1245 1047 et
1268 992 1335 1045 ita
1356 991 1412 1045 S.
1432 990 1658 1062 August.
1693 992 1745 1044 in
1770 989 1926 1044 Joan.
1944 989 2153 1058 Erang.

551 1101 670 1156 cap.
706 1103 792 1152 ιιι,
823 1086 1060 1141 Tractat.
1098 1087 1182 1150 15,
1212 1095 1341 1139 tom.
1377 1101 1454 1149 ιιι,
1488 1094 1627 1155 part.
1654 1084 1721 1153 2,
1755 1099 1875 1155 pag.
1909 1084 2035 1139 589.
2068 1084 2158 1139 Sic

551 1180 713 1235 etiam
737 1180 928 1250 legitur
969 1181 1020 1233 in
1045 1180 1279 1250 antiquis
1300 1176 1551 1235 Corbeia:
1577 1179 1766 1234 Bibliis
1787 1218 1804 1245 ,
1826 1178 1981 1249 juxta
2008 1177 2159 1233 Cra:-

554 1286 675 1327 cum
702 1311 719 1337 ,
744 1274 1101 1327 πιπίστενκεν.

625 1364 782 1419 Joan.
830 1378 951 1434 cap.
984 1380 1076 1427 111,
1107 1363 1211 1429 20,
1259 1363 1530 1419 Veronen.
1556 1406 1570 1431 ,
1632 1378 1697 1417 ne
1721 1370 2011 1436 arguantur
2038 1378 2057 1427 ;
2096 1359 2156 1415 S.

561 1456 798 1512 Irenqu
819 1497 835 1521 ,
864 1473 927 1510 ne
972 1456 1330 1509 traducantur.

572 1602 578 1608 .
617 1549 772 1605 Joan.
803 1565 922 1621 cap.
955 1566 1036 1615 ιν,
1075 1551 1160 1615 15,
1190 1549 1481 1616 Veronen.,
1508 1548 1841 1615 Veroellen.,
1865 1547 2157 1615 Gat.,Mm.

555 1650 609 1697 et
644 1642 882 1696 Brixian.
907 1683 921 1707 ,
952 1642 1170 1705 biberit;
1221 1651 1276 1696 et
1314 1641 1386 1695 ita
1426 1640 1485 1697 S.
1527 1640 1826 1712 Cyprianus
1876 1656 1997 1711 pag.
2028 1640 2158 1695 2‘28.

2256 827 2404 867 reses
2432 821 2560 866 tom.
2597 828 2652 878 1,
2685 826 2807 880 pag.
2841 809 2930 865 40.

2326 902 2458 959 Luc.
2479 918 2598 973 cap.
2625 918 2659 959 ιι
2680 946 2693 971 ,
2717 904 2785 958 52
2808 902 3035 969 ,Veron.
3064 946 3080 972 ,
3103 905 3171 957 ad
3192 902 3546 958 reuelationem
3564 902 3848 957 oculorum.

2257 995 2486 1064 Quidam
2538 1011 2667 1053 mss.
2696 995 2912 1052 codices
2942 994 2999 1053 S.
3037 994 3227 1052 Irenaei
3252 1038 3266 1062 ,
3305 996 3358 1049 in
3385 994 3693 1049 revelatione
3732 1011 3853 1049 ocu-

2262 1090 2450 1145 lorum.

2332 1184 2462 1238 Luc.
2493 1196 2615 1252 cap.
2644 1196 2717 1248 ιν,
2744 1183 2805 1248 7,
2824 1182 3097 1238 Veronen.
3128 1190 3184 1238 et
3209 1179 3566 1238 Vercelleuai
3590 1180 3856 1251 procidm

2260 1276 2555 1331 adoraveria
2601 1285 2719 1329 ante
2745 1292 2858 1341 me;
2890 1275 3127 1330 Brixian.
3174 1276 3219 1331 si
3250 1274 3517 1345 procidena
3564 1273 3858 1329 adoraveris

2263 1385 2377 1433 me,
2406 1378 2460 1423 et
2485 1369 2557 1423 ita
2586 1369 2641 1424 8.
2669 1367 2994 1423 Ambrosius
3024 1370 3074 1422 in
3107 1366 3299 1423 Enarr.
3330 1368 3383 1422 in
3414 1360 3612 1423 Psalm.
3642 1382 3815 1421 xxx"
3838 1405 3853 1431 ,

2265 1472 2395 1516 tom.
2426 1478 2474 1528 1,
2508 1476 2629 1532 pag.
2667 1462 2769 1517 797
2793 1505 2807 1527 ,
2839 1470 2893 1517 et
2922 1462 2976 1516 in
2997 1461 3090 1517 lib.
3127 1477 3142 1515 1
3167 1461 3236 1518 de
3262 1460 3392 1516 Cain
3414 1469 3470 1516 et
3500 1458 3634 1514 Abel
3654 1474 3779 1528 cap.
3805 1458 3854 1523 5,

2264 1572 2414 1612 num.
2442 1554 2510 1611 17
2535 1599 2550 1622 ,
2591 1566 2645 1611 et
2666 1555 2791 1612 alibi
2817 1598 2830 1622 ,
2869 1572 2971 1612 nec
3000 1571 3107 1611 non
3129 1555 3293 1627 aliqui
3354 1569 3486 1610 mss.
3517 1551 3639 1610 libri
3667 1553 3724 1609 in
3755 1552 3855 1609 div.

2264 1648 2408 1704 Bibl.
2442 1649 2500 1705 8.
2531 1648 2869 1721 Hieronymi.

626 1735 783 1790 Juan.
812 1750 931 1804 cap.
966 1751 995 1787 ν
1018 1775 1033 1800 ,
1062 1736 1096 1789 4
1117 1776 1131 1799 ,
1166 1734 1365 1789 Veron.
1390 1777 1404 1802 ,
1439 1734 1648 1790 Vercel.
1675 1777 1691 1803 ,
1722 1734 1845 1790 Cat.
1879 1745 1933 1789 et
1961 1734 2088 1789 Mm.
2137 1774 2152 1802 ,

2332 1742 2464 1797 Luc.
2491 1757 2611 1812 cap.
2641 1758 2725 1808 τι,
2755 1743 2826 1797 35
2856 1785 2870 1808 ,
2901 1732 3176 1798 Veronen.
3218 1753 3386 1795 amate
3409 1783 3427 1810 ,
3459 1746 3513 1796 et
3542 1739 3618 1795 ita
3646 1748 3861 1797 sanctus

554 1832 611 1885 in
637 1831 894 1884 natatoria
919 1870 935 1895 ,
968 1826 1255 1884 Corbeicn.
1290 1831 1343 1883 in
1372 1831 1683 1883 natatoriam
1710 1871 1725 1896 ,
1752 1840 1807 1884 et
1830 1830 1902 1883 ita
1929 1828 1986 1884 8.
2021 1828 2154 1883 Am-

557 1926 771 1981 brosius
816 1925 866 1980 in
899 1925 991 1979 lib.
1023 1924 1089 1979 de
1134 1924 1402 1995 Mysteriis
1431 1940 1552 1993 cap.
1587 1925 1621 1979 4
1643 1967 1655 1989 ,
1698 1939 1819 1995 pag.
1851 1923 1976 1979 550.

629 2020 829 2075 Ibidem
878 2019 1149 2074 Veronen.
1184 2017 1567 2073 cthrcellen.
1595 2062 1608 2084 ,
1660 2018 1943 2081 tenebatur,
2003 2024 2057 2069 et
2087 2016 2159 2071 ita

561 2113 618 2169 S.
656 2112 971 2167 Ambrosius
1012 2113 1065 2165 in
1096 2112 1214 2165 loco
1239 2111 1422 2165 citato.
1449 2110 1572 2166 Gat.
1600 2118 1653 2165 et
1675 2110 1836 2177 Mm.,
1881 2118 2156 2166 teneretur.

626 2206 785 2261 Joan.
816 2220 936 2275 cap.
968 2221 1020 2271 ν,
1050 2206 1140 2271 45,
1173 2203 1439 2259 Veronen.
1478 2204 1800 2270 Vercellen.,
1828 2202 2114 2258 Corbeicn.
2139 2242 2156 2269 ,

555 2301 678 2358 Cat.
704 2310 758 2355 et
779 2299 905 2354 Mm.
929 2300 1194 2369 accepistis
1213 2340 1227 2365 ,
1254 2309 1306 2353 et
1334 2300 1406 2353 ita
1438 2299 1494 2353 8.
1517 2299 1832 2355 Ambrosius
1856 2297 2029 2354 iulib.
2054 2297 2160 2353 tde

555 2393 756 2464 Spiritu
786 2393 1007 2458 Sancto,
1036 2408 1155 2462 cap.
1196 2394 1281 2457 15,
1316 2407 1437 2462 pag.
1462 2390 1591 2447 628.

625 2485 782 2542 Joan.
810 2501 929 2555 cap.
964 2501 1017 2539 v1
1044 2528 1058 2551 ,
1093 2485 1192 2551 69,
1225 2485 1277 2541 in
1306 2484 1581 2541 Veronen.
1609 2483 1824 2541 additur
1847 2527 1862 2553 ,
1902 2484 2073 2552 dixit;
2103 2484 2160 2541 in

555 2581 613 2637 8.
642 2581 915 2652 Cypriano
942 2621 955 2645 ,
987 2579 1181 2634 dicens.

623 2674 780 2730 Joan.
813 2688 933 2743 cap.
958 2688 1044 2738 ιι,
1080 2672 1150 2727 70
1175 2706 1213 2737 ,ι
1236 2671 1504 2727 Veroncn.
1552 2673 1793 2741 quoniam
1835 2681 1889 2725 tu
1920 2685 1971 2724 es
2012 2670 2157 2739 ﬁlius

556 2765 694 2832 Dei;
744 2767 1088 2823 Corbeiensis
1113 2807 1127 2831 ,
1165 2774 1220 2821 ct
1259 2773 1479 2821 sanctus
1526 2762 1829 2836 Cyprianus
1855 2806 1870 2831 ,
1916 2765 2162 2834 quoniam

556 2872 611 2914 tu
636 2877 689 2915 ea
716 2860 855 2928 [ilius
886 2858 984 2914 Dei
1007 2859 1126 2912 civi.

626 2954 784 3009 Joan.
806 2967 923 3022 cap.
957 2954 1063 3017 v11,
1106 2951 1166 3005 15
1188 2991 1202 3014 ,
1237 2949 1510 3005 Vcronen.
1536 2956 1593 3005 et
1616 2948 1920 3005 Vercellen.
1957 2949 2161 3002 litteras

555 3049 713 3115 novit,
733 3046 1018 3112 etc.,etita
1044 3044 1104 3101 S.
1124 3044 1280 3100 Amb.
1310 3046 1362 3099 in
1386 3044 1422 3098 l.
1452 3044 1573 3101 nde
1592 3043 1721 3100 Fide
1745 3059 1793 3099 c.
1818 3043 1871 3109 9,
1893 3043 2160 3115 pag.485.

2262 1834 2581 1891 Ambrosius
2603 1833 2655 1888 in
2689 1832 2781 1888 lib.
2811 1832 2878 1889 de
2903 1832 3071 1889 Tobia
3098 1848 3219 1904 cap.
3252 1831 3317 1888 16
3343 1873 3359 1900 ,
3392 1847 3513 1903 pag.
3545 1830 3670 1887 609.

2334 1927 2466 1982 Luc.
2496 1942 2614 1997 cap.
2648 1942 2747 1993 v11,
2777 1927 2879 1990 47,
2911 1924 3181 1981 Veronen.
3237 1925 3451 1980 remissa
3482 1935 3858 1978 eunt...........

2262 2021 2383 2091 quia
2409 2061 2423 2086 ,
2458 2029 2511 2075 et
2541 2020 2613 2074 ita
2664 2018 2720 2074 8.
2751 2020 3073 2074 Ambrosius
3099 2018 3155 2074 in
3183 2016 3275 2074 lib.
3322 2014 3392 2073 de
3421 2015 3571 2072 Isaac
3601 2024 3659 2072 et
3686 2017 3861 2071 Anna.

2264 2118 2321 2174 In
2351 2116 2444 2171 lib.
2478 2130 2608 2171 vero
2628 2132 2664 2171 11
2686 2156 2702 2183 ,
2734 2113 2802 2169 de
2832 2113 3027 2170 Ptcnit.
3061 2128 3184 2185 cap.
3210 2115 3277 2179 8,
3310 2127 3429 2185 pag.
3482 2110 3583 2168 451
3612 2154 3628 2178 ,
3682 2110 3862 2166 dimis-

2264 2226 2322 2264 ea
2368 2216 2506 2277 sunt,
2558 2216 2664 2264 etc.
2693 2226 2708 2274 ;
2736 2208 2833 2264 sed
2886 2208 2938 2262 in
2974 2204 3147 2278 Epist.
3206 2204 3270 2261 41
3304 2203 3466 2262 class.
3498 2222 3553 2272 1,
3601 2220 3659 2275 p.
3714 2205 3861 2273 955,

2264 2306 2478 2360 remissa
2529 2312 2670 2368 sunt,
2724 2312 2832 2359 etc.
2880 2299 3065 2357 Codex
3110 2299 3351 2356 Brixian.
3414 2297 3861 2353 dimittuntur...”

2266 2413 2409 2468 quia.

2334 2491 2467 2546 Luc.
2494 2504 2614 2560 cap.
2642 2504 2767 2555 xv1,
2796 2486 2853 2556 7,
2895 2484 3169 2544 Veronen.
3200 2486 3272 2540 ait
3294 2493 3342 2539 et
3382 2483 3484 2552 illi,
3513 2480 3827 2540 Vcrcellen.
3846 2524 3867 2554 ,

2266 2586 2396 2640 dixit
2418 2596 2583 2639 autem
2611 2595 2657 2639 et
2678 2584 2800 2638 huic
2822 2600 2842 2651 ;
2867 2583 2924 2638 8.
2956 2581 3317 2647 Gaudentius,
3352 2590 3399 2633 et
3428 2580 3500 2633 ait
3526 2578 3627 2633 illi.

2338 2679 2467 2736 Luc.
2508 2696 2627 2750 cap.
2658 2695 2811 2747 mu,
2844 2676 2931 2745 ﬂ,
2954 2676 3235 2733 Veronen.
3267 2686 3322 2731 et
3349 2668 3599 2730 Brixian.
3634 2672 3755 2727 dico
3774 2673 3867 2725 ita-

2265 2788 2383 2845 que,
2410 2770 2531 2827 Cat.
2562 2780 2616 2827 et
2652 2769 2777 2825 Mm.
2802 2786 2949 2825 amen
2980 2770 3117 2838 dico,
3138 2777 3194 2827 et
3224 2769 3297 2825 ita
3317 2766 3535 2839 quidam
3563 2780 3695 2822 mss.
3727 2763 3870 2822 codi-

2267 2880 2360 2923 ces
2403 2866 2462 2922 8.
2490 2864 2763 2937 Cypriani.

2338 2960 2471 3016 Luc.
2487 2974 2608 3031 cap.
2631 2973 2783 3027 xxiv,
2803 2948 2895 3024 49,
2910 2954 3184 3013 Veronen.
3202 2964 3257 3012 et
3280 2946 3569 3011 Corbeicn.
3593 2954 3869 3026 promissa;

2266 3062 2320 3108 et
2350 3052 2423 3108 ita
2471 3053 2530 3108 S.
2563 3050 2844 3118 Ambros,
2880 3050 2936 3107 in
2957 3049 3053 3107 lib.
3077 3064 3116 3106 ιι
3139 3049 3209 3106 de
3232 3047 3417 3119 Spirit.
3443 3046 3632 3104 Sanct.
3660 3045 3859 3118 cap.2,

626 3140 781 3196 Joan.
805 3153 924 3208 cap.
955 3153 1060 3204 VII,
1088 3136 1194 3203 23,
1229 3136 1504 3193 Veronen.
1537 3144 1593 3193 et
1646 3135 1984 3203 Vercellen.,
2038 3136 2163 3189 mihi
2190 3120 2236 3193 C
2270 3162 2391 3218 pag.
2421 3146 2545 3202 638.

558 3232 879 3298 irascimini,
933 3241 1064 3297 etc.,
1094 3238 1150 3285 et
1192 3233 1264 3283 ita
1320 3231 1382 3285 S.
1437 3230 1757 3286 Ambrosius
1813 3232 1867 3284 in
1918 3230 2158 3301 exposit.

559 3324 765 3378 Psalm.
790 3336 957 3377 cxvm
986 3364 997 3384 ,
1024 3336 1146 3390 pag.
1182 3319 1345 3375 1092.

626 3412 785 3467 Joan.
818 3427 937 3481 cap.
963 3427 1034 3465 v11
1065 3454 1077 3475 ,
1112 3412 1215 3476 59,
1252 3412 1521 3467 Veronen.
1549 3423 1601 3467 et
1627 3412 1915 3477 Corbeien,
1948 3412 2163 3468 honori—

560 3506 777 3574 ﬁcatua,
820 3514 874 3559 et
913 3504 983 3557 ita
1014 3502 1072 3559 8.
1108 3504 1425 3559 Ambrosius
1473 3504 1529 3559 in
1570 3504 1661 3560 lib.
1692 3504 1761 3561 de
1788 3505 2002 3560 lncarn.
2059 3505 2164 3561 Do—

563 3598 694 3653 min.
726 3596 967 3652 Sacram.
992 3611 1113 3664 cap.
1146 3611 1199 3649 v1
1226 3637 1240 3663 ,
1287 3610 1408 3666 pag.
1440 3595 1568 3650 711.

633 3690 789 3745 Joan.
822 3704 940 3759 cap.
972 3705 1036 3755 ιι,
1061 3690 1129 3743 58
1155 3730 1169 3754 ,
1201 3688 1254 3742 ἰιι
1300 3688 1570 3744 Veroneu.
1632 3698 1687 3745 et
1735 3690 1975 3745 Brixian.
2005 3732 2019 3755 ,
2080 3691 2159 3745 vel

562 3785 800 3855 aperibus
827 3823 841 3847 ,
876 3793 1006 3851 etc.,
1056 3790 1110 3838 et
1140 3783 1211 3837 ita
1247 3783 1307 3837 8.
1354 3782 1673 3839 Ambrosius
1718 3785 1771 3838 in
1803 3785 1897 3839 lib.
1930 3786 1997 3840 de
2026 3784 2166 3857 Mys.

563 3877 714 3934 teriis
740 3876 931 3947 cap.2,
958 3877 1129 3945 p.527
1151 3894 1167 3939 ;
1193 3888 1244 3930 ct
1266 3876 1317 3929 in
1340 3878 1581 3947 EXposit.
1608 3878 1693 3932 Ps.
1720 3893 1905 3945 cxvnt,
1929 3895 1983 3949 p.
2009 3880 2167 3937 1118.

634 3970 794 4025 Joan.
823 3984 944 4039 cap.
979 3985 1050 4023 ιιι
1079 4012 1090 4033 ,
1116 3970 1213 4033 15,
1250 3969 1520 4025 Veroncn.
1551 4013 1565 4036 ,
1604 3971 1901 4028 Vcrcelleu.
1939 3985 1993 4027 et
2028 3973 2167 4027 Cor-

564 4063 742 4120 beicn.
769 4106 783 4129 ,
812 4065 964 4133 ﬂores
989 4064 1302 4131 palmarum.
1328 4063 1389 4117 S.
1424 4063 1744 4118 Ambrosius
1772 4066 1824 4119 in
1862 4066 1957 4120 lib.
1984 4082 2036 4121 ιχ
2066 4067 2175 4121 Ex-

561 4161 723 4229 posit.
744 4157 949 4229 Evang.
967 4157 1189 4213 secund.
1212 4156 1343 4210 Luc.
1370 4164 1500 4211 tom.
1528 4173 1543 4211 1
1568 4200 1579 4214 .
1600 4173 1718 4228 pag.
1740 4158 1897 4223 H97,
1916 4159 2177 4213 medullas

565 4253 890 4321 palmarum;
915 4260 968 4305 et
1020 4250 1092 4304 ita
1124 4259 1311 4303 auctor
1348 4248 1551 4315 Qumst.
1590 4250 1706 4304 \‘ct.
1740 4262 1793 4305 et
1824 4252 1956 4305 Nov.
1983 4251 2179 4306 Testa-

569 4352 733 4399 ment.
766 4354 960 4412 qumst.
996 4342 1065 4396 82
1087 4384 1099 4405 ,
1132 4342 1183 4396 in
1218 4341 1463 4410 Append.
1495 4342 1527 4395 5
1552 4351 1589 4395 t.
1620 4342 1679 4397 S.
1705 4346 1842 4413 Aug.
1882 4360 2007 4397 nov.
2040 4344 2173 4399 edit.

637 4436 793 4491 Joan.
827 4450 947 4506 cap.
976 4452 1067 4502 χιι,
1090 4436 1181 4499 27,
1216 4433 1485 4487 Vcroncn.
1522 4443 1575 4487 ct
1602 4432 1908 4489 Vercellen.
1937 4479 1951 4501 ,
1996 4438 2175 4489 turba-

2339 3240 2504 3297 Μαι-ο.
2530 3256 2653 3313 cap.
2680 3255 2777 3307 x11,
2806 3239 2897 3309 51,
2931 3236 3237 3303 Vcronen.,
3264 3234 3547 3291 secundum
3577 3235 3751 3289 simile
3774 3232 3867 3298 illi,

2271 3335 2500 3391 V'indob.
2528 3379 2543 3403 ,
2574 3334 2742 3389 simile
2766 3335 2904 3389 huic.
2949 3333 3005 3389 8.
3059 3331 3363 3405 Cyprianus
3391 3330 3444 3385 in
3495 3330 3590 3385 lib.
3641 3329 3714 3384 de
3742 3328 3870 3384 Ora-

2270 3430 2419 3484 tione
2446 3429 2723 3484 Dominica
2766 3444 2886 3499 pag.
2919 3427 3023 3483 9.71
3048 3468 3063 3493 ,
3092 3436 3139 3482 et
3169 3426 3448 3480 secundum
3468 3423 3635 3478 simile
3656 3422 3802 3475 huic.

2346 3522 2464 3589 En,
2495 3522 2703 3577 Muselli
2753 3521 3105 3585 doctissime,
3153 3534 3185 3573 a
3237 3535 3323 3573 me
3370 3526 3753 3589 excerptarum
3806 3528 3872 3569 ex

2276 3588 2575 3650 Verun'ensi
2635 3593 3013 3662 Evangeliario
3076 3588 3865 3662 pmcipuarumdectiouum,

2277 3682 2397 3737 qua:
2421 3682 2544 3719 cum
2589 3665 2684 3737 SS.
2720 3656 2970 3737 Palribus
2999 3656 3367 3737 concordant,
3403 3660 3613 3737 insigne
3654 3656 3870 3737 spicile-

2276 3728 2963 3810 giuiii.Vale,_Yerone11sis
2999 3734 3259 3810 Ecclesiae
3296 3731 3608 3810 prasidium
3633 3771 3648 3793 ,
3681 3739 3740 3783 et
3783 3728 3875 3810 def

2279 3800 2394 3864 cus.
2429 3809 2567 3863 Deus
2614 3807 2865 3876 Optimus
2904 3804 3167 3859 Maximus
3212 3800 3359 3876 votis,
3402 3802 3493 3856 diu
3527 3800 3873 3876 gobsecundet

2282 3882 2457 3945 meis;
2489 3872 2817 3947 efficiatque,
2844 3889 2897 3932 ut
2930 3876 3118 3947 patriae
3150 3890 3329 3947 serus
3351 3872 3592 3936 intersis,
3623 3888 3751 3947 qua:
3785 3881 3870 3947 te,

2283 3962 2405 4021 post
2446 3942 2945 4018 incomparabilem
2962 3944 3565 4021 rprzcsulemuloannem
3620 3942 3873 4021 Bragadi-

2283 4014 2434 4087 num,
2466 4022 2534 4076 tle
2575 4014 2821 4076 restituta
2849 4014 3227 4075 Ecclesiastica
3249 4016 3553 4085 disciplina,
3587 4024 3642 4087 et
3675 4014 3749 4068 de
3794 4027 3879 4067 sa-

2284 4096 2392 4150 cris
2408 4086 2599 4148 litteris
2620 4092 2822 4161 optime
2845 4093 3120 4152 meritum,
3142 4090 3302 4144 veluti
3336 4101 3542 4161 patrem
3559 4086 3690 4142 colit
3708 4096 3765 4139 et
3793 4100 3879 4161 ve-

2288 4176 2527 4220 neratur.
2556 4167 2591 4217 A
2604 4158 2806 4218 morem
2832 4163 2960 4216 mihi
2984 4171 3154 4223 tuum,
3180 4158 3599 4230 cujus’equidem
3616 4158 3875 4230 memoria

2290 4237 2442 4291 valde
2469 4250 2703 4305 recreor,
2721 4236 2880 4304 cupio
2907 4240 3216 4305 conserves,
3243 4228 3317 4299 ct,
3349 4228 3518 4301 si'par
3537 4229 3647 4305 pari
3671 4228 3878 4305 referre

2287 4310 2392 4371 vis.
2422 4323 2659 4363 amorem
2691 4300 2809 4361 non
2830 4306 3125 4375 vulgarem.
3156 4304 3349 4358 Munus
3382 4300 3480 4356 hac
3509 4300 3880 4375 eritomnium

2290 4370 2572 4434 munerum
2607 4370 3144 4447 praesuantiss'imum;
3173 4376 3315 4445 quod
3342 4390 3461 4445 ego,
3492 4372 3762 4447 quoniam
3777 4370 3880 4425 mei

2292 4467 2417 4520 erga
2448 4463 2497 4505 te
2524 4443 2686 4503 animi
2718 4450 2831 4517 ipse
2853 4450 2985 4503 mihi
3008 4443 3257 4502 Conscius
3278 4443 3427 4520 sum,
3459 4445 3609 4513 quasi
3636 4443 3879 4520 debitum

564 4539 665 4595 tur,
686 4538 743 4583 et
772 4530 841 4582 ita
872 4529 931 4584 S.
961 4528 1119 4584 Amb.
1151 4530 1203 4582 in
1235 4528 1326 4582 lib.
1354 4542 1409 4595 11,
1432 4528 1497 4582 de
1521 4526 1650 4582 Fide
1671 4544 1785 4597 cap.
1817 4530 1869 4594 5,
1897 4531 2170 4599 p:1g.477.
2204 4514 2261 4585 D
2288 4514 2561 4599 exspecto.
2589 4514 2798 4599 Siquid
2830 4529 2932 4583 est,
2967 4522 3020 4573 in
3055 4534 3161 4589 quo
3179 4518 3512 4599 amplissimo
3539 4524 3705 4599 atque
3732 4514 3880 4599 illus—

636 4623 792 4677 .loau.
822 4638 939 4692 cap.
982 4638 1055 4675 ιιι
1080 4665 1093 4687 ,
1124 4623 1191 4680 40
1213 4662 1226 4688 ,
1258 4620 1530 4677 Veroncn.
1562 4664 1577 4690 ,
1610 4623 1803 4677 sanabo
1831 4639 1917 4678 eos
1938 4665 1952 4689 ,
1984 4635 2039 4677 et
2090 4624 2167 4679 ita

567 4715 625 4771 S.
659 4714 999 4768 Ambmsius.

635 4806 791 4861 Joan.
835 4821 954 4876 cap.
988 4805 1217 4873 1111,41,
1269 4805 1540 4861 Veronen.
1574 4816 1625 4862 et
1651 4806 1939 4863 Corbeicn.
1975 4811 2169 4881 majes-

567 4908 718 4953 tatem
742 4902 854 4969 ejus
880 4938 895 4963 ,
923 4906 977 4951 ct
1009 4901 1078 4950 ita
1107 4900 1165 4951 8.
1198 4899 1538 4953 Ambrosius.

631 4990 789 5045 Joan.
817 5006 935 5060 cap.
966 5006 1057 5045 xv1
1086 5033 1097 5055 ,
1126 4990 1225 5055 15,
1260 4990 1459 5047 Veron.
1490 5008 1621 5062 quae
1640 4994 1805 5059 audit,
1837 4994 1895 5050 8.
1921 4993 2163 5051 Ambro-

560 5082 674 5138 sius
704 5084 757 5136 in
791 5082 884 5137 lib.
911 5098 940 5135 ν
966 5126 981 5150 ,
1008 5083 1073 5137 de
1106 5082 1236 5137 Fide
1268 5098 1385 5153 cap.
1414 5082 1503 5152 11,
1532 5100 1650 5157 pag.
1686 5086 1792 5141 575
1818 5130 1831 5153 ,
1884 5104 2165 5153 quaecum-

558 5192 657 5245 que
678 5176 819 5228 audit
840 5192 857 5241 ;
880 5184 934 5229 at
954 5177 1008 5230 in
1036 5176 1128 5230 lib.
1158 5191 1224 5240 11,
1256 5176 1322 5232 de
1346 5177 1487 5247 Spir.
1515 5178 1645 5235 Sau.
1679 5194 1799 5252 cap.
1822 5180 1879 5235 ll
1902 5224 1915 5249 ,
1946 5196 1998 5253 p.
2031 5183 2156 5253 656,

556 5264 740 5332 habet,
771 5280 923 5337 quae.

480 5432 489 5439 ι
628 5359 785 5415 Joan.
815 5376 934 5431 cap.
967 5368 1068 5427 av,
1098 5360 1129 5415 5
1155 5404 1169 5426 ,
1204 5360 1456 5419 Veroneu
1492 5371 1545 5419 et
1587 5365 1891 5423 Vercellen.
1946 5370 2144 5441 adferet

556 5450 844 5507 Corbeicn.
876 5451 1003 5506 Mm.
1051 5460 1104 5508 et
1140 5452 1371 5508 Brixian.
1405 5497 1418 5520 ,
1447 5455 1651 5526 adfert,
1685 5469 1738 5513 et
1763 5459 1831 5514 ita
1865 5461 1924 5517 S.
1960 5460 2151 5518 lliero-

554 5559 749 5614 nymus
783 5562 795 5597 :
828 5544 1082 5601 Senatus
1112 5554 1289 5600 autem
1318 5544 1500 5617 Lupus
1522 5548 1681 5619 legit,
1709 5551 1927 5622 adferet.

622 5635 752 5693 Luc.
802 5650 1002 5706 ειμι,
1061 5638 1163 5703 17,
1218 5636 1485 5695 Vcroncn.
1513 5681 1528 5706 ,
1576 5639 1875 5697 Vercellcn.
1919 5654 1974 5698 et
2010 5645 2149 5704 Cor-

548 5727 723 5785 beicn.
755 5772 771 5799 ,
820 5729 1181 5800 incredibiles,
1234 5740 1287 5788 et
1326 5731 1397 5787 ita
1437 5729 1545 5787 duo
1596 5732 1799 5803 regina:
1844 5735 2144 5799 Succorum

2289 4585 2527 4649 trissimu
2551 4585 2785 4657 Capit-ult)
2818 4602 2910 4647 tuo
2935 4585 3097 4659 opera
3123 4604 3243 4644 mea
3271 4585 3389 4643 usui
3411 4588 3575 4659 possit
3597 4600 3768 4659 esse,
3804 4585 3873 4647 id,

2285 4666 2332 4721 si
2361 4667 2474 4736 ipse
2515 4664 2816 4736 intelligere
2867 4658 3275 4736 potuero,_1nea
3312 4658 3504 4730 sponte
3543 4658 3876 4736 suscipiam:

2287 4728 2579 4802 sin'secus,
2609 4751 2639 4789 a
2669 4728 2719 4790 te
2750 4728 3056 4789 admonitus
3086 4728 3355 4799 efﬁciam:
3388 4744 3446 4787 ut
3494 4731 3725 4802 quisque
3769 4728 3872 4802 νυ.

2288 4800 2701 4871 canonicorum,
2733 4821 2851 4860 esse
2881 4820 3067 4861 eorum
3114 4803 3257 4871 apud
3290 4819 3375 4859 me
3426 4801 3634 4873 plurimi
3686 4800 3879 4853 volun‘

2289 4888 2480 4941 tatem,
2515 4877 2796 4948 intelligat.
2824 4877 3200 4931 Doctissimum
3226 4916 3240 4939 ,
3265 4872 3536 4948 atque’Cl.
3570 4872 3748 4948 yirum
3781 4884 3876 4924 co-

2288 4953 2469 5007 mitem
2497 4943 2794 5005 Ottoliiium
2820 4949 3133 5003 Ottulinium
3159 4987 3174 5013 ,
3197 4943 3353 5014 cujus
3370 4943 3684 5013 sapientiam
3717 4953 3880 5010 atque

2286 5020 2555 5093 ingenium
2587 5021 2755 5093 Roma
2776 5020 3161 5093 etiamimirata
3190 5027 3278 5093 est
3296 5061 3312 5084 ,
3338 5017 3509 5093 saluta
3531 5015 3666 5093 meis
3698 5014 3880 5093 verbis

2288 5084 2597 5163 plurimum.
2632 5092 2807 5149 Audio
2828 5090 3221 5163 nobilissimum
3244 5088 3544 5163 Antonium
3568 5084 3874 5163 Musei-lium

2280 5154 2357 5221 ex
2396 5166 2562 5221 fratre
2592 5173 2839 5235 nepotem
2869 5171 3047 5235 tuum,
3072 5160 3212 5235 quod
3242 5161 3293 5214 in
3325 5159 3553 5235 antiquis
3591 5154 3835 5211 moribus
3858 5192 3873 5219 ,

2287 5250 2448 5305 atque
2500 5237 2554 5291 in
2587 5232 2961 5291 Ecclesiasuca
2995 5232 3279 5309 disciplina
3326 5244 3378 5309 ιβ
3405 5232 3629 5309 dignum
3652 5242 3713 5283 se
3740 5240 3877 5309 prae-

2286 5300 2411 5365 stet.
2438 5309 2632 5378 Quanti
2661 5323 2802 5364 nunc
2826 5318 2969 5362 tuam
3010 5300 3220 5378 laudem
3250 5304 3397 5378 iacit,
3424 5300 3544 5378 quae
3575 5300 3687 5356 βω
3711 5300 3876 5378 etiam

2288 5372 2519 5437 maxime
2572 5396 2713 5436 cura:
2760 5386 2876 5445 est,
2928 5386 3131 5432 tantum
3164 5375 3218 5428 iu
3248 5374 3364 5431 dies
3401 5372 3567 5443 magis
3594 5372 3878 5445 magisque

2286 5454 2537 5509 enitatur.
2565 5452 2623 5509 In
2652 5440 2902 5508 omnibus
2921 5448 3078 5518 cupio
3116 5446 3347 5503 similem
3388 5440 3514 5503 esse
3536 5441 3633 5500 tui.
3674 5440 3875 5498 lterum

2284 5524 2420 5580 vale.
