3950 6176
158 281 248 334 115
1105 287 1554 348 EVANGELlUM
1593 290 1963 351 SECUNDUM
2004 293 2433 355 MATTHASUM.

514 400 750 458 CODEX
797 401 1331 460 VERCELLENSIS.

151 489 447 566 decim.”

147 563 241 636 l8._
270 561 449 636 Christi
489 571 675 619 autem
715 581 883 636 gene-
957 561 985 620 ἐι
1019 582 1084 636 pe
1116 607 1130 620 .
1177 609 1190 622 .
1239 609 1252 624 .
1301 611 1314 623 .

145 633 509 688 ratiosicerat.
721 633 739 636 ⁷
953 633 1043 692 22.
1077 639 1230 696 Hoc.
1280 680 1293 692 .
1341 680 1354 694 .
1402 681 1414 695 .
1461 681 1475 695 .

143 703 265 759 Cum
290 702 570 773 desponsa~
957 749 969 761 .
1051 750 1065 763 .
1145 748 1160 764 .
1241 751 1253 765 .
1336 751 1349 764 .
1431 753 1444 766 .
1525 755 1539 768 .
1606 749 1623 770 .

144 785 542 831 taessetmater
953 819 966 832 .
1049 822 1062 835 .
1143 821 1157 836 .
1239 821 1252 837 .
1333 821 1350 838 .
1428 824 1441 838 .
1523 824 1536 838 .
1605 827 1617 839 .

141 844 538 914 ejusMariaJo-
954 893 966 905 .
1047 890 1064 906 .
1144 892 1158 906 .
1242 895 1255 908 .
1337 892 1350 906 .
1432 894 1444 907 .
1527 897 1540 911 .
1613 898 1626 912 .

138 918 276 986 septi,
304 917 609 998 priusquam
948 937 1043 998 per
1070 923 1144 995 (a)
1169 923 1382 998 Esaiam
1413 925 1454 995 1-
1481 926 1611 984 Pro-

136 1001 459 1068 conventrent

135 1067 330 1112 inventa
359 1069 442 1114 est

136 1131 178 1182 iit
207 1138 346 1184 utero
373 1129 436 1183 ha
453 1162 469 1173 -

947 997 1164 1064 phetatu
1193 995 1376 1050 dicen-

947 1075 998 1120 te
1005 1081 1055 1119 ιη
1084 1082 1096 1117 2

941 1137 1032 1217 .25.
1068 1135 1208 1191 Ecce
1235 1177 1249 1190 .
1287 1177 1299 1189 .
1335 1177 1349 1191 .
1381 1155 1450 1210 go

943 1223 1440 1264 tnu...rocon-

939 1279 1101 1348 cipiet
1133 1319 1148 1333 .
1186 1319 1198 1331 .
1238 1318 1250 1333 .
1286 1281 1429 1349 pari-

937 1357 992 1404 et
1018 1349 1090 1404 lili
1127 1390 1141 1405 .
1178 1389 1192 1406 .
1229 1359 1323 1405 .ct

933 1421 1127 1475 vocab.
1164 1465 1174 1473 .
1209 1461 1223 1473 .
1251 1461 1265 1475 .
1293 1431 1352 1476 nt

933 1505 1136 1546 nomen
1160 1491 1278 1562 ejus

935 1561 1258 1618 Emmanuel
1281 1604 1296 1629 ,

933 1633 1074 1702 quod
1106 1643 1190 1688 est
1218 1634 1271 1688 in

132 1202 246 1271 hens
267 1200 331 1254 de
360 1201 527 1271 Spiri-

132 1282 179 1326 tu
205 1269 408 1326 Sancto.

131 1344 152 1396 1
159 1345 207 1423 ξ).
243 1341 432 1424 doseph
459 1354 647 1402 autem

128 1429 196 1468 vir
212 1428 317 1481 ejus
338 1429 461 1469 cum

125 1492 249 1541 esset
273 1487 433 1540 homo
449 1487 569 1557 jus-

126 1566 214 1620 tus,
235 1566 284 1611 et
304 1557 475 1614 nollet

124 1641 222 1680 eam
250 1627 496 1684 traduce-

121 1712 187 1764 re,
217 1700 368 1775 voluit
403 1715 523 1756 eam
936 1700 961 1758 ,ἡ
993 1743 1008 1759 .
1053 1742 1069 1758 .
1112 1715 1357 1775 rpraeta-

119 1769 321 1826 occulte.
363 1813 376 1824 .
420 1809 436 1824 .
486 1812 500 1826 .
549 1815 562 1827 .
932 1815 943 1830 .
992 1817 1005 1828 .
1052 1813 1066 1827 .
1213 1775 1403 1834 Novis-

119 1850 249 1912 tere.
929 1887 943 1901 .
992 1888 1004 1902 .
1040 1885 1056 1900 .
1103 1888 1116 1900 .
1148 1861 1193 1901 s.
1321 1908 1323 1912 η

117 1912 191 1966 ΞΟ.
216 1911 348 1968 Haec
372 1916 620 1984 cogitan-
925 1917 1013 1973 24.
1063 1957 1078 1973 .
1123 1959 1136 1972 .
1182 1957 1196 1972 .
1225 1929 1402 1975 autem

117 1993 158 2035 te
182 1998 260 2047 eo,
289 1987 522 2055 Angelus
931 2031 944 2044 .
989 2028 1004 2043 .
1053 2028 1067 2044 .
1116 2031 1130 2044 .
1171 2005 1336 2047 omno

118 2055 307 2133 Domini
333 2059 576 2133 apparuit
930 2101 942 2114 .
991 2101 1003 2114 .
1053 2099 1068 2114 .
1115 2102 1129 2118 .
1173 2077 1326 2133 prae-

112 2129 151 2180 t-i
180 2127 230 2180 itt
258 2131 557 2207 so_mnis_di:
930 2173 944 2188 .
993 2174 1006 2186 .
1057 2171 1070 2185 .
1118 2175 1132 2189 .
1173 2127 1194 2190 ξ
1236 2149 1365 2207 nge-

113 2200 580 2270 censzJosephfi-
929 2247 941 2259 .
1023 2245 1036 2258 .
1125 2243 1138 2259 .
1219 2200 1328 2261 ,⁷.
1409 2247 1422 2259 .
1501 2245 1516 2260 .
1592 2250 1604 2262 .

114 2270 776 2331 liD.....dnoliti-

114 2357 240 2415 [nere
263 2343 504 2415 accipere
926 2388 938 2402 .
1022 2389 1035 2403 .
1115 2386 1128 2399 .
1213 2389 1226 2403 .
1305 2386 1321 2403 .
1402 2387 1418 2404 .
1497 2389 1510 2404 .
1583 2390 1597 2404 .

114 2410 512 2488 Hariamconju-
927 2463 938 2473 .
1021 2461 1035 2474 .
1119 2461 1131 2472 .
1213 2461 1226 2472 .
1306 2460 1320 2474 .
1401 2461 1416 2477 .
1497 2461 1510 2474 .
1582 2462 1596 2475 .

114 2488 592 2558 gettttuam;quod
927 2535 938 2546 .
1021 2536 1031 2545 .
1115 2531 1127 2545 .
1209 2533 1223 2546 .
1303 2532 1318 2546 .
1399 2533 1412 2545 .
1494 2533 1508 2547 .
1580 2533 1594 2547 .

117 2557 234 2608 enim
263 2560 308 2610 in
331 2575 390 2614 ea
427 2557 555 2616 nas-

115 2629 366 2684 ceturde.
411 2670 425 2684 .
471 2672 487 2686 .
533 2673 546 2685 .

921 2635 1012 2706 25.
1044 2634 1121 2689 vit
1156 2649 1354 2690 nomen
1383 2635 1502 2706 ejus

118 2696 284 2754 Sancto
310 2742 324 2756 .
365 2741 378 2756 .
425 2744 438 2756 .
485 2745 499 2757 .
921 2705 1126 2762 Jesunt.

116 2766 338 2826 ELetau
367 2813 380 2825 .
429 2815 442 2828 .
489 2815 504 2830 .
554 2817 567 2829 .
617 2813 634 2829 .
1116 2776 1342 2833 CAPUT
1382 2777 1445 2833 ll.

119 2853 221 2894 um.
261 2882 273 2896 .
314 2885 327 2899 .
368 2884 382 2899 .
427 2890 441 2901 .
489 2887 504 2902 .
925 2849 974 2904 1.
1016 2847 1150 2920 Cum
1177 2865 1307 2920 ergo
1337 2860 1494 2920 natus

115 2925 214 2964 nom
242 2955 253 2966 .
291 2953 306 2968 .
346 2957 358 2970 .
403 2957 417 2972 .
469 2960 482 2972 .
532 2959 546 2972 .
922 2931 1065 2975 esset
1089 2919 1327 2975 Jesus’in
1359 2919 1462 2975 Be-

114 2979 300 3040 Jesum.
343 3027 356 3041 .
402 3030 415 3044 .
459 3028 476 3044 .
523 3029 538 3044 .
587 3031 603 3044 .
918 2991 1084 3045 thlem
1126 2992 1342 3046 civitate

114 3053 210 3109 sal.
248 3096 261 3110 .
300 3097 314 3111 .
357 3101 371 3114 .
412 3100 426 3114 .
473 3103 485 3115 .
917 3061 988 3133 (c)
1020 3061 1256 3118 Judacae
1284 3062 1326 3133 1-
1355 3060 1533 3118 indie-

494 3174 743 3233 CODEX
780 3175 1243 3234 CORBEIENSIS.

114 3258 462 3344 Christiautern
482 3271 782 3344 generatio
811 3271 888 3324 sic
917 3281 1053 3344 erat.
1085 3271 1258 3340 Quum
1286 3272 1663 3344 essetdespon-

114 3344 204 3410 sata
230 3353 273 3389 nt
293 3348 385 3393 uter
405 3341 524 3410 ejus
554 3341 725 3395 Maria
754 3340 976 3408 JOseph,
1009 3351 1294 3411 antequam
1322 3340 1675 3400 convenirent

114 3418 287 3461 Inventa
306 3422 384 3486 est
402 3411 454 3486 in
489 3423 655 3467 utero
672 3411 879 3466 habens
897 3413 966 3486 de
993 3413 1197 3480 Spiritu
1225 3414 1443 3468 Sancto.
1467 3415 1668 3486 Joseph

112 3487 254 3553 autem
273 3482 348 3534 vir
365 3485 483 3549 ejus
514 3499 688 3553 quum
717 3493 862 3538 esset
892 3484 907 3514 ¹
930 3484 1130 3553 justus,
1149 3499 1199 3538 et
1232 3487 1396 3540 nollet
1415 3502 1533 3542 eam
1563 3482 1672 3542 tra-

113 3547 291 3612 ducere,
315 3547 480 3607 volmt
501 3547 767 3608 "occulte
789 3547 1059 3609 diiiiiiterc
1081 3571 1221 3610 eam.
1249 3556 1581 3612 Haecantem
1604 3574 1670 3614 eo

113 3622 354 3697 cogitante,
375 3639 504 3680 ecce
525 3625 776 3697 Angelus
798 3625 1016 3697 Domini
1052 3627 1102 3679 itt
1126 3627 1332 3680 smnnis
1351 3633 1598 3697 apparuit
1619 3631 1669 3685 ei

111 3692 259 3766 dicens
276 3709 289 3745 :
307 3693 506 3764 Joseph
533 3692 808 3750 ﬁli'David
833 3698 936 3752 noli
966 3698 1161 3752 timere
1179 3692 1435 3766 accipere
1448 3701 1667 3754 Mariam

113 3761 349 3834 fovissent
388 3761 581 3828 ῑιίθῐης
628 3767 770 3834 quod
799 3769 940 3820 enim
973 3768 992 3797 ³
1023 3768 1074 3821 itt
1109 3785 1169 3823 ea
1203 3761 1384 3823 natum
1413 3781 1496 3825 est
1519 3780 1567 3834 ⁸,
1601 3772 1670 3828 de

113 3826 274 3896 Spiritu
321 3849 509 3892 sancto
551 3826 662 3893 est:
700 3839 877 3892 Pariet
903 3850 1080 3892 autem
1114 3842 1300 3906 tilium,
1325 3850 1378 3894 et
1405 3841 1425 3871 ⁵
1453 3826 1669 3898 vocabis

114 3916 270 3957 nomen
298 3909 410 3976 ejus
429 3907 627 3964 Iesum
657 3925 671 3963 :
700 3911 811 3978 ipse
833 3911 977 3964 enim
1002 3911 1208 3964 salvum
1235 3911 1391 3966 faciet
1415 3914 1666 3981 populum

115 3983 286 4028 suumn
332 3981 575 4047 peccatis
606 3995 814 4034 eorum.
863 3981 975 4034 Hoc
1011 3995 1190 4034 autem
1246 3995 1414 4035 tutum
1471 3986 1666 4038 factum

115 4054 192 4122 (ξεί.
218 4058 270 4122 ul
295 4051 694 4117 aditnpleretur
713 4052 854 4120 quod
883 4051 1086 4106 dictum
1113 4064 1192 4105 est
1235 4069 1263 4105 a
1295 4054 1526 4108 Domino
1576 4071 1670 4122 per

124 4113 137 4139 '
161 4116 401 4194 Pi‘ofetam
429 4113 751 4175 dicentem}
785 4123 923 4174 liceo
956 4123 1102 4190 virgo
1135 4127 1181 4176 in
1219 4132 1374 4176 utero
1400 4113 1669 4194 concipiet

116 4194 152 4237 el
175 4190 321 4262 pariet
375 4194 546 4245 filiuni
582 4194 679 4245 et6
707 4196 916 4246 vocabit
948 4211 1139 4248 nomen
1173 4197 1292 4259 ejus
1321 4190 1665 4262 Emmanuel;

115 4259 222 4320 quutl
252 4273 326 4337 est
357 4266 819 4337 interpretatum,
843 4264 1131 4318 Nobiscum
1168 4266 1326 4319 Dens.
1387 4259 1666 4337 Exurgens

118 4338 256 4406 autem
277 4331 476 4406 Josepli
510 4351 540 4387 a
578 4349 770 4388 soinno
803 4336 930 4390 feeit
961 4347 1098 4389 Sicut
1127 4346 1461 4406 pne-ceperat
1489 4331 1668 4392 ei'An-

118 4401 235 4460 ευΙιιδ
275 4404 475 4459 υυηιὶιιί
505 4424 518 4458 ι
552 4417 608 4458 et
657 4401 1176 4475 accepitconjngein
1228 4401 1402 4474 suam,
1457 4419 1510 4464 et
1561 4427 1666 4463 noti

120 4475 318 4550 Cognovit
348 4494 491 4541 eam,
523 4478 700 4531 donec
725 4481 936 4546 peperit
972 4478 1137 4550 lilium
1161 4480 1179 4509 ⁷
1204 4495 1360 4534 suum
1393 4483 1666 4550 primoge-

121 4549 248 4594 nitum
273 4543 327 4609 ι’,
357 4551 662 4622 et_vncav_it
694 4543 890 4622 neuneu
923 4549 1282 4622 ejus_Je_sum.
1327 4543 1500 4618 Quum
1539 4543 1669 4622 ergo

122 4623 239 4666 natus
255 4630 386 4672 esset
411 4618 577 4674 Jesus
607 4620 659 4673 in
693 4619 968 4675 Bethleem
1002 4621 1024 4651 ⁸
1047 4619 1240 4687 Judae,
1271 4621 1322 4676 in
1352 4623 1464 4676 die-

3323 305 3426 366 146

2259 410 2493 469 CODEX
2537 414 2987 478 VERONENSIS.

1822 497 2024 572 omnes
2059 501 2241 572 itaque
2270 519 2440 570 gene-
2657 508 2868 564 salvum
2900 511 3056 568 faciet

1823 571 2063 648 rationes
2094 571 2165 648 ab
2192 573 2466 628 Abraham
2655 582 2911 648 populum
2941 598 3096 639 suum

1820 641 2070 720 usijuenin
2099 643 2388 720 adventum
2653 641 2682 702 Et
2711 641 2946 720 peccatis

1818 711 1946 768 Jesu
1977 713 2179 768 Christi
2650 711 2840 778 eorum

1853 785 2195 840 enerationes
2220 795 2346 842 sunt
2367 804 2493 844 χιιι.

1865 855 2014 928 hriin
2039 867 2216 911 autem
2258 873 2424 928 gene-

1817 927 1954 980 ratio
1981 928 2057 981 sic
2085 937 2221 982 erat.
2266 927 2279 928 ί
2651 973 2662 984 .
2711 972 2725 986 .
2772 976 2783 987 .
2831 975 2844 987 .
2886 945 2969 990 est

1817 997 1903 1052 18.
1937 998 2068 1052 Cmn
2101 1008 2248 1054 esset
2645 1020 2674 1057 a
2702 1004 2931 1060 Domino

1812 1068 2134 1152 desponsata
2165 1069 2331 1126 Mater
2647 1089 2745 1145 per
2769 1075 2845 1201 (t3
2876 1077 3088 1132 Eseiam
3112 1080 3154 1150 1-

1812 1155 1929 1201 ejus
1963 1139 2127 1195 Maria
2159 1140 2254 1196 Jo—
2680 1147 2770 1201 22.
2849 1148 3132 1201 rouhetam

1811 1138 1929 1219 ejus
1963 1139 2127 1195 Maria
2159 1140 2254 1219 .‘lo-
2649 1138 2782 1219 :22.
2805 1138 3132 1219 Prophetani

1809 1209 1941 1278 seph
1963 1249 1978 1264 .
2015 1251 2028 1263 .
2066 1252 2079 1264 .
2113 1250 2127 1265 .
2160 1212 2212 1266 in
2237 1223 2395 1269 utero
2645 1209 2961 1274 dicentem':

1814 1281 2019 1359 habetis
2038 1282 2112 1359 de
2649 1288 2789 1344 Ecce
2821 1289 2980 1359 Virgo

1809 1351 2012 1420 Spiritu
2035 1351 2256 1409 Sancto.

1804 1421 2006 1492 Joseph
2038 1436 2216 1480 autem

1807 1493 1902 1547 Vir
1929 1494 2047 1563 ejus
2075 1511 2195 1550 eum

1805 1575 1952 1636 esset
1980 1566 2144 1621 homo
2180 1567 2294 1636 jns-

1804 1635 1890 1691 19.
1927 1645 2032 1701 lus,
2055 1647 2111 1691 et
2141 1635 2308 1693 nOIIet

1799 1721 1918 1762 eam
1953 1707 2199 1763 traduce-

1809 1793 1891 1842 re,
1922 1779 2092 1832 voluit
2120 1781 2279 1836 tacite

1801 1847 1950 1902 illam
1980 1849 2276 1906 dimittere.

1794 1917 1885 1975 20.
1918 1918 2046 1974 Haec
2069 1936 2134 1976 eo
2160 1923 2399 1992 cogitan-

1796 1998 1868 2062 te,
1906 2005 2035 2046 ecce
2064 1994 2300 2062 Angelus

1795 2059 2008 2117 Domini
2040 2059 2264 2133 apparet
2298 2105 2311 2118 .
2353 2104 2367 2118 .
2415 2105 2428 2118 .
2478 2103 2493 2118 .

2641 1359 2694 1413 in
2727 1369 2880 1416 utero
2907 1375 3039 1414 con-

2636 1429 2726 1485 25.
2750 1431 3189 1505 cipiet.etpariet
3206 1433 3400 1505 lilium,

2637 1503 2908 1556 vocabunt

2641 1587 2838 1628 nomen
2865 1572 2981 1642 ejus

2639 1642 2978 1710 Emmanuel,

2636 1715 2780 1783 quod
2806 1724 2889 1769 est
2915 1716 2997 1768 in-

2639 1795 2988 1855 terpretatum
3006 1827 3020 1852 ,
3050 1784 3246 1842 Nobis-

2632 1869 2753 1910 cum
2780 1857 2940 1912 Deus.

2628 1995 2721 2067 24.
2764 2015 2793 2053 a
2820 2013 3032 2067 somno,

2628 2066 2755 2124 fecit
2783 2071 2921 2126 sicut
2946 2066 3100 2139 prae-

2629 2141 2776 2212 cepit
2801 2143 2848 2196 ei
2879 2145 3054 2212 Ange-

1793 2240 1808 2255 .
1891 2247 1902 2257 .
1984 2245 2001 2261 .
2077 2241 2095 2260 .
2173 2247 2188 2262 .
2268 2246 2285 2262 .
2366 2247 2380 2260 .
2449 2245 2465 2261 .
2629 2211 2713 2265 lus
2747 2211 3003 2266 Domini:

2627 2292 2681 2336 et
2695 2286 2902 2352 accepit
2913 2283 3194 2354 conjugem
3208 2300 3363 2342 suam

2625 2363 2680 2427 et
2708 2371 2810 2409 non
2833 2355 2908 2426 (ὁ)
2929 2361 3182 2425 cognovit
3201 2355 3244 2427 1-

2623 2425 2715 2480 25.
2753 2425 2894 2484 eam.
2924 2429 3100 2482 donec

2623 2499 2830 2566 peperit
2860 2497 3052 2553 Filium
3077 2539 3094 2566 ,

2621 2577 2678 2622 et
2711 2572 2922 2624 vocavit

2620 2653 2816 2696 nomen
2842 2642 2963 2711 ejus
2985 2639 3195 2697 Iesum.

2828 2753 3056 2812 CAPUT
3095 2753 3162 2810 Il.

2689 2846 2823 2902 Cum
2845 2862 2976 2917 ergo
2998 2856 3157 2902 natus

2619 2918 2672 2973 l.
2714 2927 2859 2972 esset
2881 2917 3038 2973 Jesus
3069 2917 3120 2972 in
3153 2919 3255 2974 Be-

2617 2988 2815 3061 tleliiem
2846 2991 3114 3061 civitatem
3148 2988 3221 3061 (c)

2615 3059 2842 3126 Judeae,
2865 3060 2906 3130 1-
2937 3061 2990 3113 in
3021 3059 3135 3114 die-

2243 3175 2474 3232 CODEX
2514 3175 2908 3234 BRIXIANUS.

1850 3271 2054 3328 Christi
2093 3270 2290 3327 ’autem
2331 3273 2606 3342 generatio
2642 3271 2740 3342 sic.
2772 3278 2889 3342 erat
2917 3284 3039 3325 cum
3078 3279 3228 3325 esset
3258 3270 3370 3325 dis-

1779 3356 2007 3414 pensata
2042 3357 2214 3398 mater
2243 3341 2362 3413 ejus
2398 3343 2559 3398 Maria
2590 3358 2618 3395 a
2648 3341 2869 3410 Joseph.
2901 3349 3190 3414 antequam
3235 3356 3369 3414 eon-

1777 3412 2044 3470 ven'trent.
2101 3412 2316 3469 inventa
2357 3422 2442 3469 est
2495 3415 2546 3468 itt
2595 3423 2751 3468 utero
2795 3414 2996 3467 habens
3041 3414 3108 3466 de
3162 3412 3368 3482 Spiritu

1775 3487 1997 3542 Sancto.
2058 3485 2258 3554 Joseph
2295 3497 2475 3540 autem
2535 3486 2614 3538 vir
2662 3485 2780 3554 ejus
2834 3499 2954 3538 cmn
3008 3493 3155 3538 esset
3209 3486 3370 3537 homo

1796 2171 1810 2186 ⁸
1891 2171 1906 2186 ο
1985 2173 1998 2186 ο
2081 2173 2096 2188 ο
2179 2175 2192 2188 ο
2275 2174 2288 2188 ο
2369 2175 2382 2187 ο
2461 2173 2476 2188 Ο

1787 2417 2006 2473 Mariam
2034 2420 2227 2490 conju-

1784 2503 1904 2559 gem
1939 2503 2083 2545 tuam
2110 2507 2125 2554 ;
2167 2491 2310 2562 quod

1784 2575 1927 2616 enim
1947 2577 2014 2616 ex
2043 2577 2104 2617 ea
2140 2579 2266 2617 nas-

1785 2644 1961 2703 cetur,
1990 2633 2058 2687 de
2085 2633 2297 2703 Spiritu

1782 2701 1982 2759 Sancto
2011 2715 2114 2760 est.

1815 2774 1904 2830 21.
1936 2775 2114 2830 Pariet
2149 2786 2328 2830 autem

1779 2845 1970 2912 tilium,
1993 2856 2048 2901 et
2073 2847 2290 2902 vocabis

1778 2931 1977 2987 nomen
2001 2917 2120 2987 ejus

1776 2985 1982 3042 Jesum.

1783 3058 1905 3128 Ipse
1935 3058 2078 3114 enim

1769 3557 1969 3627 jnstus,
1999 3567 2054 3612 et
2102 3560 2265 3611 nollet
2311 3574 2429 3611 eam
2482 3555 2783 3627 traducere,
2819 3555 2988 3627 voluit
3030 3555 3241 3610 occulte
3284 3555 3369 3609 di-

1775 3625 1990 3682 tnittere
2047 3629 2214 3681 illattt.
2249 3627 2391 3682 Haec
2434 3636 2609 3680 autem
2651 3642 2716 3680 eo
2765 3625 3034 3694 cogitante
3083 3641 3212 3681 ecce
3257 3629 3369 3680 Att-

1776 3703 1927 3769 gelns
1967 3699 2178 3752 Domini
2227 3702 2276 3752 in
2337 3699 2543 3752 s0mnis
2579 3698 2853 3769 apparuit
2909 3697 2963 3769 ei
3008 3697 3214 3751 dicens.
3272 3696 3368 3752 Jo-

1775 3767 1909 3839 seplt
1964 3773 2035 3823 illi
2069 3769 2234 3824 David
2279 3786 2346 3824 ne
2378 3768 2620 3822 timtteris
2644 3772 2888 3836 accipere
2917 3767 3134 3839 Mariam
3180 3770 3368 3835 conju-

1809 3837 1894 3895 em
1928 3848 2097 3894 tuam.
2145 3841 2290 3907 quod
2347 3843 2488 3894 enim
2539 3854 2605 3893 ex
2645 3854 2706 3892 ea
2753 3846 3003 3892 nascetur
3048 3837 3116 3892 de
3159 3839 3366 3907 Spiritu

1815 3923 1972 3966 ancto
2003 3925 2106 3966 εει.
2137 3909 2316 3966 Pariet
2367 3920 2545 3964 autem
2596 3909 2761 3962 lilium
2811 3916 2867 3963 et
2916 3909 3132 3962 vocs-bis
3163 3923 3361 3962 nomen

1773 3983 1891 4053 ejus
1911 3983 2118 4038 Jesnm.
2146 3983 2264 4044 Ipse
2293 3985 2436 4036 enim
2479 3981 2684 4034 salvum
2734 3979 2889 4034 faciet
2919 3979 3174 4048 populum
3209 3993 3365 4033 suum

1773 4071 1801 4106 a
1847 4057 2080 4121 pecczttis
2116 4069 2328 4108 eorum.
2363 4053 2472 4105 lloc
2521 4060 2698 4104 autem
2731 4061 2899 4105 totum
2946 4054 3137 4121 factum
3169 4056 3268 4104 est.
3301 4059 3360 4104 ut

1773 4120 2157 4192 adimpleretur
2173 4123 2314 4194 quod
2333 4124 2533 4194 dictum
2553 4133 2634 4175 est
2656 4137 2685 4175 a
2712 4120 3132 4194 Dominoperta)
3152 4121 3366 4194 Esaiam

1774 4196 1816 4268 1-
1845 4191 2203 4266 PrOphetam.’
2230 4195 2368 4250 Ecce
2396 4193 2556 4261 Virgo
2599 4195 2650 4268 in
2679 4204 2830 4268 utero
2869 4191 3084 4268 habebit
3112 4200 3166 4244 et
3196 4191 3366 4268 pariet

1774 4261 2025 4322 filium'et
2050 4268 2318 4321 vocabunt
2358 4279 2552 4318 nomen
2594 4263 2709 4331 ejus
2754 4261 3068 4316 Emmanuel
3112 4261 3253 4329 quod
3281 4270 3367 4315 est

1773 4339 2184 4407 interpretatum
2219 4335 2502 4391 Nobiscum
2547 4333 2684 4387 Deus
2727 4332 3034 4407 Essurgens
3064 4339 3241 4407 autem
3265 4331 3358 4407 Jo-

1773 4410 1904 4481 seph
1921 4401 1998 4465 'de
2015 4425 2207 4464 somno
2233 4409 2522 4482 fecitswut
2548 4405 2817 4482 praecepit
2844 4404 2892 4456 ei
2919 4405 3151 4482 Angelus
3183 4401 3361 4482 Domi-

1774 4476 1852 4555 ni:
1895 4489 1951 4536 et
2000 4483 2210 4555 accepit
2254 4477 2534 4555 conjngem
2584 4491 2734 4528 suam
2763 4480 2818 4528 et
2862 4487 2967 4552 non
2996 4476 3071 4543 (ὁ)
3099 4477 3354 4555 cognovit

1774 4551 1814 4622 1-
1841 4567 1979 4606 eam.
2009 4552 2180 4606 donec
2215 4549 2422 4622 peperit
2455 4547 2621 4600 lilium
2651 4560 2806 4599 suum
2832 4547 3269 4614 primogenitum.
3298 4552 3356 4599 et

1773 4619 1984 4677 vocavit
2003 4638 2198 4676 nomen
2226 4621 2341 4689 ejus
2363 4619 2569 4673 Jesum.

1845 4692 1978 4747 Cum
2001 4708 2130 4763 ergo
2148 4684 2304 4746 natus
2321 4703 2465 4744 esset
2484 4689 2640 4743 Jestts
2659 4687 2712 4740 itt
2735 4684 3014 4742 Bethleem
3033 4685 3106 4757 (c)
3125 4685 3366 4743 Judecae

766 4799 1163 4859 VARIANTES
1200 4799 1578 4860 LECTIONES
1613 4803 1881 4864 CODICIS
1917 4805 2027 4861 MS.
2072 4805 2130 4860 S.
2171 4799 2675 4859 GERMANENSIS.

171 4886 181 4950 ξ
211 4884 335 4936 homo
353 4891 513 4950 justus

166 4946 182 4974 ³
209 4950 335 4999 tacite
353 4946 483 5001 illam
506 4954 762 5005 dimittere

1835 4901 1857 4932 ⁸
1889 4897 2081 4948 Esaiam
2101 4896 2410 4959 PrOphetam.

1836 4961 1858 4991 ⁸
1893 4961 2150 5010 vocabunt.

1835 5023 1856 5054 "
1892 5022 2062 5084 ﬁlium,
2087 5030 2141 5073 et
2161 5020 2366 5084 vocavit.

1836 5085 1859 5117 ⁸
1892 5083 2089 5137 civitate
2115 5083 2354 5135 Iudaeae.

1392 5187 1756 5247 BLANCHINI
1795 5193 2029 5250 ΝΟΤᾸΕ.

175 5281 196 5309 ³
228 5272 538 5348 Cyprianus,
569 5296 632 5333 ea:
650 5279 748 5334 illa
783 5289 962 5334 natum
995 5281 1169 5352 fuerit.
1209 5281 1326 5338 Lib.
1365 5298 1382 5338 ι
1417 5283 1540 5336 adv.
1566 5281 1666 5336 Ju-

123 5342 253 5394 dam-
278 5358 407 5394 spot-
438 5351 489 5394 7,

164 5415 205 5491 ,δ
229 5358 393 5474 Ἀξιὲ
416 5351 774 5491 li7ieronyinus
813 5422 1264 5478 lib.tComment.
1293 5426 1344 5479 in
1365 5423 1670 5478 Matthteum

134 5483 198 5564 hie
213 5493 466 5564 quosdam
499 5483 736 5564 graviter
764 5508 976 5548 errasse
1002 5511 1015 5547 :
1065 5494 1148 5548 Ea:
1171 5493 1267 5550 hoc
1298 5495 1436 5555 loco,
1470 5494 1667 5564 inquit,

129 5558 294 5634 quidam
319 5558 689 5632 peroeriissime
712 5564 1037 5634 suspicantur
1059 5575 1106 5620 et
1128 5566 1258 5620 alios
1279 5567 1414 5634 ﬁlios
1437 5558 1673 5618 [tribuisse

135 5625 340 5696 Mariam,
370 5634 590 5686 dicentes
615 5649 634 5686 :
662 5625 1055 5704 primogenitum
1100 5654 1203 5690 non
1251 5625 1354 5690 α’ἱεὶ
1376 5677 1392 5702 ,
1445 5639 1543 5691 nisi
1585 5636 1673 5707 qui

1774 5287 1954 5343 habeat
2004 5295 2055 5340 et
2107 5287 2316 5356 fratres.
2362 5281 2527 5356 Forte
2553 5282 2926 5356 occasionem,
2950 5280 3109 5356 hujus
3152 5281 3365 5356 erroris

1781 5359 1972 5416 tollere
2009 5351 2177 5411 voluit
2207 5354 2507 5422 exscriptor
2543 5351 2778 5420 Codicis,
2822 5353 3119 5408 omittendo
3148 5355 3245 5406 has
3279 5363 3380 5406 vo-

1774 5442 2063 5502 cestsuum
2093 5427 2502 5502 primogenitum.
2622 5497 2634 5502 _
2866 5495 2876 5502 _
2949 5493 2982 5502 ﬂ
3041 5491 3072 5502 η

1843 5512 1862 5538 ο
1895 5491 2103 5553 Littera
2124 5491 2387 5566 eapp'aret
2417 5495 2593 5552 adhuc
2622 5497 2836 5565 integra
2866 5495 2917 5548 in
2943 5491 3163 5557 Codice;
3191 5507 3381 5561 quam-

1781 5572 1860 5625 vis
1893 5570 1961 5624 ab
1988 5572 2171 5639 aliquo
2199 5568 2410 5622 abrasa.

183 5717 246 5786 (α)
272 5722 469 5796 mitium
502 5722 745 5796 Ειείίιηιβ
783 5735 837 5796 et
889 5726 958 5776 ita
1012 5727 1183 5782 codex
1223 5725 1706 5796 Cantabrigiensis,
1741 5725 1970 5781 Ἠσαίου.
1999 5750 2071 5764 -—
2102 5721 2175 5792 (ὁ)
2222 5719 2295 5774 Ita
2334 5728 2388 5773 et
2427 5717 2545 5772 cod.
2576 5715 2760 5787 mam.
2807 5713 2953 5783 ἔγνω.
2983 5738 3055 5749 -—
3081 5709 3154 5779 (c)
3208 5710 3283 5765 Ita
3321 5719 3379 5766 et

138 5794 275 5844 tutus
303 5791 540 5857 Graecus.
591 5800 683 5851 τῆς
710 5791 976 5855 ἰουδαίαεο
