1975 3088
270 131 321 159 M7

468 186 582 217 CODEX
601 185 869 217 VERCELLENSIS.

272 235 323 263 bus
338 234 452 262 Herodis
465 234 519 261 Re-
690 238 717 261 te
727 233 799 260 enim
815 234 869 260 exi-

272 272 313 305 gis
326 280 332 297 :
348 278 410 298 ecce
423 270 489 303 Magi
502 269 537 296 ab
689 273 717 296 et
732 269 799 301 Rex,
813 269 857 305 qui
872 275 915 297 re-

272 304 383 334 Oricnte
398 313 479 333 vene-
689 309 734 339 gat
750 304 877 339 populum

272 346 337 370 runt
352 341 478 368 Hieroso-
689 347 780 367 meum
797 339 877 366 Istra-

272 377 301 404 2.
317 377 402 412 lyma,
418 376 540 404 dicentes
553 385 559 403 :
690 374 746 412 [101Ζ

272 409 381 440 υδῑεεῑ
392 412 438 440 aui
452 414 531 438 natus
689 410 716 437 7.
737 409 814 437 Tune
828 410 950 438 Herodes
968 417 1015 438 oc-

271 453 314 475 est
327 447 382 474 Rex
398 446 514 474 Judaeo—
689 446 762 473 culte
775 446 881 474 vocavit

269 483 349 511 rum?
361 482 483 510 Vidimus
689 481 781 515 Magos
793 501 799 513 ,
812 485 839 507 et
852 481 909 509 dili-

272 519 346 545 enim
362 518 469 545 stellam
690 521 785 551 genter
799 517 893 551 exqui-

271 554 332 588 ejus
341 554 367 580 in
378 553 474 581 Orien-
690 552 753 579 sivit
768 551 802 578 ab
814 552 853 578 eis
866 556 934 580 tem-

270 593 338 622 tem,
350 594 377 615 et
392 589 514 616 venimus
690 595 750 622 pus.
774 606 780 612 .
804 605 812 613 .
834 606 842 614 .
865 595 912 621 pa-

270 625 385 652 adorare
397 632 469 651 eum.
685 623 788 650 ruiteis
807 623 884 649 stella
900 631 907 649 :

269 660 298 687 5.
313 660 433 687 Audiens
447 663 537 686 autem
686 659 713 685 8.
733 662 760 685 et
773 657 846 685 misit
865 658 925 686 illos
937 657 964 686 in

269 695 392 723 Herodes
405 695 462 722 Rex
477 699 533 722 tur-
686 693 821 725 Bethlem,
839 693 951 722 dicens:

273 732 354 758 batus
369 736 419 764 est,
433 734 461 758 et
473 738 532 758 om-
687 729 736 761 lte,
754 730 904 763 interroga-

270 767 313 807 nis
327 767 484 807 Hierosoly-
547 801 566 807 _
689 769 715 791 te
730 765 877 807 diligenter
889 764 924 793 de

270 803 297 830 4.
315 810 357 829 ma
372 810 433 829 cum
453 801 522 836 ipso.
547 801 580 829 Et
687 807 791 834 puero:
806 805 908 828 etcum

272 857 281 865 .
304 857 311 865 .
333 857 341 864 .
364 857 371 864 .
391 837 464 871 gavit

271 880 367 900 omnes
380 872 480 907 princi-

270 916 321 943 pes
331 907 508 935 Sacerdotum

271 948 300 971 et
313 943 417 971 scribas
431 951 516 978 popu-

271 979 290 1006 li
301 999 309 1010 ,
324 984 350 1005 ιιι
366 980 514 1010 interroga-

271 1014 312 1041 bit
323 1015 356 1041 ab
368 1014 406 1041 eis
423 1015 464 1041 ubi
479 1016 601 1043 Christus

271 1048 298 1076 5.
321 1051 459 1076 nascitur?
474 1051 513 1078 Ad
532 1052 567 1078 illi

272 1085 399 1112 dixerunt
417 1086 441 1112 in
456 1086 501 1113 Be—

270 1120 356 1148 thlem
368 1120 486 1149 Judaeae
501 1129 508 1149 :

272 1156 313 1183 sic
324 1156 395 1190 enim
406 1158 490 1191 scrip-

271 1195 329 1218 tum
342 1195 384 1219 est
397 1199 443 1226 per
458 1192 524 1220 Esa-

270 1226 325 1253 iam
342 1226 503 1261 Prophetam

688 835 857 867 inveneritis,

688 871 808 898 nuntiate
821 872 870 897 mi-

688 906 714 933 hi
729 927 736 938 ,
751 911 780 933 ut
794 905 875 942 etr(b)
890 913 941 942 ego
955 907 1030 936 veni—

688 949 731 968 am
741 962 748 975 ,
764 946 791 969 et
804 941 914 970 adorem

688 985 750 1005 eum
765 976 795 1012 ἦ.

689 1014 716 1040 9.
737 1012 788 1046 Qui
803 1019 863 1041 cum
878 1013 969 1042 audis-

689 1053 750 1076 sent
763 1055 854 1082 regem
865 1069 873 1081 ,
886 1049 944 1076 abi.

691 1088 785 1116 erunt,
796 1088 824 1110 et
837 1091 901 1112 ecce

691 1119 780 1151 stella,
794 1126 873 1153 quam
888 1122 926 1148 vi-

690 1155 786 1182 derant
801 1155 827 1181 in
843 1154 932 1184 orien-

689 1195 754 1223 tem,
770 1191 913 1220 antecede-

688 1225 769 1253 δεῖ..
792 1246 799 1252 .
823 1246 830 1253 .
852 1246 859 1252 .
880 1235 927 1256 ve-

271 1262 434 1289 dicentem:
691 1281 698 1287 .
748 1281 755 1288 .
802 1281 810 1288 .
858 1282 865 1290 .
911 1284 918 1291 .
959 1284 966 1292 .
1011 1284 1019 1293 .
1059 1285 1067 1293 .

273 1297 519 1326 6.EttuBethle-
691 1304 991 1331 pra.........

271 1340 316 1360 em
331 1333 466 1367 Judacae;
690 1340 729 1359 er.

273 1376 329 1396 non
340 1376 370 1396 es
384 1369 462 1396 mini—
692 1368 734 1395 l0.
756 1368 886 1398 Videntes
906 1375 997 1399 autem

274 1411 318 1431 ma
331 1405 403 1440 inter
416 1404 492 1439 prin-
688 1404 795 1432 stellam
809 1405 882 1440 gavi-

273 1441 348 1475 cipes
363 1439 442 1468 Juda.
459 1441 498 1469 Ex
688 1441 711 1468 si
723 1445 786 1469 sunt
797 1439 890 1476 gaudi-

486 1498 600 1535 CODEX
619 1498 853 1528 CORBEIENSIS.

270 1547 323 1575 bus
354 1547 669 1587 llerodis_regis:ec_ee
698 1549 825 1587 Magi_ah
849 1548 960 1587 Oriente
982 1557 1067 1577 vene-

271 1588 343 1619 runt
366 1583 589 1619 Hierosolymam.
614 1583 758 1612 dicentes':
776 1585 825 1612 Ubi
850 1589 892 1612 est
913 1585 958 1619 qui
988 1591 1067 1612 natus

271 1623 314 1645 est
336 1618 391 1645 Rex
417 1618 603 1646 Jtidaeorum?
628 1620 748 1647 Vidimus
776 1621 848 1647 enim
876 1621 983 1647 stellam
1007 1621 1066 1654 ejus

271 1654 299 1680 in
319 1655 432 1685 oricnle,
449 1659 476 1680 ct
504 1655 628 1682 venimus
654 1655 769 1682 adorare
789 1663 862 1682 eum.
878 1655 998 1683 Audiens
1017 1664 1063 1683 au.

271 1693 326 1714 tem
356 1689 476 1716 llerodcs
505 1697 551 1716 rex
578 1691 698 1717 turbatus
717 1695 768 1722 est,
787 1694 815 1717 et
836 1692 924 1718 omnis
943 1691 1068 1719 Hieroso-

272 1724 344 1761 lyma
361 1732 421 1750 cum
438 1725 492 1751 illo.
510 1725 540 1751 Et
553 1725 736 1760 lcongregans
749 1734 844 1753 omnes
869 1726 1003 1761 principes
1025 1734 1068 1753 sa-

272 1759 413 1795 cerdotum
434 1765 461 1786 et
483 1760 587 1789 scribas
611 1759 719 1795 populi,
733 1767 759 1788 et
777 1759 962 1795 interrogavit
975 1762 1009 1790 ah
1029 1763 1068 1789 eis

272 1794 339 1821 uhi’
362 1795 484 1821 ilhri~tu~
513 1794 690 1822 msceretur?
715 1797 750 1823 At
772 1797 808 1824 illi
833 1794 960 1824 dixerunt
978 1798 1005 1825 in
1018 1798 1070 1825 Βε-

275 1830 385 1867 thleemr
401 1831 499 1861 induc;
526 1831 563 1857 sic
584 1833 654 1858 enim
683 1833 813 1866 scriptum
833 1837 874 1859 est
888 1840 934 1866 per
950 1833 1066 1867 Prophe-

273 1870 352 1903 tam:
368 1866 399 1892 Et
416 1871 441 1892 tu
458 1867 594 1894 Bethleem
612 1867 621 1881 ³
639 1872 708 1903 terra
724 1867 900 1900 Judneorum.
915 1872 928 1887 ⁸
940 1866 1068 1903 numquid

273 1901 386 1928 minima
408 1909 437 1928 es
458 1903 483 1928 in
507 1903 671 1937 principibus
690 1902 758 1930 Juda
783 1903 848 1930 ?Ex
862 1907 888 1931 te
912 1904 983 1930 enim
1003 1901 1070 1931 exiit

273 1936 338 1969 dux,
351 1938 395 1971 qui
408 1943 483 1971 reget
494 1936 623 1972 populum
634 1946 723 1965 meum
734 1938 826 1966 Israel.
842 1939 917 1966 ’l‘nnc
929 1939 1050 1967 llerodes
1059 1940 1069 1955 "

272 1972 342 2009 clam
358 1975 460 2000 vocatis
473 1973 556 2008 Magis
571 1974 714 2008 diligenter
733 1974 828 2001 didicit
851 1975 884 2001 ah
899 1975 939 2002 eis
963 1980 1069 2009 tempus

272 2007 445 2043 stellaequae
456 2007 580 2043 apparuit
590 2007 630 2036 eis
643 2018 648 2035 :
662 2014 689 2037 et
699 2010 809 2037 mittens
817 2010 877 2037 illos
885 2010 910 2037 in
920 2007 1069 2042 Bethleem,

273 2043 343 2070 dixit
359 2043 436 2081 :_lte.
453 2050 488 2081 et_
501 2044 665 2081 interrogate
695 2045 839 2080 diligenter
863 2046 896 2074 de
920 2053 1004 2081 puero
1019 2055 1025 2073 ε
1043 2051 1070 2074 et

272 2086 354 2118 quum
369 2078 537 2118 inveneritis,
550 2081 703 2118 renuntiate
715 2078 826 2113 mihi,ut
835 2086 861 2108 et
872 2078 927 2116 ego
937 2082 947 2098 ⁸
959 2083 1070 2118 veniens

272 2114 383 2141 adorem
393 2122 465 2141 eum.
478 2114 529 2149 Qui
539 2124 621 2150 quum
636 2116 775 2144 audissent
790 2124 881 2151 regem
892 2114 1032 2150 abierunt,
1044 2114 1071 2145 ei

271 2157 336 2177 ecce
351 2150 427 2177 stella
441 2171 448 2181 ,
474 2158 555 2185 quam
572 2152 697 2178 viderant
710 2152 736 2178 in
750 2150 876 2185 Oriente,
893 2153 1071 2181 antecedebat

271 2192 331 2224 eos.
343 2185 494 2220 usquedum
509 2186 519 2201 °
533 2187 643 2224 veniens
654 2191 741 2224 staret
753 2195 846 2221 supra,
861 2188 978 2224 uhirerat
994 2196 1069 2224 puer.

271 2219 400 2248 Videntes
413 2226 504 2249 autem
528 2223 633 2250 stellam
658 2222 743 2257 gavisi
764 2219 828 2249 sunt
846 2223 945 2257 gaudio

542 126 676 157 EUSEBII
696 125 866 156 VERCELL
890 126 1111 159 EVANGEUUM
1131 127 1203 156 ﬁt?“
1227 128 1338 159 VARUS
1356 128 1433 157 COD.
1455 126 1649 157 COLLATUM.
1862 129 1902 158 lis

1333 187 1449 217 CODEX
1470 186 1694 218 VEBONENSIS.

1119 233 1170 261 bus
1187 233 1300 261 llerodis
1315 241 1358 262 rc-
1536 233 1569 260 ci.
1593 252 1600 259 .
1622 253 1629 260 .
1652 253 1660 260 .
1683 252 1690 259 .
1713 251 1721 259 .
1744 253 1751 259 .
1775 253 1783 261 .
1805 254 1812 260 .
1831 241 1875 262 ox-

1119 269 1170 303 gis.
1193 288 1200 295 .
1223 289 1229 295 .
1253 289 1260 295 .
1281 289 1287 295 .
1309 269 1419 297 Oriente
1537 268 1574 300 iet
1587 268 1728 303 Princeps,
1741 269 1789 304 qui
1800 276 1841 297 re-

1120 309 1253 340 venerunt
1269 304 1309 340 (τι)
1535 309 1580 338 gat
1596 305 1723 339 populum

1118 339 1146 366 in
1160 340 1255 368 Hiero-
1298 339 1301 340 ⁷
1535 347 1622 367 meum
1639 340 1765 368 Istrahel.

1119 376 1236 411 solyma,
1252 375 1272 411 ἦ·
1538 375 1612 402 Tunc
1628 375 1802 405 llerodeson—

1120 411 1243 439 dicentes
1260 420 1266 437 :
1537 411 1608 438 culte
1621 412 1727 438 vocavit

1120 446 1147 473 Ξ.
1170 446 1219 474 Ubi
1235 451 1276 475 est
1289 447 1335 481 qui
1352 452 1431 477 natus

1121 486 1163 509 est
1175 482 1231 509 Rex
1244 482 1360 510 Jndaeo-

1120 518 1199 544 rum?
1213 518 1332 545 Vidimus

1120 554 1191 580 enim
1206 553 1312 582 stellam

1120 588 1192 615 illius
1208 590 1234 615 in
1247 589 1345 616 Orien-

1120 628 1186 657 tem,
1204 629 1231 651 et
1241 624 1365 652 venimus

1120 660 1235 687 adorare
1246 667 1319 687 eum.

1121 695 1148 722 3.
1170 695 1289 722 Audiens
1298 700 1391 724 autem

1120 729 1178 757 Rex
1193 731 1306 758 Herodis
1314 752 1322 764 ,
1339 736 1395 759 tur-

1119 765 1199 792 batus
1214 771 1265 799 est,
1282 772 1310 794 et
1323 774 1382 796 om-

1120 808 1170 828 nes
1184 801 1339 838 Hierosoly-

1120 844 1163 864 ma
1178 845 1237 864 cum
1255 838 1311 865 illo.

1120 872 1146 899 4.
1169 873 1203 900 Ει
1225 881 1369 909 congrege.
1410 895 1417 901 .
1457 895 1464 902 .

1537 445 1553 472 7
1571 446 1603 473 ad
1617 454 1646 474 se
1665 447 1768 482 Magos,

1536 487 1567 520 e_t_
1576 482 1719 520 diligenter
1730 484 1822 520 exqui~

1536 517 1599 544 sibit
1612 519 1647 544 ab
1657 519 1697 546 eis
1708 523 1775 547 tem-

1537 559 1597 586 pus,
1609 554 1716 589 quando
1726 561 1775 589 ap-

1537 588 1674 621 paruiteis
1689 590 1768 617 stella
1782 598 1789 616 ι

1536 624 1563 651 8.
1584 629 1611 650 et
1626 625 1698 651 misit
1709 625 1769 652 illos
1779 625 1806 654 in

1536 658 1686 692 Bethleem,
1700 660 1807 693 dicens:

1535 694 1584 725 Ite,
1604 699 1631 721 ct
1651 696 1798 730 interroga-

1536 734 1562 757 te
1577 729 1720 764 diligenter
1734 729 1769 760 de

1537 773 1635 800 puero:
1648 771 1749 796 etcum

1537 801 1705 836 inveneritis,

1537 837 1690 865 renuntiate
1702 838 1753 866 mi-

1537 871 1575 912 hi,
1590 877 1619 899 ut
1633 878 1660 900 et
1674 875 1711 909 (ιι)
1726 881 1776 909 ego
1790 882 1833 904 ve-

1536 915 1620 940 niam.
1636 914 1664 936 et
1676 912 1785 937 adorem

1535 950 1597 970 eum
1609 943 1640 978 ὴ.

1538 978 1565 1005 9.
1585 978 1636 1012 Qui
1648 987 1708 1007 cum
1721 981 1810 1010 audis-

1536 1019 1596 1041 sent
1610 1022 1711 1050 regem,
1729 1017 1801 1047 abie-

1121 927 1303 972 .Sacerdotum.

1121 984 1149 1016 et
1163 979 1270 1016 Sci-ibas
1287 987 1370 1016 popu-

1122 1014 1152 1047 li,
1167 1019 1194 1041 et
1208 1014 1356 1050 interroga-

1121 1051 1160 1076 vit
1174 1050 1207 1077 ab
1220 1051 1260 1078 eis
1522 1054 1609 1076 ‘runt.
1627 1052 1660 1078 Et
1673 1059 1736 1080 ecce

1122 1085 1167 1113 ubi
1183 1085 1307 1117 Christus
1536 1085 1624 1121 stella,
1642 1095 1721 1121 quam
1734 1089 1774 1120 vi-

1121 1126 1289 1151 nasceretur.
1536 1119 1631 1149 derant
1645 1119 1670 1149 in
1683 1122 1779 1152 Orien-

1122 1156 1163 1184 Ad
1176 1156 1212 1184 illi
1227 1157 1352 1186 dixerunt
1364 1159 1400 1192 ei,

1123 1192 1150 1219 5.
1171 1192 1197 1219 in
1212 1193 1350 1222 Bethleem
1362 1195 1498 1225 civitatem

1122 1227 1224 1255 Judaea
1238 1238 1243 1255 :
1260 1229 1300 1259 sic
1312 1231 1384 1260 enim

1537 1159 1573 1189 te,
1588 1159 1732 1185 antecede-

1537 1190 1583 1229 bat
1596 1200 1655 1225 eos,
1670 1201 1755 1229 usque

1537 1225 1601 1254 dum
1613 1235 1659 1255 ve-

1121 1263 1222 1300 dictum
1235 1270 1277 1292 est
1291 1272 1338 1299 per
1539 1263 1589 1295 nit,
1601 1263 1637 1300 (ι)
1652 1271 1679 1293 et
1693 1266 1768 1298 stetit

1122 1300 1151 1327 6.
1174 1299 1352 1335 Prophetam:
1537 1304 1620 1334 supra

1123 1335 1157 1362 Et
1171 1339 1199 1372 tu
1211 1335 1319 1364 Bethle-
1538 1341 1651 1372 puerum
1664 1337 1695 1372 ἰη

1122 1378 1165 1398 em
1181 1370 1294 1412 Judaea,

1122 1414 1220 1448 non'es
1231 1415 1310 1449 mini:
1425 1417 1429 1443 ξ

1120 1449 1164 1469 ma
1184 1448 1253 1470 Inter
1263 1448 1338 1477 prin-

1538 1370 1582 1399 10.
1605 1370 1732 1400 Videhtes
1743 1378 1832 1405 autem

1537 1407 1642 1435 stellam
1654 1409 1737 1443 gavisi

1536 1448 1599 1471 sunt
1611 1445 1709 1479 gaudio

1348 1500 1464 1529 CODEX
1483 1500 1680 1529 BRIXIANUS.

1121 1547 1140 1582 1-
1158 1546 1184 1573 in
1198 1546 1293 1587 diebus
1309 1546 1425 1587 Herodis
1441 1547 1521 1587 {tegis
1537 1547 1684 1587 Ecceyagi
1700 1547 1735 1574 ab
1748 1547 1858 1587 Qrienle
1868 1555 1907 1575 ve-

1122 1587 1221 1609 nerunt
1242 1582 1428 1616 Hierosolyma
1451 1582 1582 1610 dicentes.
1599 1582 1647 1610 Ubi
1662 1582 1707 1610 'est
1722 1583 1768 1617 qui
1785 1588 1861 1611 natus
1873 1588 1909 1611 est

1122 1617 1176 1644 Rex
1193 1617 1356 1647 .Iudaeorum
1372 1617 1493 1646 Vidimus
1508 1619 1580 1647 enim
1596 1618 1702 1650 stellam
1715 1620 1774 1652 ejus
1789 1619 1814 1646 in
1828 1620 1909 1652 orien-

1119 1658 1174 1680 tem
1192 1652 1206 1672 ι)
1221 1658 1248 1679 et
1272 1654 1394 1681 venimus
1409 1654 1525 1681 adorare
1539 1661 1610 1685 eum.
1627 1654 1747 1686 Audiens
1761 1659 1850 1684 autem
1863 1655 1909 1682 lli--

1119 1689 1199 1716 rodes
1216 1696 1262 1716 rex
1279 1689 1400 1716 turbatus
1413 1694 1465 1716 est.
1490 1696 1518 1717 et
1538 1690 1626 1719 onmis
1652 1689 1839 1721 Hierosolyma
1853 1697 1908 1718 cuin

1119 1724 1176 1751 illo.
1192 1724 1223 1751 Et
1237 1725 1409 1758 congregavit
1423 1732 1517 1752 omnes
1532 1725 1666 1759 print-ipes
1684 1724 1861 1757 Sacerdotum
1885 1731 1906 1752 cI

1119 1759 1229 1787 Scrihas
1242 1760 1341 1794 populi.
1367 1765 1393 1787 et
1413 1759 1554 1793 requisivit
1567 1761 1601 1786 ah
1616 1761 1655 1787 eis
1672 1760 1716 1787 ubi
1727 1759 1852 1788 Christus
1865 1768 1909 1789 na-

1120 1800 1252 1823 sceretur.
1279 1795 1313 1823 At
1329 1795 1366 1822 illi
1382 1795 1509 1823 dixerunt
1535 1796 1558 1823 ei
1584 1796 1609 1824 in
1633 1796 1772 1823 Bethleem
1800 1796 1909 1824 .ludecac

1120 1831 1159 1858 sic
1174 1832 1245 1858 enim
1261 1831 1390 1858 scribtutn
1402 1835 1443 1858 est
1455 1839 1501 1865 per
1513 1831 1685 1865 Prophetam.
1695 1831 1727 1858 Et
1739 1837 1764 1858 tu
1777 1832 1909 1859 Bethleem

1119 1866 1189 1893 .lude
1206 1872 1216 1885 ο
1234 1874 1266 1893 ae
1282 1874 1335 1893 nou
1349 1874 1379 1893 es
1393 1866 1501 1893 minima
1518 1867 1587 1894 inter
1602 1867 1736 1901 principes
1749 1866 1829 1899 Juda.
1845 1875 1875 1900 er
1888 1872 1910 1894 te

1121 1902 1192 1964 enitp
1208 1903 1283 1929 exiet
1292 1902 1420 1937 Princeps
1435 1902 1480 1937 qui
1496 1908 1568 1936 regat
1581 1902 1709 1937 populum
1731 1910 1821 1933 meum
1837 1902 1872 1935 Sd
1895 1901 1907 1920 «ι

1123 1945 1170 1964 rae
1184 1958 1191 1964 .

1123 1945 1191 1964 rael.

1158 1972 1233 2001 Tum
1243 1972 1362 2000 llerodes
1373 1973 1478 2000 occulte
1488 1980 1587 2001 vocans
1599 1973 1698 2007 Magos.
1712 1972 1858 2008 diligenter
1866 1981 1910 2001 ex-

1121 2008 1230 2043 quisivit
1244 2009 1278 2035 ab
1292 2008 1331 2035 eis
1345 2013 1451 2043 tempus
1464 2010 1572 2043 quando
1597 2009 1721 2042 apparuit
1733 2009 1773 2037 eis
1787 2010 1864 2037 stella
1885 2014 1910 2036 et

1122 2045 1195 2071 trusit
1209 2051 1256 2070 eos
1271 2043 1297 2071 in
1314 2044 1452 2071 Bethleem
1467 2045 1569 2071 dicens.
1589 2049 1685 2071 euntes
1709 2045 1839 2079 requirite
1854 2044 1910 2071 dili-

1121 2083 1215 2114 genter
1227 2078 1261 2105 de
1276 2087 1358 2113 puero
1372 2084 1400 2107 et
1414 2087 1474 2107 eum
1497 2080 1655 2107 inveneritis
1671 2081 1825 2107 renuntiate
1838 2080 1909 2107 mihi.

1123 2119 1187 2141 utet
1202 2122 1251 2148 ego
1263 2115 1377 2142 veniens
1398 2115 1508 2143 adorem
1524 2123 1596 2143 eum.
1625 2115 1670 2150 qui
1696 2123 1756 2142 cum
1777 2116 1911 2143 audissent

1123 2157 1213 2184 regem
1225 2151 1351 2177 abierunt
1364 2155 1391 2177 et
1401 2158 1464 2178 ecce
1477 2151 1553 2178 stella
1567 2158 1647 2185 quam
1670 2150 1795 2178 viderant
1810 2152 1836 2179 in
1858 2151 1912 2178 Ol‘l-

1122 2190 1208 2212 entec
1225 2193 1250 2212 ιιι
1273 2185 1449 2213 antecedebat
1476 2194 1523 2213 eos
1539 2194 1624 2220 usque
1644 2185 1706 2213 dum
1727 2187 1801 2214 venit
1816 2191 1843 2214 et
1863 2192 1912 2214 ste-

1123 2220 1155 2248 tit
1168 2229 1250 2257 supra
1265 2222 1309 2249 ubi
1326 2227 1384 2249 erat
1397 2229 1474 2256 puer.
1492 2221 1622 2250 Videntes
1647 2226 1737 2249 autem
1748 2223 1854 2250 Slt'liﬂlll
1872 2229 1914 2257 ga-

1122 2256 1174 2284 visi
1187 2262 1251 2286 sunt
1268 2257 1366 2292 gaudio

620 2297 817 2328 VARIANTES
837 2296 1029 2327 LECTIONES
1047 2299 1180 2329 CODlClS
1199 2302 1254 2330 MS.
1275 2302 1304 2330 S.
1325 2302 1579 2331 GERMANENSIS.

302 2343 312 2359 ¹
330 2344 489 2374 congregavit
499 2350 585 2369 omnes
597 2346 647 2369 etc.

303 2375 313 2389 ²
330 2374 441 2399 Nascitur
453 2374 578 2400 Christus?

303 2405 313 2420 ³
330 2405 460 2441 Bethleem
471 2405 645 2441 Jutlaeae_non
659 2412 688 2441 es
698 2406 797 2431 minima
808 2406 874 2432 inter
885 2407 1009 2441 principes
1024 2407 1069 2433 Ju-

271 2435 332 2461 da...
346 2437 415 2461 extet
426 2438 542 2468 princeps
553 2438 596 2468 qui
607 2440 688 2468 regat.

1153 2347 1164 2363 ⁸
1176 2347 1278 2381 Occulte
1288 2348 1475 2381 vocavitﬂagos
1486 2352 1512 2373 et
1520 2349 1655 2380 diligenter
1665 2349 1836 2381 exquisivit....
1846 2355 1914 2381 quan-

1122 2379 1278 2412 doiapparuit
1291 2380 1329 2404 eis
1340 2379 1422 2412 stella.
1435 2379 1465 2409 Et
1474 2381 1539 2405 misit
1549 2387 1602 2405 eos.

1155 2411 1165 2425 ⁵
1182 2411 1296 2438 Vettium,
1308 2413 1334 2436 el.
1476 2413 1478 2415 ’

1156 2441 1166 2456 θ
1184 2441 1259 2466 Vertit
1267 2445 1293 2466 et
1301 2443 1372 2467 stetit
1384 2441 1395 2460 ί
1408 2448 1482 2474 supra
1494 2448 1606 2474 puerum.

936 2480 1122 2518 BLANCHINI
1135 2481 1251 2510 nor/3.

307 2530 321 2544 ι
337 2524 441 2553 Eodem
456 2524 536 2553 modo
557 2525 622 2560 legit
635 2526 771 2553 secundus
782 2526 867 2554 codex
886 2527 997 2555 Graecus
1011 2527 1066 2555 Ro-

270 2560 343 2588 berti
356 2560 487 2601 §tephaiii
501 2569 508 2592 ς
525 2566 551 2588 et
567 2561 678 2601 itancuni
693 2562 914 2601 interrogatione,
929 2564 1065 2601 namqqid,

272 2602 340 2630 etc.,
356 2596 496 2632 legendum
510 2601 585 2632 putat
599 2596 710 2624 Grotius
726 2598 752 2624 in
768 2599 824 2626 suis
838 2596 1068 2627 Annotatioriilius

269 2632 303 2668 ad
321 2632 391 2659 hunc
406 2631 494 2668 locum
509 2631 636 2659 hlatthwi.
653 2632 740 2668 Latlni
763 2632 960 2661 autem‘Patres
972 2656 978 2668 ,
995 2635 1068 2661 Hila-

270 2665 516 2706 rius,_Amhrosius_
527 2672 554 2695 et
568 2668 622 2706 beo
637 2667 747 2706 Magnus
760 2669 851 2706 legunt
871 2675 899 2697 ut
914 2665 1001 2698 codex
1014 2678 1066 2698 ms.

269 2703 533 2731 Sani-Germanensis
550 2712 557 2729 :
573 2703 635 2730 Non
646 2712 671 2730 et
684 2703 804 2736 minima,
820 2709 874 2732 etc.

307 2737 321 2757 ¹²
334 2738 399 2766 Litt.
416 2746 441 2765 m
455 2743 577 2774 apparet,
590 2740 712 2774 quamvis
726 2740 832 2767 abraSa.

1160 2535 1172 2549 ε
1189 2530 1220 2557 Et
1245 2530 1289 2558 hic
1310 2531 1433 2566 paritere
1447 2531 1536 2559 littera
1553 2531 1695 2560 manifesta
1716 2536 1774 2566 est,
1796 2532 1914 2568 quamvis

1160 2573 1267 2593 rumner
1281 2566 1388 2593 derasa.

1122 2572 1267 2607 parumper
1281 2572 1388 2594 derasa.

1157 2599 1336 2644 d_.llanil'este
1360 2610 1420 2630 rasa
1446 2607 1487 2630 est
1509 2602 1598 2631 littera
1621 2603 1658 2644 ά9
1687 2603 1765 2638 cujus
1787 2607 1914 2639 apparent

1121 2641 1244 2671 vestigia.

1134 2706 1138 2707 γ
1159 2676 1170 2690 θ
1202 2680 1236 2699 m.
1257 2673 1346 2701 littera
1372 2673 1469 2701 abrasa
1484 2695 1491 2707 ,

1122 2706 1203 2734 tihns.

1155 2742 1165 2761 ί
1182 2742 1220 2770 lta
1237 2743 1301 2778 legit
1315 2743 1411 2772 Versio
1427 2744 1520 2772 Latina
1534 2744 1561 2772 in
1576 2753 1627 2772 ms.
1643 2745 1867 2781 Cantabrigiensi.

1523 2673 1643 2710 vestigiis
1670 2679 1759 2702 tamen
1783 2681 1913 2710 apparen-

316 2798 355 2841 (α)
378 2798 415 2841 lla
431 2801 458 2825 et
469 2802 558 2841 Ieatus
571 2796 927 2841 ῧΐὲουξειιιίῐερφᾳόλυμᾳε
940 2799 978 2841 (ὸ)
993 2799 1030 2841 ita
1046 2800 1255 2841 passimbatine
1269 2801 1336 2831 solet
1344 2801 1457 2832 reddere
1469 2803 1600 2841 Antiquos
1610 2804 1755 2841 interpres.
1770 2812 1831 2841 cuin
1842 2804 1912 2832 Gre:-

275 2841 324 2862 cus
345 2838 436 2861 textus
453 2835 606 2864 orationem
623 2834 708 2861 nectit
732 2834 850 2868 nor-istis,
877 2834 905 2862 iit
921 2834 980 2863 hic':
995 2834 1066 2866 '01:}.1

275 2869 286 2886 l
298 2874 322 2886 in
348 2875 373 2886 ne
402 2873 490 2886 ιυνιιια
505 2868 614 2886 {Imm-na
656 2869 739 2886 μῶυ..
753 2872 798 2886 -.ἦ
816 2870 920 2886 -...S.'-..

1125 2839 1163 2874 γὼ
1172 2837 1247 2865 ἐλθών
1260 2840 1429 2877 “pompatico;
1448 2834 1546 2879 antom-
1560 2854 1596 2879 -έ
1617 2837 1653 2877 (ο)
1668 2834 1706 2878 lia
1718 2834 1819 2878 et'cod.
1836 2841 1909 2886 (ξρρι.

274 2869 333 2897 Lat.
348 2875 375 2897 et
402 2873 491 2896 textui
505 2868 615 2896 Graecus
625 2889 632 2902 ,
655 2869 739 2896 ὶπόινω
753 2872 798 2896 τοῦ
816 2870 930 2899 παιδίου.
