1975 3088
82 112 130 141 ιιι)
557 111 783 146 EVANGELIUM
803 112 859 143 SE(

918 114 988 145 DUM
1008 115 1223 147 HATTHEUM.
1287 138 1290 141 -
1666 125 1717 154 15’0

259 169 377 199 CODEX
402 169 667 203 VERCELLENSIS.

78 216 302 258 emamwde-
322 252 328 258 .
347 251 354 258 .
370 245 383 258 ..
494 217 646 258 tensius
659 221 686 244 ει

81 252 124 295 ιι.
138 251 170 279 Et
184 252 303 295 intrantes
318 251 357 288 (a)
370 253 397 285 in
494 252 597 295 algiitin
616 251 740 295 item:

80 287 195 321 domum,
210 288 228 323 τ
240 287 312 316 vide-
348 287 352 288 ⁷
496 288 539 316 15.
562 292 629 321 tum,
645 287 743 322 et'erat
755 288 792 322 ibi

80 328 141 350 runt
152 331 254 365 puerum
494 330 583 365 usque
592 323 625 350 ad
642 331 716 365 mor-

81 365 138 385 cum
152 358 252 386 Mariam
493 363 546 387 tem
562 359 689 386 Herodis:

79 399 165 435 matre
171 393 240 435 ejus,_
247 398 275 422 et
287 401 350 430 pro-
491 399 522 422 ut
532 394 693 435 adimplere-

79 429 195 472 cedentes
207 429 269 457 ado-
289 429 294 430 ⁷
493 434 537 472 tur
551 430 622 472 quod
634 429 691 472 (ζιε-
716 466 722 472 ⁸

79 469 197 492 raverunt
208 473 270 493 eum
287 475 297 492 :
494 471 549 493 tum
564 469 606 492 est
616 472 631 491 a
646 465 760 494 Domino

77 506 103 527 et
114 501 207 535 apertis
228 501 305 530 then-
493 508 540 536 per
552 500 715 535 Prophetam

78 536 156 563 sauris
174 537 228 566 suis
241 537 318 565 obtu-

77 571 160 599 lerunt
174 572 196 599 ei
210 580 303 600 mune-

78 614 116 639 ra,
130 615 231 640 aurum,
246 608 318 641 thus,

79 642 117 669 12.
137 647 161 669 et
175 650 273 671 murra.
288 644 321 672 Et
334 644 383 672 ad-

80 678 167 705 moniti
178 679 204 705 in
217 686 292 706 som-

78 714 115 740 nis
128 721 159 741 ne
172 714 295 743 redirent

78 749 107 786 ad
119 748 265 786 Herodem,
281 758 329 786 per

78 784 148 811 aliam
160 785 233 812 viam
243 784 286 813 re;

76 820 153 854 gressi
165 825 228 848 sunt
240 821 266 848 in

77 874 110 892 τί.
131 875 149 892 ,ᾗ
160 876 168 883 .
188 863 231 883 am
246 857 397 892 regionem.

76 890 114 917 15.
133 890 182 925 Qui
197 898 257 919 cum
270 890 362 921 reces—

75 927 183 957 sissent,
197 934 259 955 ecce
271 935 321 955 an-

76 962 144 996 gelus
155 962 261 999 Domini
273 971 323 999 ap-

78 998 159 1031 paruit
172 998 198 1025 in
213 1005 284 1027 som-

77 1033 115 1060 nis
129 1032 239 1067 Joseph,
253 1034 290 1061 di-

79 1075 157 1095 cens:
170 1068 265 1104 Surge,
278 1075 304 1099 et

77 1104 163 1138 accipe
179 1112 287 1138 puerum
296 1127 304 1139 ,

77 1143 101 1166 et
112 1145 222 1167 matrem
233 1141 300 1175 ejus,

77 1179 101 1218 et
113 1175 174 1218 fuge.
182 1176 207 1203 in
220 1176 327 1218 Aegyp-

79 1214 137 1242 tum.
151 1215 178 1238 et
191 1217 250 1239 esto
264 1214 300 1240 ibi

78 1253 151 1280 usque
165 1246 227 1273 dum
241 1247 282 1274 di-

79 1289 129 1308 cam
141 1282 195 1309 tibi.
213 1283 293 1310 Futu-

79 1324 129 1343 rum
142 1323 180 1345 est
191 1319 261 1346 enim

493 537 646 564 dicentem:

495 572 535 599 Ex
550 571 672 607 Aegypto
682 580 730 599 vo-

493 608 552 635 cavi
570 607 653 635 tilium
668 616 724 636 me-

494 643 538 670 16.
559 650 615 670 um.
632 643 708 672 Tunc
720 643 773 672 He-

492 678 583 709 rodes,
593 683 622 705 ut
636 679 703 707 vidit

491 713 620 748 quoniam
634 714 682 743 de-

493 749 569 776 lusus
583 754 647 777 esta
663 750 718 778 Ma-

491 785 543 820 gis,
558 785 641 812 iratus
653 790 695 813 est

491 820 586 852 valde;
611 825 637 847 et
650 820 733 855 misit,

491 860 520 883 et
531 856 628 883 occidit
641 864 700 885 om-

491 898 540 919 nes
554 898 663 926 pueros,

512 927 537 954 ui
553 932 630 955 erant
645 928 671 954 in

515 962 627 995 ethlem,
643 967 671 991 et
684 962 711 990 in

493 998 618 1025 omnibus
631 1006 675 1026 re-

492 1033 618 1069 gionibus
631 1034 701 1069 ejus,

493 1077 508 1095 a
520 1068 620 1096 bimatu
634 1075 662 1097 et
674 1069 716 1097 in-

494 1103 545 1137 tra,
557 1105 705 1133 secundum

493 1144 600 1174 tempus
611 1141 682 1175 quod

494 1175 660 1209 exquisierat

494 1218 509 1237 a
524 1210 616 1245 Magis.

494 1245 538 1272 17.
559 1246 635 1276 Tunc
649 1247 780 1284 adimple-

492 1285 547 1318 tum
564 1287 605 1309 est
620 1283 691 1318 quod

491 1316 591 1344 dictum
603 1316 645 1346 est

80 1357 102 1378 ut
113 1352 226 1382 Herodes
491 1360 538 1386 per
553 1353 683 1382 Hieremi-

81 1393 180 1421 quaerat
195 1386 259 1424 pue-
490 1394 532 1424 itm
547 1389 708 1424 Prophetam

79 1422 220 1467 rumistuin
234 1433 294 1461 per-
491 1422 641 1467 dicentem:
665 1460 672 1467 .
700 1429 735 1467 m‘

79 1458 141 1486 dere.
234 1458 243 1461 “
491 1458 534 1487 18.
592 1461 650 1489 Vox
664 1460 691 1489 in
700 1460 774 1488 Rha-

82 1494 116 1532 μ.
135 1494 251 1532 surgens
265 1500 356 1532 autem
596 1504 639 1525 ma
652 1496 741 1532 audita

79 1527 166 1565 Joseph
182 1527 199 1558 5
210 1539 283 1566 som-
340 1528 344 1532 ’
597 1535 648 1563 est,
664 1531 755 1565 ﬂetus,

78 1571 117 1595 n0.
132 1567 234 1600 accepit
243 1575 290 1603 pu-
597 1572 625 1595 et
634 1567 753 1598 ululatus

79 1607 155 1635 erum,
170 1607 198 1629 et
211 1610 270 1630 ma-
598 1603 699 1631 mullus
714 1611 720 1630 :
738 1603 792 1631 Ra-

274 1659 392 1688 CODEX
411 1658 646 1691 GOBBEIENSIS.

79 1712 162 1740 magno
188 1707 276 1733 ralde.
295 1707 328 1735 Et
343 1707 473 1733 intrantes
488 1707 596 1733 domum
622 1707 781 1734 invenerunt
796 1715 861 1741 puc—

78 1748 126 1768 rum
141 1749 199 1768 cum
221 1742 304 1775 Maria
328 1748 413 1769 matre
428 1743 496 1773 eius,
514 1747 539 1768 et
569 1743 739 1776 prOCltIt-‘IIICS
766 1743 860 1769 {ttlorn-

78 1783 161 1804 verunt
185 1785 248 1804 eum
269 1787 275 1804 :
301 1784 327 1805 et
348 1778 447 1812 apertis
472 1778 604 1804 thesauris
624 1779 680 1804 suis
705 1779 859 1805 obtulerunt

79 1811 98 1838 ei
112 1820 217 1840 munera
230 1834 238 1846 ,
251 1821 356 1845 aurum,
373 1814 445 1846 thus,
460 1820 484 1840 et
508 1822 634 1840 nnirrnni.
655 1814 686 1840 Et
705 1814 711 1828 ‘
727 1822 858 1846 responso

79 1853 175 1882 ncccpto
202 1849 229 1876 in
255 1849 357 1876 somnis
384 1857 417 1876 ne
443 1849 621 1889 redirentatl
649 1849 791 1881 Heroden),
810 1858 857 1890 per

78 1882 145 1911 aliam
169 1884 240 1911 viam
270 1885 369 1912 reversi
394 1889 456 1911 sunt
478 1885 503 1911 in
524 1886 662 1919 regionem
691 1893 778 1911 sll'tltl.
809 1882 857 1918 Qui

79 1925 147 1951 Quum
162 1921 350 1949 recessissent.
368 1928 430 1947 ecce
446 1921 557 1954 angelus
573 1920 677 1946 honuni
693 1921 815 1954 apparuit
833 1922 858 1947 in

79 1956 167 1982 somnis
177 1955 291 1996 Joseph,
308 1955 529 1996 dicensz'Snrge.
546 1961 570 1982 ct
586 1957 678 1989 accipe
696 1964 816 1996 puerum.
834 1961 860 1982 et

79 1995 180 2018 matrem
196 1991 256 2025 ejus
272 2012 278 2023 ,
304 1996 330 2017 et
342 1992 401 2025 fuge
426 1992 450 2017 in
466 1992 618 2026 Aegyptum
631 2011 637 2020 .
652 1997 676 2018 et
693 1996 752 2017 esto
767 1992 800 2017 ihi
816 2000 860 2017 us-

79 2032 122 2058 que
134 2026 193 2053 dum
204 2027 293 2053 divam
311 2027 368 2053 tibi.
393 2026 521 2054 Futurum
543 2032 583 2053 est
599 2027 670 2053 enim
696 2032 720 2052 ut
740 2027 860 2054 “t'l‘lldCS

80 2067 178 2093 quaerat
190 2070 302 2097 puerum
322 2063 332 2077 ²
357 2062 389 2089 ad
404 2062 568 2096 perdendum
586 2070 658 2088 eum.
682 2063 731 2094 Qui
749 2070 861 2089 consur-

80 2103 144 2129 gens,
157 2098 257 2133 accepit
273 2105 383 2132 puerum
403 2103 430 2124 et
452 2103 572 2138 matrem
596 2098 654 2131 t-jtts
679 2102 777 2138 nocte,
803 2099 860 2138 et.3

81 2133 215 2160 sccessitin
228 2134 398 2168 Aegyptum.
415 2138 440 2160 et
458 2139 515 2159 erat
539 2133 574 2159 ihi
603 2141 685 2167 usque
716 2134 749 2159 ad
773 2133 783 2147 '*
805 2134 861 2160 obi—

82 2172 127 2202 tum
141 2167 323 2196 lierodisfut
341 2169 533 2202 adimpleretur
549 2169 619 2202 quod
648 2169 748 2195 dictum
776 2175 815 2195 est
846 2178 860 2195 a

83 2201 181 2230 Domino
192 2212 240 2239 per
255 2201 421 2245 Prophetani
440 2201 572 2245 (licentem
582 2213 587 2230 :
597 2205 652 2245 Ἐκ,
667 2206 796 2245 _Aegypto
810 2212 860 2245 vn—

83 2239 128 2274 rqvi
142 2239 222 2267 lilium
235 2248 336 2267 meum.
353 2239 427 2266 Tunc
453 2240 572 2266 llcrodcs
596 2240 605 2253 "
630 2241 859 2274 \‘itlensquonintn

84 2272 162 2302 illusus
174 2281 245 2303 esset
259 2283 274 2302 a
287 2275 380 2310 Magis,
397 2275 478 2315 iratus
490 2281 530 2302 est
542 2275 675 2315 valda}?!
689 2272 797 2315 mittens
812 2283 842 2315 uc
858 2291 860 2293 ι

84 2309 135 2335 cidit
149 2318 240 2337 omnes
256 2309 365 2346 pueros,
388 2312 431 2345 qui
448 2316 524 2337 erant
541 2313 565 2337 in
588 2311 725 2337 Bethleem
739 2312 759 2342 (³,
782 2316 808 2337 et
836 2313 860 2337 in

85 2346 193 2373 omnibus
207 2346 304 2373 ﬁnibus
320 2346 378 2380 ejus
395 2367 402 2377 ,
426 2354 440 2372 a
456 2346 556 2372 himntu
574 2352 599 2372 et
621 2346 700 2377 inl'ra,
713 2346 860 2372 secundum

87 2384 174 2413 tempus
187 2382 256 2416 quod
274 2382 442 2416 exquisierat
453 2382 575 2422 inagis.
594 2382 667 2422 Tune
684 2382 860 2422 :ltl‘llllpltllllll'll

86 2418 191 2450 estquod
209 2417 309 2444 dictum
325 2422 365 2444 est
381 2424 428 2451 per
453 2416 615 2443 lliercminm
638 2417 800 2451 Prophetznn
823 2418 862 2443 tli-

86 2456 174 2479 centem
187 2462 192 2479 :
207 2453 266 2481 Vox
284 2454 308 2480 in
322 2453 407 2479 Rama
423 2452 511 2479 audita
523 2457 574 2486 est,
596 2453 715 2487 ploratus
731 2458 756 2479 ct
773 2453 861 2480 ulula-

86 2488 138 2512 ιη’
150 2496 156 2513 :
168 2488 202 2515 Ra

1140 173 1256 205 CODEX
1276 174 1501 207 VERONENSIS.

1341 222 1405 251 abiit
1420 224 1447 251 in
1462 226 1567 261 Aegyp-

1342 263 1409 292 tum,
1424 264 1449 288 et
1463 262 1566 290 eratibi

1341 301 1426 329 usque
1445 296 1479 324 ad
1491 304 1553 325 con-

1341 333 1548 360 summationem
1573 334 1687 362 Herodis
1704 344 1710 362 :

1341 370 1370 391 ut
1385 366 1510 401 implere—

1342 405 1385 427 tur
1395 403 1465 436 quod
1477 403 1518 430 di-

923 226 1022 254 magno
1035 219 1122 247 valde.

923 254 968 292 1_1.
991 255 1024 281 Et
1037 255 1169 292 intrantes
1181 256 1221 292 (a)
1231 257 1258 285 in

924 289 1034 317 domum
1046 290 1077 325 ἦ,
1093 290 1168 319 inve-

925 330 1023 354 nerunt
1037 333 1151 361 puerum

923 367 984 387 cum
1000 361 1084 388 Maria

923 400 1012 433 matre
1025 396 1095 433 ejus,
1107 401 1134 425 et
1147 405 1209 433 pro-

924 431 1046 459 cidentes
1057 432 1124 459 ado-

925 472 1054 494 raverunt
1068 475 1129 495 eum
1140 477 1146 495 Ζ

926 506 954 539 et
964 503 1064 536 apertis
1075 504 1153 531 then-

1340 440 1411 463 clum
1423 443 1461 465 est
1477 446 1491 464 a
1507 440 1624 468 Domino

1339 479 1387 508 per
1398 472 1559 508 Pmphetam

1338 507 1473 535 dicentem
1486 515 1493 536 :

926 538 1012 580 sauris
1023 539 1080 579 suis
1092 543 1172 574 optu-
1338 542 1377 569 Ex
1390 543 1514 580 Aegypto
1523 553 1568 573 vo-

924 573 1015 601 lerunt
1029 574 1052 601 ei
1065 573 1159 603 muhe-
1338 578 1396 605 cavi
1412 573 1496 608 tilium

925 616 966 641 ra,
980 616 1088 642 aurum,
1105 615 1160 644 tus,
1339 621 1437 642 meum.

925 644 969 671 12.
990 649 1016 671 et
1033 652 1163 675 murram.
1178 647 1212 675 Et
1226 648 1273 676 ad-
1342 649 1387 676 16.
1403 650 1479 679 Tunc
1491 652 1543 680 lle—

923 680 1029 719 m_on_iti.
1053 701 1061 719 ._
1083 701 1090 708 .
1113 702 1120 708 .
1143 701 1151 709 .
1174 702 1181 709 .
1338 685 1429 719 rudes,
1444 692 1473 714 ut
1488 688 1556 715 vidit

925 715 959 752 ad
972 715 1118 752 Herodem,
1136 725 1186 752 per

925 751 1005 778 aliam
1018 751 1088 778 viam
1102 751 1146 780 re;

926 786 1014 821 gressi
1028 791 1090 813 sunt
1105 788 1130 815 in

924 829 1002 851 suam
1018 822 1168 856 regionem.

927 857 972 887 15.
989 857 1040 890 Qui
1050 865 1110 885 cum
1125 866 1216 889 reces-

926 895 1035 924 sissent,
1052 900 1115 921 ecce
1130 894 1186 923 An-

925 929 1001 966 gelus
1017 928 1123 966 Domini
1136 937 1183 966 ap-

926 964 1015 1000 paruit
1028 965 1053 991 in
1067 972 1140 992 som-

926 1007 974 1028 nes
983 1000 1094 1034 Joseph,
1111 1000 1153 1029 di-

925 1043 992 1064 cens
1009 1044 1014 1061 :
1031 1037 1127 1070 Surge,
1143 1043 1172 1065 et

925 1071 1017 1106 accipe
1032 1078 1155 1105 puerum,

925 1111 953 1134 et
965 1112 1078 1134 matrem
1095 1107 1163 1142 ejus,

925 1146 952 1170 et
966 1142 1025 1177 fuge
1038 1143 1064 1169 in
1079 1142 1186 1179 Aegyp-

926 1183 994 1211 tum,
1009 1181 1037 1205 et
1050 1182 1110 1206 esto
1124 1180 1161 1207 ibi

1337 722 1462 754 quoniam
1475 723 1520 751 de-

1338 755 1413 783 lusus
1423 763 1465 785 est
1478 766 1492 785 a
1504 759 1556 786 Ma-

1339 791 1390 826 gis,
1407 793 1490 821 iratus
1503 799 1545 821 est

1339 827 1433 859 valde;
1450 833 1477 856 et
1487 830 1572 863 misit,

1338 866 1365 889 et
1380 864 1481 892 occidit
1495 872 1552 892 om-

1338 905 1387 925 nes
1403 907 1510 934 pueros,

1337 934 1382 968 qui
1396 940 1473 963 erant
1485 935 1512 963 in

1336 968 1485 1004 Bethleem,
1497 975 1525 999 et

1336 1006 1461 1033 omnibus
1477 1007 1510 1034 ti-

1337 1040 1418 1068 nibus
1430 1042 1489 1076 ejus
1503 1062 1511 1075 ,

1336 1082 1351 1101 a
1363 1076 1463 1104 bimatu
1474 1082 1502 1105 et
1516 1078 1558 1105 in-

1336 1110 1386 1144 tra,
1402 1113 1549 1141 secundum

1337 1149 1441 1182 tempus
1455 1150 1527 1182 quod

1338 1182 1381 1209 17,
1398 1185 1562 1218 exquisierat

926 1220 1020 1248 usque.
1044 1234 1051 1240 .
1074 1234 1080 1240 .
1104 1232 1112 1240 .
1135 1234 1141 1241 .
1165 1236 1171 1242 .
1335 1217 1456 1253 gMagis.

924 1269 932 1275 .
957 1271 962 1290 τ
985 1267 993 1275 .
1013 1270 1022 1290 ί
1046 1269 1052 1275 .
1077 1270 1083 1277 ,
1106 1270 1112 1277 .
1137 1271 1142 1276 .
1166 1271 1173 1277 .
1335 1252 1551 1290 Tunc’adimple-

921 1285 1053 1325 est-enim
1335 1292 1390 1325 tum
1405 1295 1447 1317 est
1459 1285 1530 1325 quod

920 1325 950 1347 ut
965 1319 1086 1348 Herodes
1332 1323 1434 1351 dictum
1446 1319 1487 1353 est

922 1361 1026 1393 quaerat
1038 1363 1103 1390 pue—
1332 1366 1382 1393 per
1396 1360 1527 1390 Hieremi-

920 1399 981 1431 r_um
995 1391 1074 1419 istum
1090 1399 1150 1427 per-
1329 1391 1373 1431 Eun
1386 1395 1548 1431 Prophetam

921 1426 995 1453 dere.
1091 1426 1095 1427 ⁷
1329 1426 1462 1459 dicentem
1481 1443 1487 1460 :

920 1462 965 1498 μ.
980 1462 1098 1498 surgens
1109 1466 1197 1491 autem
1337 1464 1394 1492 Vox
1412 1467 1438 1494 in
1455 1467 1509 1496 Ra.

920 1497 1021 1532 Joseph
1030 1497 1042 1529 ,⁷
1173 1514 1177 1516 -
1223 1502 1225 1505 ‘
1336 1507 1379 1527 ma
1394 1502 1486 1532 audita

919 1533 1033 1575 accepit
1042 1541 1108 1568 pue-
1336 1535 1379 1562 18.
1394 1571 1400 1575 _
1410 1542 1461 1575 est,
1476 1540 1608 1575 ploratus,

919 1576 992 1601 rum,
1010 1574 1037 1595 et
1051 1577 1107 1595 ma-
1335 1575 1363 1597 et
1375 1571 1492 1602 ululatus

919 1603 962 1631 15.
982 1609 1048 1631 trem
1064 1604 1123 1639 ejus
1138 1610 1264 1640 nocte,et
1335 1607 1453 1634 multus:
1465 1610 1519 1637 Ra.

1148 1662 1265 1693 CODEX
1283 1663 1480 1695 BRIXIANUS.

913 1715 1011 1744 magno
1042 1709 1120 1738 valde
1132 1711 1334 1749 __et_intrantes
1351 1712 1390 1749 (a)
1402 1713 1428 1741 in
1454 1714 1565 1743 domum
1584 1716 1710 1746 viderunt

914 1751 1031 1779 puerum
1054 1753 1115 1772 cum
1131 1745 1213 1774 Maria
1228 1752 1313 1774 matre
1334 1745 1401 1783 ejus.
1418 1754 1443 1776 et
1458 1752 1629 1784 procidentes
1642 1745 1708 1781 udo:

912 1785 1041 1820 raverunt
1062 1789 1133 1809 eum.
1157 1787 1185 1810 et
1213 1784 1483 1823 apertisthensauris
1512 1788 1568 1814 suis
1602 1790 1710 1823 optule-

912 1820 975 1842 runt
986 1817 1009 1842 ei
1022 1825 1134 1845 munera
1147 1825 1240 1846 aurum
1254 1823 1263 1846 t
1288 1823 1300 1837 ³
1315 1819 1366 1847 hus
1377 1825 1403 1847 et
1415 1829 1533 1849 nmrram
1543 1827 1571 1850 et
1579 1817 1709 1853 admoniti

889 1884 897 1888 _
912 1858 960 1892 per
983 1854 1117 1892 somnium
1145 1861 1178 1880 ne
1199 1854 1319 1892 redirent
1347 1855 1380 1883 ad
1403 1856 1537 1884 Herodem
1559 1867 1605 1891 per
1629 1861 1708 1888 altam

912 1889 981 1925 viam
1005 1889 1104 1915 reversi
1126 1893 1190 1925 sunt
1214 1890 1240 1917 in
1266 1891 1402 1925 regionem
1427 1899 1512 1920 suam.
1548 1889 1709 1923 Hccedenti-

912 1922 969 1964 hus'
989 1928 1078 1963 autem
1105 1924 1252 1964 il|_is._eccc
1266 1922 1383 1964 Angelus
1405 1927 1510 1964 Domini
1525 1930 1649 1964 apparuit
1662 1922 1709 1958 Jo-

912 1959 977 1992 seph
1003 1960 1028 1985 in
1049 1959 1270 1999 somnis_dicens.
1288 1959 1372 1999 Surge
1391 1967 1418 1989 et
1440 1963 1532 1998 accipe
1542 1959 1659 1999 'p'uernm
1682 1972 1709 1994 et

913 1998 1026 2035 matrem
1042 1994 1142 2035 cjus_et
1160 1995 1218 2035 inge
1240 1996 1264 2023 in
1288 1997 1438 2035 Aegyptum
1455 2003 1482 2025 et
1498 1994 1557 2027 esto
1573 2000 1609 2028 ibi
1626 2009 1709 2035 usque

912 2029 976 2067 dum
991 2029 1078 2056 dicam
1096 2030 1158 2071 tibi:
1170 2030 1286 2058 futurum
1302 2029 1354 2071 est
1362 2029 1434 2060 enim
1451 2038 1479 2061 ut
1495 2035 1616 2063 Herodes
1629 2029 1711 2071 quae-

913 2063 953 2091 rat
971 2073 1081 2099 puerum
1095 2066 1207 2100 perdere
1220 2074 1292 2106 eum.
1309 2067 1357 2095 Ille
1368 2073 1592 2106 autemwsurgens
1607 2063 1711 2106 accepit

913 2105 1067 2142 puerumuet
1078 2106 1190 2128 matrem
1199 2102 1267 2142 ejus
1280 2107 1368 2142 nocte.
1388 2108 1415 2130 et
1425 2105 1491 2142 abiit
1503 2102 1707 2142 in‘Aegyptum.

913 2140 941 2165 et
951 2136 1058 2176 erat__ilii
1075 2144 1159 2171 usque
1173 2137 1208 2176 ad
1225 2138 1326 2176 obitum
1342 2139 1465 2176 Herodis.
1478 2136 1710 2176 utadinﬁfléretur

913 2171 984 2210 quod
998 2171 1098 2200 dictum
1114 2177 1180 2210 esta
1192 2173 1307 2210 Durnino
1321 2181 1368 2208 per
1382 2174 1545 2210 Prophetam
1561 2171 1707 2206 dicentem.

913 2212 945 2233 ex
961 2208 1081 2242 Aegypto
1096 2208 1188 2236 vocabi
1206 2209 1289 2236 tilium
1301 2217 1400 2237 meum.

949 2242 1024 2269 Tunc
1040 2243 1160 2285 Herodes
1173 2244 1269 2272 videns
1284 2245 1355 2280 quod
1368 2245 1480 2274 delusus
1495 2252 1568 2276 esset
1584 2256 1597 2275 a
1612 2248 1704 2285 Magis.

915 2277 999 2304 iratus
1010 2282 1052 2304 est
1063 2278 1249 2308 vehementer.

951 2312 986 2339 Et
998 2313 1108 2351 mittens
1123 2315 1222 2343 occidit
1234 2323 1331 2343 omnes
1343 2324 1442 2351 pueros
1452 2319 1495 2351 qui
1509 2325 1587 2347 erant
1600 2320 1625 2347 in
1634 2321 1711 2348 Beth-

914 2348 984 2374 leem
1008 2354 1034 2387 et
1057 2350 1082 2376 in
1098 2351 1222 2377 omnibus
1238 2348 1412 2387 ﬁnibus-ejus
1426 2361 1439 2379 ιι
1453 2348 1553 2382 bimatu
1578 2361 1605 2384 et
1629 2358 1710 2385 inl'ra.

915 2383 1063 2425 See-undttm
1076 2390 1182 2425 tempus
1196 2387 1268 2420 quod
1284 2383 1450 2425 exquisierat
1464 2397 1478 2416 a
1489 2390 1581 2425 Magis.

951 2419 1026 2461 Tunc
1049 2419 1224 2461 adimpletum
1239 2426 1282 2449 est
1298 2419 1369 2461 quod
1382 2424 1483 2461 dictum
1499 2419 1545 2453 est
1554 2435 1601 2461 per
1617 2427 1711 2455 lliere-

914 2454 994 2491 iniam
1005 2454 1166 2489 Prophetam
1182 2454 1328 2485 dicentem.
1343 2459 1400 2487 Vox
1415 2461 1441 2487 in
1453 2460 1535 2488 Rama
1550 2454 1640 2491 audita
1659 2467 1709 2491 est.

914 2489 1036 2524 ploratus
1063 2496 1090 2518 et
1115 2492 1231 2520 ululatus
1255 2495 1364 2521 multus.
1394 2495 1446 2523 Ra-

412 2546 612 2575 VABIANTES
631 2545 824 2575 LECTIONES
839 2547 973 2589 QODICIS
991 2549 1046 2578 MS.
1069 2550 1097 2579 S.
1118 2550 1371 2580 GERMANENSIS.

111 2592 118 2606 ¹
133 2592 245 2619 Admoniti
427 2606 430 2608 λ

111 2623 120 2661 ξ
134 2625 200 2661 istum
212 2625 329 2657 perdere.
343 2625 459 2656 Surgens
467 2627 549 2650 autem
560 2624 652 2656 Ioseph

111 2654 120 2680 ἢ
133 2656 188 2681 abiit
212 2654 219 2657 ⁷

110 2684 120 2707 θ
134 2688 358 2716 mammatiouem

949 2596 959 2611 ⁸
978 2596 1011 2621 Ut
1022 2597 1109 2622 vidit...
1119 2601 1158 2623 est

947 2626 961 2674 ς
975 2627 1098 2684 liqgalesae,
1112 2632 1138 2654 et
1149 2630 1261 2656 omnibus
1271 2631 1415 2662 regionibus

1027 2672 1036 2684 ι

1027 2672 1036 2684 ι

731 2742 913 2773 BLANCHINI
931 2745 1045 2780 NOTE.

118 2786 240 2822 I‘Abrasa
254 2788 372 2825 aspirata
392 2792 421 2816 et
435 2792 590 2824 apparente.

125 2853 157 2890 (Va)
168 2853 204 2883 ita
216 2861 242 2884 et
253 2860 342 2886 textus
360 2855 482 2890 (ἤκουε,
496 2858 534 2886 εις
547 2858 593 2886 τήν
602 2856 689 2884 οἰκίαν.
