3950 6176
494 211 586 269 I51
1030 216 1297 275 EUSEBII
1336 215 1673 273 VERCELL.
1719 216 2160 273 EVANGELIUM
2203 216 2337 273 CUM
2380 216 2606 273 VAlillS
2644 215 2798 273 COD.
2838 215 3230 275 COLLATUM.
3669 208 3755 262 l5?-

2617 333 2857 404 ,(:onex
2897 326 3368 389 VERONENSIS.‘

889 334 1112 392 CODEX
1154 332 1692 389 VERCELLENSIS.

644 426 765 500 ehel
788 428 1007 500 plorans
1337 426 1478 494 quod
1504 426 1705 500 dictum

647 497 963 567 ﬁlios'suos,
1333 508 1417 552 est
1444 512 1538 568 per
1564 497 1804 568 Prophe-

644 580 699 624 et
729 571 898 625 noluit
926 586 1053 625 con-
1339 579 1446 623 tam
1481 586 1493 622 :

645 640 826 704 solari,
859 642 965 709 qtli-
1479 639 1743 711 Quoniam
1767 640 1839 711 (ὁ)
1873 639 1978 695 Na-

647 727 677 766 a
702 728 805 782 non
839 722 983 767 sunt.
1479 725 1675 782 zoreus
1704 710 1746 782 ἰ-
1776 710 1939 767 voca-

504 788 589 844 I9.
636 781 895 840 Defuncto
926 800 1019 839 au-
1480 780 1643 835 bitur.

500 853 884 951 Ee.'l‘.'l‘i".f’.‘lf’.z
1475 896 1510 911 -·
1537 893 1766 950 CAPUT
1789 895 1876 951 ιιι.

502 944 630 983 ecce
646 926 887 993 Angelus

503 997 712 1054 Domini
742 1012 975 1065 appartt-
1028 1016 1035 1057 ;

501 1072 541 1126 it
571 1073 621 1125 in
651 1069 856 1124 somnis

502 1141 703 1211 Joseph
734 1140 808 1193 iu.
848 1181 860 1193 .
894 1180 905 1191 .
944 1177 957 1192 .
995 1181 1007 1192 .

501 1213 593 1267 220.
669 1222 1011 1284 gyp!.....
1061 1225 1172 1265 ns:

500 1282 691 1353 Surge,
707 1282 780 1338 iet
803 1282 986 1349 accipe

500 1370 751 1426 puerum,
776 1362 830 1406 et
862 1367 975 1405 ma-

486 1425 637 1480 trem
660 1425 796 1494 ejus,
826 1433 881 1477 et
907 1438 1001 1476 va-

506 1499 574 1550 de
606 1498 656 1549 in
690 1508 888 1549 terram

502 1566 727 1622 Istrahel
759 1585 771 1619 :
802 1562 1025 1620 defunc—

504 1646 588 1692 ttts
610 1646 692 1692 est
711 1637 877 1698 enim,

502 1709 592 1779 qui
616 1708 913 1777 quaerebat

504 1795 740 1833 animam
773 1794 893 1847 pue-

503 1850 595 1903 21.
639 1850 684 1904 ri
720 1891 732 1903 .
781 1890 792 1902 .
841 1886 854 1902 .
892 1848 960 1902 Et
988 1861 1216 1917 surgens

503 1921 710 1989 accepit
738 1935 988 1989 puerum,

503 2002 559 2046 et
584 2002 807 2046 matrem
832 1990 971 2058 ejus,

503 2072 558 2117 et
589 2063 731 2117 venit
760 2062 812 2116 in
844 2070 950 2115 ter-

505 2149 618 2187 ratn
650 2132 896 2189 Istrahel.

505 2204 594 2259 22.
673 2204 913 2259 Audiens
934 2214 1113 2261 autem

504 2276 646 2345 quod
680 2275 979 2331 Archelaus

501 2354 754 2414 regnaret
778 2348 827 2400 in

503 2417 672 2473 Judea
702 2432 795 2487 pro
834 2416 1007 2473 Hero-

1408 986 1460 1040 1.
1506 985 1560 1039 In
1587 986 1690 1039 illis
1708 994 1909 1043 antem'

1335 1055 1529 1111 diebus
1552 1058 1699 1112 venit
1720 1058 1994 1117 Iohannes

1334 1127 1565 1196 Baptista
1590 1143 1747 1198 prae-

1335 1198 1520 1253 dicans
1546 1199 1599 1251 iu
1629 1204 1724 1253 de-

1336 1280 1483 1323 serto
1509 1269 1733 1339 Judeae,

1337 1341 1480 1421 2.Aet
1503 1341 1688 1421 dicens
1719 1362 1732 1398 :
1771 1346 1906 1401 Pae-

1338 1414 1613 1466 nitentiam
1646 1430 1704 1467 a-

1338 1482 1483 1551 gite:
1515 1484 1796 1555 adpropin-

1339 1555 1520 1622 quavit
1548 1558 1692 1609 enim

1340 1639 1562 1691 regnum
1591 1624 1725 1682 Cae-

1342 1694 1395 1747 3.
1433 1696 1625 1750 lorttm.
1658 1699 1755 1762 Ilic
1783 1713 1865 1761 est

1340 1766 1482 1837 enim
1513 1766 1579 1820 de
1603 1784 1711 1837 quo

1340 1835 1540 1891 dietum
1572 1835 1658 1894 est
1676 1858 1769 1909 per

1344 1916 1771 1989 ..._..phe.

1341 1989 1448 2031 tam
1478 1978 1748 2043 dicentem
1784 2009 1794 2042 ;

1340 2048 1454 2103 Vox
1482 2050 1721 2112 claman-

1336 2120 1405 2175 tis
1433 2123 1484 2174 in
1509 2122 1693 2183 deser—

1338 2200 1394 2244 to
1424 2209 1439 2247 :
1469 2191 1661 2253 Parate
1690 2203 1771 2257 vi.

1340 2278 1425 2317 am
1449 2263 1659 2324 Domini
1691 2290 1704 2325 :
1740 2289 1857 2331 rec-

1343 2343 1425 2387 tas
1455 2334 1617 2394 facile
1646 2349 1811 2399 semi-

1345 2416 1426 2458 tas
1451 2405 1589 2473 ejus.
1617 2410 1747 2468 Om-

503 2490 572 2543 de
605 2476 756 2561 pati-e
776 2503 903 2561 suo,
937 2488 995 2542 ti-
1342 2476 1427 2561 [lis
1452 2477 1605 2561 fallis

502 2547 638 2615 ntui't
660 2559 751 2613 illo
774 2558 851 2631 ire
875 2547 901 2623 ς’
1340 2547 1672 2631 implebitur,

500 2641 555 2687 et
581 2630 889 2686 admonitus
1342 2629 1396 2674 et
1421 2629 1597 2675 omnis

500 2703 553 2757 in
578 2702 805 2766 somnis,
836 2714 924 2755 se-
1258 2727 1262 2730 ~
1343 2705 1500 2773 91098
1525 2697 1719 2773 et__col-

508 2813 522 2826 .
571 2814 583 2825 .
632 2813 646 2827 .
694 2813 706 2825 .
873 2811 885 2824 .
930 2808 946 2824 .
992 2811 1005 2823 .
1052 2812 1065 2825 .
1112 2814 1126 2827 .
1174 2813 1187 2826 .
1234 2812 1249 2826 .
1343 2762 1687 2821 liShumilia-

1340 2835 1793 2917 bitur;eterunt

1340 2921 1669 2977 ommapra-

502 2986 595 3042 25.
638 2987 715 3040 vit
739 2985 793 3040 in
817 2983 1069 3051 civitate,
1337 2995 1402 3033 va
1426 2979 1477 3033 in
1519 2979 1693 3036 direc—

1340 3059 1416 3117 ta,
1450 3060 1505 3105 et
1525 3065 1716 3119 aSpera

1341 3122 1394 3175 in
1422 3123 1540 3175 vias
1572 3124 1687 3191 pla-

1344 3208 1478 3258 nas;
1524 3203 1579 3248 et
1595 3195 1743 3249 vide-

928 3313 1161 3370 CODEX
1197 3312 1664 3370 CORBEIENSIS.

504 3405 625 3462 chel
654 3405 871 3477 plorans
902 3404 1043 3460 ﬁlios
1070 3421 1199 3461 suos
1219 3449 1233 3471 ,
1265 3406 1507 3462 etnoluit
1528 3406 1821 3471 consolari,
1840 3408 1963 3478 quia
1989 3421 2092 3462 non

506 3486 653 3532 sunt.

573 3548 639 3603 II.
664 3546 927 3602 Defuncto
946 3558 1125 3602 autem
1148 3547 1380 3612 Herode,
1415 3561 1542 3602 ecce
1560 3548 1574 3577 ⁸
1595 3549 1841 3617 apparuit
1857 3548 2097 3615 Angelus

502 3620 719 3674 Domini
755 3618 807 3671 in
836 3618 1039 3671 somnis
1064 3618 1264 3686 Joseplt
1299 3619 1348 3672 in
1381 3618 1645 3689 Aegypto,
1680 3618 1901 3672 dicens:
1926 3620 2095 3689 Surge

499 3701 549 3744 et
582 3691 767 3758 accipe
796 3704 1042 3758 puerum,
1062 3699 1116 3742 et
1146 3698 1370 3743 matrem
1399 3690 1537 3754 ejus,
1568 3698 1623 3742 et
1653 3691 1785 3742 vade
1814 3691 1864 3743 in
1896 3702 2092 3745 terram

497 3760 659 3816 Israel
695 3779 706 3811 :
738 3761 971 3813 defuncti
1009 3772 1134 3814 sunt
1174 3762 1340 3825 enim,
1379 3760 1471 3830 qui
1502 3762 1833 3828 quaerebant
1858 3763 2091 3815 animam

498 3833 693 3900 pueri'.
727 3831 826 3897 Qui
855 3847 1081 3899 surgens
1102 3834 1310 3899 accepit
1342 3846 1588 3896 puerum,
1621 3840 1676 3884 et
1700 3841 1922 3885 matrem
1953 3832 2089 3901 ejus,

495 3912 550 3957 et
563 3904 709 3957 venit
722 3906 770 3956 in
788 3911 985 3955 terram
1006 3902 1431 3956 lsrael.Audiens
1446 3910 1625 3956 autem
1641 3902 1783 3971 quod
1796 3901 2093 3957 Archelaus

496 3986 740 4043 regnaret
770 3975 821 4025 in
851 3972 1050 4027 Judaea
1093 3988 1189 4041 pro
1217 3973 1429 4027 Herode
1455 3985 1607 4041 patre
1644 3988 1758 4031 suo,
1782 3974 1980 4027 timuit“
2000 3974 2092 4027 illo

496 4046 576 4099 ire
604 4056 688 4099 :et
719 4045 1025 4097 admonitus
1061 4044 1112 4098 in
1149 4046 1355 4097 somnis
1389 4046 1613 4098 secessit
1647 4045 1697 4097 in
1727 4056 1908 4111 partes
1946 4045 2092 4102 Gali-

496 4116 689 4170 laeae‘.
723 4117 785 4169 Et
816 4116 1040 4169 veniens
1072 4114 1328 4169 habitavit
1357 4116 1406 4168 in
1432 4114 1677 4177 civitate,
1698 4130 1834 4181 quae
1864 4125 2091 4170 vm-atur

491 4186 756 4242 Nazareni
777 4204 788 4239 :
812 4195 869 4238 ut
898 4186 1285 4254 atlimplerctur
1305 4188 1445 4255 quod
1470 4186 1669 4239 dictum
1690 4200 1771 4239 est
1800 4202 1891 4251 per
1914 4187 1933 4217 "
1955 4189 2087 4239 l’ro-

492 4259 705 4326 phetatn
730 4274 742 4310 :
766 4256 1031 4323 Quoniam
1055 4256 1359 4310 Nazaraeus
1383 4258 1679 4310 vocabitur.
1700 4256 1755 4309 In
1774 4257 1965 4311 diehus
1987 4258 2089 4310 illis

488 4331 637 4385 venit
678 4329 952 4383 Johannes
1004 4327 1238 4395 Baptista
1293 4328 1609 4395 praedicans
1647 4326 1699 4380 in
1746 4328 1965 4381 deserto
1993 4326 2088 4382 Ju-

489 4400 679 4463 daeae,
721 4410 776 4453 et
811 4399 1030 4453 dicens:
1068 4398 1455 4452 Paenitentiam
1482 4398 1660 4464 agite:
1690 4398 2087 4467 appropinqua-

486 4470 564 4525 vit
592 4473 735 4523 enim
769 4486 990 4539 regnum
1019 4470 1323 4523 Caelorum.
1360 4470 1454 4523 llic
1478 4468 1768 4533 estenim,“
1796 4471 1883 4537 qui
1912 4469 2085 4523 dictus

487 4550 573 4596 est
600 4556 695 4609 per
723 4541 936 4595 Esaiam
961 4540 1283 4609 Prophetam
1320 4539 1589 4594 dicentem
1618 4556 1630 4591 :
1662 4540 1771 4592 Vox
1796 4540 2083 4594 clamantis

489 4614 541 4667 in
582 4612 803 4666 deserto
837 4629 850 4665 :
881 4611 1074 4666 Parate
1118 4612 1259 4666 viam
1293 4610 1506 4665 Domini
1545 4628 1556 4662 :
1592 4620 1767 4665 rectas
1814 4612 1974 4665 facite
2004 4627 2085 4668 se-

486 4685 646 4739 mitas
695 4682 833 4752 ejus.

502 3072 641 3127 quae
667 3065 893 3119 vocatur

502 3128 787 3192 Nazaretlt;
817 3136 877 3183 ut

500 3200 888 3270 adimpleretur

2189 429 2307 483 cltel
2338 429 2553 498 plorans

2191 501 2326 554 lilios
2357 514 2485 553 suos

2194 611 2207 625 .
2289 611 2301 623 .
2384 612 2396 623 .
2479 585 2675 625 ,(3011-

2189 642 2373 707 solari,
2404 645 2525 710 quia

2188 729 2295 768 ηοιι
2326 722 2470 768 sunt.
2558 738 2559 741 ‘

2191 784 2278 840 l9.
2331 784 2594 839 Defuncto
2619 801 2713 841 au-

2192 868 2297 911 tem
2332 856 2564 921 llerode,

2188 942 2314 982 ecce
2344 928 2592 996 apparuit

2187 998 2428 1067 Angelus
2449 997 2663 1054 Domini

2191 1071 2242 1123 in
2268 1070 2501 1139 somnis]

2188 1139 2389 1210 Ioseph
2418 1139 2469 1193 in

2186 1212 2279 1266 ΞΟ.
2312 1212 2577 1280 Aegypto,
2606 1211 2790 1267 dicens
2815 1229 2827 1265 :

2191 1284 2384 1352 Surge.
2409 1290 2465 1336 et
2490 1283 2675 1350 accipe

2190 1369 2439 1424 puerum,
2464 1365 2517 1408 et
2546 1369 2660 1407 ma-

2191 1436 2326 1480 trem
2352 1424 2489 1491 ejus,
2520 1435 2574 1479 et
2594 1441 2690 1479 va-

2189 1495 2257 1551 de
2284 1496 2335 1548 itt
2362 1503 2562 1549 terram

2189 1566 2410 1621 Istrahel
2443 1582 2457 1622 :
2490 1564 2685 1621 defun-

2190 1636 2261 1692 cti
2284 1646 2408 1691 sunt
2428 1638 2596 1702 enim,

2190 1712 2279 1779 qui
2309 1709 2641 1775 quaerebant

2192 1794 2425 1833 animam
2477 1816 2493 1832 α
2553 1819 2566 1832 .
2627 1821 2639 1832 .
2693 1818 2707 1833 .
2767 1821 2780 1834 .
2843 1821 2855 1832 .

2189 1850 2280 1904 21.
2485 1889 2497 1901 .
2548 1850 2613 1904 Et
2639 1866 2866 1921 surgens

2194 1931 2395 1988 accepit
2430 1936 2679 1988 puerum,

2194 2004 2248 2046 et
2278 2000 2504 2045 matrem
2533 1994 2675 2062 ejus,

2195 2074 2247 2118 et
2275 2063 2421 2117 venit
2442 2064 2494 2116 in
2528 2073 2635 2118 ter—

2201 2150 2315 2188 ram
2344 2134 2591 2189 Istrahel.

2198 2205 2290 2259 222.
2340 2205 2579 2261 Audiens
2604 2214 2782 2262 autem

2199 2276 2340 2346 quod
2367 2275 2631 2333 Arcelaus

2200 2357 2452 2417 regnaret
2478 2348 2531 2401 in

2198 2417 2400 2473 Iudaea
2433 2433 2531 2485 pro
2561 2418 2728 2475 Hero-

2198 2488 2267 2543 de
2296 2498 2447 2558 patre
2477 2504 2594 2551 suo.
2626 2492 2695 2545 ti-

2200 2559 2335 2614 muit
2362 2561 2452 2613 illo
2478 2560 2556 2615 ire
2590 2577 2604 2616 :

2198 2640 2255 2686 et
2276 2630 2584 2687 admonitus

2199 2703 2254 2757 in
2285 2703 2519 2767 somnis,
2551 2717 2637 2758 se-

2200 2774 2365 2830 cessit
2394 2774 2445 2825 in
2474 2783 2655 2842 partes

2198 2847 2290 2901 25.
2341 2843 2624 2901 Gallileae.
2654 2844 2722 2900 Et

2202 2918 2374 2981 venit,
2404 2926 2457 2970 et
2486 2916 2694 2971 habita-

2200 2990 2275 3043 vit
2303 2990 2378 3061 (a)
2408 2989 2458 3041 in
2488 2989 2760 3044 civitatem
2805 2987 2847 3058 -ί-

2201 3076 2339 3126 quae
2368 3068 2590 3114 vocatur

2198 3130 2491 3195 Nazareth;
2524 3140 2583 3184 ut

2192 3202 2590 3273 adimpleretur

3027 426 3169 496 quod
3198 426 3399 496 dictum
3428 431 3513 477 est

3028 495 3126 570 per
3156 495 3396 565 PrOphe-

3032 580 3138 623 tam
3167 587 3178 620 :
3209 582 3341 635 quo-

3029 639 3309 739 1'1‘151‘3..“’l
3338 637 3445 739 P5312

3028 727 3219 765 zoreus
3268 724 3309 780 τ
3358 724 3486 764 voca
3506 740 3509 743 -

3027 782 3189 838 bitur.

3217 868 3445 950 CAPUT
3485 893 3567 948 ιιι.

3030 992 3078 1045 1.
3124 990 3180 1045 In
3208 990 3315 1043 illis
3369 986 3441 1058 (ε)

3026 1062 3213 1116 diebus
3258 1060 3298 1131 -ξ-
3344 1057 3491 1115 venit
3508 1057 3756 1114 Iohannes

3029 1134 3267 1203 Baptista
3302 1145 3457 1199 prae-

3024 1206 3078 1257 2.
3135 1204 3320 1257 dieans
3346 1203 3398 1256 in
3426 1201 3458 1256 d

3027 1216 3078 1259 2.
3135 1216 3320 1257 means
3346 1218 3398 1256 In
3426 1216 3519 1256 ue-

3027 1283 3177 1330 serto
3192 1274 3418 1336 Judeae.

3028 1358 3082 1402 et
3111 1347 3297 1400 dicens
3332 1365 3345 1397 .
3377 1343 3501 1401 Pae-

2947 1474 2958 1483 ,
3029 1419 3307 1472 nitentiam
3330 1416 3443 1485 agi-

3033 1500 3082 1544 te
3115 1506 3127 1541 :
3152 1488 3215 1541 ad
3225 1487 3445 1556 propiu-

3031 1563 3215 1629 quavit
3244 1560 3388 1612 enim

3031 1646 3257 1701 regnum
3290 1630 3428 1689 Cae-

3032 1705 3228 1757 lorum.

3034 1776 3086 1829 3.
3134 1774 3227 1828 llic
3250 1785 3333 1828 est

3034 1845 3205 1909 enim,
3235 1845 3303 1902 de
3326 1861 3434 1913 quo

3034 1916 3236 1969 dictum
3258 1928 3340 1971 est
3372 1932 3467 1987 per

3039 1989 3252 2059 Esciam
3298 1983 3615 2059 l’ropltetam
3646 2000 3659 2038 ;
3694 1983 3773 2053 id)

3039 2058 3156 2113 Vox
3179 2058 3420 2114 clamané

3041 2130 3110 2183 tis
3141 2129 3194 2183 in
3226 2131 3409 2185 desero

3045 2209 3099 2254 to
3130 2218 3142 2253 :
3177 2200 3369 2257 Parate
3396 2203 3535 2257 viam

3046 2271 3253 2326 Domini
3282 2290 3294 2325 :
3328 2289 3413 2328 re-

3041 2352 3156 2396 ctas
3187 2342 3343 2400 facite
3371 2346 3534 2401 semi-
3561 2345 3581 2411 Ἴ

3043 2421 3123 2468 tas
3155 2415 3249 2470 Dei
3278 2419 3470 2472 nostri.

2677 3312 2921 3369 CODEX-
2944 3311 3337 3370 BRIXIANUS.

2200 3409 2316 3463 chel
2335 3408 2549 3478 plorans
2564 3407 2703 3462 ﬁlios
2716 3414 2912 3479 suoset
2925 3407 3089 3461 noluit
3105 3408 3373 3463 consolari
3388 3408 3509 3479 quia
3525 3425 3627 3464 non
3643 3421 3781 3466 sunt.

2203 3477 2461 3537 Defuncto
2474 3490 2649 3533 autem
2674 3477 2884 3533 Herode
2907 3494 3034 3532 ecce
3059 3479 3305 3548 apparuit
3322 3477 3561 3549 Angelus
3580 3482 3783 3537 Domini

2198 3552 2253 3606 in
2287 3554 2495 3607 somnis
2525 3550 2730 3619 Joseph
2761 3550 2813 3604 in
2843 3552 3086 3620 Aegypto
3113 3550 3299 3604 dicens
3341 3567 3568 3621 surgens
3609 3555 3784 3617 accipe

2199 3640 2429 3693 puerum
2472 3630 2526 3676 et
2566 3632 2793 3676 matrem
2825 3621 2962 3693 ejus.
3006 3631 3060 3675 et
3091 3620 3224 3693 valle
3255 3623 3304 3675 in
3337 3631 3534 3677 terram
3562 3623 3779 3678 Israhel.

2196 3692 2434 3748 defuncti
2478 3705 2603 3747 sunt
2644 3695 2787 3747 enim
2829 3692 2918 3761 qui
2962 3692 3291 3761 quaerebant
3331 3694 3564 3748 animam
3617 3697 3778 3762 pueri.

2196 3766 2295 3833 Qui
2330 3781 2556 3833 surgens
2585 3763 2794 3827 accepit
2836 3778 3059 3835 puerum
3092 3774 3151 3835 et
3193 3774 3417 3817 matrem
3449 3765 3585 3835 ejus.
3611 3775 3666 3820 et
3690 3781 3783 3821 ve-

2196 3840 2273 3889 nit
2310 3838 2360 3890 in
2394 3846 2590 3891 terram
2614 3835 2663 3888 Is
2691 3845 2715 3871 ἰ
2746 3833 2955 3906 drahel.
2986 3834 3244 3906 Audiens
3267 3833 3488 3889 autem.
3518 3839 3659 3906 quod
3690 3836 3782 3891 Ar-

2193 3907 2414 3961 chelaus
2457 3919 2703 3975 regnaret
2750 3907 2800 3959 in
2850 3904 3051 3959 Jutlaea
3096 3920 3192 3973 pro
3236 3905 3447 3962 Herode
3498 3904 3649 3973 patre
3690 3923 3781 3961 suo

2194 3980 2371 4031 timuit
2402 3979 2526 4031 illuc
2555 3980 2653 4030 ire.
2688 3977 3010 4032 Admonitus
3037 3986 3215 4030 autem
3248 3977 3300 4031 in
3329 3979 3555 4032 sutnnis.
3592 3993 3774 4033 seces-

2194 4051 2263 4102 sit
2288 4052 2338 4102 iu
2372 4063 2549 4119 partes
2575 4047 2835 4103 Galileae.
2873 4048 2936 4101 Et
2958 4050 3181 4121 veniens
3200 4049 3473 4121 habitabit
3511 4048 3589 4121 (a)
3623 4052 3676 4103 in
3705 4050 3775 4103 ci-

2193 4118 2411 4174 vitatum
2457 4124 2497 4190 ἰ-
2534 4134 2671 4189 quae
2710 4128 2931 4190 vocatur
2972 4118 3253 4171 Nazareth.
3291 4129 3346 4172 ut
3390 4118 3775 4185 aditnpleretur

2192 4194 2331 4262 quod
2361 4189 2561 4244 dictum
2603 4200 2685 4244 est
2724 4206 2818 4259 per
2848 4189 3193 4262 PrOphetam.
3229 4191 3482 4262 quoniam
3513 4190 3775 4245 Nazareus

2192 4260 2492 4316 vocabitur.
2529 4262 2583 4315 Itt
2614 4262 2721 4316 illis
2757 4271 2938 4315 autem
2971 4260 3157 4314 diebus
3188 4262 3335 4314 venit
3364 4261 3644 4316 Jultannes
3680 4262 3777 4316 Ba-

2193 4335 2374 4400 ptista.
2412 4334 2725 4401 praedicans
2769 4333 2821 4385 iu
2854 4332 3070 4386 deserto
3098 4330 3266 4385 Jttdac
3299 4342 3354 4386 et
3380 4332 3568 4387 dicens
3601 4335 3777 4401 paeni.

2193 4406 2416 4457 tentiam
2448 4406 2610 4473 agite.
2650 4403 3101 4473 adpropinquavit
3143 4408 3285 4455 enim
3330 4418 3554 4473 regnum
3587 4405 3778 4459 Caelo.

2190 4491 2328 4529 rum.
2366 4474 2461 4530 Hic
2506 4483 2588 4528 est
2626 4475 2770 4528 enim
2808 4475 2875 4527 de
2917 4488 3024 4542 quo
3055 4474 3256 4529 dictum
3298 4486 3379 4527 est
3431 4489 3526 4543 per
3566 4474 3774 4529 Esaiam

2189 4546 2517 4614 Prupltctatu
2544 4547 2834 4616 dicentem.
2855 4544 2971 4598 Vox
2987 4546 3267 4599 clamantis
3288 4545 3339 4598 in
3360 4545 3581 4601 deserto
3600 4558 3779 4616 parate

2188 4618 2326 4671 viatn
2360 4617 2570 4671 Domini
2604 4624 2778 4671 rectas
2808 4615 2965 4669 facite
2990 4616 3210 4670 semitas
3230 4616 3365 4685 ejus.

1188 4795 1575 4852 VARIANTES
1614 4794 1998 4854 LECTIONES
2034 4795 2302 4853 CODICIS
2341 4797 2453 4853 MS.
2495 4796 2551 4850 S.
2594 4793 3104 4850 GERMANENSIS.

548 4892 563 4922 ⁸
599 4889 729 4954 Ecce
750 4890 972 4954 Angelus
996 4890 1189 4940 Domini
1215 4892 1437 4954 apparuit
1458 4890 1645 4954 Joseph
1669 4893 1717 4941 in
1746 4894 1928 4944 somnis

545 4956 566 4984 ²
602 4952 919 5014 ρθιιάθιεξΕι
942 4966 1152 5015 surgens

546 5016 567 5045 ⁸
601 5014 715 5064 illuc

2250 4894 2273 4924 ’⁸
2306 4892 2369 4942 Et
2391 4893 2545 4954 venit,
2572 4898 2625 4954 et

2254 4957 2274 5018 εξ
2309 4953 2581 5018 PrOphetas
2599 4953 2647 5003 b.

2256 5017 2277 5047 °
2309 5016 2373 5066 de
2395 5016 2494 5079 duo
2515 5016 2699 5067 dictum
2724 5021 2803 5066 est

1808 5122 2173 5181 BLANCHINI
2211 5124 2445 5180 ΝΟΤᾹΞ.

550 5233 576 5259 ει
631 5220 834 5273 Abrasa
859 5217 913 5275 ά.
948 5214 1101 5284 cujus
1130 5225 1416 5271 remanent
1443 5217 1690 5288 vestigia.

547 5290 653 5344 bS.
677 5289 1040 5359 Hieronymus
1065 5302 1245 5359 veram
1275 5289 1561 5343 lectionem
1595 5290 1752 5358 hujus
1789 5289 1890 5345 loci
1923 5303 2071 5344 asse-

477 5361 544 5416 rit
582 5357 898 5416 ClitliCiJIlS;
920 5357 1419 5414 Sau-Germanensi
1446 5380 1457 5414 :
1492 5360 1566 5413 ait
1588 5357 1732 5415 enim
1758 5360 1850 5416 lib.
1871 5377 1887 5415 t
1908 5359 2071 5415 Com-

474 5412 642 5487 ment.
700 5412 872 5484 imc
888 5412 1091 5501 autem,
1105 5412 1377 5498 pluraliter
1409 5412 1729 5501 Propheta—sil
1742 5412 1947 5496 uocans,
1966 5412 2068 5484 fosi-

474 5503 637 5557 tendit
665 5520 719 5557 se
746 5519 848 5556 non
867 5502 1016 5555 verba
1046 5500 1109 5554 de
1131 5500 1420 5569 Scripturis
1449 5500 1713 5569 sumsisse,
1730 5504 1818 5556 sed
1842 5519 2067 5556 sensum.

2174 5219 2483 5274 Lectionem
2513 5229 2691 5274 tamen
2718 5234 2827 5273 ms.
2850 5218 3220 5285 Corheiensis,
3245 5232 3405 5289 quam
3433 5218 3701 5276 edidimus
3722 5219 3770 5273 in

2175 5304 2331 5345 sacro
2369 5300 2647 5358 contextu,
2689 5290 2891 5361 reperit
2928 5289 3104 5345 Lucas
3134 5289 3423 5360 Brugensis
3463 5294 3515 5344 in
3542 5292 3771 5355 antiquis

2174 5362 2469 5445 codicibus.
2492 5362 2627 5417 Vide
2641 5363 2883 5433 ejusdem
2908 5361 3177 5418 variantes
3204 5362 3467 5418 lectiones
3492 5365 3618 5419 novi
3645 5362 3771 5419 Tes-

2176 5442 2421 5488 tamenli.

544 5641 620 5714 ((ι)
680 5640 755 5695 Ita
786 5650 840 5695 et
872 5650 1048 5695 textus
1076 5639 1298 5695 Graecus
1346 5644 1415 5700 εἰς
1440 5641 1621 5711 πόλιν.
1650 5669 1723 5681 -
1764 5638 1838 5766 ἓὺέ
1880 5639 2082 5697 Textus

550 5714 780 5766 nlahriil.
808 5712 1017 5766 Latino.
1049 5736 1121 5752 -ι-
1146 5712 1229 5766 id)
1261 5710 1523 5766 Secundis
1548 5711 1691 5766 curis
1732 5727 1759 5766 a
1840 5712 1964 5766 itur.
1996 5712 2085 5766 dici

2191 5655 2333 5695 aecus
2382 5645 2693 5713 Ναζωραῖος.
2722 5668 2793 5681 -
2815 5638 2889 5712 (ε)
2919 5640 3082 5697 Deest
3121 5649 3309 5705 autem,
3346 5647 3402 5694 et
3442 5637 3512 5693 ita
3543 5640 3597 5695 in
3637 5637 3763 5697 Cod.

2191 5729 2263 5765 ιιι.

468 5706 780 5782 (Σιιὶιιὶιιιιίε.
808 5712 1017 5767 Latino.
1049 5736 1121 5752 -ι-
1146 5712 1229 5780 (ιι)
1261 5710 1523 5767 Secundis
1548 5708 1691 5766 curis
1732 5727 1759 5766 a

1840 5712 1964 5778 itur,
1996 5712 2263 5768 dicentem.
