3950 6176
125 308 220 365 155

500 421 737 480 CODEX
779 422 1309 480 VERCELLENSIS.

126 521 205 576 bit
222 519 392 575 omnis
938 518 992 575 8.
1037 533 1096 574 ra
1126 519 1386 574 ventura?
1419 517 1495 572 fa-

127 607 252 649 caro
267 591 401 646 salu-
937 590 1042 645 cite
1059 604 1188 658 ergo
1208 589 1351 645 fruc-

127 700 147 719 .
193 703 205 714 .
253 703 265 715 .
318 677 421 716 rem
443 661 565 732 Dei.
939 668 1022 732 tos
1048 660 1238 732 dignos
1258 660 1391 732 phee

121 735 180 788 4.
205 732 313 803 Ipse
337 744 513 788 autem
545 731 647 788 Jo-
941 731 994 803 9,
1050 732 1328 788 nitentiae.
1358 731 1424 787 Et
1454 746 1553 787 no-

131 801 334 859 hanites.
382 844 397 858 .
458 844 472 857 .
533 845 546 856 .
942 801 1034 858 lite
1059 803 1338 857 existima-

129 875 210 929 bat
257 915 270 929 .
327 918 340 930 .
396 913 410 927 .
463 914 478 927 .
537 914 554 930 .
944 889 1024 936 re,
1047 873 1293 928 dicentes
1321 875 1403 928 in-

127 961 264 1001 suum
286 944 352 1001 de
379 945 509 1015 pilis
941 952 1024 999 ter
1052 959 1152 999 vos
1181 962 1195 997 :
1224 943 1440 1000 Patrem

126 1017 398 1072 camelloru
410 1033 461 1070 m
478 1057 496 1079 .
942 1015 1205 1071 habemus
1227 1016 1397 1070 Abra-

937 1085 1082 1139 ham.
1117 1087 1245 1141 Dico
1273 1087 1417 1142 enim

933 1156 1385 1228 vobis,'quoniam

933 1237 1124 1296 potens
1149 1238 1233 1282 est
1273 1229 1412 1286 Deus
1442 1244 1509 1286 ex

126 1097 173 1141 et
198 1101 319 1141 zona
345 1087 504 1156 pelli-

124 1159 195 1211 cia
220 1158 356 1213 circa
386 1159 524 1213 lum-

123 1228 211 1283 bos
231 1229 342 1296 ejus
370 1247 384 1284 :
412 1245 537 1284 esca

123 1309 280 1354 autem
311 1300 426 1368 ejus
932 1297 1200 1369 lapidibus
1231 1298 1350 1355 istis

122 1380 226 1425 erat
250 1371 471 1436 locusta,
933 1385 1028 1424 sus
1070 1411 1083 1424 .
1132 1408 1146 1423 .
1193 1412 1206 1426 .
1253 1411 1267 1425 .
1318 1371 1438 1426 eli-

120 1450 167 1494 et
193 1442 502 1498 melsilves-
934 1439 968 1496 li
1045 1482 1060 1497 .
1142 1481 1155 1495 .
1235 1479 1249 1496 .
1331 1482 1345 1495 .
1427 1485 1440 1498 .

122 1521 241 1567 trae.
937 1511 1024 1567 10.
1073 1510 1216 1566 Jam.
1278 1552 1293 1568 .
1355 1555 1368 1567 .
1432 1555 1445 1569 .
1505 1556 1518 1568 .

938 1583 1013 1638 ris
1032 1583 1099 1637 ad
1123 1583 1332 1639 radices

933 1653 1187 1709 arborum
1216 1656 1362 1724 posi-

936 1734 988 1778 ta
1014 1733 1116 1780 est.
1144 1726 1332 1780 Omnis
1356 1741 1442 1781 er-

933 1811 1002 1867 go
1031 1796 1213 1867 arbor,
1235 1812 1376 1867 quae

935 1865 1043 1922 non
1067 1865 1197 1922 facit
1223 1865 1368 1922 fruc-

937 1947 1048 1993 tum
1082 1938 1303 2002 bonum,
1333 1954 1428 1995 ex-

934 2010 1166 2082 cidetur,
1197 2019 1253 2064 et
1283 2010 1335 2064 in
1369 2011 1446 2082 ig-

936 2096 1058 2135 nem
1089 2081 1350 2136 mittetur.

937 2152 996 2224 ll
1011 2193 1024 2206 .
1079 2149 1206 2224 Ego
1219 2152 1435 2221 quidem
1458 2151 1588 2224 bap-

116 2221 177 2293 ah
201 2223 290 2277 illo
311 2223 362 2276 in
381 2221 502 2277 Jor-
937 2223 1045 2277 tizo
1074 2221 1171 2277 vos
1195 2222 1250 2276 in
1291 2238 1426 2293 aqua

117 2291 296 2363 danen,
327 2306 393 2349 co
433 2334 448 2347 .
492 2335 507 2347 .
553 2332 568 2348 .
617 2339 630 2353 .
933 2294 987 2348 in
1009 2291 1388 2363 paenitentiam
1421 2311 1435 2348 :

121 2372 251 2419 ten.
327 2404 342 2418 .
420 2405 434 2419 .
520 2407 534 2420 .
621 2405 636 2419 .
934 2367 1022 2432 qui
1054 2375 1234 2419 autem
1260 2381 1353 2420 ve-

938 2435 1034 2501 nit,
1063 2435 1254 2490 fortior
1281 2452 1367 2492 me

934 2515 1038 2572 est,
1066 2506 1219 2573 cujus
1253 2523 1356 2562 non

933 2591 1054 2632 sunt
1085 2577 1276 2645 dignus
1304 2579 1415 2634 cal-

935 2650 1201 2704 ciamenta
1236 2664 1360 2719 por-

936 2727 1050 2775 tare
1077 2737 1094 2791 :_
1122 2721 1248 2791 inse
1268 2736 1363 2775 vos
1393 2721 1523 2791 bap-

935 2789 1122 2844 tizabit
1150 2791 1204 2845 in
1231 2790 1434 2861 Spiritu

931 2861 1151 2932 sancto,
1184 2872 1239 2917 et
1267 2866 1374 2932 igni
1410 2882 1423 2916 :

931 2931 1020 2987 12.
1078 2931 1482 2994 ΙιειΙηιιείγθιιιί-

929 3002 1140 3058 labrum
1175 3005 1225 3057 in
1260 3020 1379 3058 ma-

935 3091 1004 3128 1111
1035 3090 1128 3129 8113
1164 3093 1176 3128 ε
1206 3084 1260 3129 (ﬁt
1291 3091 1439 3129 1111111⁸

931 3146 1082 3202 davit
1101 3161 1285 3201 aream

933 3258 947 3272 .
1005 3259 1018 3270 .
1079 3255 1093 3271 .
1145 3232 1230 3271 am
1264 3235 1278 3271 :
1310 3227 1363 3272 et
1393 3231 1620 3287 congre—
1685 3285 1688 3288 ξ

928 3289 1073 3359 gavit
1108 3290 1343 3344 triticum

118 1583 165 1655 _5.
213 1583 357 1638 Tunc
380 1583 638 1655 egredie-

119 1653 295 1709 bantur
324 1654 392 1708 ad
415 1653 542 1710 cum

116 1727 273 1781 omnis
298 1725 490 1782 Hiero-

116 1797 326 1867 solyma,
349 1810 401 1852 et
433 1806 556 1853 oni-

116 1868 190 1921 nis
214 1867 398 1933 Judea,
427 1879 484 1923 et

115 1941 276 1994 omnis
302 1941 471 1994 conli-

117 2025 484 2162 τέξειτξξάςεεεος

116 2150 424 2219 baptizaban
477 2191 492 2205 .
543 2195 555 2206 .

127 2718 171 2771 7.
211 2733 469 2784 saeorum,
493 2730 551 2776 et

129 2789 523 2857 Sadduceorum,

129 2861 374 2916 venientes
398 2865 467 2918 ad

128 2930 412 3000 baptismum
438 2949 536 2988 su-

129 3017 220 3065 um,
241 3003 359 3058 dixit
385 3004 493 3059 illis
520 3023 535 3058 :
566 3004 704 3061 Pro-

127 3073 285 3142 genies
300 3075 506 3145 vipera-

128 3159 244 3204 rum.
269 3147 380 3211 quis
406 3147 503 3202 de-

129 3218 407 3271 monstravit
434 3233 530 3273 vo-

130 3284 195 3342 bis
212 3285 378 3357 fugere
398 3288 467 3344 ab
499 3291 544 3344 i-

515 3401 753 3460 CODBX
795 3400 1268 3458 COHBEIENSIS.

129 3491 224 3562 Ipse
247 3507 412 3553 autem
447 3497 733 3554 Jolianncs
762 3497 775 3526 ¹
811 3495 1041 3550 habebat
1071 3495 1449 3550 vestimentum
1475 3495 1544 3552 de
1577 3494 1701 3566 pilis

129 3569 440 3636 mmelnrum,
469 3581 526 3624 et
557 3583 752 3622 zonam
789 3567 1052 3636 pelliciam
1097 3565 1238 3620 circa
1281 3565 1696 3622 lumhossuos:

131 3649 229 3710 gsca
261 3650 430 3696 autem
491 3641 619 3710 ejus
657 3641 1066 3710 eratﬁlocustae
1090 3679 1102 3698 .
1150 3645 1206 3692 et
1245 3640 1348 3692 mel
1406 3639 1696 3710 sylgvestre.

131 3705 252 3762 Tunc
277 3713 294 3741 '
321 3713 500 3766 exibat
521 3705 592 3764 ad
628 3725 748 3763 eum
775 3708 1165 3779 Hierosolyma,
1197 3718 1250 3762 et
1278 3705 1452 3762 omnis
1473 3708 1698 3770 Jtnlaea,

133 3785 175 3853 ςι
204 3785 364 3853 oinnis
391 3785 542 3853 regio
568 3782 717 3835 circa
749 3780 1038 3834 Jortlauem
1067 3795 1080 3842 ;
1123 3790 1177 3832 et
1207 3780 1617 3853 baptizabantur
1644 3780 1699 3834 in

134 3844 327 3907 lordane
368 3854 434 3908 ab
451 3844 553 3919 ἒο,
585 3853 913 3906 confitentes
939 3861 1153 3918 peccata
1199 3844 1314 3903 sua.
1350 3850 1552 3904 Videtis
1606 3867 1702 3903 au-

136 3925 219 3974 tem
262 3922 282 3953 ³
328 3927 526 3979 multos
564 3921 1005 3985 Pharisaeorum,
1028 3931 1077 3975 et
1112 3921 1576 3986 StltidllCnCtll‘lllll,
1604 3937 1697 3975 ve-

139 3991 310 4047 nientes
336 3997 398 4047 ad
430 3995 764 4066 baptismum
796 4009 971 4066 suum,
1009 3992 1270 4066 disiectis:
1304 3991 1598 4066 Progenies
1622 3993 1702 4066 via

140 4074 372 4135 peratum,
390 4062 519 4135 quis
538 4062 937 4120 demonstravit
958 4064 1114 4117 vobis
1132 4063 1316 4132 fugere
1335 4079 1362 4115 a
1389 4063 1702 4135 futuraira?

142 4130 288 4188 Facite
337 4130 464 4206 ergo
543 4136 780 4190 fructum
847 4135 1064 4206 dignum
1135 4130 1517 4201 poenitentiae.
1563 4133 1590 4206 ‘7
1633 4133 1702 4188 Et

141 4214 191 4256 ne
227 4205 665 4262 velitis’diccrei
709 4214 787 4258 tra
820 4221 914 4258 vos
941 4221 954 4258 :
986 4205 1197 4258 Patrem
1228 4207 1486 4257 habemus
1534 4205 1700 4258 Abra-

143 4271 254 4345 ham.
285 4279 408 4332 Dico
439 4281 589 4332 enim
624 4276 806 4343 vobis,
831 4279 1083 4344 quoniam
1114 4286 1306 4345 potens
1341 4283 1425 4328 est
1462 4275 1598 4328 Deus
1633 4291 1698 4329 ex

145 4341 370 4410 lapidibus
397 4352 514 4403 istis
539 4341 812 4404 suscitare
835 4341 974 4400 filios
1005 4341 1258 4400 Abrahae.
1297 4345 1414 4399 .lattt
1445 4345 1586 4398 enim
1615 4361 1701 4400 se-

144 4417 253 4469 curis
283 4420 344 4472 ad
390 4431 411 4460 ε
460 4420 704 4474 radicem
735 4419 989 4472 arborum
1024 4419 1192 4486 posita
1227 4428 1328 4471 est.
1353 4417 1542 4470 Omnis
1572 4433 1701 4487 ergo

145 4490 289 4561 arbor,
318 4507 434 4559 qum
468 4507 578 4546 non
613 4489 738 4544 facit
765 4487 998 4542 fructum
1043 4490 1273 4561 bonum,
1308 4487 1585 4561 (ξξείιιιξιιιτ
1609 4529 1623 4551 ,
1649 4497 1704 4542 et

148 4559 188 4631 in
216 4559 363 4625 ignem
393 4564 661 4618 mittetur.
699 4563 810 4631 Ego
850 4561 1064 4628 quidem
1105 4560 1448 4631 thS_b3|IllZO
1485 4559 1534 4610 in
1566 4572 1701 4628 aqua

151 4626 190 4701 in
210 4633 563 4693 paenitentiam
589 4631 713 4700 :qui
743 4626 922 4684 autem
958 4638 1076 4698 post
1100 4645 1188 4701 me
1215 4629 1235 4658 ⁸
1290 4637 1547 4684 venturus
1586 4626 1698 4695 est,

155 4693 306 4754 fortior
344 4719 426 4758 me
469 4713 594 4767 est,
640 4693 794 4770 cujus
838 4693 1094 4754 non-sum
1125 4698 1322 4769 dignus
1349 4693 1702 4754 calciamenta

153 4778 324 4842 portare
343 4790 356 4826 :
375 4777 488 4841 ipse
521 4789 620 4828 vos
642 4772 938 4842 baptizabit
961 4772 1010 4824 in
1039 4770 1241 4840 Spiritu
1263 4772 1480 4832 Sancto,
1499 4781 1554 4825 et
1573 4772 1700 4842 igni.

1073 307 1521 366 EVANGELIUM
1563 305 1931 366 SECUNDUM
1976 309 2411 376 MATTIIEUM.

3296 314 3400 371 ΠΛ

2229 424 2460 481 CODEX
2502 427 2954 486 VERONENSIS.

1798 514 1854 587 4.
1908 513 2029 583 Ipse
2053 526 2233 572 autem
2263 516 2380 587 «ιο-λ
2635 530 2690 576 et
2716 521 2882 577 nolite

1801 586 2008 662 hannes
2035 587 2220 643 habuit
2372 586 2376 587 ⁷
2635 591 2910 662 praeferre

1798 658 2074 714 vestitum.
2117 699 2136 714 .
2181 698 2195 712 .
2632 658 2752 725 vos,
2779 663 3023 721 dicentes
3053 682 3067 719 :

1803 767 1815 780 .
1899 769 1912 782 .
1993 769 2006 783 .
2086 769 2102 785 .
2183 770 2196 783 .
2277 771 2291 785 .
2372 745 2387 784 ;
2467 772 2480 786 .
2631 732 3033 792 Patremhabe-

1797 799 2172 864 camellorum,
2632 819 2752 858 mus
2777 804 2954 861 Abra-

1796 879 1851 942 et
1875 887 2007 925 znna
2042 873 2194 942 pelli-
2624 874 2770 930 ham.
2810 875 2940 932 Dico

1796 940 1878 995 cia
1905 940 2209 998 circa'lum-

1798 1011 1894 1066 bos
1919 1013 2082 1096 ejus:
2108 1028 2229 1069 esca

1795 1096 1977 1139 autem
2005 1099 2128 1153 ejus

1795 1163 1911 1209 erat
1935 1155 2197 1224 locustae,

1795 1234 1849 1279 et
1873 1225 1978 1281 mel
2013 1227 2175 1283 silve-

1793 1305 1957 1352 sttae.

1794 1367 1849 1422 5.
1901 1367 2053 1424 Tunc
2082 1371 2230 1426 exie-

1795 1438 1926 1494 bant
1955 1439 2020 1494 ad
2047 1456 2170 1497 eum

1794 1523 1859 1564 ex
1893 1510 2081 1566 Hiero-

1801 1580 2028 1652 solymis
2049 1599 2164 1638 om-

1793 1651 1876 1707 nis
1894 1651 2127 1718 Judaea,
2148 1664 2203 1710 et

1807 1739 1998 1778 omnes
2021 1726 2109 1794 qui

1806 1795 2154 1850 morabantur

1803 1865 1943 1919 circa
1969 1865 2259 1923 Jordanem
2288 1885 2304 1932 ;

1803 1945 1859 1990 et
1890 1937 2235 2008 baptizaban-

1799 2015 1910 2061 tur.
1994 2050 2006 2061 .
2088 2051 2102 2074 ,
2180 2052 2194 2068 .

1800 2076 1852 2132 6.
1900 2078 2073 2135 danen
2091 2121 2106 2143 ,
2137 2095 2267 2137 con-

1799 2148 2014 2206 mentes
2045 2163 2260 2222 peccata

1801 2291 1854 2346 7.
1914 2291 2115 2349 Videns
2136 2303 2314 2352 autem

1801 2362 1999 2418 multos
2024 2363 2211 2419 Phari-

1798 2447 2048 2488 saeorum
2067 2477 2083 2498 .
2113 2445 2169 2491 et

1800 2503 2240 2564 Sadducaeorum

1798 2577 2064 2632 venientis
2094 2579 2158 2633 ad

1798 2647 2130 2719 Baptismum
2159 2667 2338 2719 suum,

1796 2718 1930 2772 dixit
1953 2721 2033 2774 eis
2065 2738 2080 2773 :
2111 2721 2244 2777 Pro-

1795 2789 1982 2859 genies
2006 2791 2216 2860 vipera-

1796 2875 1937 2927 rum,
1968 2863 2088 2930 quis
2112 2863 2210 2921 deo

1796 2934 2113 2988 monstravit
2140 2950 2232 2990 vo-

1798 3001 1882 3072 bis
1910 3003 2094 3072 fugere
2120 3006 2190 3060 ab

1797 3070 1852 3147 β.
1888 3070 1989 3147 ira
2005 3073 2082 3146 (a)
2111 3075 2320 3132 futura?
2337 3077 2379 3147 τ

1798 3145 1958 3199 facite
1979 3145 2108 3215 ergo
2132 3149 2240 3201 fru-

1798 3216 1852 3271 9.
1884 3225 2030 3271 ctum
2063 3217 2287 3287 dignum

1801 3287 2201 3360 peanitentiae;

2626 946 2771 1001 enim
2806 947 2980 1016 vobis,

2627 1017 2880 1088 quoniam
2911 1035 3004 1086 po—

2633 1098 2752 1144 tens
2779 1098 2861 1143 est
2892 1090 3032 1145 Deus

2631 1175 2694 1214 ex
2725 1159 2989 1220 lapidibus
3020 1161 3137 1217 istis

2631 1232 2892 1285 suscitare
2918 1232 2972 1286 ti-

2630 1301 2734 1356 lios
2756 1301 3022 1358 Abrahae.

2632 1372 2721 1427 10.
2752 1371 2868 1427 Jam
2904 1374 3046 1428 enim

2629 1443 2836 1498 securis
2862 1444 2927 1498 ad
2968 1445 3175 1502 radices

2631 1515 2884 1570 arborum
2912 1516 3056 1585 posi-

2632 1593 2682 1638 ta
2729 1596 2832 1641 est.
2864 1585 3050 1641 Omnis
3079 1601 3170 1642 er-

2669 1672 2700 1706 o
2723 1657 2884 1712 arbor
2910 1673 3015 1713 non

2653 1728 2824 1782 atietts
2854 1727 2966 1783 fru-

2631 1808 2776 1852 ctum
2807 1799 3004 1854 bonum
3024 1840 3040 1861 .
3082 1814 3181 1855 ex-

2630 1869 2842 1925 cidetur
2856 1911 2872 1935 ,
2905 1879 2960 1926 et
2990 1872 3041 1925 itt

2629 1940 2806 2010 ignem
2837 1943 3102 1996 mittetur.

2629 2011 2718 2065 Η.
2763 2012 2872 2081 Ego
2900 2013 3114 2080 quidem
3146 2013 3240 2067 ha-

2629 2083 2774 2152 ptizo
2799 2098 2896 2155 vos
2926 2085 2976 2138 in
3004 2099 3198 2155 aquant

2627 2159 2679 2211 in
2695 2153 3107 2224 paenitentiam:

2627 2227 2719 2299 qui
2749 2233 2927 2308 autem
2958 2235 3079 2297 post

2627 2307 2902 2362 mevemt,

2627 2369 2821 2426 fortior
2851 2383 2937 2422 me

2627 2452 2731 2505 est,
2753 2437 2905 2509 cujus
2927 2454 3032 2494 non

2627 2527 2746 2568 sum
2776 2511 2970 2579 dignus
2995 2509 3108 2565 cal-

2628 2585 2890 2640 ciamenta
2920 2597 3042 2651 por-

2631 2665 2776 2709 tare:
2824 2655 2936 2722 ipse
2969 2665 3062 2708 vos

2628 2725 2924 2794 baptizavit

2627 2797 2679 2850 in
2707 2795 2964 2868 Spiritu._
3025 2835 3040 2850 .
3121 2834 3135 2850 .
3202 2832 3235 2868 _.

2628 2868 2716 2921 12.
2748 2864 2840 2936 qui
2881 2866 3044 2921 habet
3069 2864 3246 2920 venti-

2562 2985 2568 2990 .
2631 2938 2840 2991 labrum
2873 2937 2926 2992 in
2958 2952 3072 2992 ma-

2633 3024 2703 3062 nu
2735 3022 2865 3061 sua:
2899 3018 2952 3062 et

2634 3078 2958 3146 permunda-

2629 3151 2703 3202 vit
2732 3163 2913 3203 aream

2629 3233 2779 3274 suam
2798 3235 2810 3272 :
2842 3229 2897 3274 et
2921 3231 3146 3286 congre-

2629 3289 2780 3360 gavit
2808 3291 3043 3346 triticum

2271 3402 2506 3459 CODEX
2545 3403 2936 3463 BRleANUS.

1803 3493 1924 3566 lpse
1955 3504 2138 3550 autem
2170 3495 2444 3551 Johannes
2486 3497 2669 3551 habuit
2718 3499 3094 3552 vestimentum
3153 3496 3222 3551 de
3283 3495 3403 3563 pilis

1805 3567 2136 3621 camelorum
2173 3577 2226 3620 et
2266 3567 2467 3621 Zonam
2513 3569 2780 3638 pelliciam
2819 3567 2961 3622 circa
3003 3569 3213 3621 lnmhos
3258 3567 3401 3638 ejus.

1805 3650 1927 3691 esca
1968 3647 2144 3692 autem
2175 3641 2290 3707 ejus
2314 3637 2657 3694 eratlncusta
2693 3639 3209 3694 etmelsilvesttuae.
3249 3637 3402 3692 Tunc

1804 3708 2053 3782 exiebant
2086 3710 2159 3773 “ad
2203 3726 2334 3782 eum,
2353 3710 2721 3782 l'lieroSolytua
2747 3714 2777 3754 δ
2807 3721 2857 3782 et
2887 3712 3064 3763 omnis
3092 3708 3316 3782 Jllt'il‘f‘ﬂ.
3343 3719 3398 3782 et

1804 3781 1982 3834 omnis
2020 3783 2168 3849 regio
2210 3779 2481 3834 Jordanis.
2535 3779 3039 3848 et'ltaptizaltantttr
3084 3781 3152 3831 alt
3201 3779 3294 3832 illo
3348 3781 3399 3832 itl

1803 3849 2039 3906 Jortlaue
2065 3851 2384 3906 confitentes
2431 3862 2644 3918 peccata
2677 3867 2798 3906 sua.
2844 3850 3036 3906 Videtis
3065 3850 3408 3904 autemmul-

1806 3930 1889 3974 tos
1909 3921 2322 3976 Pharisaeorum
2342 3933 2388 3976 et
2417 3923 2848 3978 Sailducaeorum
2879 3921 3155 3976 venientes
3197 3919 3261 3974 ad
3314 3920 3406 3973 ha-

1807 3993 2057 4060 ptismum
2106 4009 2260 4046 suum
2300 3993 2432 4047 dixit
2458 3994 2555 4047 eis.
2599 3994 2890 4059 Progenies
2927 3991 3404 4062 t'iperartttniquis

1804 4063 2195 4117 demonstravit
2239 4065 2389 4117 vobis
2432 4064 2618 4134 fugere
2673 4065 2742 4118 ab
2799 4068 2873 4117 ira
2930 4061 3176 4116 ventura.
3242 4061 3404 4116 facite

1805 4148 1934 4201 ergo
1979 4137 2207 4189 fructum
2267 4135 2485 4203 dignum
2537 4137 2893 4202 pantiitentiae
2937 4147 2985 4185 Pl
3036 4135 3200 4186 nolite
3245 4147 3406 4203 prte-

1809 4203 1948 4257 ferre
1990 4220 2083 4260 vos
2139 4202 2379 4260 dicentes
2441 4206 2560 4274 quia
2625 4205 2837 4258 Patrem
2902 4205 3160 4259 habemus
3225 4202 3403 4256 Ahra-

1813 4274 1960 4330 ham.
1999 4277 2125 4331 flito
2157 4278 2298 4330 enim
2333 4277 2484 4329 voltis
2511 4279 2633 4345 quia
2667 4285 2856 4344 potens
2883 4285 2968 4328 est
3000 4277 3138 4328 Dens
3163 4290 3226 4328 ex
3270 4275 3404 4342 lapi-

1805 4345 1964 4399 (Ιιὺιιδ
2003 4347 2119 4401 istis
2156 4349 2418 4402 Susritare
2451 4348 2589 4400 filios
2626 4347 2898 4400 Abt-altae.
2925 4345 3039 4399 Jant
3071 4345 3212 4398 enim
3251 4357 3407 4398 secu-

1810 4417 1883 4470 ris
1906 4419 1972 4470 ad
1998 4419 2206 4473 radices
2231 4420 2482 4478 arborum
2517 4421 2684 4487 pOsllil
2708 4432 2808 4470 ρει.
2844 4418 3031 4471 thunis
3060 4431 3190 4485 ergo
3219 4416 3400 4487 arbor.

1806 4503 1924 4555 qua:
1969 4503 2074 4543 non
2107 4488 2232 4542 facit
2260 4489 2491 4543 fructum
2519 4486 2720 4542 bonum
2753 4489 3033 4542 excidatur
3065 4501 3118 4541 et
3143 4503 3194 4541 tn
3226 4486 3402 4555 ignem

1809 4559 2073 4614 mittetur.
2109 4562 2218 4629 ltlgo
2255 4559 2471 4630 quidem
2517 4559 2729 4628 baptizo
2773 4576 2863 4630 ius
2905 4561 2955 4611 in
2981 4573 3115 4627 aqua
3141 4559 3191 4611 in
3225 4557 3410 4630 paeni-

1811 4631 2048 4684 tentiam.
2083 4634 2173 4700 qui
2202 4629 2378 4685 autem
2405 4640 2524 4699 post
2539 4645 2626 4686 me
2649 4631 2794 4682 Vrllil
2820 4629 2889 4683 [οι
2907 4633 3008 4682 tior
3027 4645 3112 4682 me
3138 4640 3237 4683 est.
3255 4629 3407 4700 cujus

1811 4714 1915 4752 nou
1955 4714 2073 4754 sum
2098 4698 2292 4770 dignus
2317 4698 2662 4755 calciamenta
2691 4711 2925 4769 portare.
2959 4700 3073 4768 ipse
3103 4715 3196 4753 vos
3234 4698 3409 4768 bapti-

1811 4771 1953 4824 zabit
1983 4772 2034 4824 in
2073 4771 2276 4839 Spiritu
2302 4781 2488 4825 sancto
2523 4784 2576 4826 et
2619 4773 2762 4842 igni:
2807 4773 3010 4825 habens
3051 4770 3406 4824 ventilahrum

157 4836 170 4864 ⁷
214 4839 354 4910 Cujus
379 4836 744 4900 ventilabrum
790 4845 841 4897 in
883 4857 1043 4896 manu
1073 4836 1169 4896 sua
1206 4852 1302 4896 :et
1328 4836 1715 4913 permundahit
1814 4843 1867 4896 in
1897 4855 2059 4896 manu
2086 4836 2202 4895 sua.
2243 4850 2300 4896 et
2327 4841 2574 4912 purgabit
2605 4836 2783 4897 aieam
2810 4857 2982 4897 suam.
3018 4850 3074 4897 et
3113 4855 3408 4911 congrega-
3475 4894 3478 4896 γ

154 4919 297 4966 aream
334 4931 480 4972 suam
525 4934 539 4970 :
575 4926 632 4972 et
674 4913 1026 4985 congregahit
1069 4913 1301 4968 triticum

1817 4913 1898 4967 vit
1940 4913 2034 4968 trit
2088 4923 2109 4950 ο
2141 4913 2280 4968 icum

790 5035 1188 5094 VARIANTES
1225 5034 1609 5093 LECTIONES
1645 5033 1906 5092 CODICIS
1944 5035 2056 5092 MS.
2099 5035 2158 5092 S.
2199 5035 2708 5093 GERMANENSIS.

204 5152 216 5179 ¹
246 5150 406 5206 Habuit
427 5158 777 5206 vestimentum
800 5164 944 5202 suum

204 5213 221 5243 ⁸
245 5213 465 5267 Exiebant
483 5220 545 5267 ad
563 5232 680 5267 eum
700 5229 762 5266 ex
785 5212 1154 5275 Hierosolymis,
1176 5216 1230 5261 et
1242 5223 1416 5261 omnes
1437 5211 1522 5275 qui
1547 5222 1705 5266 mora-

159 5270 296 5339 bantur
315 5280 433 5330 circa
451 5281 729 5339 Iordanem,
751 5270 1046 5328 confitentes
1063 5280 1261 5338 peccata
1283 5285 1400 5336 sua;
1423 5270 1476 5323 ei
1499 5273 1708 5336 baptiza-

158 5333 294 5388 bantur
313 5341 469 5392 abillo
493 5344 541 5391 in

207 5398 222 5430 ³
247 5400 475 5454 Iohannes

1875 5152 1896 5215 ξ
1928 5149 1990 5215 Et
2009 5149 2162 5215 nolite
2187 5149 2446 5215 praeferre
2473 5163 2578 5210 vos,
2596 5149 2824 5200 dicentes

1871 5213 1893 5242 ⁵
1928 5211 2138 5263 Radices

1874 5273 1895 5304 °
1929 5273 2079 5323 Venit

1877 5335 1896 5365 ⁷
1931 5334 2136 5386 Habeas
2152 5335 2477 5386 ventilabrum

1400 5479 1767 5539 BLANCHINI
1802 5482 2036 5542 ΝΟΤιΕ.

215 5583 235 5612 ι
258 5577 445 5637 Abrasa
464 5590 548 5638 est
566 5581 741 5638 littera
770 5596 824 5634 α.

219 5646 239 5684 δ
260 5650 448 5707 Abrasa
477 5670 546 5706 nt.

1890 5587 1914 5616 ο
1938 5577 2144 5635 Abrasa
2173 5578 2340 5636 altera
2378 5579 2600 5639 litterat.

218 5784 282 5845 (ι)
307 5786 450 5862 Hinc,
480 5767 645 5857 usque
668 5787 734 5846 ad
758 5786 920 5853 verba
948 5782 1062 5847 illa,
1099 5778 1405 5839 «eaeam»
1430 5777 1574 5847 olnt,
1614 5787 1744 5850 etei,
1797 5786 1942 5837 verti
1970 5775 2062 5846 16.
2091 5777 2144 5836 ln
2166 5778 2288 5835 cudi
2315 5779 2470 5834 Cant.
2504 5770 2792 5834 recentiori
2821 5775 2982 5823 manu
3006 5760 3412 5822 describuntur:
