1975 3088
217 1136 221 1141 ”
264 1129 333 1157 itaut
348 1129 473 1155 timerent

261 98 313 127 153

458 158 574 186 CODEX
594 158 865 187 V'lCRCELLl-JNSIS.

261 203 288 231 in
300 203 410 236 horreo,
422 211 469 238 pa-
499 220 503 223 -
676 210 723 231 cut
741 205 892 232 columbam

263 239 321 267 leas
334 243 424 267 autem
439 246 511 267 com-
676 241 829 267 venientem
842 242 867 268 in

262 275 462 311 buretigniin-
622 304 627 306 _
679 277 722 303 17.
745 276 843 311 ipsum.
861 276 891 303 Et
905 284 970 310 ecce

261 310 439 340 extinguibili.
675 319 725 339 vox
738 310 772 339 de
783 313 865 340 caelis

262 346 311 385 ἰδὲ
332 345 408 385 :l_‘_unc
421 345 495 385 venit
507 345 585 385 lesus
677 347 771 385 dicens
786 347 870 385 (b)_ad
881 356 959 378 eum:
973 349 994 385 ἰ-

261 389 276 409 a
291 380 410 409 Galilaea
422 381 448 408 in
512 380 516 385 '
532 380 536 385 ”
566 380 569 384 ’
715 383 755 409 Tu
771 380 801 410 es
814 380 899 412 Filius

261 416 405 445 Jordanem
417 417 450 443 ad
714 426 790 445 meus
802 419 886 447 dilec-

260 452 422 490 .7loba_nnem,
435 456 465 480 ut
714 459 767 486 tus,
785 456 811 481 in
826 462 879 490 quo
900 475 907 483 .
929 475 936 486 ,
957 463 983 489 e-

262 487 446 522 baptizaretur
714 497 748 517 ne
763 497 823 517 com
835 487 852 517 “.
875 511 881 517 .
905 511 912 518 .
932 511 938 519 .

262 524 308 560 M7.
331 523 366 550 ab
380 530 413 550 eo
426 531 437 560 ;_
448 527 477 551 et
486 523 580 560 prohi-

262 559 343 587 bebat
354 566 415 586 eum
426 558 473 586 Jo—

263 594 371 627 hannis,
386 595 478 622 dicens
490 604 497 622 :

262 631 320 666 Ego
332 637 346 656 a
362 635 387 657 te
401 630 488 658 debeo

263 666 404 701 baptizari,
416 671 442 693 et
457 671 484 701 ιιι

265 700 341 729 venis
356 701 389 728 ad
403 708 446 728 me
456 700 483 730 ’ξ’

263 738 308 765 15.
333 736 510 771 Respondeas
521 745 570 765 au-

263 777 317 800 tem
332 772 422 805 Jesus,
433 772 501 800 dixit
513 773 544 801 il-

262 808 282 836 li
298 817 305 836 :
319 808 378 835 sine
393 808 494 836 modo:
511 809 550 843 sic

261 845 333 872 enim
346 844 424 870 decet
436 851 486 870 nos

261 879 376 914 implere
390 886 500 907 omnem

259 915 402 950 justitiam.
415 914 491 941 Tunc

261 949 363 978 dimisit
376 957 447 976 eum.
464 949 499 977 Et

262 994 323 1014 cunt
336 986 453 1020 baptiza-

260 1027 347 1054 retur,
363 1022 454 1048 lumen

261 1058 357 1092 ingens
372 1057 487 1084 circum-

262 1091 337 1121 fulsit
349 1091 384 1119 de
394 1099 463 1127 aqua
476 1100 483 1125 ;

782 616 896 646 CAPUT
917 618 960 646 IV.

716 664 741 690 l.
758 663 835 692 Tunc
841 664 920 692 Jesus
929 664 1025 695 ductus

679 703 720 726 est
734 699 760 727 in
775 699 866 727 deser-

680 739 707 762 to
722 736 755 762 ab
770 735 883 770 Spiritu,
894 739 924 763 ut

680 775 731 798 tem
737 775 855 805 plaretur

677 814 691 833 a
707 806 826 833 diabulo.

675 841 703 868 2.
722 841 756 868 Et
769 849 829 868 cum
840 841 958 876 jejunas-

676 882 717 904 set
733 885 776 904 ιι..
790 877 898 911 diebus,

676 917 704 940 et
713 921 757 939 ιι..
771 913 903 946 noctibus,

676 949 703 975 5.
726 953 817 984 postea
832 950 937 977 esuriit.
954 948 989 977 Et

679 985 794 1012 accessit
807 984 840 1011 ad
851 992 913 1012 eum

679 1024 836 1055 temptator,
854 1024 882 1047 et

654 1084 658 1087 ,
678 1056 749 1083 dixit
763 1056 815 1083 illi;
831 1056 860 1084 Si
876 1056 925 1083 lili-

679 1099 711 1120 us
723 1091 770 1119 Dei
787 1099 825 1125 es,
839 1093 883 1119 dic
899 1096 927 1119 ut

679 1127 784 1163 lapides
799 1128 841 1155 isti
856 1128 922 1155 ﬁant

680 1164 706 1192 4.
729 1170 821 1197 panes.
837 1164 878 1191 Ad
892 1163 937 1193 ille

680 1199 850 1233 respondens

682 1235 766 1262 dixit:
783 1235 917 1269 Scriptum

718 1270 908 1298 ...Nonin

719 1324 727 1332 .
750 1326 757 1333 .
773 1307 799 1333 lo
814 1306 935 1341 pane,vi-

681 1363 683 1365 .
717 1342 762 1369 bet
772 1342 864 1374 homo,

718 1377 765 1405 sed
777 1377 803 1404 in
819 1377 892 1404 omni

263 1171 359 1192 omnes
373 1164 418 1198 qui
431 1163 478 1190 ad-

264 1201 309 1228 16.
336 1199 476 1226 venerant.
494 1199 528 1227 Et

265 1235 403 1270 haptizato
418 1234 499 1269 Jesu,‘

262 1270 404 1299 confestim
420 1271 517 1298 ascen-

261 1307 302 1335 dit
315 1307 349 1334 de
365 1313 444 1340 aqua,
460 1310 488 1333 et
502 1313 547 1335 ec-

262 1351 294 1371 ce
306 1346 393 1377 aperu
409 1346 472 1369 sunt
486 1343 512 1369 ei

262 1378 346 1414 caeli;
362 1382 388 1404 et
402 1377 469 1414 vidit
480 1377 609 1414 Spiritum

263 1414 312 1441 Dei
326 1412 493 1440 descenden-

260 1454 313 1477 tem
329 1449 366 1484 (a)
377 1448 414 1476 de
426 1448 509 1476 Caelo
517 1448 538 1484 -ι-
546 1449 583 1478 si-

475 1496 592 1525 CODEX
606 1494 839 1534 CORBEIENSIS.

262 1544 290 1571 in
324 1544 451 1572 horreum
475 1552 574 1578 suum,
604 1544 695 1579 paleas
724 1548 813 1579 autem
833 1541 978 1579 comburet
1003 1540 1057 1579 igni

258 1580 481 1614 inexstinguthili.
493 1576 571 1607 ’l‘unc'
583 1576 657 1606 venit
671 1578 749 1606 Jesus
763 1587 777 1605 a
791 1578 911 1605 Galilaea
922 1576 948 1614 i7n
964 1577 1060 1603 .lorda-

261 1622 323 1642 nem
339 1615 372 1641 ad
380 1612 548 1646 ‘Jobaunem.
560 1620 587 1641 ut
603 1614 784 1648 baptizaretur
794 1613 827 1640 ab
841 1620 883 1640 eo.
901 1612 1059 1648 ‘Joliannes

261 1654 352 1676 autem
368 1650 527 1684 prohibebat
542 1658 614 1681 eum,
635 1647 728 1677 dicens
744 1657 750 1674 :
767 1648 824 1683 Ego
837 1656 850 1673 ιι
867 1653 893 1675 te
907 1648 993 1674 debeo
1009 1647 1057 1684 ba-

262 1682 374 1720 ptizari,
392 1690 419 1713 et
433 1690 461 1712 tu
479 1687 554 1712 venis
572 1685 605 1712 ad
633 1685 695 1712 me?
707 1683 886 1720 Respondeas
899 1688 988 1710 autem
1014 1682 1058 1709 Je-

261 1718 307 1747 sus
321 1741 328 1753 ,
343 1720 411 1748 dixit
425 1722 448 1747 ei
467 1730 473 1747 :
490 1721 555 1748 Sine
571 1721 650 1748 modo
666 1729 671 1746 ε
689 1722 728 1747 sic
749 1719 819 1746 enim
845 1718 924 1746 decet
941 1726 990 1745 nos
1010 1720 1058 1745 im-

261 1757 337 1791 plere
349 1764 455 1783 onmem
469 1757 611 1791 justitiam.
622 1757 697 1784 'l‘ttuc
709 1757 810 1783 dimisit
825 1763 896 1782 eum.
909 1756 919 1771 ¹
935 1755 1059 1787 Baptiza-

263 1797 305 1818 tus
319 1795 408 1819 autem
428 1792 520 1826 .lesus,
532 1792 673 1820 confestim
690 1792 810 1819 ascendit
825 1791 859 1818 de
874 1799 953 1824 aqua.
972 1791 1003 1817 lit
1014 1798 1058 1817 ec-

261 1834 292 1854 ce
307 1829 390 1861 aperti
405 1833 466 1855 Stult
479 1829 503 1855 ci
519 1829 601 1855 coeli:
616 1832 642 1855 ct
658 1829 722 1856 vidit
736 1827 864 1861 Spiritqu
884 1826 927 1853 Dei
943 1826 1056 1853 descen-

261 1862 368 1889 dentem
385 1863 395 1878 ³
411 1865 479 1890 sicut
507 1864 675 1897 columbani,
701 1869 728 1892 et
747 1863 902 1891 venientem
919 1869 1000 1896 super
1016 1869 1054 1888 se.

260 1897 294 1925 Et
312 1905 375 1926 ecce
400 1907 451 1926 vox
466 1899 499 1926 de
512 1899 595 1927 coelis
607 1900 618 1915 ⁸
633 1900 741 1927 dicens:
764 1899 814 1926 llic
825 1904 866 1926 est
879 1898 960 1925 Filius
981 1905 1057 1925 meus

260 1934 384 1966 dilectus,
397 1936 422 1962 in
439 1943 491 1968 quo
506 1936 517 1951 ⁵
533 1936 596 1962 mihi
616 1935 775 1968 complacui.

296 1968 340 1996 Ill.
354 1970 432 1998 Tunc
453 1973 530 1999 Jesus
546 1972 641 1998 ductus
655 1976 695 1999 est
713 1973 738 1998 in
754 1971 891 1998 desertum
907 1977 921 1996 a
935 1968 1036 2004 Spiritu
1049 1989 1055 2001 ,

261 2008 290 2042 ut
306 2009 454 2042 lentarelur
467 2016 480 2032 a
496 2007 614 2034 diabolo.
631 2008 661 2034 Et
681 2015 761 2041 qttum
773 2007 922 2042 jejuuasset
941 2005 1058 2042 quadra-

258 2041 330 2078 ginta
346 2041 451 2075 diebus,
466 2048 493 2070 et
505 2042 680 2078 quadraginta
693 2043 827 2072 noctibus,
844 2041 1055 2078 posteaesuriit.

259 2076 292 2103 Et
308 2077 318 2091 ³
331 2078 463 2105 accedens
490 2075 685 2105 tentator'dixit
708 2079 750 2105 ei:
768 2079 795 2105 Si
813 2075 883 2104 lilitts
899 2076 944 2103 Dei
958 2083 998 2108 es,
1014 2075 1057 2102 dic

260 2117 287 2149 ut
302 2112 404 2149 lapides
434 2114 475 2140 isti
503 2121 586 2149 paucs
602 2114 676 2141 ﬁant.
692 2114 702 2129 "
726 2115 775 2147 Qui
789 2113 957 2148 respondens
970 2112 1055 2149 dixit:

258 2147 392 2181 Scriptum
408 2155 465 2177 est:
482 2147 539 2176 Non
562 2150 588 2176 in
604 2158 671 2183 pane
694 2150 750 2177 solo
765 2147 946 2180 vivct'ltomo,
963 2147 1010 2174 sed
1028 2147 1053 2174 in

257 2184 330 2210 omni
341 2185 434 2218 verbo,
448 2185 519 2220 quod
531 2186 651 2221 procedit
668 2186 702 2213 de
712 2192 759 2212 ore
769 2185 826 2212 Dei.
839 2184 914 2212 Tunc
928 2183 1055 2210 assumsit

529 99 662 129 EUSEBll
682 99 849 129 VERCELL.
872 100 1096 138 EVANGELlUll
1116 100 1186 130 CUM
1208 100 1322 130 VARUS
1333 100 1410 131 COD.
1430 100 1625 131 COLLATUM.
1836 106 1890 139 ,156

1326 159 1442 193 CODEX
1461 161 1685 195 VERONENSIS.

1111 206 1138 233 in
1155 206 1252 233 horreo
1267 213 1327 240 suo,
1530 216 1580 235 vox
1596 209 1629 236 de
1643 209 1719 236 caelo

1110 242 1202 283 paleas
1218 249 1267 283 au7-
1529 244 1622 283 dicens
1635 244 1717 283 (glad
1728 253 1805 276 eum:
1818 248 1837 283 ῒ

1112 282 1166 305 tem
1186 277 1297 305 combu-
1530 279 1578 306 Hic
1592 277 1727 308 estFilius

1111 313 1279 351 ret_igui7_iu7-7
1529 322 1604 342 meus
1615 315 1743 351 dilectus,

1111 347 1290 385 extirjguibili:
1317 384 1321 385 7
1355 384 1360 385 7
1527 350 1623 385 inquo
1637 351 1704 379 bene

1112 385 1161 422 l3.7
1171 384 1246 422 Tunc
1261 384 1335 422 venit
1349 384 1428 414 lesns
1526 384 1686 422 complacui.

1111 427 1125 446 a
1142 419 1252 447 Galilara
1268 420 1300 446 ad

1111 455 1310 509 ξῗῖἶῇῗῗῗὲιζὲί
1631 478 1746 508 CAPUT
1759 480 1793 509 tv

1111 490 1293 526 baptizaretur

1112 525 1156 554 14⁷.
1172 526 1206 553 ab
1218 533 1251 553 eo
1266 526 1291 553 in
1311 525 1372 554 Jor-

1111 562 1200 589 danen
1223 582 1229 588 .
1254 582 1260 589 .
1284 581 1290 588 .
1312 580 1321 589 .

1111 604 1172 624 eum
1185 596 1335 630 Johannes,

1530 562 1555 589 l.
1575 561 1652 589 Tune
1664 561 1743 591 Jesns

1528 597 1625 624 ductus
1637 603 1679 625 est

1111 632 1219 660 dicens:
1237 633 1294 667 Ego
1528 633 1555 660 in
1572 632 1713 661 Desertum

1111 675 1126 695 a
1140 673 1166 695 te
1178 668 1263 695 debeo
1528 669 1562 696 ab
1572 668 1686 702 Spiritu,

1112 704 1157 731 15.
1173 704 1312 738 baptizari,
1325 709 1352 731 et
1363 707 1390 730 tu
1528 709 1556 731 ut
1568 709 1744 738 tentptaretur

1111 739 1208 766 venisti
1222 740 1254 765 all
1270 739 1332 766 me?
1528 747 1543 766 a
1559 739 1681 766 Diabulo.

1112 774 1289 809 Respondens
1304 782 1351 802 au—
1528 775 1556 801 2.
1573 774 1606 801 Et
1620 783 1681 802 cum

1111 814 1166 837 tem
1181 810 1268 843 Jesus,
1528 810 1678 845 jejunasset

1111 845 1177 873 dixit
1191 847 1215 872 ei
1226 854 1233 872 ε
1530 854 1576 873 ιι.
1594 846 1689 874 diebus

1529 867 1609 908 εἴη.
1623 867 1749 911 nexibus
1762 903 1770 916 ,

1529 921 1622 951 postea
1636 919 1742 945 esuriit.

1529 952 1555 980 3.
1577 952 1609 979 Et
1622 954 1736 981 accessit

1530 988 1563 1015 ad
1574 995 1635 1025 eum
1651 993 1808 1025 temptator,

1531 1029 1558 1050 et
1572 1023 1641 1050 dixit
1654 1025 1691 1051 llli
1707 1023 1714 1052 Ξ

1530 1058 1559 1086 Si
1576 1059 1645 1086 lilius
1657 1059 1703 1087 Dei
1716 1068 1746 1091 es
1755 1081 1763 1093 ,

1530 1094 1573 1122 dic
1584 1100 1611 1121 ut
1626 1095 1729 1130 lapides

1530 1130 1574 1157 isti
1589 1134 1671 1164 pane’s
1716 1130 1720 1133 ”

1532 1165 1606 1192 fiant.

1531 1200 1558 1227 4.
1579 1201 1629 1229 Cui
1644 1202 1822 1237 respondens,

1532 1236 1599 1263 dixit
1611 1236 1712 1265 Jesusﬁ

1111 882 1168 908 sine
1184 880 1277 908 modo:
1294 880 1332 908 sic

1111 917 1183 944 enim
1205 921 1311 950 oportet
1328 923 1376 944 nos

1112 952 1225 986 implere
1237 959 1344 979 onmem

1108 987 1249 1023 justitiam.
1381 991 1383 993 ’

1113 1024 1156 1050 to.
1174 1023 1249 1050 'l‘unc
1267 1022 1371 1051 dimisit
1384 1028 1457 1056 eum.

1112 1059 1145 1085 Et
1163 1059 1296 1093 baptizato

1112 1094 1186 1127 Jesu,
1203 1093 1295 1121 confe-

1112 1131 1173 1157 stim
1184 1130 1307 1157 a5ceiidit
1319 1129 1354 1157 dc

1112 1172 1191 1200 aqua.
1209 1165 1242 1192 Et
1255 1173 1298 1192 ec-

1115 1208 1147 1228 ce
1162 1201 1252 1235 aperti
1268 1204 1330 1227 sunt
1343 1200 1368 1228 ei

1113 1236 1201 1263 caeli:
1223 1240 1251 1263 et
1272 1236 1337 1263 vidit

1114 1271 1242 1306 spiritum

1114 1305 1162 1334 Dei
1170 1306 1391 1342 descendentem
1406 1305 1445 1342 (α)

1113 1342 1147 1369 dc
1163 1341 1271 1378 Caelo-i-
1406 1342 1409 1345 ’

1115 1378 1185 1405 sicut
1198 1378 1350 1406 columme

1114 1414 1268 1441 venientem
1284 1415 1309 1441 in

1115 1449 1214 1484 ipsum.
1228 1449 1261 1477 Et
1275 1457 1340 1478 ecce

1532 1271 1667 1307 Scriptum
1679 1279 1722 1301 est
1737 1283 1743 1301 :

1530 1307 1588 1334 Non
1606 1308 1630 1335 iri
1643 1316 1714 1343 pane

1530 1346 1633 1371 tantum
1645 1345 1718 1372 vivet

1530 1378 1655 1412 homo,.
1680 1400 1686 1406 .
1709 1399 1748 1415 .,

1530 1415 1614 1442 verbo
1629 1414 1665 1451 (ι)
1681 1414 1742 1444 Dei.
1754 1416 1776 1452 -ξδ

1530 1449 1557 1476 5.
1579 1450 1655 1478 Tune
1674 1451 1784 1479 adsum-

1343 1494 1459 1523 CODEX
1477 1494 1674 1524 BRIXIANUS.

1110 1549 1188 1569 suum
1220 1541 1245 1568 in
1273 1541 1401 1569 horreum
1436 1541 1528 1576 paleas
1556 1547 1645 1568 autem
1680 1542 1820 1569 comburet
1854 1540 1901 1575 igni

1112 1577 1321 1611 inextinguihili.
1335 1576 1411 1604 Tunc
1439 1578 1511 1604 venit
1527 1577 1606 1604 .lesus
1621 1587 1634 1603 a
1661 1577 1765 1605 Galilea
1785 1577 1817 1604 ad
1844 1576 1900 1603 Jor-

1109 1612 1210 1640 danem
1240 1613 1272 1639 ad
1294 1612 1455 1640 .Iuhannem.
1476 1617 1504 1639 ut
1530 1613 1713 1647 baptizaretur
1735 1613 1770 1639 ab
1799 1620 1841 1640 eo.
1862 1612 1903 1639 Jo-

1110 1648 1213 1675 haunes
1229 1652 1316 1674 autem
1333 1648 1489 1682 prohibebat
1507 1655 1568 1676 eum
1583 1649 1675 1676 dicens
1699 1648 1755 1683 Ego
1769 1655 1838 1681 Opus
1859 1649 1901 1674 ha-

1110 1683 1161 1711 beo
1175 1690 1190 1710 a
1206 1689 1231 1711 Ie
1252 1684 1380 1718 baptizari
1404 1689 1431 1710 et
1454 1689 1480 1710 tu
1498 1684 1572 1710 venis
1598 1685 1631 1710 ad
1658 1692 1711 1711 me.
1729 1683 1901 1719 Respondeas

1109 1726 1198 1746 autem
1210 1719 1288 1746 Jesus
1304 1720 1374 1746 dixit
1388 1720 1411 1747 ei
1426 1720 1490 1747 Siue
1502 1719 1593 1747 modo.
1607 1720 1648 1746 sic
1660 1720 1731 1746 enim
1744 1724 1851 1754 Oportet
1860 1724 1903 1745 nos

1110 1755 1223 1789 implere
1262 1763 1369 1782 omnem
1406 1756 1549 1789 ju~titiam.
1590 1755 1665 1782 Tune
1701 1754 1805 1781 dimisit
1836 1762 1901 1782 eum.

1112 1790 1145 1817 Et
1166 1791 1317 1824 baptizatus
1341 1791 1428 1819 lesus.
1443 1791 1585 1818 confestim
1598 1790 1719 1818 ascendit
1734 1791 1768 1818 tle
1784 1798 1862 1825 aqua.
1875 1790 1903 1817 Et

1109 1834 1173 1853 eet-e
1185 1827 1269 1861 aperti
1282 1832 1342 1853 sunt
1354 1827 1378 1854 ei
1390 1827 1504 1854 caeli.et
1518 1827 1583 1853 vidit
1597 1828 1718 1861 spiritum
1733 1826 1781 1853 Dei
1797 1827 1902 1861 descen-

1109 1860 1216 1889 dentem
1229 1864 1297 1889 sicut
1321 1863 1472 1890 t-olumb.im
1484 1860 1671 1889 ctvenien’tem
1692 1869 1773 1896 super
1789 1870 1858 1889 eum.
1874 1860 1903 1887 Et

1108 1905 1171 1924 ecce
1185 1905 1233 1924 vox
1251 1898 1372 1925 decaelis
1385 1898 1478 1925 dicens
1490 1897 1534 1925 hic
1543 1903 1583 1925 est
1594 1897 1675 1924 Filius
1691 1904 1767 1924 meus
1782 1897 1902 1926 dilectus,

1109 1933 1136 1960 in
1150 1941 1201 1967 quo
1216 1933 1284 1960 bene
1297 1933 1446 1968 complacui
1459 1934 1545 1967 ipsum
1555 1933 1654 1959 audite.
1668 1932 1743 1959 Tunc
1756 1932 1903 1959 Jesusduc-

1109 1972 1151 1995 tus
1163 1974 1203 1995 e~t
1214 1969 1239 1996 in
1257 1969 1367 1995 Deserto
1378 1969 1412 1996 ab
1422 1969 1523 2001 Spiritu
1536 1973 1565 1995 ιιι
1581 1974 1739 1995 temtaretur
1750 1975 1765 1994 a
1784 1968 1899 1994 Diabolo.

1146 2004 1179 2031 Et
1201 2012 1262 2031 cum
1276 2005 1427 2038 jt-juuasset
1441 2005 1618 2039 quadraginta
1633 2004 1728 2031 diebus
1741 2009 1768 2030 et
1791 2004 1902 2038 quadra-

1111 2040 1190 2075 ginta
1206 2041 1340 2067 not-tibus.
1365 2045 1456 2074 postea
1471 2041 1574 2067 esuriit.
1706 2074 1709 2075 7
1731 2074 1737 2075 7
1802 2046 1803 2051 ‘

1147 2076 1178 2102 lit
1191 2076 1322 2103 accedens
1333 2073 1434 2102 adeum
1444 2080 1569 2102 temtator
1582 2075 1660 2102 dixit.
1684 2074 1711 2102 Si
1724 2074 1797 2101 filius
1810 2073 1858 2101 Dei
1867 2080 1903 2100 es.

1109 2111 1151 2138 dic
1169 2116 1197 2138 ut
1222 2111 1323 2144 lapides
1345 2112 1386 2138 isti
1403 2119 1484 2146 panes
1500 2112 1572 2137 liaut.
1582 2110 1629 2137 Cui
1646 2110 1813 2146 respondens
1829 2109 1904 2146 Jesus

1108 2146 1187 2174 dixit.
1199 2147 1331 2174 Scribtum
1341 2152 1391 2174 est.
1402 2144 1457 2173 Non
1469 2148 1494 2173 in
1508 2154 1575 2181 pane
1584 2147 1642 2174 solo
1653 2146 1721 2182 vivet
1731 2145 1812 2182 homo
1824 2144 1869 2182 sed
1881 2144 1904 2182 in

1108 2183 1181 2209 (mini
1197 2183 1279 2210 verbo
1299 2183 1370 2218 quod
1387 2180 1514 2218 procedit
1526 2182 1558 2209 de
1572 2190 1620 2209 ore
1644 2180 1779 2209 Dei.Tunc
1798 2180 1905 2207 adsum;

598 2242 794 2270 VAlilANTES
815 2240 1005 2269 LECTIONES
1023 2240 1156 2269 CODICIS
1176 2239 1231 2268 IIS.
1252 2240 1280 2268 S.
1301 2239 1554 2268 GEllMANENSlS.

257 2307 259 2310 .
290 2286 298 2319 ξ
315 2286 346 2319 Et
356 2287 502 2318 prohibebat
513 2296 569 2314 eum
580 2289 714 2319 Iohannes,
726 2289 811 2313 dicens

288 2317 299 2332 ³
316 2317 412 2351 Etcum
424 2320 585 2351 baptizaretur
593 2322 675 2350 Jesus,
690 2317 771 2344 lumen
780 2325 894 2350 magnum
905 2318 1015 2351 fulgebat
1022 2318 1054 2343 de

256 2350 377 2388 aquarii?
390 2355 416 2375 ut
429 2350 547 2388 timet-ent
562 2352 701 2388 omnes_qui
721 2351 865 2382 congregati
878 2355 957 2375 erant.
970 2350 1001 2376 Et
1011 2350 1054 2374 ba-

256 2380 346 2411 ptizata
357 2380 427 2411 Jesu,
440 2382 577 2413 confestim,
590 2387 637 2408 etc.
651 2380 675 2398 “-

289 2411 299 2427 ⁸
315 2410 354 2436 De
367 2412 457 2438 ctelo...
471 2415 616 2439 venientem
627 2415 653 2439 in
665 2415 743 2446 ipsum

1140 2288 1151 2302 ι
1168 2286 1203 2310 Ad
1216 2293 1272 2310 etim
1284 2286 1370 2310 dicens

1139 2318 1149 2333 ⁵
1168 2318 1194 2342 ln
1204 2324 1252 2348 qtto
1264 2318 1329 2341 bene
1343 2317 1436 2347 placui,
1451 2317 1529 2347 ipsum
1540 2317 1623 2341 audite
1635 2314 1650 2334 δ

1140 2348 1150 2363 ⁸
1167 2348 1278 2380 Δρουδδὶῐ
1289 2348 1515 2380 ad7ettm_tentator,
1531 2351 1557 2372 et
1567 2348 1629 2373 dixit
1809 2378 1813 2380 _
1901 2375 1905 2380 7

1139 2380 1149 2389 '
1155 2379 1374 2435 respondens
1381 2378 1455 2404 Jesus
1463 2379 1554 2404 dixit...
1565 2380 1588 2407 iu
1598 2384 1661 2409 pauc
1670 2381 1794 2403 tantum...
1808 2378 1834 2402 in
1844 2378 1906 2402 omni

1141 2418 1152 2435 l‘
1221 2417 1252 2435 el.

1108 2412 1185 2436 verbo
1197 2409 1252 2435 Dei.
1266 2409 1270 2410 ⁷
1306 2409 1308 2415 ¹

908 2453 1090 2496 BLANCHlNl
1111 2452 1225 2481 ΝΟΤΑΞ.

294 2504 308 2519 ⁸
323 2499 399 2528 Unde
411 2502 538 2529 sumserit
553 2502 689 2537 lnterpres
700 2502 811 2530 Latinus
825 2500 977 2535 huiusmodi
993 2508 1055 2527 ver-

257 2536 298 2573 ba
314 2537 360 2563 vix
380 2537 458 2565 nobis
472 2538 609 2572 conjicere
624 2536 687 2566 licet
702 2540 783 2573 :quia
806 2539 832 2565 in
848 2538 951 2573 Graecis
964 2557 972 2569 .
995 2543 1055 2570 qua:

257 2571 344 2607 prima
356 2577 491 2605 sunl,non
505 2571 745 2602 habentur.Codex
758 2574 871 2601 ms.San
890 2572 1057 2600 Germanen-

258 2608 298 2634 sis
320 2607 419 2635 retinet
438 2609 513 2635 solus
527 2610 738 2637 additamentum
755 2610 853 2643 isthoc,
870 2614 911 2639 at.
931 2608 959 2635 ni
983 2607 1058 2643 fallat

259 2649 309 2669 nos
320 2643 422 2680 opinio,
431 2643 574 2679 hocipsum
585 2646 682 2680 legisse
690 2647 795 2673 videtur
803 2643 945 2680 preshytei'
956 2643 1056 2680 Juven-

261 2684 321 2706 cus.
330 2678 412 2705 Libro
422 2678 583 2714 enimpriori
596 2678 766 2716 E‘vangelicze
774 2678 900 2708 Historiae
910 2681 949 2707 sic
960 2678 1056 2712 habet:

307 2723 367 2759 llaec
379 2731 527 2759 memorans,
541 2727 633 2759 vitreas
645 2727 790 2759 penetrabat
799 2727 908 2759 fluminis
919 2726 1004 2759 undas,

306 2756 424 2787 Surgenti
436 2756 562 2782 manifesta
572 2757 621 2783 Dei
634 2756 776 2789 praesentia
783 2758 872 2789 claret,
885 2761 934 2783 etc.
978 2757 981 2764 '

1108 2497 1154 2525 llla
1167 2497 1276 2525 claritas
1286 2518 1294 2531 ,
1307 2497 1376 2525 idem
1390 2498 1465 2526 credi
1482 2502 1570 2532 potest
1585 2497 1657 2533 quod
1677 2497 1767 2524 lumen
1781 2504 1907 2532 magnum

1108 2534 1211 2568 fulgens
1227 2534 1252 2560 iu
1267 2541 1347 2568 aqua,
1363 2534 1425 2561 dum
1439 2533 1518 2562 Jesus
1532 2534 1713 2569 baptizaretur
1723 2553 1730 2566 ,
1743 2533 1821 2568 juxta
1836 2533 1909 2561 codi-

1107 2577 1165 2597 cem
1181 2573 1302 2597 nostrum
1316 2577 1366 2597 ius.
1473 2572 1475 2576 '

1145 2604 1158 2623 δ
1184 2605 1311 2636 Hilarius.
1328 2605 1375 2632 lib.
1406 2613 1430 2632 rx
1453 2604 1487 2632 de
1500 2604 1596 2632 'l‘rinit.
1610 2626 1617 2637 ,
1639 2612 1713 2631 num.
1735 2604 1783 2633 90:
1802 2603 1855 2631 Hic
1875 2609 1909 2630 eu

1111 2640 1196 2681 filius
1211 2649 1284 2681 meus
1297 2640 1404 2681 dilefttts
1428 2641 1454 2681 i_n
1466 2648 1516 2681 quo
1531 2640 1592 2681 bene
1606 2641 1702 2681 placiti,
1725 2640 1791 2681 hunc
1808 2640 1907 2681 aitdith

1107 2675 1145 2703 Ita
1158 2683 1219 2703 eum
1237 2677 1330 2711 legisse
1344 2676 1423 2703 fidem
1432 2675 1494 2702 facit
1507 2684 1557 2702 ms.
1569 2675 1749 2703 Colbertinus.
1759 2675 1909 2711 Cyprianus

1112 2713 1210 2744 autem,
1225 2712 1251 2738 in
1264 2719 1314 2746 qua
1328 2712 1389 2739 bene
1399 2712 1478 2744 sensi,
1492 2712 1577 2743 ipsum
1590 2711 1686 2738 audite.

305 2809 352 2851 (αλ
360 2809 470 2851 Addunt
483 2811 519 2851 de
532 2812 603 2840 coelo
615 2819 662 2851 ;7et
674 2815 709 2851 ita
725 2814 789 2851 cod.
802 2814 882 2851 Cant.
893 2835 901 2847 ,
917 2814 943 2841 ἐκ
955 2813 1054 2851 τοῖς-σῦρ

1116 2828 1127 2838 η.
1143 2810 1181 2851 (li)
1194 2810 1301 2839 Addunt
1315 2810 1347 2839 ad
1356 2818 1414 2838 eum
1424 2831 1431 2845 ,
1444 2818 1504 2839 cum
1518 2811 1579 2840 cod.
1589 2810 1666 2840 Cant.
1682 2811 1746 2850 πρὸς
1757 2811 1844 2839 αὐτόν.

270 2844 315 2881 (ε)
332 2844 431 2878 Deest,
450 2847 519 2882 quod
539 2844 653 2883 procedit
664 2850 696 2879 de
710 2858 768 2883 ore,
784 2850 818 2883 ita
834 2854 860 2878 et
873 2844 900 2884 in
913 2850 973 2882 cod.
989 2844 1117 2882 Catitﬁr.
1129 2844 1156 2876 ei
1168 2844 1227 2881 Lat.
