1975 3088
86 135 132 164 137
560 130 784 168 ιζγιιιθβυυιι
801 130 858 159 δε(

924 130 983 160 iUM
1005 130 1222 164 MATTIIEUM.
1672 133 1722 165 158

274 192 388 221 ιὩΠΕΧ
412 191 675 221 \‘ERCELLENSIS.

86 241 113 279 ες,
129 240 157 279 in
169 243 283 268 sanctam
493 238 606 279 Satanas
623 237 734 279 :Scrip-

86 277 223 307 civitatem.
239 280 265 303 et
492 278 548 301 tum
563 278 604 301 est
617 277 689 303 enim
704 280 712 301 ι

85 312 172 339 statuit
183 320 239 338 eum
492 309 634 336 Dominum
648 309 732 341 Deum
745 312 788 340 tu:

84 347 296 386 supra__pinna_m__
491 352 535 386 um
549 344 654 385 adora-_

84 380 221 421 ιειῂριρ-ει
227 384 268 421 ait
278 381 328 421 i_l-_
425 415 442 421 ιγ
491 380 531 421 bis
542 401 549 412 ,
566 387 593 421 et
605 380 656 414 ipsi
664 386 708 408 so-

83 419 107 446 6.
119 415 148 445 li:
159 418 185 446 Si
197 418 268 446 [ilius
279 417 328 445 Dei
343 423 384 449 es,
396 415 455 444 mit-
490 415 507 443 li
521 416 634 444 servies.

81 459 105 481 te
122 459 145 481 te
158 454 297 482 deorsum.
489 452 534 479 Η.
552 451 662 479 Tunc...
678 450 755 486 liquit

80 489 206 524 Scriptum
223 495 266 517 est
488 494 597 514 eum....

79 525 160 552 enim:
488 527 525 550 et.
549 543 555 550 .
581 543 587 549 .
610 542 617 550 .
641 543 647 549 .

109 561 269 600 Quiaange-
680 579 686 585 .
728 579 734 586 .
774 577 782 585 .
822 575 830 584 .

112 597 142 623 lis
154 597 209 624 suis
222 603 300 624 man—
489 598 517 621 et
530 597 667 622 ministra-

110 631 187 665 davit,
201 638 231 659 ut
487 629 554 657 bant
568 630 604 658 ei.

108 668 256 695 custodiant
488 665 531 692 12.
553 666 619 695 Cum
639 665 761 694 audisset

486 706 575 728 autem
591 701 670 729 Iesus

107 707 139 734 te,
152 707 179 730 et
192 703 219 730 in
236 702 327 730 mani-

487 737 556 770 quod
569 736 669 765 Iohan-

105 738 150 766 bus
165 739 263 766 tollant
277 743 316 771 te,

105 782 135 801 ne
149 774 220 802 forte
235 774 278 802 of-
486 779 534 799 nes
547 773 661 801 traditus

105 809 192 837 fendas
207 810 241 837 ad
255 810 297 836 ιι-
485 812 541 841 est,
557 809 670 835 secessit
682 807 708 835 in

103 845 187 880 pidem
203 845 302 880 pedem
486 843 530 870 15.
551 843 696 880 Galilaeam
710 852 717 871 :
733 846 761 871 ct

104 879 183 907 tuum.
204 879 211 880 7
485 879 579 906 relicta
593 879 690 906 civita-

73 915 96 942 7.
115 916 156 943 Ait
173 916 209 943 illi
228 916 328 945 iterum
348 915 449 943 Iesus:
486 918 512 941 te
523 914 671 946 Nazareni.
686 922 735 945 ve-

73 951 197 986 Scriptum
211 956 268 979 est:

72 986 123 1013 Non
135 988 277 1021 temptabis

72 1022 207 1050 Dominum
220 1023 270 1050 De-

487 950 547 982 nit,
561 955 588 977 et
602 950 731 979 habitavit

486 985 511 1012 in
528 985 717 1020 Capltarnaum

486 1022 618 1048 maritima
631 1043 637 1053 ,
653 1021 680 1048 in

485 1056 582 1084 ﬁnibus
592 1057 685 1084 Zabul.
692 1077 697 1083 .
704 1077 710 1083 .

486 1093 530 1119 tl.
552 1097 579 1120 et
593 1092 746 1127 Neptltalim
763 1096 811 1122 :nt

484 1127 643 1162 impleretur

482 1163 554 1200 quod
572 1163 682 1200 dictu...

481 1199 523 1228 rat
538 1207 586 1233 per
598 1199 682 1227 Es....

482 1235 647 1269 Protlltetam
660 1243 667 1265 ;

483 1272 527 1300 15.
548 1270 631 1298 Terra
650 1269 734 1298 1a....

73 1065 114 1084 um
129 1063 212 1085 tuum.
245 1074 249 1077 -

72 1094 96 1120 8.
111 1092 208 1120 lterum
223 1093 349 1129 adsump-

73 1129 103 1156 sit
113 1136 171 1158 eum
185 1129 282 1157 Diabo-

73 1164 110 1191 lus
124 1165 147 1191 in
159 1170 276 1192 montem

74 1201 196 1228 excelsum
208 1201 267 1228 va|~

76 1235 104 1262 de
115 1245 121 1261 :
133 1241 158 1263 et
171 1236 292 1267 ostendit
307 1237 333 1264 ei

75 1272 151 1307 omnia
164 1279 242 1307 regna

77 1305 154 1347 iluntli
162 1327 169 1339 ,
181 1305 207 1335 ei
216 1308 275 1343 gloo

76 1349 132 1368 nam
144 1350 234 1371 eorum
245 1364 253 1377 ,

77 1376 98 1404 9.
115 1378 211 1406 eldilit
226 1379 265 1406 illi
282 1388 291 1409 :
310 1378 384 1407 Haec

77 1414 152 1440 omnia
167 1414 210 1441 tibi
222 1415 269 1442 da-

78 1448 106 1484 bo
116 1469 123 1481 ,
135 1450 154 1476 si
168 1450 316 1484 procidens

77 1483 216 1513 adoraveris
228 1494 284 1514 me.

77 1520 117 1557 10.
132 1520 201 1549 Tunc
215 1522 252 1550 ait
264 1521 309 1550 illi
323 1521 403 1557 Iesus
416 1529 423 1547 :

77 1555 132 1584 nde
144 1562 213 1591 retro

482 1364 489 1371 .
530 1362 537 1369 ι
576 1362 583 1370 ι
624 1361 631 1369 ο
671 1361 679 1370 ι
720 1362 727 1369 ι
767 1360 775 1370 ι
815 1362 822 1369 α

481 1432 821 1447 .......,

482 1449 519 1486 (ὁ)
535 1449 672 1479 Galilaeae
685 1449 706 1485 -ι-
719 1456 785 1486 gen-

480 1485 524 1513 16.
546 1486 613 1513 tium
624 1505 631 1517 ,
644 1485 761 1521 populus

478 1522 523 1557 qui
537 1521 649 1548 sedebat

478 1558 504 1584 in
521 1557 639 1584 tenebris
651 1577 659 1590 ,

272 1617 394 1647 CODEX
407 1617 641 1657 CORBEIEXSIS.

75 1669 126 1690 eum
140 1664 258 1693 diabolus
282 1665 313 1692 in
329 1669 449 1691 sanctam
471 1663 606 1691 civitatem
618 1684 625 1695 ,
641 1670 668 1692 et
690 1663 782 1691 statuit
797 1671 858 1691 eum

76 1707 143 1731 supra
163 1701 271 1734 pinnam
295 1701 399 1734 templi.
422 1705 450 1728 et
465 1701 533 1728 dixit
551 1700 591 1729 ei:
607 1700 635 1729 Si
655 1701 726 1728 [ilius
744 1709 773 1727 es
798 1700 857 1733 Dei,

76 1735 140 1761 mitte
152 1739 176 1762 te
192 1737 338 1763 deorsum.
362 1736 497 1770 SClipltﬂll
512 1742 553 1764 est
569 1736 654 1763 enim:
674 1736 739 1769 Quia
755 1736 858 1770 angelis

76 1771 121 1795 suis
142 1773 277 1798 mandavit
301 1772 336 1798 de
358 1777 395 1803 te.
412 1772 482 1799 utin
505 1772 628 1799 manibus
652 1773 746 1800 tollant
761 1775 802 1800 te.
825 1779 859 1798 ne

77 1804 132 1841 {orte
154 1807 274 1834 oﬂ'endas
303 1807 311 1823 ¹
338 1807 496 1841 adlapidem
512 1807 607 1841 pedem
623 1811 709 1837 tuum.
734 1807 779 1835 Ait
793 1806 830 1833 illi
850 1808 859 1822 ’

76 1840 152 1877 Iesus:
167 1842 282 1870 ltursum
297 1840 426 1877 scriptum
441 1847 499 1870 est:
513 1840 571 1870 Non
588 1843 703 1870 tentabis
718 1842 859 1871 Dominum

77 1875 144 1903 Deum
154 1882 236 1904 tuum.
247 1875 487 1905 lterum—assumsit
497 1886 558 1906 etttn
568 1878 694 1906 Diabolus
702 1879 727 1905 in
740 1882 859 1905 montem

77 1913 193 1946 excelsum
208 1915 307 1941 valde:
319 1913 344 1941 et
357 1914 476 1941 ostendit
485 1915 510 1941 ei
522 1915 610 1941 omnia
624 1921 705 1946 regna
719 1912 820 1945 Mundi,
833 1917 860 1940 et

77 1945 191 1978 ’ttloriam
213 1957 324 1982 eorum,
340 1950 444 1976 etdixit
458 1950 497 1976 illi
510 1958 516 1976 :
536 1949 608 1977 Haec
618 1950 707 1976 Omnia
720 1949 766 1975 tibi
778 1948 858 1981 dabo,

76 1982 93 2008 si
104 1982 113 1998 ⁸
123 1984 216 2011 cadens
235 1984 399 2012 adoraveris
422 1992 475 2012 me.
490 1985 565 2012 Tunc
576 1984 678 2012 dicitei
690 1984 769 2011 Iesus
782 1993 787 2010 :
808 1983 859 2011 Va-

77 2017 103 2054 ρο
122 2023 132 2036 ⁸
145 2025 214 2047 retro
229 2020 348 2048 Satanas
365 2030 371 2046 :
384 2020 519 2054 Scriptum
545 2026 586 2048 est
600 2023 672 2047 enim
687 2029 694 2048 :
717 2020 858 2047 Dominum

77 2051 145 2088 Deum
159 2060 230 2082 tuum
247 2056 389 2088 adorabis,
402 2060 429 2083 et
442 2051 478 2083 illi
492 2056 541 2083 soli
554 2058 666 2083 servies.
693 2055 768 2083 Tunc
791 2055 800 2070 ⁸
817 2063 860 2082 re-

78 2087 139 2121 liquit
149 2098 206 2117 etnn
221 2091 353 2119 Diabolus
368 2100 375 2118 ε
397 2096 425 2118 et
439 2099 502 2119 ecce
523 2092 619 2126 Angeli
633 2095 819 2124 accesserunt,
833 2096 861 2119 et

78 2126 248 2161 [Minisll’al‘ant
265 2129 304 2154 ei.
323 2127 412 2161 Quutlt
439 2132 528 2154 autem
545 2127 664 2154 audissm
678 2127 773 2159 Iesus,
787 2127 857 2161 quod

78 2157 196 2189 Iohannes
216 2157 347 2190 traditus‘
358 2169 446 2194 esset,
475 2163 588 2190 secessit
604 2163 629 2190 in
644 2157 815 2192 Galilaeam:
831 2167 860 2190 et

81 2196 158 2230 relicta
170 2199 281 2226 civitate
298 2197 448 2230 Nazarelh,
464 2199 553 2230 venit.
567 2203 594 2225 et
611 2198 742 2225 babitatit
765 2198 790 2224 iu
807 2197 859 2225 Ca-

80 2229 207 2270 pharnaum
225 2233 380 2270 maritima,
401 2234 427 2260 in
443 2229 689 2270 ﬁtiibtls’Zabulon,
704 2238 731 2262 et
747 2233 857 2270 iNepltt-

81 2266 146 2304 talin;
161 2278 166 2294 :
184 2274 212 2296 ut
233 2269 397 2304 impleretur
411 2269 482 2303 quod
508 2269 608 2297 dictum
630 2273 672 2296 cst
687 2277 734 2304 per
747 2268 855 2298 Esaiam

81 2298 222 2340 PfOphrtntn
248 2314 254 2332 :
274 2298 366 2332 'Terra
391 2298 523 2337 zabulon,
549 2310 575 2332 et
602 2310 673 2333 terra
687 2298 855 2340 Nephtaltm,

80 2341 112 2361 ua
138 2341 220 2376 ‘maris
256 2346 336 2367 trans
370 2340 515 2367 Iordanem
542 2339 679 2368 Galilaeae
712 2339 854 2376 gentium,

81 2373 174 2407 populus
198 2376 244 2420 qui
271 2375 386 2403 sedebat
399 2376 426 2403 in
449 2376 585 2409 tenebris,

1145 193 1259 232 constt
1282 194 1508 232 VEBONENSIS.

928 239 1058 302 psit_eum
1074 239 1171 273 Diaho-
1347 244 1370 284 ei
1386 243 1480 284 Jesus‘:

940 282 971 301 IIS
985 283 1010 302 In
1026 280 1149 302 sanctam
1350 279 1419 302 \zttin
1433 279 1469 302 {nl

940 275 1010 313 iisin
1026 280 1149 303 sanctam
1350 279 1419 304 \‘nde
1433 278 1469 313 (η)
1486 283 1559 309 retro

927 311 1066 351 civitatem
1076 332 1083 343 .
1096 316 1124 340 et
1347 322 1389 340 me
1402 315 1420 348 ὴ
1435 311 1546 342 Satanas
1559 324 1565 341 ;

926 350 1020 373 statuit
1030 354 1091 374 eum
1347 350 1481 383 Scriptum
1496 355 1536 376 est

927 388 1007 416 supra
1019 382 1129 416 pinnam
1347 382 1416 410 ciiim
1429 394 1434 410 :
1452 385 1592 412 Dominum

928 417 1040 452 templi,
1051 422 1078 445 et
1347 421 1429 446 Deum
1447 426 1519 446 ltllltn

927 452 995 479 dixit
1009 453 1033 480 ei
1046 461 1054 480 :
1344 455 1479 488 adorabis,
1497 461 1524 484 et
1536 455 1574 484 illi

926 487 954 515 Si
971 487 1040 515 illius
1055 488 1103 516 Dei
1344 491 1394 518 soli
1410 487 1522 519 servies.

926 530 972 562 es,
987 524 1062 552 mitte
1076 529 1102 559 te
1344 526 1388 553 ll.
1404 527 1477 553 Tune
1494 527 1607 562 reliquid

927 558 1066 586 deorsum.
1343 570 1403 589 eum
1420 562 1544 589 Diabolus
1553 558 1559 589 Ξ

927 594 953 621 6.
974 594 1110 636 Scriptum
1342 603 1369 624 et
1384 605 1445 624 ecce
1459 598 1550 632 Angeli

926 635 967 657 est
979 635 1051 658 eniln
1066 640 1073 657 :
1342 639 1521 661 accesserunt.
1540 638 1567 661 et

1342 669 1529 696 ministrabant
1544 669 1577 696 ei.

1346 704 1387 730 12.
1404 704 1469 730 (lum
1487 705 1604 732 audisset

1342 744 1431 766 autem
1446 739 1526 767 Iesus

1341 775 1412 812 quod
1427 775 1557 812 Johannis

1341 810 1453 837 traditus
1466 816 1516 844 cst,

1339 846 1452 873 secessit
1465 846 1492 873 in

1339 880 1501 909 Galilaeam:

1340 917 1384 944 15.
1402 922 1428 944 et
1444 917 1537 944 relicta

1339 952 1447 979 civitate
1460 952 1603 982 Nazarellt.

1338 988 1424 1020 venit,
1439 993 1470 1015 et
1485 987 1614 1023 habitavit

1339 1023 1365 1050 in
1380 1023 1569 1058 Capharnaum

1338 1059 1513 1089 maritimam.

1338 1094 1365 1121 in
1383 1094 1482 1121 ﬁnibus
1497 1093 1548 1126 Za-

1340 1129 1384 1157 M.
1401 1130 1483 1157 bulon
1496 1134 1523 1157 et
1538 1129 1672 1165 Neptalim
1686 1137 1692 1157 :

1338 1169 1367 1192 ut
1379 1164 1538 1201 intuleretur

1339 1201 1409 1233 quod
1424 1208 1472 1235 per
1486 1200 1592 1235 Eseiam

1339 1235 1502 1271 Prophetam

926 665 1002 707 Quod
1016 666 1129 707 Angelis

926 707 981 728 SUIS
992 707 1128 735 mandavit

926 736 961 764 de
977 742 1002 763 te
1013 758 1021 770 ,
1038 742 1067 764 ut
1082 738 1109 766 ill

926 772 1052 800 manibus
1068 773 1162 806 tollant

926 811 954 835 te
965 828 972 841 ,
988 816 1021 835 ne
1032 809 1102 841 forte

927 861 934 869 .
958 864 964 870 .
985 863 992 870 .
1015 863 1022 870 .
1043 843 1159 879 lapidem

925 878 1020 912 pedem
1038 878 1123 913 tuum.

925 914 951 950 7.
972 914 1017 941 Ait
1030 915 1067 942 illi
1079 915 1177 950 iterum
1191 924 1198 943 :

926 949 1060 984 Scriptum
1077 955 1119 979 est
1134 960 1141 979 :

925 984 981 1012 Non
998 986 1142 1020 temptabis

925 1020 1069 1048 Dominum
1081 1021 1167 1051 Deum

925 1060 1011 1083 tuum.

923 1091 950 1129 8_.
972 1092 1070 1121 lterum
1082 1092 1211 1129 adsump-

924 1127 959 1154 sit
972 1136 1033 1155 eum
1047 1127 1172 1157 Diabolus

924 1163 950 1190 in
971 1168 1090 1197 molitam
1103 1164 1193 1194 excel-

923 1205 983 1226 sum
997 1199 1075 1226 valde
1088 1208 1094 1227 :
1109 1204 1136 1227 et

922 1234 1040 1261 ostendit
1056 1235 1080 1262 ei
1095 1234 1185 1263 omnia

922 1277 1005 1307 regna
1019 1267 1121 1307 Mundi,
1132 1269 1135 1271 ’
1340 1267 1441 1298 dictum
1457 1277 1529 1299 erat:

921 1310 949 1332 et
962 1305 1093 1337 honorem
1116 1305 1119 1307 ’
1339 1307 1424 1335 Terra
1438 1307 1569 1340 Zabulon,

919 1340 946 1369 9.
964 1348 1068 1374 eorum.
1084 1346 1112 1376 et
1339 1347 1367 1370 et
1384 1343 1468 1376 Terra

919 1376 985 1415 dixit
999 1377 1037 1404 illi
1049 1386 1068 1415 εΔ
1337 1378 1381 1406 15.
1397 1376 1503 1415 Neptali
1521 1398 1528 1406 .
1551 1399 1559 1408 .
1582 1397 1589 1415 ε
1605 1397 1619 1415 ἒ.
1635 1376 1719 1415 maris

918 1411 1087 1450 Haecotnnia
1338 1417 1412 1450 trans
1425 1411 1561 1448 Iordanen
1576 1413 1615 1450 (ὁ)

920 1448 966 1485 lilii
982 1448 1063 1485 (lubt),
1338 1449 1458 1477 Galileae
1472 1450 1493 1485 1·
1581 1448 1587 1450 η
1600 1468 1604 1482 ;

918 1483 1099 1522 si_pro_cideus
1338 1486 1470 1522 gentium,
1480 1483 1600 1522 populus

918 1518 1075 1554 aduraberis
1090 1526 1143 1552 me.
1340 1520 1383 1547 16.
1398 1519 1444 1554 qui
1458 1518 1571 1548 sedebat

921 1554 965 1583 10.
987 1551 1062 1581 Tunc
1076 1555 1145 1582 dixit
1335 1554 1364 1581 ill
1377 1551 1506 1588 tenebris,

1143 1617 1260 1645 CODEX
1282 1617 1484 1646 BRIXIANUS.

926 1664 978 1699 psit
993 1672 1053 1691 eum
1070 1664 1198 1692 Diabolus
1221 1665 1246 1691 in
1267 1668 1387 1692 sanctum
1410 1665 1555 1692 civitatem.
1576 1669 1603 1692 et
1625 1666 1718 1693 statuit

924 1708 985 1736 eum
1012 1708 1092 1735 supra
1117 1701 1224 1736 pinnam
1252 1700 1353 1734 templi.
1380 1704 1408 1728 et
1435 1701 1502 1736 dixit
1526 1701 1561 1728 ei.
1591 1701 1618 1732 Si
1648 1700 1718 1728 [ilius

923 1735 971 1763 Dei
985 1743 1029 1767 es,
1046 1736 1122 1763 mitte
1138 1740 1163 1764 te
1178 1736 1263 1770 ipsum
1278 1736 1416 1768 deorsttm.
1441 1735 1576 1767 Scribtutn
1591 1741 1631 1764 est
1643 1738 1716 1769 enim

923 1771 984 1805 quia
1011 1772 1120 1806 Angelis
1148 1772 1204 1799 suis
1236 1772 1371 1803 tttaudavit
1396 1772 1429 1799 de
1458 1776 1499 1799 te.
1521 1776 1551 1799 ut
1579 1772 1604 1800 in
1631 1772 1716 1799 mani~

924 1806 973 1832 bus
991 1807 1085 1833 tollant
1110 1812 1151 1834 te.
1168 1814 1202 1834 ne
1215 1808 1322 1842 quando
1337 1807 1458 1839 oll'eudas
1479 1808 1511 1835 ad
1539 1808 1654 1842 lapidem
1671 1815 1718 1841 pe-

922 1842 982 1869 dem
999 1846 1085 1870 tuttm.
1101 1842 1145 1870 Ait
1160 1843 1197 1870 illi
1221 1844 1317 1874 iterum
1337 1843 1415 1871 Iesus
1436 1843 1572 1871 Scribluln
1589 1850 1640 1871 est.
1658 1843 1716 1870 Non

922 1878 1067 1911 temptabis
1093 1878 1235 1911 Dominum
1261 1879 1343 1907 Deum
1374 1883 1459 1906 tuum.
1483 1878 1582 1906 lterum
1610 1879 1717 1905 adsum-

922 1914 975 1947 psit
990 1921 1051 1941 eum
1069 1913 1196 1942 Diabolus
1219 1914 1244 1943 ill
1273 1919 1391 1944 mtlnlcnl
1412 1914 1549 1949 excelsum
1571 1914 1657 1941 valde.
1685 1915 1717 1945 l'lt

921 1949 1039 1984 ostendit
1054 1949 1078 1979 ei
1095 1950 1186 1979 omnia
1199 1957 1280 1983 regna
1296 1949 1398 1978 Mundi.
1424 1954 1451 1976 et
1469 1949 1583 1984 gloriam
1608 1956 1714 1977 eorum.

922 1983 955 2013 Et
971 1983 1039 2013 dixit
1055 1984 1102 2014 illi.
1120 1985 1190 2015 llaec
1203 1985 1292 2011 omnia
1310 1984 1358 2011 tibi
1369 1984 1438 2013 tlabo
1452 1983 1478 2011 st
1497 1985 1639 2019 procidens
1652 1984 1716 2012 ado-

921 2020 1024 2051 raveris
1039 2027 1091 2048 me.
1109 2020 1183 2050 Tunc
1198 2020 1264 2047 dixit
1279 2020 1304 2048 ei
1318 2020 1406 2047 Iesus.
1430 2020 1503 2047 Vade
1516 2020 1613 2047 Satana
1630 2020 1716 2046 scrib-

922 2059 978 2082 ttltn
1002 2061 1044 2086 est
1067 2055 1138 2085 enim
1158 2055 1300 2083 Dominum
1317 2056 1399 2083 Deum
1425 2060 1499 2084 tuum
1523 2055 1658 2083 adorabis.
1686 2059 1717 2088 et

922 2090 959 2116 illi
974 2091 1024 2117 soli
1040 2090 1153 2119 servies.
1170 2091 1246 2123 Tunc
1261 2091 1371 2126 reliquit
1385 2099 1446 2118 eum
1461 2091 1596 2126 Diabolus.
1612 2096 1639 2120 et
1653 2098 1716 2118 cccc

920 2125 1016 2160 Augeli
1032 2132 1203 2157 accesserunt
1216 2131 1243 2153 et
1256 2126 1445 2155 ministrabant
1466 2127 1501 2154 ei.
1528 2125 1647 2153 Audiens
1670 2134 1713 2151 an.

921 2166 974 2201 tem
989 2161 1067 2191 Iesus
1082 2161 1152 2201 quod
1163 2161 1301 2201 Iollantles
1312 2161 1429 2201 traditus
1440 2167 1481 2201 est
1494 2163 1603 2201 secessit
1625 2161 1652 2201 in
1665 2161 1716 2201 (ξει-

921 2196 1021 2225 lileam.
1043 2203 1068 2225 et
1085 2196 1178 2228 relicta
1191 2198 1299 2225 civitate
1312 2196 1326 2216 δ
1342 2197 1485 2225 Nazarcth.
1513 2197 1586 2224 venit
1600 2201 1627 2224 et
1641 2196 1716 2224 habi-

921 2232 986 2269 tabit
1003 2233 1029 2261 in
1044 2233 1233 2269 Capltarnaum
1246 2234 1407 2260 maritimam
1427 2233 1452 2260 in
1468 2232 1567 2267 ﬁnibus
1582 2232 1715 2264 Zabulon.

920 2273 946 2294 et
959 2268 1092 2302 Neptalim
1110 2274 1133 2299 τε.

957 2302 990 2331 Ut
1006 2304 1199 2339 adimpleretur
1213 2304 1283 2339 quod
1300 2303 1399 2335 dictum
1416 2308 1457 2338 est
1470 2311 1518 2338 per
1532 2303 1639 2338 Esaiam
1650 2303 1716 2331 Pro~

920 2338 1002 2374 fetam
1018 2339 1164 2367 dicentem.
1180 2338 1261 2370 Terra
1281 2339 1401 2369 Zabtlittn
1418 2344 1444 2366 et
1461 2345 1532 2368 terra
1548 2339 1714 2374 Neptbalim.

921 2373 968 2404 Via
994 2375 1078 2404 maris
1101 2380 1173 2406 trans
1189 2375 1324 2402 Iordanen
1341 2374 1377 2410 (ιι)
1394 2375 1497 2405 Galilea
1511 2373 1523 2393 ί¹
1540 2375 1560 2410 1-
1582 2376 1712 2410 gentium.

921 2409 1037 2444 populus
1058 2419 1103 2445 qut
1116 2410 1229 2444 sedebat
1242 2410 1268 2438 in
1286 2409 1415 2444 tenebris.

401 2464 599 2494 VARIANTES
617 2465 811 2496 LECTIONES
830 2465 964 2507 CQDICIS
984 2467 1038 2496 MS.
1060 2468 1088 2497 S.
1109 2468 1363 2498 GERMANENSIS.

105 2508 113 2542 ξ
127 2508 144 2542 ᾼ
152 2510 227 2542 lapide

105 2539 114 2554 ’
128 2539 211 2567 lterum
222 2543 312 2569 Iesus:
323 2543 446 2575 Scriptum
463 2545 502 2569 est

107 2570 115 2585 ³
128 2571 236 2598 homrem

184 2581 236 2599 rem

945 2513 1104 2546 iprocidens

944 2545 956 2561 '
972 2545 1085 2572 discessit
1097 2546 1128 2571 ab
1140 2552 1172 2572 eo

712 2617 900 2647 BLANCHINI
918 2619 1034 2649 ΝΟΤΛΕ.

86 2693 90 2698 Ι
111 2660 271 2701 {Exemplar
283 2663 572 2701 Cantabrigiensecum
590 2664 732 2701 duodecim
743 2665 856 2699 Grmcis,

162 2696 226 2737 μουξ,
242 2704 310 2737 retro
323 2708 373 2737 m_e.
388 2696 581 2737 Eodem'modo
598 2697 703 2735 legebat
718 2696 856 2737 Hilarius,

83 2732 152 2769 slain
164 2734 326 2769 antiquiores
341 2735 444 2761 Latina:
459 2734 556 2769 linguae
571 2732 704 2763 homines.
756 2734 758 2737 ’
796 2732 812 2743 ’”

111 2764 122 2783 ι’
135 2764 278 2803 Ειιι-ιιλήι,
293 2770 370 2805 cujus
384 2764 514 2806 appareth
527 2770 650 2806 vestigia.

89 2838 145 2901 ως)
158 2838 234 2881 “FW
247 2845 312 2873 νιτεο
326 2850 376 2887 as.
391 2841 427 2886 is
442 2844 470 2886 si.
482 2840 550 2888 9.29!-
570 2839 651 2887 sae:
667 2841 727 2889 ιειε
743 2846 770 2871 ει
783 2842 860 2887 strage

130 2892 137 2900 .
149 2874 222 2901 Cant-
235 2877 376 2901 Γαλιισιημ.
668 2876 687 2889 -ι
705 2875 725 2889 τι
742 2875 767 2894 nr
781 2875 796 2890 τ
807 2884 811 2889 .
823 2885 830 2889 .

581 2876 598 2886 -ι
611 2877 647 2883 ~—--
668 2874 725 2889 ..ιογι
742 2875 767 2894 ια
781 2875 830 2890 τη.

130 2871 222 2904 Iam:
235 2871 377 2911 ranae;

950 2673 961 2687 ο
977 2667 1027 2695 Hic
1040 2668 1233 2703 interrupimns
1245 2669 1357 2702 lineam,
1378 2676 1438 2704 quae
1453 2668 1554 2703 alioqui
1571 2667 1596 2694 in
1611 2666 1712 2697 Codice

929 2707 954 2730 st
967 2704 1082 2744 integra,
1096 2704 1296 2744 obsequentem
1311 2703 1440 2744 litteram,
1457 2712 1517 2738 qua:
1531 2703 1712 2737 exporrigitur

925 2746 940 2765 ιι
950 2740 1077 2775 margine
1090 2740 1166 2774 quasi
1182 2748 1279 2767 nmium
1295 2741 1466 2775 principium.

944 2773 958 2792 ά
974 2774 1078 2802 Extrita
1093 2773 1135 2804 est
1150 2783 1162 2803 e
1175 2776 1272 2807 llnalis,
1289 2773 1349 2810 Quae
1364 2775 1452 2802 adhuc
1466 2777 1588 2807 apparet.

860 2850 904 2898 ea
917 2844 1000 2891 We
1013 2855 1074 2891 ιερν-
1088 2845 1117 2887 ιη
1133 2845 1200 2892 Cet-
1216 2820 1332 2898 γεεςὲιρ-
1348 2844 1424 2890 gess
1446 2849 1495 2885 τηατ
1517 2854 1554 2861 —-
1569 2840 1609 2886 (ις)
1632 2841 1670 2888 ιιι
1685 2844 1712 2869 ει
