3950 6176
514 278 616 335 150

902 388 1133 447 CODEX
1171 385 1712 445 VERCELLENSIS.

509 483 687 557 lucem
706 482 783 557 (a)
808 483 956 538 vide—
1330 479 1615 557 Zebaedei,
1650 487 1706 534 et

512 555 699 627 runtA-j-
716 550 965 627 magnam
990 572 1003 609 :
1108 623 1118 627 _
1330 550 1631 627 {ohannem

510 637 567 683 et
589 620 781 696 (b)'qui
807 620 1062 681 sedebant
1093 623 1133 693 -ι-
1340 625 1559 696 fratrem
1592 620 1707 691 ejus

512 696 565 752 in
595 694 780 751 umbra
1341 701 1394 754 in
1418 694 1538 756 navi
1568 707 1689 747 cum

510 767 731 830 mortis,
763 768 852 822 lux
884 781 974 821 or-
1338 770 1482 827 Zeba
1519 805 1532 817 .
1566 803 1579 815 .
1617 804 1631 817 .
1667 779 1733 817 eo
1764 779 1849 833 pa-

510 850 561 893 ta
584 848 669 894 est
692 838 815 893 illis.
1340 852 1423 898 tre
1450 850 1570 897 suo,
1602 834 1775 891 refici-

507 910 597 965 17.
640 909 849 964 Exinde
870 909 1052 979 coepit
1337 924 1492 969 entes
1519 906 1683 961 retias

506 980 668 1036 Jesns
701 980 979 1048 praedica-
1337 1000 1461 1039 suas
1488 1001 1500 1035 ε
1535 988 1589 1032 ει
1614 992 1767 1031 νοω.

506 1068 567 1107 re
590 1094 605 1118 ,
637 1061 691 1106 et
708 1051 889 1106 dicere
919 1067 932 1102 :
966 1051 1065 1107 Pe-
1336 1056 1429 1110 22.
1454 1054 1529 1107 vit
1560 1048 1702 1103 illos.
1730 1048 1812 1103 Ad
1841 1048 1935 1117 illi,

506 1123 790 1178 nitentiam
821 1122 928 1191 agi-
1338 1126 1523 1182 relicta
1550 1135 1706 1184 nave,

509 1203 560 1249 te
592 1212 604 1248 :
634 1193 1030 1263 adpropinqua-
1328 1206 1383 1254 et
1409 1206 1581 1264 patre,
1604 1206 1750 1246 secu-

505 1266 582 1318 vit
600 1267 742 1319 enim
771 1279 888 1333 reg-
1334 1270 1371 1323 ti
1398 1273 1525 1321 sunt
1552 1278 1700 1318 eum.

507 1350 635 1390 nmn
665 1334 972 1389 Caelorum.
1332 1341 1423 1394 25.
1462 1337 1528 1391 Et
1550 1333 1813 1389 circuibat
1837 1333 1995 1390 Iesus

508 1406 596 1462 18.
627 1405 759 1461 Cum
789 1407 1042 1462 transiret
1339 1419 1502 1464 totam
1530 1404 1767 1459 Galilae-

504 1488 685 1532 autem
716 1477 871 1531 Jesus
897 1491 986 1532 se-
1332 1496 1441 1545 am,
1472 1478 1674 1533 docens
1698 1476 1748 1529 in

502 1562 600 1603 cus
628 1564 777 1603 mare
796 1547 954 1623 Qui:
1332 1548 1631 1623 Synagogis
1662 1561 1760 1623 eo_-_

567 1661 579 1673 .
625 1634 725 1687 ae,
756 1619 891 1674 vidit
924 1618 1020 1673 du-
1336 1618 1551 1687 rom,et
1577 1618 1793 1686 praedi-

506 1731 519 1745 .
604 1732 617 1745 .
696 1732 712 1747 .
793 1731 807 1743 .
888 1728 900 1741 .
1338 1707 1468 1750 cans
1496 1687 1775 1757 Evangeli-

1338 1781 1428 1821 um
1459 1761 1627 1829 Regni
1654 1777 1667 1814 :
1693 1768 1749 1813 et

1336 1847 1532 1892 curans
1560 1846 1647 1885 om
1662 1862 1681 1873 -

1332 1923 1455 1963 nem
1480 1904 1700 1972 languo-

1331 1994 1467 2046 rem,
1497 1983 1551 2030 et
1576 1988 1794 2031 omnem

1329 2048 1694 2104 inﬁrmitatem

1329 2122 1382 2175 in
1413 2120 1584 2190 plebe.

1326 2187 1425 2247 24.
1456 2190 1524 2245 Et
1545 2188 1674 2242 abiit
1701 2187 1885 2259 opinio

496 1902 682 1957 dream
717 1901 936 1958 fratrem

496 1973 613 2043 ejus
642 1974 862 2030 mitten-

501 2054 582 2100 tes
612 2046 802 2101 retiam

497 2116 550 2170 in
584 2131 751 2181 mare,
783 2125 939 2173 erant

494 2187 639 2241 enim
672 2188 904 2258 piscato-

495 2272 606 2329 res.
1325 2263 1443 2329 ejus
1466 2262 1519 2316 in
1549 2268 1715 2314 totam

496 2328 583 2404 19.
618 2330 685 2404 Et
713 2331 787 2386 ait
815 2329 921 2386 illis
948 2330 1139 2388 Jesus:
1325 2328 1560 2404 Syriam,
1593 2346 1624 2386 e
1648 2370 1662 2385 .
1699 2366 1718 2386 .
1752 2370 1765 2384 .
1800 2340 1919 2401 ptu-

498 2397 687 2457 Vcnite
710 2412 829 2471 post
1323 2397 1506 2459 le'runt
1532 2442 1547 2458 .
1584 2440 1598 2454 .
1635 2442 1647 2455 .
1682 2442 1695 2455 .
1729 2442 1743 2455 .

492 2485 599 2537 me,
626 2484 680 2527 et
711 2473 900 2529 faciam
1326 2490 1424 2530 nes
1462 2514 1476 2527 .
1504 2516 1517 2530 .
1555 2513 1569 2528 .
1606 2512 1621 2528 .
1659 2513 1672 2527 .
1706 2511 1722 2526 .

1328 2556 1409 2600 tes
1437 2544 1601 2599 variis
1630 2544 1746 2599 lan-

1326 2617 1612 2688 guoribus,
1638 2626 1750 2669 tor-

1327 2686 1522 2743 mentis
1551 2686 1779 2755 adprae-

1322 2758 1543 2822 ltensos,
1577 2765 1633 2811 et
1660 2757 1749 2823 qui

1322 2830 1576 2884 Demonia
1613 2828 1771 2882 liabe-

1320 2901 1468 2966 bant,
1501 2910 1554 2955 et
1586 2900 1737 2953 luna-

1323 2972 1480 3035 ticos,
1514 2981 1567 3025 et
1596 2971 1809 3042 paraly—

1315 3044 1473 3108 ticos,
1505 3052 1557 3096 et
1584 3042 1665 3113 (ά)
1694 3039 1885 3097 omnes
1912 3039 1954 3111 ἰ·

1315 3116 1565 3168 curavit:

1314 3186 1405 3241 25.
1438 3196 1493 3240 et
1520 3184 1889 3255 sequebantur

913 3303 1148 3358 CODEX
1173 3301 1641 3359 CORBEIENSIS.

485 3390 669 3461 lucem
708 3390 839 3444 vidit
890 3394 905 3422 ⁸
950 3408 1196 3461 magnam
1240 3411 1252 3446 :
1309 3404 1363 3447 et
1404 3392 1719 3447 sedentibus
1763 3390 1815 3444 in
1853 3390 2076 3460 regione

485 3468 540 3515 et
564 3460 750 3514 umbra
780 3464 987 3529 mortis,
1010 3460 1096 3518 lux
1120 3474 1236 3517 orta
1260 3473 1346 3518 est
1364 3462 1464 3516 eis.
1494 3464 1700 3517 Exinde
1719 3464 1892 3531 coepit
1917 3462 2075 3517 Jesus

485 3532 819 3604 praedicare,
872 3544 926 3588 et
967 3535 1149 3589 dicere
1182 3555 1194 3589 :
1230 3533 1622 3589 Poenitentiam
1663 3532 1803 3604 agite
1839 3552 1848 3584 :
1882 3549 2076 3604 appro-

488 3601 763 3675 pinqnavit
784 3605 925 3658 enim
956 3620 1176 3675 regnum
1204 3605 1513 3659 Coelorum.

561 3674 580 3703 ²
603 3672 896 3729 Ambulans
927 3672 1102 3729 autem
1122 3676 1271 3743 juxta
1299 3692 1446 3729 mare
1468 3676 1759 3734 Galilaeae.
1779 3676 1910 3729 vidit
1940 3676 2075 3729 duos

488 3742 681 3816 fratres
701 3783 717 3809 ,
748 3746 1023 3801 SimOnem
1049 3788 1063 3811 ,
1096 3742 1184 3816 qui
1214 3756 1432 3801 vocatur
1462 3747 1654 3801 Petrus
1678 3790 1693 3813 ,
1727 3757 1779 3801 et
1805 3748 2073 3801 Andream

485 3815 704 3871 fratrem
733 3819 849 3885 ejus
875 3860 889 3883 ,
940 3815 1211 3871 mittentes
1240 3818 1372 3871 retia
1410 3821 1464 3871 in
1509 3834 1657 3872 mare
1682 3860 1698 3883 ,
1748 3830 1901 3872 erant
1932 3819 2074 3871 enim

486 3887 801 3955 piscatores,
830 3901 877 3943 et
909 3892 982 3942 ait
1012 3888 1151 3943 illis:
1183 3890 1375 3944 Venite
1408 3899 1524 3953 post
1558 3906 1661 3951 me,
1690 3889 1951 3943 etfaciam
1982 3904 2077 3942 vos

487 3958 601 4011 lieri
638 3960 932 4027 piscatores
981 3960 1279 4014 hmninum.
1331 3963 1399 4013 At
1448 3961 1522 4014 illi
1568 3962 1824 4013 continuo
1874 3960 2077 4015 relictis

484 4030 687 4082 retibus
716 4029 737 4059 ³
767 4032 933 4084 secuti
961 4043 1087 4084 sunt
1113 4048 1257 4086 eum.
1312 4032 1377 4084 Et
1400 4032 1700 4098 procedens
1742 4031 1898 4096 inde,
1949 4034 2079 4086 vidit

482 4099 616 4152 alios
654 4099 789 4154 duos
820 4103 1011 4156 fratres
1035 4145 1047 4165 ,
1080 4102 1337 4156 Jacobum
1370 4102 1656 4166 Zebedaei,
1689 4113 1741 4155 et
1771 4102 2074 4157 Joltannem

483 4168 703 4243 fratrem
737 4172 854 4241 ejus
880 4213 895 4235 ,
941 4174 992 4227 in
1030 4173 1152 4227 navi
1199 4189 1319 4228 cum
1351 4173 1635 4229 Zebedaeo
1668 4184 1817 4243 patre
1848 4189 2033 4227 eormn
2063 4217 2076 4239 ,

482 4242 791 4297 rt-ficientes
818 4247 954 4299 retia
984 4261 1076 4298 sua
1110 4263 1121 4295 :
1172 4245 1463 4299 et‘vocavit
1488 4260 1602 4300 eos.
1651 4242 1730 4299 Illi
1762 4256 1940 4298 autem
1968 4255 2078 4298 sta-

483 4312 579 4365 tim
610 4314 814 4368 relictis
845 4316 866 4345 ‘
894 4317 1099 4370 retibu:
1128 4324 1182 4369 et
1233 4330 1384 4383 patre
1406 4358 1420 4381 ,
1473 4318 1641 4370 secuti
1672 4326 1794 4369 sunt
1821 4330 1967 4369 eum.
2013 4316 2079 4371 Et

482 4385 744 4438 circuibat
769 4385 927 4440 Jesus
956 4398 1121 4439 totam
1138 4387 1455 4451 Galilaeam,
1478 4388 1681 4442 docens
1705 4389 1756 4440 in
1783 4388 2081 4457 Synagogis

482 4470 693 4519 eorum,
723 4469 775 4510 et
806 4458 1123 4527 praedicans
1141 4458 1491 4528 Evangelium
1524 4458 1725 4528 Regni.
1754 4470 1808 4512 et
1835 4459 1856 4489 ⁸
1883 4474 2081 4514 sanans

482 4540 706 4599 omnem
742 4528 1095 4597 languorem,
1148 4541 1198 4583 et
1250 4545 1464 4584 omnem
1500 4530 1860 4584 infirmitatem
1906 4531 1956 4583 in
1988 4547 2082 4599 po-

482 4596 631 4671 pulo.
669 4596 734 4648 Et
765 4596 894 4671 abiit
921 4600 940 4629 ⁸
966 4602 1148 4669 opinio
1178 4602 1296 4669 ejus
1327 4602 1377 4653 in
1408 4611 1572 4655 totam
1604 4600 1819 4671 Syriam
1846 4643 1861 4667 ,
1895 4611 1949 4655 et
1979 4596 2075 4655 ob-

482 4667 725 4721 tulerunt
754 4670 807 4741 ei,
826 4667 1016 4725 omnes
1039 4672 1176 4725 male
1203 4667 1484 4737 habentes,
1516 4667 1680 4727 variis
1708 4671 2077 4741 languoribus,

480 4746 537 4814 et
563 4740 842 4814 tormentis
880 4743 1340 4814 comprehensos.
1388 4755 1442 4798 et
1483 4744 1574 4814 qui
1613 4740 1870 4799 Demonia
1913 4742 2083 4799 habe—

481 4806 635 4874 bant,
667 4819 723 4863 et
751 4806 1037 4879 lunaticos,
1068 4821 1124 4868 et
1150 4806 1581 4885 paralyticosfet
1610 4814 1631 4845 "
1658 4816 1865 4870 curavit
1890 4828 1984 4869 eos
2009 4831 2022 4867 :

480 4887 536 4933 Cl.
565 4888 785 4937 secutae
807 4892 933 4938 δυιιι

491 2556 586 2596 vos
614 2542 728 2600 fieri
760 2546 866 2614 pis-

489 2623 701 2670 catores
732 2616 906 2671 homi-

486 2683 577 2738 20.
614 2702 759 2740 unm.
793 2688 874 2742 At]
905 2686 979 2742 illi
1010 2702 1143 2745 con-

490 2755 658 2823 tinuo,
692 2759 899 2815 relictis

488 2828 637 2882 retiis
664 2831 795 2897 suis,
833 2845 921 2885 se-

486 2898 595 2952 cuti
625 2910 749 2955 sunt
778 2917 923 2956 eum.

485 2967 577 3049 21Σ
614 2970 677 3025 Et
703 2973 1005 3049 procedens

486 3039 633 3105 inde,
664 3039 796 3097 vidit
820 3058 879 3096 a-

486 3109 588 3165 lios
609 3113 743 3168 duos
772 3114 882 3169 fra-

485 3189 616 3250 tres,
648 3184 907 3241 Jacobum

1059 273 1329 334 EUSEBII
1360 271 1699 329 VERCELL.
1746 269 2190 327 EVANGEIJU.“
2230 270 2369 326 CUM
2401 268 2631 325 VARllS
2656 266 2812 323 COD.
2852 263 3246 323 COLLATUM.

3696 259 3799 315 l60

2638 380 2867 436 CUDEX
2914 367 3363 435 VERONENSIS.

2202 476 2374 531 lucem
2408 474 2484 547 (a)
2507 465 2760 547 viderunt
2789 472 2830 542 -ι-
3033 472 3319 547 Zebedaei,
3352 479 3408 526 et

2201 543 2447 617 magnam
2467 543 2487 598 ':
2520 544 2594 616 (b)
2618 615 2627 617 _
3033 543 3312 617 .lohannen

2201 612 2583 702 quivsedebant'
2602 615 2644 687 -ί-
3030 615 3254 697 fratrem
3292 612 3427 702 ejus,

2202 704 2256 745 tn
2284 703 2502 759 regione

2202 761 2423 814 umbrae
2450 757 2657 823 mortis,

3030 688 3080 739 in
3112 686 3352 739 navicula

3028 772 3147 810 cum
3176 755 3459 810 Zebedaeo

2204 833 2291 885 lux
2325 842 2441 885 orta
3029 837 3181 897 patre
3208 829 3473 896 ipsorum,

2200 914 2281 957 est
2308 903 2403 957 eis.
3032 899 3340 953 reficientes
3366 899 3499 953 retia

2202 976 2288 1028 l7.
2316 972 2523 1027 Exinde
2550 971 2728 1039 coepit
3032 986 3126 1024 sua
3152 988 3162 1022 :
3210 978 3265 1024 et
3292 984 3385 1023 vo.

2198 1048 2357 1102 Jesus
2386 1044 2719 1113 praedicare,
3027 1043 3169 1113 cavit
3197 1055 3310 1095 eos.

3029 1111 3108 1165 Illi
3145 1122 3343 1171 autem.

3027 1183 3118 1236 22.
3160 1183 3360 1237 relictis
3390 1183 3542 1237 retiis

3028 1255 3161 1320 suis,
3192 1265 3242 1308 et
3277 1266 3428 1322 patre
3455 1268 3576 1319 suo,

3026 1326 3195 1378 secuti
3223 1336 3345 1378 sunt
3372 1340 3517 1379 eum.

3024 1396 3115 1450 25.
3154 1397 3221 1450 Et
3243 1395 3561 1450 circumibat
3589 1393 3749 1452 Jesus

3026 1478 3189 1520 totam
3217 1466 3454 1521 Galilae-

3024 1554 3133 1603 am,
3162 1538 3368 1593 docens
3400 1538 3451 1591 in

3026 1612 3307 1681 synagogis
3333 1624 3423 1663 eo-

3028 1697 3167 1747 rum,
3202 1695 3251 1735 et
3286 1684 3495 1750 praedi-

3027 1767 3157 1806 cans
3184 1768 3413 1820 evange—

3030 1823 3159 1878 lium
3193 1823 3341 1894 regni
3367 1841 3380 1877 :
3423 1835 3477 1880 et

3025 1909 3222 1949 sanans
3255 1912 3372 1949 0111-

3024 1982 3146 2020 nem
3177 1968 3393 2035 languo-

3022 2053 3157 2102 rem,
3189 2047 3243 2092 et
3268 2052 3483 2094 omnem

2197 1127 2251 1169 et
2278 1118 2489 1169 dit-ere:

2199 1188 2586 1242 Paenitentiam
2614 1186 2775 1255 agite,

2197 1258 2645 1327 adpropinquavit
2678 1257 2820 1311 enim

2198 1346 2420 1399 regnum
2443 1329 2736 1383 Caelorum.
2781 1342 2807 1397 :_

2200 1404 2285 1457 l8.
2328 1400 2462 1455 Cum
2497 1400 2751 1453 transiret

2196 1481 2374 1526 autem
2405 1468 2477 1595 (εἴ
2505 1472 2795 1524 secundum

2198 1559 2346 1595 mare
2372 1543 2447 1595 Ga
2476 1542 2667 1595 ilaeae.

2198 1559 2346 1598 mare
2372 1542 2667 1607 Galilaeae,

2198 1614 2333 1669 vidit
2359 1613 2496 1667 duos

2200 1687 2413 1749 fratres,
2447 1684 2746 1750 Simonem,

2201 1757 2293 1859 ἓξὲξ
2306 1757 2513 1859 ,919ίὶξῖ

2203 1826 2416 1889 Petrus.
2450 1836 2503 1880 et
2531 1826 2644 1880 An-

2195 1908 2379 1962 dream
2410 1899 2629 1953 fratrem

2193 1979 2331 2048 ejus,
2361 1972 2578 2048 mitten-

2195 2045 2275 2103 tes
2304 2045 2495 2098 retiam

2194 2122 2246 2175 in
2279 2116 2435 2177 mari,
3024 2110 3389 2193 infirmitatem

2191 2197 2347 2247 erant
2376 2201 2519 2240 enim
3023 2198 3075 2236 tn
3119 2222 3133 2235 .
3184 2219 3197 2233 α
3241 2220 3256 2234 .
3304 2222 3315 2233 .
3362 2222 3373 2234 .
3422 2220 3436 2234 .

2193 2263 2511 2329 piscatores,
3019 2254 3110 2329 24.
3157 2290 3171 2304 .
3206 2294 3219 2307 .
3254 2292 3267 2305 .
3306 2294 3319 2307 .
3353 2252 3539 2323 Opinio
3570 2252 3689 2323 ejus

3021 2325 3073 2379 in
3104 2333 3267 2378 totam

3018 2396 3261 2467 Syriam,
3290 2404 3346 2451 et
3369 2403 3528 2466 optu—

3022 2468 3199 2522 lerunt
3227 2467 3275 2520 ei
3308 2481 3428 2521 om-

3020 2554 3115 2594 nes
3145 2538 3285 2593 male
3312 2538 3518 2592 haben-

3021 2620 3123 2675 tes,
3159 2611 3324 2663 variis
3354 2610 3474 2663 lan-

3018 2682 3295 2752 guoribus.
3327 2689 3383 2735 et
3410 2690 3523 2735 tor—

3021 2753 3217 2807 mentis
3230 2766 3493 2821 conprae-

3022 2826 3241 2889 ltensos,
3273 2834 3322 2878 et
3351 2822 3441 2893 qui

3014 2896 3298 2950 daemonia
3326 2894 3495 2949 liabe-

3012 2968 3161 3031 bant,
3192 2976 3246 3020 et
3273 2966 3562 3029 lunalicos,

3015 3047 3072 3093 et
3104 3038 3449 3109 paralyticos,
3477 3046 3539 3109 et

3013 3109 3104 3165 25.
3139 3110 3219 3179 (d)
3246 3107 3435 3162 oinnes
3461 3107 3501 3178 -ι-
3525 3107 3738 3163 curavit
3762 3123 3776 3160 :

3009 3190 3065 3236 et
3093 3180 3457 3249 sequebantur

2646 3301 2877 3357 CODEX
2908 3296 3297 3354 BRIXIANUS.

2182 3394 2356 3449 lucem
2414 3395 2546 3449 vidit
2595 3411 2863 3465 magnam.
2926 3402 2981 3449 et
3030 3392 3107 3463 (ὁ)
3152 3392 3241 3462 qui
3296 3389 3576 3465 sedebant.
3607 3387 3777 3465 _-j'_in

2182 3468 2401 3535 regione
2429 3476 2483 3520 ct
2534 3459 2721 3521 umbra
2771 3466 2979 3521 mortis.
3020 3459 3109 3517 lux
3153 3459 3269 3535 orta
3306 3472 3389 3516 est
3426 3460 3548 3535 illis.
3607 3459 3782 3535 Exin-

2181 3532 2267 3591 de'
2288 3541 2470 3605 Coepit
2517 3540 2674 3593 Jesus
2733 3538 3044 3606 praedicare
3072 3545 3124 3589 et
3178 3533 3360 3606 dicere
3394 3532 3780 3606 paenitentiam

2180 3610 2321 3677 agite
2352 3602 2801 3678 adpropinquavit
2847 3609 2989 3663 enim
3047 3621 3267 3673 regnum
3290 3604 3597 3678 Cal-lorum.
3642 3602 3779 3678 Cum

2180 3673 2358 3732 autem
2419 3673 2668 3734 trati~irct
2720 3680 2793 3750 (ε)
2842 3680 2993 3749 juxta
3053 3691 3200 3729 mare
3261 3684 3287 3750 ξ
3338 3673 3598 3750 Galileae_
3647 3673 3784 3750 vidit

2180 3750 2319 3803 duos
2350 3751 2562 3805 fratres.
2593 3744 2869 3806 Simonem
2898 3752 2984 3814 qui
3016 3756 3236 3800 vocatur
3260 3746 3472 3799 Petrus.
3499 3755 3551 3797 et
3573 3744 3782 3798 Audre-

2179 3836 2265 3873 am
2317 3821 2539 3875 fratrem
2591 3826 2712 3888 ejus
2757 3823 3033 3875 mittentes
3079 3816 3265 3872 retiab
3308 3818 3358 3869 in
3408 3830 3572 3868 mare.
3624 3825 3783 3888 erant

2180 3892 2322 3945 enim
2376 3886 2690 3960 piscatores.
2727 3903 2775 3945 et
2820 3896 2896 3945 ait
2942 3890 3063 3943 illis.
3100 3888 3293 3942 Venite
3317 3895 3589 3960 _post__tne.
3619 3898 3671 3940 el
3704 3886 3783 3939 fzt-

2180 3966 2317 4016 ciam
2352 3957 2446 4017 vos
2476 3964 2589 4018 liori
2623 3967 2921 4032 pisralnres
2951 3961 3249 4014 hominum.
3298 3958 3367 4012 At
3410 3957 3485 4010 illi
3518 3959 3781 4011 continuo

2182 4035 2385 4089 relictis
2420 4036 2621 4089 retibus
2652 4036 2819 4089 secuti
2848 4041 3146 4087 suntcum.

2257 4106 2317 4159 Et
2349 4108 2645 4171 procedens
2678 4106 2801 4158 inde
2824 4106 2951 4158 vidit
2978 4105 3115 4158 alios
3138 4102 3275 4155 duos
3304 4098 3498 4153 fratres
3515 4098 3779 4171 Jacobum

2182 4170 2412 4231 Zcbetlci
2442 4186 2497 4231 et
2523 4177 2822 4231 Joliannem
2858 4176 3072 4228 fratrem
3102 4173 3223 4243 ejus
3251 4172 3302 4243 in
3338 4172 3482 4223 navi.
3517 4186 3642 4224 cum
3674 4170 3777 4223 Zo-

2185 4249 2355 4302 bedeo
2382 4258 2535 4317 patre
2561 4264 2746 4303 eorum
2776 4242 3163 4313 componentes
3198 4242 3330 4317 retia
3358 4257 3452 4294 sua
3480 4254 3534 4295 et
3564 4251 3781 4295 vneam

2183 4334 2297 4373 eos.
2343 4314 2423 4373 Illi
2456 4331 2633 4374 autem
2662 4320 2841 4374 statim
2872 4317 3058 4371 relicta
3094 4314 3335 4368 navicula
3365 4323 3419 4366 et
3455 4322 3610 4378 patre
3638 4328 3739 4366 suo
3765 4330 3777 4365 :

2183 4391 2353 4444 secuti
2382 4401 2507 4444 sunt
2531 4407 2676 4444 etnn.
2715 4390 2780 4444 Et
2806 4389 3067 4444 circuibat
3091 4386 3249 4440 lesus
3280 4391 3443 4438 totam
3474 4382 3772 4438 Galileam.

2182 4461 2385 4515 docens
2435 4464 2484 4515 in
2517 4463 2801 4532 synagogis
2842 4476 3051 4514 eorum.
3085 4468 3138 4532 et
3176 4455 3489 4526 praedicans
3536 4470 3779 4525 evange-

2184 4532 2315 4586 lium
2347 4536 2517 4602 regni.
2550 4530 2607 4588 et
2633 4547 2833 4587 sanans
2866 4546 3079 4585 omnem
3129 4530 3442 4596 languorem
3474 4535 3529 4579 et
3558 4542 3778 4581 omnem

2183 4602 2551 4657 infirmitatem
2586 4606 2639 4657 in
2669 4604 2885 4672 populo.

2258 4674 2322 4727 Et
2346 4676 2479 4730 abiit
2503 4668 2686 4743 opinio
2706 4668 2823 4743 ejus
2852 4674 2904 4726 in
2938 4680 3102 4743 totam
3118 4669 3363 4743 Syriam.
3389 4668 3780 4743 ct__optu|erunt

2184 4744 2234 4799 ei
2287 4760 2479 4800 omnes
2509 4738 2649 4799 male
2694 4738 2953 4805 habentes
2995 4742 3159 4795 variis
3206 4738 3551 4809 languoribus
3579 4751 3636 4793 et
3664 4750 3779 4794 tor-

2186 4816 2381 4871 mentis
2416 4832 2586 4886 conpr
2615 4828 2637 4855 ο
2667 4818 2900 4870 ehensos
2930 4821 2985 4868 et
3018 4812 3107 4883 qui
3146 4811 3429 4886 daemonia
3478 4809 3777 4866 habebant.

2186 4899 2239 4941 et
2270 4881 2556 4943 lunaticoé.
2603 4896 2660 4942 et
2715 4881 3062 4958 paralyticos.
3106 4892 3162 4938 et
3195 4881 3403 4939 curavit
3440 4895 3558 4935 eos.
3596 4892 3653 4938 et
3684 4898 3770 4938 se-

2866 4961 2891 4985 ο

2185 4964 2350 5013 cutae
2381 4968 2507 5013 sunt

2191 2342 2246 2388 et
2275 2332 2349 2385 ait
2376 2330 2511 2383 illis:

2191 2404 2279 2459 l9.
2321 2400 2513 2456 Venite
2543 2408 2662 2468 post

2191 2491 2299 2537 me,
2334 2482 2388 2526 et
2416 2470 2606 2524 faciam
2629 2519 2638 2533 ,

2192 2560 2292 2600 vos
2318 2543 2435 2598 ﬁeri
2465 2542 2546 2611 pi-

2189 2625 2428 2671 scatores
2460 2613 2631 2667 ltomi-

2186 2688 2278 2742 20.
2323 2702 2469 2740 ηιιηι.
2509 2683 2588 2738 Ad
2620 2682 2697 2737 illi

2187 2757 2445 2814 continuo
2473 2756 2673 2810 relictis

2186 2832 2337 2885 retiis
2362 2828 2495 2888 suis,
2530 2842 2614 2880 se-

2186 2902 2295 2955 cuti
2327 2908 2451 2953 sunt
2482 2911 2628 2951 eum.

2184 2971 2275 3026 21.
2302 2972 2367 3025 Et
2395 2968 2725 3039 praecedens

2186 3042 2333 3107 inde,
2364 3041 2495 3094 vidit

2183 3115 2318 3167 alios
2349 3112 2483 3166 duos
2514 3111 2625 3166 fra-

2184 3193 2318 3250 tres,
2347 3182 2607 3238 Jacobum

1156 5059 1551 5118 VARIANTES
1589 5060 1973 5120 LECTIONES
2010 5062 2275 5125 CODICIS
2311 5068 2422 5124 MS.
2463 5070 2521 5126 S.
2564 5065 3067 5125 GERMANENSIS.

543 5153 559 5181 ι
587 5149 825 5224 viderunt
859 5161 1098 5213 magnam.
1140 5152 1233 5213 Qui
1271 5154 1477 5206 sedebat
1515 5156 1564 5205 in
1608 5156 1821 5218 regione
1864 5158 2066 5210 umbrae

477 5220 647 5263 mortis

543 5278 565 5369 ς
595 5274 714 5388 Epig:
738 5277 966 5326 transiret
987 5281 1154 5327 autem

2238 5160 2261 5227 ξ
2296 5165 2439 5215 retiis
2461 5165 2566 5214 suis
2586 5172 2639 5215 et
2661 5173 2798 5227 patre
2822 5176 2912 5213 suo

2238 5224 2261 5255 ⁸
2294 5238 2470 5276 curans

2241 5288 2262 5318 ⁸
2296 5288 2417 5337 fama

2242 5351 2263 5381 ⁷
2298 5364 2471 5402 omnes
2492 5352 2695 5402 curavit.
2718 5350 2783 5402 Et
2804 5349 3140 5413 sequebantur

1790 5429 2159 5489 BLANCHINI
2198 5433 2429 5490 NOTAE.

548 5527 576 5594 ξι
607 5518 813 5594 ξξξινίιο
839 5526 929 5594 est
956 5534 1007 5573 m
1033 5518 1231 5594 linalis.
1266 5536 1389 5590 quia
1416 5521 1593 5579 adhuc
1619 5532 1864 5594 apparet.

545 5587 705 5659 {Hic
736 5593 938 5661 pariter
962 5592 1158 5645 extrita
1189 5587 1349 5645 est'm
1380 5593 1575 5647 linalis.

2256 5544 2279 5574 ο
2311 5533 2519 5588 Extrita
2550 5541 2637 5588 est
2663 5548 2695 5587 α
2720 5538 3013 5602 apparente
3042 5528 3291 5599 vestigio.

549 5702 731 5784 (gina
762 5715 817 5758 et
842 5702 1145 5784 cod-capt.
1173 5697 1405 5784 εῖδογρ-
1434 5705 1513 5778 (b)
1539 5706 1615 5762 tta
1642 5716 1697 5764 et
1723 5708 1845 5766 cod.
1868 5708 2026 5766 Cant.
2052 5706 2070 5779 (

2207 5710 2254 5766 oi
2278 5713 2565 5781 κᾱθήμαίδοι.
2609 5738 2680 5755 -
2708 5710 2782 5784 (ὸ)
2813 5710 2976 5768 Deest
3004 5706 3156 5765 Jéuu
3181 5710 3341 5766 cnam
3382 5705 3435 5764 in
3467 5708 3591 5765 cod.
3622 5707 3776 5764 Canta

481 5765 667 5841 ω’(ἒι)
704 5765 778 5829 ita
806 5781 860 5827 et
888 5770 1011 5827 and.
1045 5773 1200 5827 Cant.
1230 5765 1445 5833 Muri
