1975 3088
264 110 315 140 163
534 107 666 138 EUSEBII
688 103 855 135 VEBCELL.
878 101 1102 133 EVANGELIUI
1121 102 1192 132 CUM
1212 95 1326 132 VARIIS
1344 102 1422 131 COD.
1443 101 1637 132 COLLATUM.
1850 101 1894 128 liii

458 165 574 195 CODEX
593 160 862 193 VEilCELLENSlS.

262 219 340 244 erant
356 218 418 242 ante
430 221 487 242 vos.

263 252 306 279 15.
324 251 377 278 Vcs
391 250 456 277 estis
469 248 509 277 sal
523 252 577 276 ter-

262 294 320 315 rae.
334 286 409 320 Quod
421 286 444 313 si
457 283 496 312 sai

262 327 411 352 evanuertt,

262 366 314 393 quo
332 354 471 393 salrlietur!

261 392 294 421 ad
310 392 423 420 nihilum
437 396 485 418 vas

261 429 297 456 let
312 427 361 464 (α),
378 427 429 455 nisi
440 430 470 454 ut
484 426 547 454 init—

261 463 331 491 tatur
347 463 419 490 foras
434 471 440 489 :
455 467 483 490 et
497 470 562 490 con-

259 500 380 527 culcetur
393 498 428 526 ab
442 498 490 526 ho-

260 535 390 562 minibus.

260 572 305 598 11.
321 570 377 597 Vos
392 569 457 597 estis
469 569 514 596 lux
526 567 577 596 hn-

258 606 303 641 jus
319 605 423 633 mundi.
438 604 496 632 Non

260 646 349 677 potest
360 641 454 677 civitas

260 676 391 705 abscondi
406 683 452 704 su-

261 720 309 747 pra
327 717 447 740 montem

260 749 304 776 15.
320 749 380 776 sita.
393 747 487 784 Neque
500 753 545 775 ac-

259 783 378 811 cendunt
393 783 434 810 lu-

260 827 378 849 cernam,
397 824 423 845 et
437 825 485 852 po-

260 861 326 882 nunt
338 863 396 881 eam
409 854 459 881 sub

260 891 388 919 modium.
404 889 451 916 sed

259 934 340 960 super
352 924 451 952 calide-

258 962 374 994 labrum,
388 966 416 986 ut
427 960 467 986 lu-

259 1001 319 1024 ceat
333 996 459 1024 omnibus

258 1032 304 1067 qui
316 1033 342 1060 in
356 1031 437 1067 domo

260 1066 305 1095 16.
322 1073 396 1095 sunt.
405 1066 451 1094 Sic
465 1066 538 1094 luce-

259 1109 287 1130 at
299 1104 342 1130 lux
352 1106 441 1130 vestra

258 1146 350 1166 coram
366 1138 450 1165 homi-

261 1175 353 1209 nibus,
368 1179 399 1201 ut
412 1172 485 1201 video

259 1215 306 1237 ant
321 1213 402 1244 Opera
418 1215 480 1237 ves-

259 1250 300 1273 tra
315 1245 397 1277 bona,
411 1247 438 1272 et

259 1280 433 1316 magnificent

260 1322 363 1351 patrem
378 1323 438 1343 ves-

260 1356 343 1384 trum,
359 1352 404 1387 qui
417 1355 460 1379 est

260 1388 287 1415 in
299 1387 391 1415 caelis.

260 1424 304 1450 17,
318 1422 408 1450 Nolite
422 1424 517 1457 putare

259 1459 386 1493 quoniam
399 1464 447 1485 ve-

259 1494 287 1522 ni
301 1494 408 1522 solvere
417 1493 457 1521 le—

258 1538 330 1566 gem,
352 1533 398 1557 aut
407 1536 466 1564 pro-

677 218 727 238 nec
742 213 862 237 transeat

677 245 783 274 caelum
796 248 824 272 et
834 249 886 271 ter-

678 290 718 314 ra,
733 281 789 315 jota
804 287 900 312 unum,

680 318 721 344 vel
738 323 806 343 unus
817 322 885 350 apex

678 360 731 379 non
745 356 866 386 praeter-

677 387 725 415 ibit
736 395 750 414 a
766 387 834 422 lege,
847 386 898 414 do-

677 431 727 450 nec
743 430 832 450 onmta

680 458 724 486 19.
741 457 877 490 fiant.Qui
889 457 961 487 enim

678 494 791 522 solverit
806 500 888 520 unum

677 529 712 557 de
727 529 860 556 mandatis

678 565 737 592 istis
750 564 879 597 minimis,

676 606 704 628 et
717 600 839 628 docuerit

678 637 717 677 sic
733 636 866 677 homines,

679 679 807 700 minimus
821 679 864 698 νο-

679 707 784 734 cabitur
796 707 823 734 in
834 714 895 742 reg-

680 750 716 770 no
731 743 885 770 caelorum:

678 779 723 814 qui
738 784 827 806 autent
843 777 916 805 fece-

679 814 714 841 rit
726 817 754 841 et
768 814 868 841 docue—

678 849 714 877 rit
724 850 773 882 sic,
786 856 860 883 mag-

677 893 728 913 nus
742 884 852 912 vocabi-

678 924 722 948 tur
736 921 761 947 in
775 922 858 955 regno

678 956 826 984 caelorum.

677 991 723 1019 20.
745 991 913 1026 Dicozautem
929 997 977 1018 vc-

678 1027 720 1055 bis
730 1048 737 1059 ,
754 1027 804 1054 nisi
818 1027 906 1054 abun4

678 1062 783 1090 daberit
795 1062 875 1097 justi-

681 1099 716 1126 tia
732 1105 820 1126 vestra
835 1098 894 1131 plus

679 1141 759 1168 quam
775 1133 884 1161 Scriba-

678 1177 749 1202 rum,
763 1173 791 1196 et
804 1168 914 1196 Pharis-

678 1212 772 1233 eorum
782 1225 789 1237 ,
805 1212 859 1231 non

678 1240 814 1268 intrabitis
827 1240 854 1267 in

680 1283 764 1311 regno
775 1275 865 1303 caelo-

679 1319 751 1339 rum.

679 1346 725 1374 21.
746 1346 868 1374 Audistis
880 1345 942 1380 quia

679 1382 780 1410 dictum
792 1386 834 1409 est
846 1381 880 1408 b
897 1388 946 1408 an—

681 1418 762 1446 tiouis
778 1427 785 1445 :
800 1417 859 1445 Non
871 1418 919 1444 oc-

678 1454 751 1481 cides
768 1462 773 1480 :
790 1454 837 1488 qui
848 1459 897 1480 au-

678 1494 733 1517 tem
745 1489 852 1517 occide-

678 1525 728 1559 rit,
740 1532 803 1553 reus
816 1524 870 1552 erit

1329 158 1447 188 CODEX
1467 158 1687 187 VEBONENSISs

1112 205 1219 233 fuerant
1232 210 1296 233 ante
1307 212 1372 240 vos,

1112 246 1202 276 patres
1213 249 1318 269 eorum.

1112 277 1155 304 15.
1177 277 1231 305 Vos
1246 278 1311 305 estis
1331 277 1383 305 sal.
1406 297 1412 304 .
1436 298 1442 305 .
1466 297 1472 304 .

1111 313 1254 341 evanuerit
1265 334 1273 345 ,
1287 313 1312 340 in

1110 355 1164 384 quo
1177 349 1307 376 salietur?

1111 384 1145 411 ad
1159 384 1271 412 nihilum
1288 391 1334 412 va-

1112 419 1148 447 let
1160 420 1197 455 (α)
1206 442 1213 453 ,
1223 420 1281 447 'nisi
1293 426 1323 447 ut
1337 420 1402 448 mit-

1112 460 1182 483 tatur
1196 456 1261 483 foris
1275 465 1281 482 :
1295 461 1324 483 et
1337 463 1404 484 con-

1111 491 1232 519 culcetur
1245 493 1279 520 ab
1294 492 1343 519 ho-

1111 527 1240 555 minibus.

1111 561 1155 590 14.
1179 566 1231 590 Vos
1245 563 1311 591 estis
1328 562 1374 590 lux
1389 562 1438 590 hu-

1111 599 1155 632 jus
1168 598 1272 626 mundi.
1288 598 1349 626 Non

1112 639 1202 668 potest
1215 634 1312 662 civitas

1111 676 1192 704 supra
1205 675 1325 698 montem

1113 705 1198 739 posita
1210 705 1349 733 abscondi.

1111 740 1203 776 Neque
1217 742 1367 769 accendunt

1113 776 1155 804 15.
1177 777 1326 809 lucernam,
1340 781 1369 805 et

1114 816 1217 846 ponunt
1230 819 1291 840 eam
1303 813 1354 841 sub

1113 847 1215 885 modio,
1229 848 1277 885 sed

1112 883 1193 918 supra
1208 883 1309 911 eande-

1110 918 1227 951 labrum,
1241 923 1271 946 ut
1282 919 1323 946 lu-

1110 954 1154 981 16.
1175 959 1236 981 ceat
1248 955 1373 983 omnibus

1108 990 1153 1025 qui
1166 990 1191 1016 in
1206 989 1288 1017 domo

1109 1029 1182 1053 sunt.
1198 1025 1242 1053 Sic
1256 1026 1296 1053 ln-

1109 1066 1170 1088 ceat
1181 1061 1225 1088 lux
1239 1066 1331 1089 vestra

1109 1104 1201 1124 coram
1217 1096 1306 1124 homi-

1109 1132 1199 1167 nibus,
1216 1137 1244 1160 ut
1257 1133 1297 1160 vi-

1108 1168 1190 1195 deant
1204 1176 1287 1202 opera
1298 1176 1344 1196 ve-

1107 1208 1164 1230 stra
1174 1203 1255 1236 bona,
1272 1209 1300 1231 et

1108 1239 1284 1274 niagnilicent

1110 1279 1214 1309 patrem
1230 1282 1284 1302 ve-

1109 1314 1206 1343 strum,
1219 1310 1266 1345 qui
1281 1314 1323 1338 est

1108 1345 1135 1372 in
1151 1346 1244 1373 caelis.

1110 1380 1155 1422 i7.
1176 1381 1265 1422 Nolite
1277 1385 1373 1417 putare

1108 1424 1172 1451 quia
1186 1425 1249 1444 veni

1109 1452 1217 1480 Solvere
1231 1452 1271 1480 le-

1108 1495 1181 1522 gem,
1193 1492 1240 1516 aut
1251 1495 1312 1524 pro-

1110 1523 1205 1558 phetas
1221 1533 1227 1550 :
1245 1523 1298 1551 non

1531 205 1585 232 lum
1601 208 1627 232 et
1642 208 1723 235 terra,

1525 240 1582 275 jota
1597 247 1688 272 unum,

1528 276 1570 303 vel
1585 282 1653 303 unus
1667 281 1736 310 apex

1530 319 1584 339 non
1599 315 1716 346 praeter

1531 347 1577 375 ibit
1589 344 1606 374 a
1617 347 1690 387 lege,
1703 344 1751 374 do-

1531 391 1581 410 nec
1594 390 1682 410 omnia

1530 419 1604 446 fiant.

1529 454 1573 482 19.
1595 454 1644 487 Qui
1657 453 1730 481 enim

1529 490 1638 518 solverit
1648 495 1731 516 unum

1529 526 1563 554 de
1573 525 1706 553 mandatis

1529 561 1587 588 istis
1601 560 1718 588 minimis
1726 579 1733 592 ,

1528 601 1557 625 et
1569 595 1690 624 docuerit

1528 634 1567 660 sic
1582 632 1705 660 homines
1715 649 1723 663 .

1528 667 1654 696 minimus
1669 674 1715 695 vo-

1526 704 1631 731 cabitur
1645 704 1670 730 in
1683 709 1725 730 re-

1526 746 1580 775 suo
1594 739 1730 775 caelorum
1742 745 1750 764 :

1525 772 1571 810 qui
1584 780 1674 802 autem
1689 772 1762 801 lece-

1526 811 1562 838 rit
1571 815 1598 839 et
1608 811 1710 838 docue-

1527 846 1563 874 rit
1571 847 1609 874 sic
1619 866 1627 879 ,
1645 846 1690 873 hic
1704 851 1761 872 ma-

1524 888 1593 917 gnus
1603 881 1711 909 vocabi-

1525 922 1568 945 tur
1579 917 1605 944 in
1621 923 1704 952 regno

1525 953 1662 981 caelorum
1667 973 1674 979 .

1524 988 1569 1016 20.
1592 989 1657 1016 Dico
1670 991 1758 1016 autem
1770 994 1817 1015 vo-

1523 1024 1565 1052 bis
1574 1044 1581 1056 .
1594 1025 1655 1059 quia
1667 1024 1718 1052 nisi
1731 1022 1816 1051 abun-

1524 1060 1631 1088 daverit
1643 1060 1723 1095 justi-

1527 1095 1564 1123 tia
1580 1100 1671 1123 vestra
1686 1096 1759 1130 plus-

1525 1139 1605 1167 quam
1620 1131 1728 1159 Scriba-

1525 1165 1584 1194 rum
1596 1189 1603 1200 ,
1620 1171 1648 1194 et
1662 1165 1764 1201 Phari-f

1525 1210 1634 1230 seorum
1645 1223 1653 1235 ,
1667 1205 1727 1239 anon

1526 1238 1662 1266 intrabitis
1669 1238 1700 1265 in

1524 1281 1638 1309 regnum
1648 1273 1737 1301 caelo-

1525 1318 1596 1337 rum.

1525 1345 1571 1373 21.
1584 1344 1705 1373 Audistis
1718 1345 1780 1381 quia

1525 1381 1627 1409 dictum
1643 1385 1685 1408 est
1697 1389 1745 1409 an-

1525 1416 1607 1452 tiquis
1623 1425 1629 1442 :
1642 1416 1700 1444 Non
1716 1424 1761 1445 oc-

1525 1452 1610 1486 cides,
1623 1452 1669 1487 qui
1683 1461 1730 1481 au-

1526 1492 1580 1517 tem
1594 1487 1702 1516 occide-

1524 1524 1570 1556 rit,
1582 1527 1644 1551 reus
1650 1524 1703 1551 erit

676 1560 789 1596 judicio.

677 1594 725 1623 ‘22.
746 1596 803 1630 Ego
814 1599 904 1623 autem
920 1594 960 1622 di-

679 1639 712 1659 on
722 1631 798 1658 vobis
816 1639 823 1657 :
840 1630 912 1665 quod

262 1671 305 1698 13.
318 1678 357 1698 re.
376 1666 461 1697 A'men
680 1673 785 1698 omnes,
801 1666 847 1701 qui
860 1666 928 1692 iras-

262 1707 323 1734 dico
337 1706 423 1739 vobis,
438 1704 487 1732 do-
681 1704 751 1729 citur
765 1701 843 1729 fratri

474 1747 590 1777 CODEX
603 1746 837 1775 CORBEIENSIS.

261 1801 324 1825 runt
349 1802 412 1824 ante
441 1802 500 1823 vos.
523 1794 578 1823 Vos
599 1794 665 1820 estis
688 1793 725 1819 sal
750 1798 847 1820 terrae.
877 1791 953 1826 Quod
978 1792 1000 1819 si
1020 1792 1060 1820 sal

262 1833 403 1860 evanuerit
413 1852 421 1864 ,
436 1832 461 1858 in
478 1838 532 1865 quo
545 1829 676 1857 salietur?
691 1828 724 1855 ad
738 1827 853 1855 nihilum
863 1829 943 1865 valet
955 1827 1023 1865 ultra
1038 1828 1058 1862 ¹,

263 1869 314 1896 nisi
328 1872 356 1895 ut
371 1863 493 1895 mittatur
508 1867 581 1893 foras
594 1874 600 1892 :
617 1870 644 1892 et
657 1864 832 1891 conculcetur
845 1864 878 1890 ab
892 1863 1057 1890 hominibus.

265 1905 317 1932 Vos
332 1905 399 1932 estis
412 1904 457 1931 lux
477 1903 488 1918 ¹
507 1900 610 1930 mundi.
627 1900 685 1927 Non
701 1904 789 1935 potest
812 1900 914 1935 civitas
930 1898 1060 1926 abscondi

262 1948 343 1975 supra
370 1944 488 1966 montem
514 1934 894 1975 posita.__Neque_accendunt
910 1934 1057 1975 lucernam,

262 1970 405 2010 et'ponunt
416 1982 475 2002 eam
491 1970 541 2000 sub
565 1971 674 2010 modio;
691 1971 739 2010 sed
750 1978 831 2005 super
856 1970 1059 2010 candelabrum,

263 2005 405 2039 ut'luceat
428 2009 552 2037 omnibus
575 2007 620 2042 qui
650 2009 675 2034 in
703 2007 785 2034 domo
809 2011 881 2042 sunt.
899 2005 944 2033 Sic
973 2005 1062 2032 luceat

261 2047 307 2074 lux
342 2050 430 2074 vestra
458 2052 548 2072 coram
577 2041 749 2075 hominibus,
776 2046 806 2069 ut
838 2041 946 2069 videant
971 2046 1060 2072 vestra

261 2083 331 2110 bona
360 2089 457 2117 opera.
483 2079 547 2117 et},
570 2078 721 2114 gloriﬁcent
746 2082 849 2117 patrem
867 2080 997 2117 vestiunt.
1015 2076 1060 2111 qui

262 2118 288 2145 in
310 2112 392 2146 coelis
420 2121 472 2145 est.
500 2112 588 2143 Nolite
605 2120 699 2149 putare
719 2114 845 2148 quoniam
861 2112 923 2140 veni
942 2112 1060 2149 solvere

262 2154 359 2188 legem,
373 2157 419 2180 aut
446 2147 676 2188 prophetasinon
692 2147 752 2177 veni
767 2149 884 2188 solvore,
901 2148 948 2175 sed
970 2147 1058 2174 adim-

263 2185 346 2223 plére.
354 2185 510 2216 'Amen'dico
517 2186 602 2219 vobis,
610 2185 933 2223 doneclranseatcoelum
943 2189 969 2210 et
976 2190 1057 2223 terra,

259 2219 316 2259 iota
326 2232 418 2255 unum,
432 2226 478 2250 aut
490 2229 559 2259 unus
568 2228 636 2259 apex
658 2228 711 2259 non
725 2219 881 2259 praeteribit
890 2227 909 2259 _a
924 2219 1058 2259 lege,_do-

262 2254 330 2287 nec‘
341 2254 430 2286 omnia
440 2259 513 2285 liant.
525 2257 574 2291 Qui
587 2254 651 2291 ergo
666 2256 779 2291 solverit
788 2263 868 2282 unum
881 2255 914 2282 de
928 2254 1059 2282 mandatis

261 2294 322 2322 istis
336 2294 454 2321 minimis
465 2314 472 2325 ,
496 2299 522 2320 et
534 2290 657 2320 docuerit
670 2292 708 2318 sic
721 2290 855 2323 homines,
871 2291 999 2318 minimus
1013 2298 1059 2317 vo-

261 2330 366 2358 cabitur
381 2330 406 2356 in
419 2336 501 2364 regno
509 2329 647 2356 coelorum
664 2327 736 2364 equi
752 2330 841 2364 autem
858 2325 994 2364 foccrit_et
1009 2326 1057 2353 do-

261 2365 364 2398 cuerit,
379 2364 389 2380 ⁸
405 2362 461 2392 hic‘
472 2371 585 2399 magnus
597 2362 736 2399 vocabitur
759 2362 784 2399 iu
802 2369 885 2399 regno
906 2362 1056 2399 coelorum.

262 2401 329 2428 Dico
341 2397 413 2428 enim
430 2397 528 2432 vobis;
541 2399 602 2433 quia
616 2398 668 2426 nisi
681 2398 862 2426 abimdaverit
875 2397 980 2432 iustitia
995 2405 1057 2424 ves-

262 2441 301 2464 tra
318 2437 378 2470 plus
388 2443 468 2470 quam
483 2432 655 2466 Scribarum,
671 2438 699 2461 et
713 2433 934 2470 Pharisaeorum,
950 2440 1004 2470 non
1016 2432 1058 2460 in-

261 2468 366 2499 trabitis
380 2468 407 2498 in
422 2478 533 2506 regnum
556 2470 704 2506 coelornm.
729 2468 849 2496 Audistis
869 2468 932 2503 quia
954 2468 1057 2506 dictum

261 2513 304 2535 est
319 2507 329 2522 ⁸
345 2504 464 2541 antiquis
481 2515 487 2533 :
503 2505 562 2533 Non
575 2504 681 2532 occides
697 2506 765 2541 :rqui
789 2509 879 2541 autem
905 2504 1056 2541 occiderit,

260 2550 324 2571 reus
339 2543 390 2570 erit
400 2539 509 2577 judicio.
523 2541 578 2577 Ego
592 2545 681 2568 autem
693 2540 753 2567 dico
769 2540 844 2568 vobis
858 2548 865 2567 :
877 2539 941 2574 quia
954 2540 1055 2574 omnis,

259 2579 306 2615 qui
318 2576 442 2606 irascitur
453 2576 529 2605 fratri

259 1566 354 1600 phetas
371 1574 379 1593 :
394 1572 450 1593 non

258 1602 320 1629 veni
333 1601 449 1633 solvere,

259 1636 307 1663 sed
318 1635 450 1670 adimpie-

1523 1558 1636 1594 judicio.

1528 1595 1574 1623 22.
1591 1594 1649 1630 Ego
1659 1598 1749 1623 autem
1760 1594 1802 1623 di-

1527 1638 1561 1658 co
1576 1631 1654 1672 vobis
1667 1639 1674 1672 ε
1686 1630 1766 1672 'qnod

1527 1667 1616 1694 omnis
1629 1667 1674 1701 qui
1686 1667 1737 1694 ira-

1527 1703 1612 1730 scitur
1625 1702 1702 1730 fratri

1345 1747 1470 1777 CODEX.
1478 1747 1674 1776 BRIXIANUS.

1112 1795 1155 1829 qui
1168 1794 1274 1822 fuerunt
1289 1800 1351 1823 ante
1367 1803 1426 1823 vos.
1439 1795 1492 1822 Vos
1505 1795 1571 1823 estis
1582 1794 1622 1822 sal
1634 1800 1714 1822 terra:
1726 1793 1754 1822 Si
1765 1797 1855 1822 autem
1869 1793 1904 1821 sal

1113 1832 1213 1870 fatuum
1222 1831 1301 1870 fuerit
1316 1832 1407 1870 inquo
1421 1830 1583 1870 salietur.ad_
1598 1829 1711 1870 nihilum
1724 1829 1904 1870 valebit_ultra

1113 1866 1163 1893 nisi
1179 1870 1208 1892 ut
1219 1866 1341 1893 mittatur
1361 1867 1434 1894 foras
1448 1873 1476 1894 et
1490 1866 1663 1894 conculcetur
1676 1866 1710 1892 ab
1724 1865 1886 1893 hominibus.

1149 1901 1204 1928 Vos
1218 1901 1284 1929 eslis
1305 1902 1350 1929 lux
1365 1903 1457 1930 tnttndi
1479 1901 1536 1930 Non
1553 1905 1653 1937 potest’
1663 1901 1758 1928 civitas
1780 1900 1905 1928 abscondi

1113 1943 1195 1971 supra
1208 1943 1326 1965 montem
1339 1938 1498 1971 constituta,
1508 1937 1600 1972 Neque
1610 1937 1761 1965 accendunt
1773 1937 1905 1964 lucernam

1113 1978 1140 1999 et
1155 1976 1258 2007 ponunt
1273 1981 1333 2000 eam
1348 1974 1398 2001 sub
1419 1973 1519 2001 modio.
1541 1973 1588 2001 sed
1604 1981 1684 2007 super
1704 1972 1903 2000 candelabrum.

1114 2012 1142 2035 ut
1156 2009 1244 2036 luceat
1257 2010 1382 2037 omnibus
1398 2009 1442 2044 qui
1457 2009 1483 2036 in
1498 2009 1581 2036 domo
1595 2013 1666 2036 sunt.

1149 2044 1194 2072 Sic
1207 2044 1297 2072 luceat
1309 2046 1354 2072 lux
1368 2043 1456 2072 veétra
1472 2052 1564 2072 coram
1581 2043 1744 2072 hominibus.
1758 2047 1787 2070 ut
1800 2043 1905 2070 videant

1112 2086 1194 2119 opera
1206 2084 1300 2119 vestra
1317 2081 1398 2119 bella.
1411 2086 1438 2107 et
1448 2079 1598 2114 glorificent
1612 2085 1716 2119 patrem
1731 2084 1848 2119 vestrum
1862 2078 1905 2113 qui

1113 2115 1139 2151 in
1155 2115 1239 2143 caelis
1253 2122 1304 2142 est.
1326 2116 1415 2143 Nolite
1438 2122 1543 2151 putare.
1569 2116 1695 2151 quoniam
1719 2115 1780 2142 veni
1794 2114 1907 2151 rsolvcre

1112 2150 1198 2184 legem
1221 2156 1267 2178 aut
1284 2150 1444 2186 prophetas.
1464 2159 1517 2178 non
1543 2150 1602 2178 veni
1623 2150 1729 2179 solvere
1753 2150 1800 2177 sed
1824 2151 1907 2177 adimo

1113 2186 1197 2220 plere.
1213 2185 1307 2227 [Amen
1332 2185 1394 2215 dico
1410 2187 1496 2227 vobis.
1513 2186 1600 2214 donec
1622 2190 1740 2214 transeat
1752 2185 1868 2227 caelum
1881 2189 1907 2212 et

1112 2226 1193 2258 terra.
1207 2221 1266 2258 jota
1281 2230 1364 2250 unum
1390 2223 1433 2250 vel
1460 2230 1529 2250 unus
1550 2230 1629 2258 apex.
1655 2229 1708 2249 non
1724 2220 1907 2258 praeteribitra

1111 2257 1180 2292 lege.
1198 2256 1284 2285 donec
1300 2259 1391 2285 omnia
1410 2259 1482 2285 liant.
1500 2258 1551 2292 Qui
1562 2256 1634 2285 enim
1646 2257 1757 2285 solverit
1774 2264 1854 2284 unum
1875 2257 1907 2283 de

1111 2292 1244 2320 tnundatis
1258 2293 1318 2321 istis
1330 2294 1448 2321 minimis
1459 2299 1487 2322 et
1501 2294 1624 2321 docuerit
1640 2295 1679 2320 sic
1695 2293 1818 2320 homines
1831 2292 1907 2319 titini-

1110 2335 1172 2368 rnns
1181 2329 1358 2368 vocabiturin
1372 2337 1454 2365 regno
1464 2330 1663 2368 caelorumqui
1672 2333 1760 2355 autem
1770 2327 1874 2368 fecerit.
1883 2330 1908 2354 et

1110 2364 1145 2404 ita
1157 2363 1289 2404 docuerit.
1301 2364 1343 2404 hic
1353 2363 1464 2404 magnus
1471 2363 1659 2404 vocabitur.in
1669 2371 1750 2404 regno
1759 2364 1908 2404 caelorum.

1110 2399 1175 2436 Dico
1185 2400 1257 2427 enim
1273 2401 1359 2436 vobis.
1375 2399 1437 2436 quia
1451 2401 1501 2428 nisi
1515 2399 1802 2434 abundaveritjustitia
1820 2404 1909 2436 vestra

1109 2435 1251 2475 plusquam
1270 2434 1425 2475 Scribarum
1439 2437 1685 2475 et_Pharisaeo_r_um
1704 2442 1758 2463 non
1775 2434 1909 2475 intrabitis

1110 2470 1136 2507 in
1152 2478 1236 2505 regno
1250 2471 1397 2500 caelorum.
1409 2472 1529 2500 Audistis
1540 2473 1600 2507 quia
1615 2471 1715 2499 dictum
1726 2475 1768 2507 est
1779 2470 1909 2507 antiquis.

1109 2505 1167 2533 Non
1181 2506 1289 2535 occides
1334 2508 1362 2535 ui
1377 2513 1466 2535 autem
1483 2505 1625 2536 occiderit.
1640 2514 1703 2534 reus
1717 2506 1771 2533 erit
1794 2505 1906 2540 judicio.

1109 2541 1165 2571 Esto
1191 2547 1282 2570 autem
1316 2515 1380 2571 (dico
1406 2543 1483 2571 vobis
1510 2543 1573 2571 quia
1601 2543 1689 2571 omnis
1716 2541 1762 2571 qui
1785 2542 1906 2569 irascitur

1108 2541 1282 2604 Figentem
1319 2541 1380 2571 dico
1406 2543 1483 2572 vobis
1510 2543 1573 2579 quia
1601 2543 1689 2571 omnis
1716 2541 1770 2578 qui.
1785 2542 1909 2569 irascitur

1121 2586 1133 2604 r
1163 2585 1185 2604 ri

1121 2584 1185 2605 rall‘l

1109 1561 1171 1587 veni
1186 1560 1292 1587 solvere
1302 1579 1310 1592 ,

1110 1595 1158 1622 sed
1173 1594 1332 1630 adimplere.

1111 1631 1156 1658 18,
1177 1632 1263 1657 Amen
1279 1631 1340 1659 dico

1110 1666 1198 1699 vobis,
1214 1666 1303 1694 donec

1112 1705 1233 1730 transeat
1246 1709 1309 1730 cae-

598 2630 796 2663 VARIANTES
814 2631 1006 2664 LECTIONES
1025 2628 1160 2665 GODICIS
1171 2635 1226 2665 MS.
1243 2636 1274 2664 S.
1295 2633 1552 2667 GERMANENSIS.

293 2694 302 2709 ¹
318 2692 394 2725 valet,
407 2693 454 2717 nisi

292 2726 303 2741 ³
319 2725 392 2756 huius

292 2756 303 2773 ³
321 2755 478 2788 magnificam

1144 2691 1155 2707 ⁸
1172 2692 1233 2717 haec

1144 2723 1154 2756 ξ
1170 2724 1217 2754 sic,
1228 2730 1332 2756 magnus

1142 2754 1154 2770 ³
1170 2758 1209 2780 est
1218 2761 1225 2781 :
1234 2754 1288 2781 Non

921 2803 1104 2833 BLANCHINI
1124 2805 1240 2836 ΝΟΤΕ.

297 2858 336 2895 (α)
350 2855 414 2887 Post
428 2857 510 2892 valet,
523 2856 601 2887 deest
614 2855 703 2885 ultra:
718 2858 746 2883 et
761 2852 799 2883 ita
811 2852 944 2892 in‘cant"
957 2853 1006 2883 Gr.
1021 2858 1049 2884 et
1074 2853 1133 2884 Lat.
