1975 3088
84 96 130 126 185
561 91 784 124 ιινΑΝθιῑιιιυιι
804 90 988 123 SECUNDUM
1007 88 1222 124 MATTIIAStM.

273 151 390 181 CODEX
409 150 676 181 VERCELLENSIS.

82 208 130 228 suo
144 201 201 228 sine
213 208 275 227 cau-
491 200 535 227 9.6.
558 201 642 227 Amen
658 199 719 227 dico
734 198 798 231 tibi.

85 244 125 268 sa,
139 244 198 264 reus
211 237 261 263 erit
491 244 544 263 non
557 236 631 263 exies
648 236 687 262 iu-

82 273 187 307 judicio.
201 272 248 305 Qui
261 278 312 299 au-
490 271 533 304 de,
548 271 634 299 donec
646 270 708 298 red-

85 306 136 335 iem
150 307 240 334 dixerit
251 307 308 334 fru-
489 306 537 334 das
551 307 665 334 novissi-

86 344 116 370 tri
128 350 182 373 suo,
196 343 276 370 raeha
292 351 301 370 :
489 350 562 369 mum
571 342 706 377 quadran-

85 387 141 406 reus
149 379 197 406 erit
210 386 274 405 con-
371 394 377 399 ι
489 377 534 405 27.
550 382 613 405 tem.
625 377 725 406 Audis-

83 414 148 441 cilio.
163 414 211 447 Qui
225 421 274 440 au-
490 413 522 440 tis
535 414 597 448 quia
612 413 713 441 dictum

83 454 131 477 tem
145 449 259 481 dixerit.
272 448 312 476 fa-
488 453 528 485 est
543 449 581 485 (u)
597 458 603 475 :
619 448 677 476 Neu
690 458 764 478 moe-

82 490 121 512 tue
136 494 141 511 :
155 492 219 512 reus
231 485 284 512 erit
492 483 536 511 28.
548 483 670 512 caveris.
684 485 715 513 E.
730 493 747 514 o

79 521 212 554 gehennae
226 519 266 555 ig—
493 524 582 548 autem
601 520 630 547 d.
652 540 658 546 .
681 539 688 547 .
712 541 718 547 .
741 541 748 548 .
771 540 778 548 .
801 542 808 549 .
831 542 839 550 .
861 542 869 551 .

79 555 312 591 23.nis.Siergo
488 556 869 591 vobis:qu........

79 591 170 619 offeres
181 598 281 628 niunus
489 598 547 628 n._.
566 611 574 628 τ
596 611 603 617 .
626 610 633 618 .
647 611 662 628 γ.
684 592 780 628 is,qui

489 626 587 654 viderit
601 627 680 654 muli-

488 669 561 690 erem
577 662 610 689 ad
626 670 692 689 con-

488 698 680 732 cupiscendum

488 740 547 761 eam
557 754 565 766 ,
578 733 633 768 jam
646 740 722 761 moeé

488 773 563 796 catus
578 774 619 796 est
634 777 694 797 eam

489 804 515 831 in
528 804 611 832 corde
627 811 687 832 suo.

488 840 534 867 ‘29.
549 839 626 873 Quod
641 840 664 868 si
675 841 771 869 oculus
784 845 826 869 tu-

489 883 521 903 us
536 876 631 903 dexter
643 882 718 904 scatt-

489 911 586 938 dalizat
600 916 624 938 te
637 933 643 943 ,
661 920 726 940 erue

489 954 550 975 eum
562 968 569 980 ,
585 951 610 975 et
624 947 714 982 proice

490 983 539 1010 abs
552 987 576 1009 te
594 991 600 1009 :
621 983 729 1017 expedit

491 1019 563 1046 enim
579 1018 626 1045 tibi
637 1023 667 1045 ut

81 631 148 654 tuum
162 627 192 653 ad
204 627 274 653 alta-

80 670 121 695 re,
134 667 160 690 et
170 662 203 689 ibi
219 669 306 690 reme-

80 704 190 725 moratns
206 697 265 725 fue-

79 734 112 761 ris
121 734 179 769 quia
194 733 281 760 frater

80 774 133 797 tuus
145 769 227 796 habet
241 769 293 796 ali-

79 805 134 837 quid
149 804 297 832 adversum

78 840 117 867 24.
138 845 162 868 te
176 849 182 866 :
195 840 322 876 relinquo

80 875 113 903 ibi
125 883 221 903 munus
237 875 282 903 tu-'

79 919 119 938 um
129 916 188 938 ante
199 911 269 939 alta-

79 955 115 979 re,
129 952 155 975 et
169 947 235 974 vade
248 948 306 983 pri-

80 990 108 1009 us
121 983 277 1010 reconcilia-

81 1025 106 1046 re
120 1018 195 1045 fratri
211 1024 256 1045 tuo
273 1027 280 1045 :

80 1059 105 1081 et
115 1058 178 1081 tunc
189 1054 264 1081 veni-

81 1096 128 1116 ens
141 1088 222 1116 oﬂers
235 1097 296 1116 mu-

83 1132 128 1152 nus
140 1129 224 1152 tuum.

82 1160 123 1188 25.
143 1161 206 1188 Esto
221 1159 358 1188 consenti-

84 1203 126 1223 ens
137 1196 287 1223 adversari-

86 1239 99 1259 o
112 1236 153 1259 tuo
163 1232 215 1259 cito
228 1232 294 1259 dum
492 1232 618 1260 bennam.

86 1274 177 1295 escum
192 1268 238 1295 illo
252 1268 281 1295 in
492 1267 536 1296 50.
560 1287 567 1294 .
590 1287 597 1294 .
620 1289 626 1295 .
647 1267 758 1296 dextera
780 1272 838 1295 ma-

86 1302 122 1329 via
136 1312 142 1329 :
157 1311 190 1331 ne
200 1302 270 1331 forte
491 1311 520 1330 n.
542 1323 549 1330 .
573 1323 579 1329 .
603 1324 609 1330 .
630 1308 675 1331 tua
692 1311 747 1331 sca.
770 1324 777 1331 .

87 1339 314 1367 tradatteadver-
491 1339 508 1366 d
530 1358 537 1366 .
557 1356 568 1366 .
588 1358 596 1365 .
617 1343 705 1372 atte,
729 1359 736 1366 .
764 1358 772 1366 .
796 1359 803 1366 .

87 1375 161 1410 sarius
169 1374 268 1409 judici,
285 1379 318 1402 et
349 1409 352 1410 ν
493 1394 500 1401 .
523 1394 530 1402 .
551 1381 627 1408 eam,
640 1380 667 1402 et
681 1382 741 1410 pro-

493 1058 585 1088 pereat
600 1062 680 1080 unum

494 1089 676 1117 membrorum

492 1129 599 1152 tuorum
612 1146 619 1157 ,
630 1132 710 1160 quam

490 1165 577 1188 totum
594 1168 692 1195 corpus

492 1201 568 1223 tuum
583 1200 627 1223 eat
640 1197 666 1223 in
685 1204 731 1232 ge—

85 1408 300 1443 judextradat'te
317 1409 369 1438 mi-
494 1429 499 1435 .
522 1430 529 1436 .
552 1431 559 1437 .
582 1429 589 1437 .
611 1418 624 1438 s
639 1408 689 1438 te?
709 1430 715 1437 .
737 1431 743 1437 .

88 1445 258 1474 nistro:etin
273 1453 338 1474 oar-
492 1445 542 1473 dit.
566 1465 573 1472 .
596 1465 603 1472 .
627 1466 633 1472 .
657 1465 664 1472 .
687 1465 695 1473 .
718 1468 726 1474 .
747 1465 756 1474 .

87 1487 165 1509 ceretn
177 1481 268 1510 mitta-
495 1486 523 1508 ut
536 1486 628 1516 pereat
642 1489 724 1509 unum

88 1516 128 1544 ris.
495 1517 679 1545 membrorum

292 1584 410 1613 CODEX
425 1583 659 1613 CORBEIENSIS.

89 1632 213 1659 suoasine
224 1639 322 1663 causa,
338 1639 401 1659 reus
411 1632 462 1659 erit
474 1631 586 1666 judicio.
607 1632 657 1665 Qui
672 1635 762 1659 autem
778 1631 878 1660 dixerit

89 1666 154 1693 fratri
167 1675 214 1695 suo
231 1668 338 1695 :racha
356 1676 362 1694 :
378 1675 440 1695 reus
456 1669 509 1695 erit
534 1668 659 1695 concilio.
684 1667 734 1702 Qui
759 1672 851 1696 autem
866 1669 873 1683 '

89 1701 174 1739 dixerit
187 1703 261 1730 fratri
278 1710 343 1735 suo,
370 1702 459 1730 fatue:
477 1711 538 1731 reus
554 1704 605 1731 erit
628 1701 767 1738 gehennae
792 1704 872 1739 ignis.

89 1738 179 1773 δίετο
199 1739 284 1766 offers
304 1746 401 1765 munus
415 1744 488 1766 tuu.n
503 1738 536 1766 ad
565 1738 661 1772 altare,
676 1744 701 1767 et
718 1740 754 1766 ibi
781 1738 874 1766 recor—

90 1772 158 1800 datus
181 1775 262 1802 fueris
287 1776 351 1836 quia
377 1773 460 1815 frater
484 1779 545 1801 tuus
584 1775 666 1802 habet
697 1774 797 1809 aliquid
826 1775 874 1802 ad‘

91 1816 183 1836 versum
197 1814 223 1836 te
239 1819 246 1836 τ
263 1818 295 1836 re
311 1818 391 1836 umue
415 1810 450 1836 Ibi
465 1818 562 1836 munus
580 1815 655 1836 tuum
678 1815 740 1836 ante
768 1811 854 1836 altare
865 1831 872 1836 .

91 1816 183 1837 versum
197 1814 223 1838 te
239 1819 246 1836 τ
263 1810 391 1844 relinque
415 1810 450 1836 ibi
465 1818 562 1837 munus
580 1815 655 1838 tuum
678 1815 740 1837 ante
768 1811 872 1843 altare,

91 1849 112 1870 et
131 1846 191 1873 vade
211 1847 289 1879 prius
314 1845 482 1872 reconciliari
504 1846 578 1872 fratri
604 1851 650 1872 tuo
668 1855 673 1872 :
690 1849 716 1872 et
742 1850 806 1873 tunc
830 1854 875 1873 ve-

93 1880 158 1907 niens
170 1882 180 1897 ¹
195 1881 263 1909 offer
281 1888 382 1908 munus
396 1885 481 1908 tuum.
505 1881 571 1908 Esto
585 1881 758 1909 consentiens
776 1881 877 1908 adver-

92 1916 151 1943 sario
164 1920 208 1943 tuo
223 1918 279 1944 cito
295 1916 360 1943 dum
376 1924 405 1944 es
420 1917 446 1943 in
462 1916 503 1943 via
516 1924 576 1944 cum
590 1924 622 1944 eo
638 1925 644 1943 ε
659 1925 691 1943 ne
708 1915 777 1943 forte
789 1916 877 1944 tradat

93 1955 113 1977 Ie
125 1951 293 1979 adversarius
317 1952 401 1986 judici
413 1972 420 1985 ,
435 1952 555 1986 etjudex
579 1952 666 1979 tradat
685 1956 711 1979 te
734 1952 875 1980 ministro:

92 1990 113 2012 et
124 1988 146 2014 in
159 1994 298 2015 carcerem
315 1988 440 2015 mittaris.
464 1990 549 2015 Amen
573 1988 633 2015 dico
648 1987 696 2014 tibi
708 2007 715 2019 ,
732 1996 784 2015 non
804 1988 878 2015 exies

93 2021 161 2058 inde,
181 2024 267 2051 donec
286 2023 387 2050 reddas
412 2024 586 2050 novissimum
609 2022 795 2058 quadrantem.
824 2023 879 2050 Au-

93 2056 158 2094 distis
179 2060 238 2093 quia
258 2059 364 2087 dictum
389 2065 430 2086 est
451 2059 566 2094 antiquis
582 2067 588 2085 :
604 2056 657 2086 non
681 2058 876 2086 moechaberis.

95 2092 140 2129 Ego
151 2092 235 2122 autem
247 2096 315 2122 dico
327 2093 402 2122 vobis
417 2100 424 2122 :
447 2095 508 2129 quia
517 2092 625 2128 omnis,
651 2094 696 2129 qui
711 2095 807 2122 viderit
821 2102 880 2121 mu-

95 2127 172 2156 lierem
188 2130 221 2157 ad
235 2127 486 2165 concupiscendum
498 2138 573 2163 eam,
588 2131 642 2164 jam
660 2127 823 2158 moechatus
837 2134 880 2157 est

96 2170 143 2190 eam
157 2166 180 2192 iu
195 2166 278 2194 corde
294 2174 355 2193 suo.
371 2166 448 2199 Quod
464 2167 485 2193 si
500 2165 593 2193 oculus
611 2171 672 2193 tuus
683 2166 777 2193 dexter
799 2174 878 2193 scan~

97 2199 178 2236 dalizat
187 2207 212 2229 te
224 2223 231 2234 ,
243 2209 314 2229 erue
327 2207 387 2228 eum
400 2223 406 2233 ,
419 2205 446 2229 et
457 2202 558 2236 projice
570 2201 617 2228 abs
629 2206 654 2229 te
667 2210 673 2227 :
687 2202 796 2236 expedit
807 2202 880 2229 enim

99 2233 140 2262 ‘ut
152 2242 239 2270 pereat
255 2245 345 2264 unutn
361 2233 542 2265 membrOrdm
558 2241 663 2264 tuorum
678 2258 686 2269 ,
701 2233 780 2272 quam
796 2242 880 2264 totum

100 2276 179 2306 corpus
202 2277 276 2300 tuum
291 2272 305 2288 δ
329 2274 449 2300 mittatur
476 2274 501 2300 in
526 2273 688 2307 gehennam.
703 2273 770 2300 Etsi
785 2272 882 2300 dextra

101 2312 179 2343 “ianus
201 2313 244 2335 tua
269 2308 439 2336 scandalizat
454 2312 493 2339 te.
508 2308 616 2336 abscide
629 2316 688 2336 Call)
701 2329 708 2341 ,
728 2312 757 2336 et
780 2309 882 2343 projice

102 2340 191 2377 Ibste;
212 2343 347 2380 expedit'
363 2343 411 2372 tibi
437 2348 465 2371 ut
483 2348 576 2379 pereat
589 2351 670 2371 unum
698 2340 881 2371 membrorum

1136 148 1252 181 CODEX
1272 148 1502 180 VERONENSIS.

1340 199 1386 227 26.
1407 199 1493 226 Amen
1507 198 1568 227 dico
1581 198 1639 231 tibi,

1341 243 1394 262 non
1406 235 1480 262 exirs
1491 235 1530 262 in—

1340 270 1384 303 de,
1401 272 1488 298 donec
1503 269 1565 298 red-

1340 306 1387 333 das
1404 314 1487 341 usque
1504 306 1535 332 ad
1553 305 1666 334 uobissi-

1343 349 1415 368 mum
1434 342 1620 375 quadrantem.

1341 376 1387 403 27.
1410 378 1527 404 Audistis
1542 378 1601 412 quia

1342 412 1442 440 dictum
1455 419 1492 439 est
1510 412 1567 447 (ri):

1341 447 1399 475 Non
1416 448 1543 475 moecha-

1341 483 1386 511 28.
1410 484 1490 510 beris.
1510 484 1565 518 Ego

1341 524 1430 546 autem
1446 520 1507 546 dico

1342 554 1417 596 vobis
1432 563 1438 580 :
1454 561 1522 590 quo.
1593 589 1599 595 ι

1342 598 1412 617 niam
1429 597 1534 623 omnes,
1555 596 1600 625 qui

1341 625 1439 653 viderit
1455 634 1512 653 mu-

1341 661 1435 688 lierem
1449 661 1481 688 ad
1494 668 1559 689 con-

923 207 973 227 suo
988 200 1046 227 sine
1060 206 1123 227 cau-

923 242 952 261 sa
961 256 968 266 ,
985 243 1046 262 reus
1060 235 1111 262 erit

921 271 1033 304 judicio,
1050 270 1098 304 Qui
1113 277 1160 297 au-

923 310 977 334 tem
989 306 1088 334 dixerit
1099 306 1153 333 fra-

923 342 957 369 tri
968 349 1017 370 suo
1029 363 1036 374 ,
1051 342 1149 369 racha:

924 385 986 405 reus
997 378 1047 405 erit
1061 385 1126 405 con-

923 413 997 441 cilio.
1012 413 1061 446 Qui
1074 420 1121 440 au-

924 454 976 476 tem
992 449 1089 476 dixerit
1101 469 1108 481 ,
1123 448 1161 475 fa-

924 489 986 512 tuae
1001 493 1006 510 :
1020 491 1081 511 rcus
1094 484 1146 511 erit

923 520 1061 552 gehennae
1073 519 1152 555 ignis.

922 554 967 582 25.
984 555 1013 583 Si
1027 554 1093 589 ergo

923 590 1021 618 offeres
1037 594 1133 618 munus

923 630 997 654 tuum
1013 625 1045 653 ad
1060 626 1128 653 alta-

922 669 953 689 re
967 684 974 693 ,
989 666 1016 689 et
1027 661 1062 689 ibi
1075 667 1163 689 reme-

923 702 1044 724 moratus
1057 696 1111 724 fue—

923 733 960 760 ris
968 733 1030 767 quia
1043 732 1124 760 frater

924 772 984 795 tuus
996 768 1076 795 habet
1085 768 1134 794 ali-

923 803 969 830 24.
984 803 1047 839 quid
1062 803 1205 831 adversum

924 843 951 867 te
966 839 977 866 ἱ
988 839 1111 874 relinque

924 874 961 902 ibi
973 883 1071 902 munus

924 915 998 938 tuum
1013 915 1076 938 ante
1088 910 1126 937 al-

924 951 993 978 tare,
1003 951 1030 974 et
1041 946 1122 979 vade,

923 983 997 1017 prius
1008 982 1167 1010 reconcilia-

923 1026 954 1045 re
975 1017 1051 1044 fratri
1062 1021 1124 1046 tuo:

924 1058 951 1081 et
967 1058 1029 1080 tunc
1043 1061 1089 1081 ve-

924 1089 1001 1116 nicns
1015 1089 1096 1117 offers
1108 1096 1166 1116 mu-

924 1131 976 1152 nus
987 1128 1073 1152 tuum.

923 1161 969 1188 25.
991 1160 1055 1188 Esto
1068 1167 1184 1188 consen-

926 1196 995 1223 tiens
1008 1196 1136 1223 adversa-

925 1232 966 1259 rio
980 1236 1026 1259 tuo
1039 1232 1093 1260 cito
1103 1239 1163 1259 cum
1171 1238 1201 1260 es

925 1274 985 1294 cum
1000 1266 1047 1294 illo
1062 1267 1088 1294 in

926 1303 967 1330 via
984 1313 990 1330 :
1008 1310 1041 1330 ne
1056 1302 1126 1330 ferte

927 1339 1015 1366 tradat
1029 1344 1054 1367 te
1067 1339 1159 1366 adver-

926 1375 1012 1402 sarius
1023 1374 1107 1409 judici
1121 1395 1127 1406 ,
1142 1378 1170 1401 et

924 1410 1006 1445 judex
1020 1410 1108 1437 tradat
1120 1411 1154 1442 [te
1168 1409 1220 1437 mi-

927 1446 1015 1473 nistro
1028 1453 1034 1470 :
1051 1448 1078 1473 et
1090 1446 1116 1473 in

927 1485 1064 1509 carcerem
1077 1482 1142 1508 mit-

930 1517 1005 1544 laris.

1341 696 1533 732 cupiscendum

1337 740 1409 765 eam,
1423 732 1478 767 jam
1492 739 1565 760 moe—

1339 768 1436 797 chatus
1449 772 1490 795 est
1500 775 1559 796 eam
1597 798 1600 801 Α

1341 805 1369 832 in
1385 803 1468 831 corde
1484 810 1544 831 suo.

1340 840 1386 867 29.
1407 839 1484 873 Quod
1502 839 1525 866 si
1540 838 1635 866 oculus

1341 880 1403 903 tuus
1417 874 1513 902 dexter
1526 881 1605 902 scan-

1342 911 1441 939 dalilat
1456 914 1493 943 te,
1509 917 1575 937 erue

1345 954 1418 978 eum,
1430 950 1457 973 et
1471 946 1563 980 proice

1344 982 1393 1009 abs
1405 987 1450 1009 te:
1466 981 1575 1016 expedit

1345 1018 1417 1045 enim
1433 1016 1480 1044 tibi
1495 1021 1525 1044 ut

1344 1057 1438 1088 pereat
1451 1059 1534 1080 unum

1344 1089 1527 1116 membrorum

1345 1128 1464 1157 tuorum,
1478 1130 1557 1158 quam

1344 1160 1417 1195 quod
1428 1166 1527 1194 corpus
1540 1163 1618 1187 tuum

1344 1199 1430 1223 totum
1443 1199 1486 1222 eat
1498 1195 1524 1222 in
1536 1198 1584 1231 ge-

1344 1231 1471 1258 hennam.

1343 1266 1388 1294 30.
1410 1267 1442 1294 Et
1453 1266 1476 1294 si
1489 1265 1601 1295 dextera
1614 1272 1673 1294 ma-

1342 1310 1393 1330 llUS
1408 1307 1452 1330 tua
1466 1310 1540 1329 scan-

1344 1338 1443 1366 dalizat
1457 1343 1494 1371 te,
1508 1337 1603 1365 absidc

1345 1381 1418 1407 eam,
1433 1378 1461 1401 et
1473 1381 1535 1409 pro-

1346 1409 1387 1437 ice
1403 1409 1450 1437 abs
1467 1414 1494 1437 te
1511 1418 1517 1435 :
1534 1417 1583 1437 ex-

1345 1445 1420 1480 pedit
1430 1445 1502 1473 enim
1519 1444 1567 1472 tibi

1343 1486 1373 1508 ut
1387 1485 1478 1515 pereat
1489 1483 1571 1508 unum

1346 1516 1530 1543 membrorum

1165 1584 1281 1613 CODEX
1295 1584 1437 1613 BRIXIAN
1442 1585 1494 1613 US.

931 1639 982 1659 suo
1020 1631 1079 1659 sine
1115 1638 1196 1659 causa
1236 1639 1299 1659 reus
1326 1632 1377 1659 erit
1402 1631 1514 1666 judicio.
1549 1631 1599 1666 Qui
1638 1636 1727 1660 autem

930 1667 1042 1699 dixerit,
1061 1667 1135 1694 fratri
1150 1675 1200 1694 suo
1219 1674 1265 1695 rae
1279 1667 1293 1687 δ
1307 1676 1333 1694 a.
1350 1675 1425 1700 ;rcus
1451 1670 1503 1695 erit
1528 1668 1654 1696 concilio.
1677 1668 1729 1702 Qui

927 1708 1016 1730 autem
1041 1703 1139 1730 dixerit
1154 1702 1236 1730 fatue.
1264 1711 1327 1731 reus
1344 1706 1396 1731 erit
1421 1703 1562 1738 gehennae
1593 1704 1671 1738 ignis.
1697 1704 1727 1731 Si

927 1747 990 1773 ergo
1002 1738 1081 1766 offers
1097 1746 1194 1766 munus
1221 1744 1294 1766 tuum
1310 1738 1342 1767 ad
1364 1739 1460 1767 altare.
1477 1745 1504 1767 et
1520 1740 1553 1767 ibi
1571 1739 1729 1767 recordatus

927 1772 1020 1801 fueris.
1038 1775 1098 1808 quia
1125 1775 1206 1801 frater
1231 1778 1293 1802 tuos
1309 1775 1390 1802 habet
1403 1775 1504 1809 aliquid
1530 1776 1673 1803 adversum
1691 1780 1727 1802 te.

927 1809 1048 1844 relinque
1065 1810 1098 1836 ibi
1115 1818 1210 1846 munus
1224 1814 1298 1838 tuum
1311 1816 1375 1838 ante
1395 1811 1481 1838 altare
1497 1817 1507 1830 ο
1520 1816 1547 1838 et
1569 1811 1639 1846 vade
1654 1811 1729 1846 prius

928 1845 1102 1873 reconciliare
1116 1845 1191 1872 fratri
1208 1850 1263 1872 tuo.
1274 1851 1301 1873 et
1317 1851 1380 1873 tunc
1395 1846 1507 1873 veniens
1518 1846 1600 1873 offers
1610 1844 1622 1864 δ
1632 1844 1730 1873 munus

928 1886 1003 1908 tuum
1017 1901 1023 1908 .
1040 1880 1106 1908 Esto
1122 1881 1293 1908 consentiens
1307 1881 1462 1908 adversario
1478 1888 1523 1908 tuo
1535 1883 1600 1909 cito.
1612 1882 1675 1908 dum
1700 1889 1731 1909 es

929 1917 954 1944 in
971 1917 1012 1943 via
1026 1924 1086 1943 cum
1100 1916 1156 1943 illo.
1174 1925 1207 1944 ne
1222 1917 1291 1944 forte
1303 1917 1390 1944 tradat
1403 1922 1428 1944 te
1439 1917 1610 1944 adversarius
1621 1916 1704 1950 judici
1718 1921 1730 1935 °

928 1957 956 1980 et
966 1952 1046 1987 judex
1064 1951 1152 1979 tradat
1165 1958 1190 1980 te
1204 1952 1337 1979 ministro.
1363 1957 1390 1980 et
1404 1952 1430 1979 in
1443 1960 1590 1980 carcerem.
1602 1952 1729 1980 mittaris.

929 1988 1014 2016 Amen
1029 1988 1089 2015 dico
1104 1988 1150 2014 tibi
1172 1995 1226 2015 non
1242 1989 1318 2016 exies
1330 1988 1393 2016 inde
1418 1988 1504 2016 donec
1527 1988 1624 2016 reddas
1641 1987 1732 2015 uobis-

930 2024 1028 2050 simum
1053 2023 1241 2058 quadrantem.

965 2059 1085 2086 Audistis
1092 2059 1154 2093 quia
1165 2058 1266 2086 dictum
1275 2063 1316 2086 est
1323 2058 1361 2094 (α)
1372 2058 1429 2086 Non
1438 2058 1675 2094 moecaveris.Ego
1685 2065 1732 2084 au-

931 2097 985 2122 tem
992 2095 1052 2122 dicu
1059 2095 1135 2122 vobis
1144 2094 1205 2129 quia
1212 2095 1301 2121 omnis
1307 2094 1352 2128 qui
1363 2094 1459 2122 viderit
1469 2095 1611 2122 mulierem
1623 2093 1656 2120 ad
1665 2100 1733 2120 con-

931 2129 1124 2166 cupiscendum
1132 2138 1190 2157 eam
1197 2130 1253 2164 jam
1265 2134 1404 2157 moecatus
1416 2135 1457 2157 est
1469 2138 1530 2157 eam
1543 2131 1569 2156 in
1582 2129 1664 2157 corde
1671 2136 1732 2156 suo.

970 2166 1045 2199 Quod
1055 2166 1077 2193 si
1091 2166 1184 2193 oculus
1197 2171 1257 2193 tuus
1265 2166 1360 2193 dexter
1371 2165 1543 2193 scandalizat
1556 2171 1581 2192 te
1592 2172 1657 2192 erue
1667 2172 1732 2192 eum

932 2206 959 2229 et
973 2202 1063 2236 proice
1078 2202 1126 2229 abs
1140 2206 1176 2228 te.
1192 2201 1301 2236 expedit
1321 2201 1395 2229 enim
1416 2201 1474 2229 tibi.
1488 2207 1515 2228 ut
1535 2205 1628 2235 pereat
1649 2208 1733 2228 unum

933 2238 1114 2265 membrorum
1131 2242 1235 2265 tuorum
1249 2245 1329 2272 quam
1342 2241 1428 2264 totum
1439 2244 1540 2270 corpus
1553 2241 1628 2263 tuum
1642 2236 1734 2263 mitta-

934 2277 976 2300 tur
991 2273 1019 2300 in
1040 2273 1202 2308 gehennam.
1219 2271 1289 2300 Etsi
1305 2272 1417 2300 dextera
1431 2280 1529 2300 manus
1547 2277 1602 2299 tua.
1614 2271 1734 2308 scanda-

933 2308 994 2337 lizat
1012 2313 1047 2336 te.
1063 2308 1170 2336 abscide
1183 2316 1243 2336 eam
1256 2313 1283 2336 et
1308 2308 1401 2343 proice
1417 2308 1466 2337 abs
1482 2313 1520 2337 te.
1532 2307 1644 2344 expedit
1658 2307 1734 2336 enim

935 2344 983 2372 tibi
995 2348 1024 2371 ut
1035 2349 1125 2379 pereat
1137 2352 1220 2372 unum
1231 2344 1413 2372 membrorum

434 2400 631 2430 VABIANTES
651 2400 843 2430 LECTIONES
862 2400 994 2430 CODlClS
1009 2400 1065 2430 MS.
1085 2399 1116 2429 S.
1137 2399 1393 2431 GERMANENSIS.

129 2445 137 2460 ¹
150 2446 243 2474 dixerit.
256 2447 327 2475 fatue

129 2476 139 2492 ¹
153 2478 236 2505 (lere:

129 2507 138 2522 ²
152 2509 191 2534 tibi

970 2446 981 2463 ‘
998 2450 1040 2473 eat

970 2478 981 2495 ⁸
999 2479 1066 2504 enim

746 2555 931 2585 BLANCHINI
948 2554 1065 2585 NOTAE.

136 2600 252 2639 ondem
276 2603 358 2631 modo
378 2603 470 2639 legunt
482 2610 576 2631 omnes
593 2602 681 2631 Latini
695 2603 789 2631 Patres
808 2604 878 2631 anti-

122 2643 209 2675 μξοτβ,
222 2639 351 2674 Cypriae.
363 2639 514 2667 Testimon.
528 2639 576 2666 lib.
591 2647 634 2673 ut,
647 2647 723 2667 num.
737 2639 764 2672 8,
780 2647 807 2674 p.
825 2639 875 2675 64;:

127 2671 216 2707 ilarius,
233 2671 423 2711 in'Commeut.
441 2675 467 2702 in
483 2671 653 2708 Mutthaum;
665 2671 828 2711 Augustinus
844 2673 879 2703 de

109 2704 222 2746 Sermone
234 2710 339 2738 Domini
360 2711 387 2738 in
407 2716 500 2738 monte
516 2711 562 2738 lib.
578 2718 605 2743 ι,
620 2704 679 2746 cap.
695 2704 727 2743 9";
746 2709 880 2746 Hierouy-

109 2747 157 2769 mus
169 2744 279 2781 denique
290 2746 337 2774 lib.
352 2754 371 2774 ιι
382 2746 512 2775 adversus
526 2744 662 2781 Pelagiani
678 2751 706 2774 et
718 2746 764 2774 lib.
781 2754 790 2774 ι
803 2744 880 2775 Codi-

111 2783 179 2806 ment.
192 2780 217 2808 in
234 2780 389 2813 Matthaeum
401 2802 409 2818 ,
422 2782 468 2810 ubi
484 2781 565 2811 docet
578 2780 632 2810 duo
645 2782 703 2812 hac
715 2782 812 2817 verba,
826 2782 881 2810 sine

932 2612 1020 2667 fama,
1034 2604 1153 2632 radenda
1168 2611 1228 2633 esse
1242 2608 1269 2632 et
1286 2603 1459 2632 obliteranda
1474 2604 1501 2632 in
1514 2608 1590 2632 textu
1612 2603 1736 2640 Evange-

944 2647 999 2667 ico.

944 2647 999 2667 ICO.

968 2674 982 2694 δ
997 2675 1044 2702 llic
1059 2681 1170 2711 apparet
1186 2675 1328 2703 manifeste
1338 2674 1437 2702 abrasa
1451 2675 1574 2710 aspirata
1586 2674 1612 2703 νι.

972 2717 982 2746 ιῖ
996 2716 1128 2746 expuncta
1144 2716 1186 2739 est
1199 2720 1224 2738 m
1236 2710 1415 2745 finalis,fquae
1429 2712 1552 2746 apparet.

969 2745 982 2765 ἀ
999 2745 1104 2775 Eiuita
1119 2752 1162 2775 est
1174 2756 1186 2774 ε
1201 2747 1301 2774 finalis.

972 2787 984 2802 ε
997 2782 1103 2812 Extrita
1114 2786 1157 2811 est
1171 2783 1258 2812 altera
1271 2783 1290 2811 ἱ.

139 2845 174 2882 (ιι)
189 2846 252 2878 Poet
263 2849 358 2879 dictum
371 2855 421 2885 ut,
441 2850 518 2880 deest
529 2850 651 2887 antiquis.
669 2851 702 2879 Et
722 2850 801 2887 itaﬁin
813 2849 874 2879 cod.
886 2849 964 2880 Cant.
988 2854 1017 2881 et
1039 2850 1164 2880 Gothico.
