3950 6176
536 174 637 230 167
1066 168 1345 230 EUSEBII
1379 166 1719 227 VERCFLL.
1764 165 2210 226 EVANGELIUM
2237 166 2383 225 CUM
2422 166 2652 225 VARIIS
2679 166 2837 225 COD.
2879 166 3273 230 COLLATUM.
3701 178 3788 235 l68

921 283 1158 342 CODEX
1196 282 1735 342 VERCELLENSIS.

540 390 753 437 tuorum
780 421 796 445 ,
830 395 990 449 quam

536 462 709 509 totum
734 466 931 522 corpus

538 535 688 580 tuum
717 524 791 595 (a)
816 532 904 578 eat
926 524 967 593 -ι-
991 522 1042 577 in
1062 536 1156 593 ge-

540 595 794 651 henuam.

536 667 625 723 5t.
674 667 877 721 Dictum
901 672 984 718 est
1004 678 1099 719 au-

540 746 649 794 tem
669 756 683 793 :
707 737 941 805 quicum-

539 824 644 879 que
673 805 941 862 dimiserit

538 894 761 934 uxorem
789 892 940 931 suam
959 918 975 943 ,

538 950 629 1007 det
653 950 727 1005 illi
747 948 968 1018 repudi-

543 1022 635 1078 52.
677 1037 789 1076 um.
823 1019 939 1089 Ego
978 1025 1157 1089 autem

539 1093 662 1149 dico
696 1091 850 1146 vobis
876 1088 892 1153 ξ
925 1090 1002 1161 (b)
1026 1088 1155 1155 Qui-

537 1176 772 1231 cumque
788 1161 946 1215 dimi-

541 1235 674 1290 serit
704 1247 927 1289 uxorem

541 1321 695 1361 suam
720 1348 735 1372 ,
769 1312 996 1375 excepta

536 1392 698 1435 causa
727 1376 896 1431 forni-

540 1447 771 1506 cationis
787 1487 803 1511 ,
829 1445 958 1501 facit

538 1535 657 1575 eam
703 1532 915 1573 moeca-

538 1591 629 1647 55.
670 1590 739 1649 ri.
765 1591 838 1660 (c)
861 1588 1061 1644 lterum

538 1662 766 1718 audistis
790 1662 914 1730 quia

538 1732 740 1789 dictum
767 1740 853 1787 est
878 1732 947 1784 ab
975 1744 1071 1784 an-

542 1800 931 1860 ....:Non

542 1916 557 1932 .
604 1911 683 1933 ..
728 1914 741 1928 .
786 1914 800 1927 .
845 1870 1203 1928 .abiszred-

538 1946 637 2003 des
664 1955 842 2001 autem

540 2017 771 2074 Domino
793 2017 1071 2087 iuramen-

538 2088 629 2145 54.
674 2099 725 2144 ta
758 2099 865 2142 tua.
909 2087 1023 2157 Ego
1049 2102 1144 2142 au-

538 2170 646 2217 tem
674 2160 798 2215 dico
825 2158 1009 2226 vobis,

538 2247 647 2288 non
678 2232 861 2302 iurare
897 2245 1007 2285 om-

550 2305 703 2369 nino,
736 2316 944 2373 nequae

536 2390 634 2446 per
660 2375 868 2446 caelum
889 2414 903 2438 ,

539 2444 664 2513 quia
692 2444 922 2502 trbonus

539 2518 629 2574 55.
667 2517 764 2572 Dei
792 2524 875 2572 est
905 2532 918 2569 :
950 2527 1130 2585 neque

536 2604 637 2661 per
658 2597 879 2661 terram,

537 2658 663 2730 quia
693 2658 989 2730 scabellum

539 2728 626 2788 est
655 2733 848 2801 pedum
877 2728 995 2799 ejus
1022 2743 1037 2781 :

538 2817 747 2873 nequae
768 2816 864 2871 per

537 2872 968 2943 Hierosolymam
996 2911 1010 2935 ,

539 2946 662 3015 quia
690 2945 881 2999 civitas

536 3024 623 3071 εει
650 3030 737 3071 ma
771 3055 785 3069 .
820 3051 837 3067 ο
871 3054 886 3068 .
928 3028 1013 3068 re—

536 3087 625 3142 56.
667 3086 747 3157 gis
779 3104 793 3140 :
822 3099 995 3154 neque
1024 3096 1118 3153 per

535 3169 695 3228 caput
728 3167 874 3213 tuum
899 3159 989 3227 ju-

535 3227 761 3295 raveris,
794 3227 915 3298 quia

1372 394 1479 434 non
1512 386 1663 447 potes
1706 392 1872 431 unum

1371 450 1627 519 capillum
1655 448 1735 503 al-

1372 522 1499 577 bum
1528 520 1727 585 facere,

1370 601 1462 646 aut
1484 592 1716 661 nigrum.

1369 664 1460 719 57.
1503 662 1584 718 Sit
1612 668 1792 717 autem
1822 676 1937 717 ser-

1370 748 1461 788 mo
1486 742 1687 797 vester,
1710 741 1811 797 est,

1372 812 1459 860 est
1483 822 1495 857 :
1530 819 1662 870 n0n,
1688 818 1793 858 non
1822 820 1833 856 :

1370 875 1513 945 quod
1538 885 1716 931 autem

1373 947 1603 1016 amplius
1628 956 1745 1011 est,

1372 1018 1571 1072 a’malo
1593 1029 1697 1072 est.

1372 1088 1465 1145 58.
1497 1088 1737 1143 Audistis
1758 1087 1880 1157 quia

1373 1159 1576 1214 dictum
1603 1167 1689 1214 est
1712 1178 1723 1212 :
1748 1158 1889 1215 Ocu-

1376 1230 1484 1284 lum
1519 1246 1617 1300 pro
1641 1245 1772 1285 ocu-

1375 1301 1452 1365 lo,
1482 1302 1559 1371 (d)
1586 1300 1801 1356 dentem
1834 1314 1932 1370 pro

1375 1372 1463 1428 59.
1506 1372 1742 1429 dentem.
1768 1371 1884 1443 Ego

1375 1453 1555 1498 autem
1591 1444 1715 1499 dico

1378 1515 1551 1580 vobis,
1580 1531 1684 1569 non
1716 1530 1801 1571 re-

1370 1586 1563 1641 sistere
1604 1586 1747 1641 malo
1768 1603 1784 1652 ;

1371 1656 1464 1711 sed
1492 1658 1536 1710 si
1564 1658 1772 1738 quigte

1374 1738 1702 1809 percusserit

1374 1798 1427 1853 in
1459 1798 1737 1852 dexteram

1372 1868 1676 1931 maxillam,
1694 1882 1848 1939 prac-

1372 1955 1437 1995 ve
1462 1939 1537 1994 illi
1558 1952 1613 1995 et
1632 1941 1792 1995 sinis-

1370 2009 2005 2081 40....asztqui

1373 2084 1937 2137 ....ltte....

1373 2092 1937 2140 ....ltte....

1370 2333 1388 2351 ο
1467 2334 1483 2350 ο
1562 2335 1577 2352 ο
1660 2337 1672 2350 ι
1751 2338 1766 2363 9
1845 2332 1861 2347 ο
1941 2334 1956 2349 ο
2029 2334 2042 2347 ο
2112 2333 2126 2347 ο

1372 2438 1588 2495 remitte
1616 2439 1665 2493 ei
1689 2448 1745 2494 et

1373 2510 1437 2591 4t
1452 2549 1465 2563 .
1510 2510 1741 2591 palleum
1768 2528 1781 2563 :
1815 2518 1869 2564 et
1894 2507 1990 2579 qui

1372 2590 1426 2637 te
1456 2590 1808 2649 angeariave-

1370 2654 1440 2707 rit
1470 2652 1617 2706 mille
1649 2664 1838 2720 passus
1851 2690 1879 2720 _,

1370 2722 1505 2777 vade
1528 2718 1768 2778 cum—illo
1795 2718 1871 2789 (ε)

1368 2794 1545 2848 adhuc
1569 2792 1610 2863 ἰ-
1636 2792 1739 2846 alia
1770 2793 1899 2863 duo.

1367 2863 1457 2919 42.
1500 2862 1657 2919 Ouini
1688 2862 1890 2934 petenti

1370 2946 1444 3003 te,
1475 2936 1653 2991 tribue
1687 2951 1701 2987 :
1736 2945 1790 2989 et
1816 2948 1911 2989 vo-

1367 3007 1500 3063 lenti
1523 3018 1731 3060 mutua-

1368 3080 1412 3133 ri
1440 3094 1468 3133 a
1498 3085 1571 3143 te,
1598 3092 1667 3132 ne
1690 3091 1847 3131 aver-

1367 3150 1498 3204 teris
1523 3158 1595 3203 te.

1366 3220 1456 3275 45.
1500 3219 1739 3275 Audistis
1768 3219 1893 3288 quia

924 3330 929 3335 ’
960 3334 1193 3392 CODEX
1230 3330 1701 3389 CORBEIENSIS.

539 3445 753 3492 tuorum
777 3473 790 3495 ,
816 3445 975 3503 quam
994 3430 1199 3483 ‘totum
1221 3440 1417 3503 corpus
1436 3432 1585 3479 tuum
1606 3422 1777 3503 eatjn
1800 3418 2126 3503 gehennam.

541 3508 753 3563 Dictum
780 3494 885 3558 est
914 3511 1090 3555 autem
1126 3516 1138 3551 :
1192 3494 1558 3565 quiquumque
1587 3494 1855 3549 dimiserit
1902 3508 2126 3548 uxorem

540 3593 693 3634 suam
718 3617 733 3641 ,
769 3575 858 3629 det
912 3572 987 3626 illi
1018 3573 1037 3602 ⁸
1071 3569 1309 3641 libellum
1354 3566 1585 3641 repudii.
1636 3566 1749 3635 Ego
1779 3574 1959 3620 autem
2008 3565 2130 3620 dico

540 3639 735 3706 vobis:
762 3644 896 3713 Quia
926 3642 1132 3715 omnis,
1153 3641 1243 3710 qui
1268 3639 1766 3715 dimiserituxorem
1812 3651 1961 3715 suam
1976 3676 2003 3715 _,
2034 3651 2131 3690 ex-

546 3731 701 3791 cepta
730 3706 1097 3791 fornicationis
1144 3706 1329 3791 caussa
1352 3750 1367 3774 ,
1390 3708 1537 3791 facit
1568 3723 1688 3791 eam
1717 3706 2031 3791 moecbariﬂ:
2059 3716 2126 3791 Aet

542 3777 633 3866 qui
663 3790 937 3845 dimissam
989 3784 1202 3864 duxerit
1229 3782 1289 3864 ,ιδ
1337 3780 1622 3866 adulterat.
1654 3781 1846 3866 lterum
1899 3777 2125 3866 audistis

541 3847 663 3933 q'uia
694 3861 893 3933 dictum
921 3868 1009 3933 est
1051 3853 1284 3924 antiquis
1314 3869 1326 3905 :
1361 3850 1527 3933 Non.“
1561 3848 1857 3933 periurabis
1882 3866 1895 3900 :
1929 3847 2126 3933 reddes

544 3919 722 3991 autem
747 3932 975 3987 Domino
994 3919 1300 3997 iuramenta
1330 3933 1439 3976 tua.
1464 3922 1778 3997 Ego_autem
1802 3919 1934 3997 dico
1949 3920 2121 3984 vobis,

543 4022 654 4062 non
678 4006 863 4075 jurare
884 3991 1125 4061 omnino,
1156 4009 1330 4064 neque
1360 4008 1454 4073 per
1482 3992 1717 4075 coelum,
1748 3992 1869 4059 quia
1891 3991 2125 4075 thronus

543 4060 638 4134 Dei
663 4060 747 4132 est
771 4093 783 4128 :
814 4086 986 4142 neque
1018 4060 1491 4142 per_terram,quia
1514 4062 1802 4142 scabellum
1827 4072 1909 4115 est
1932 4060 2124 4128 pedum

541 4149 661 4220 ejus
686 4169 698 4203 :
723 4134 913 4217 neque'
943 4134 1039 4212 per
1066 4136 1515 4220 Hierosolymam,
1542 4134 1666 4215 quia
1687 4134 1879 4214 civitas
1903 4143 1985 4213 est
2013 4149 2124 4185 ma-

542 4206 632 4292 giii
657 4206 845 4289 regis':
879 4206 1175 4292 nequeper
1194 4217 1353 4292 caput
1377 4218 1523 4292 tuum
1547 4206 1834 4292 jurave‘ris,
1859 4206 1983 4292 quia
2016 4219 2124 4292 non

541 4274 693 4361 pctes
715 4274 881 4344 iiuum
914 4274 1165 4353 capillum
1204 4274 1385 4361 album
1433 4274 1634 4361 facere,
1659 4284 1752 4329 aut
1776 4276 2007 4361 nigrum:
2036 4274 2123 4361 Sit

538 4345 717 4418 autem
747 4374 927 4415 sermo
954 4345 1153 4416 v'eSter,
1179 4362 1279 4415 e31,
1310 4358 1430 4404 est:
1462 4349 1490 4426 ’_
1512 4362 1640 4426 non,
1672 4362 1776 4426 non
1812 4362 1830 4426 :-
1842 4345 1998 4426 quod
2027 4360 2120 4425 au-

543 4417 652 4489 tem
678 4432 761 4486 liis
789 4426 1150 4483 abundantius
1178 4432 1281 4487 est,
1322 4437 1350 4471 a
1389 4420 1530 4472 malo
1559 4421 1663 4472 est.
1716 4417 1966 4489 Audis:is_
1995 4417 2120 4485 quia

538 4485 740 4559 dictum
757 4508 841 4556 est
862 4518 877 4553 :
898 4497 1121 4554 Oculum
1148 4508 1242 4564 pro
1268 4485 1445 4556 oculo,
1462 4498 1522 4564 et
1549 4490 1766 4542 dentem
1807 4500 1909 4564 pro
1936 4485 2120 4564 dente.

538 4557 865 4646 Egoautem
890 4571 1009 4625 dico
1037 4557 1226 4646 vobis2
1272 4577 1387 4646 non
1422 4559 1886 4646 resistereLmalo;
1926 4557 2121 4646 Asedlsi

538 4628 660 4716 quis
692 4654 742 4699 te
768 4640 1089 4716 percussth
1115 4638 1167 4716 in_
1206 4628 1226 4666 ⁸
1265 4629 1728 4716 desteramaxilla
1758 4639 1880 4716 tua,
1910 4628 2123 4716 .praebe

540 4700 618 4773 illi
644 4700 701 4772 et
730 4700 953 4769 alteram
985 4729 997 4763 :
1028 4710 1093 4765 Et
1121 4708 1209 4773 ei,
1264 4706 1353 4776 qui
1401 4704 1513 4758 vult
1551 4713 1731 4776 tecum
1754 4700 1959 4776 judicio
1990 4716 2125 4776 cou-

539 4771 784 4851 iendere,
825 4795 879 4840 et
922 4782 1155 4837 tunicam
1183 4771 1324 4831 tuam
1366 4776 1577 4851 tollere,
1607 4774 1818 4851 dimitte
1844 4771 1895 4827 ei
1924 4779 1979 4825 et
2007 4772 2123 4840 pal-

537 4842 712 4915 lium:
743 4842 797 4911 et
824 4856 1189 4927 quiquumque
1216 4860 1269 4903 te
1291 4844 1663 4927 angariaverit
1708 4842 1873 4927 mille.
1904 4857 2121 4927 passus,

535 4930 672 4986 vade
691 4944 815 4984 cum
841 4914 975 4981 illo"
1001 4914 1252 4976 alia'duo.
1285 4914 1397 4985 Qui
1413 4921 1545 4987 petit
1566 4933 1597 4969 a
1624 4923 1696 4987 te,
1731 4915 1796 4987 da
1828 4914 1876 4969 ci
1904 4930 1917 4967 :
1950 4922 2006 4969 et
2038 4930 2125 4969 vo-

532 4985 666 5059 lenti
694 5016 727 5056 a
756 5009 809 5055 te
829 4992 1082 5061 mutuari,
1114 5005 1182 5046 ne
1208 4990 1230 5021 ⁸
1252 4985 1531 5043 avertaris.
1580 4985 1818 5041 Audistis
1838 4986 1961 5055 quia

2658 285 2895 343 CODEX
2929 284 3385 345 VERONENSIS.
3412 308 3415 309 '

2237 390 2447 434 tuorum
2465 422 2480 445 ,
2514 396 2672 451 quam
3066 382 3315 451 capillum
3347 382 3431 437 al-

2236 459 2406 506 totum
2439 466 2638 521 corpus
3067 453 3193 507 bum
3227 452 3437 519 facere,

2236 532 2385 595 tuum
2407 521 2484 595 (a)
2512 534 2599 577 eat
2627 523 2668 593 -ι-
2691 522 2744 577 in
3066 524 3408 595 autnigrum.

2238 593 2564 657 gehennam.
3069 596 3160 650 57.
3190 593 3272 650 Sit
3301 605 3476 651 autem
3503 609 3612 652 ser-

2234 664 2322 719 5l.
2366 664 2574 719 Dictum
2603 672 2685 719 est
2716 679 2815 718 au-

2236 744 2342 789 tem
2374 752 2387 790 :
2421 737 2665 805 quicum-

3071 681 3161 721 mo
3189 676 3386 732 vester,
3418 678 3499 722 est
3518 709 3532 732 ,

3069 747 3151 790 est
3185 755 3197 791 :
3227 746 3282 792 et
3311 752 3417 792 non
3438 779 3452 804 ,
3482 754 3584 795 non
3610 758 3623 794 :

2234 820 2340 876 que
2369 806 2640 861 dimiserit
3068 809 3211 876 quod
3237 818 3419 863 autem

2234 892 2457 948 uxorem
2498 892 2684 942 suam,
3068 878 3428 934 abundantius
3456 889 3537 936 est
3559 923 3575 948 ,

2233 946 2325 1001 det
2353 947 2429 1001 illi
2462 963 2622 1017 repu-
3070 964 3099 1003 a
3143 950 3287 1005 malo
3312 959 3413 1005 est.

3068 1020 3158 1075 58.
3201 1020 3448 1076 Audistis
3472 1022 3590 1092 quia

3069 1092 3273 1147 dictum
3295 1101 3379 1147 est
3400 1110 3412 1146 :
3434 1094 3569 1147 Ocu-

3070 1163 3176 1238 lum
3207 1179 3305 1233 pro
3332 1163 3489 1218 oculo
3513 1204 3528 1230 ,
3559 1164 3634 1238 (ά)

3068 1232 3283 1289 dentem
3317 1250 3415 1303 pro

3068 1305 3159 1360 59.
3201 1306 3439 1377 dentem.
3473 1305 3579 1377 Ego

3067 1388 3246 1432 autem
3277 1376 3401 1432 dico

3068 1448 3222 1503 vobis
3241 1488 3258 1513 ,
3292 1464 3401 1502 non
3428 1463 3513 1503 re-

3066 1519 3256 1574 sistere
3283 1518 3463 1583 malo;

2998 1658 3001 1659 ν
3067 1590 3171 1645 Sed
3204 1590 3250 1645 si
3276 1592 3398 1659 quis
3431 1599 3484 1645 te

3069 1661 3402 1730 percusserit

3070 1733 3122 1786 in
3153 1732 3399 1787 dextram

3071 1803 3349 1857 maxillam
3380 1811 3521 1857 tuam
3540 1844 3555 1868 ,

3069 1874 3265 1943 praebe
3287 1874 3365 1928 illi
3390 1883 3444 1930 et

3065 1945 3340 1999 sinistram
3376 1962 3391 1998 :
3416 1946 3481 2000 Et
3508 1945 3553 2000 ci
3575 1988 3589 2012 ,

3066 2016 3157 2071 40.
3200 2016 3290 2085 qui
3322 2017 3436 2071 vult

3068 2097 3242 2142 tecum
3279 2086 3370 2157 ju-

3066 2158 3208 2213 dicio
3232 2167 3463 2213 conten-

3063 2227 3193 2284 dere
3214 2270 3229 2293 ,
3260 2238 3320 2284 et
3348 2229 3578 2285 tunicam

3066 2308 3208 2355 tuam
3238 2301 3430 2357 tollere

3065 2370 3363 2437 desiderat,
3393 2371 3593 2428 dimitte

3064 2443 3113 2496 ei
3148 2452 3204 2498 et
3228 2443 3450 2507 pallium
3485 2460 3497 2496 :

3062 2511 3153 2568 44.
3196 2512 3266 2567 Et
3286 2516 3619 2585 quicumque.

3065 2592 3119 2638 te
3158 2586 3481 2641 anaariave-

3067 2656 3139 2709 rit
3165 2656 3319 2711 mille
3348 2671 3533 2726 passus
3560 2698 3575 2719 ,

3067 2726 3204 2781 vade
3232 2741 3359 2797 cum
3390 2727 3483 2782 illo
3511 2731 3579 2797 (ε)

3057 2797 3235 2868 adhuc
3261 2796 3307 2868 σι-
3341 2798 3441 2852 alia
3472 2796 3595 2852 duo.

3056 2866 3147 2922 42.
3188 2866 3351 2941 Omni
3376 2872 3569 2941 petenti

3070 2949 3121 2993 te
3144 2980 3159 3003 ,
3183 2939 3250 2994 da
3276 2941 3329 2995 ei
3357 2939 3453 2996 z'et
3480 2957 3569 2995 vo-

3067 3009 3201 3065 lenti
3234 3014 3469 3067 mutuari

3066 3096 3095 3135 8
3123 3092 3173 3136 te
3199 3123 3213 3145 ,
3246 3098 3317 3138 ne
3343 3099 3499 3140 κινει-

2234 1018 2323 1074 52.
2365 1018 2535 1074 dium.
2572 1018 2685 1089 Ego
2714 1034 2813 1073 au-

2234 1098 2343 1161 tem
2374 1090 2498 1146 dico
2526 1091 2709 1161 vobis,
2744 1089 2821 1161 (ὁ)

2233 1160 2566 1229 Quicumque
2593 1160 2753 1215 dimi-

2234 1231 2366 1287 serit
2394 1248 2615 1287 uxorem

2234 1317 2384 1358 suam
2404 1343 2419 1369 ,
2448 1311 2673 1372 excepta

2234 1388 2395 1429 causa
2424 1374 2591 1429 forni-

2234 1446 2489 1512 cationis,
2515 1445 2640 1499 facit

2235 1531 2353 1570 eam
2379 1516 2649 1571 moecbari
2684 1514 2777 1586 (c).

2237 1587 2326 1644 55.
2371 1586 2565 1642 ltermn
2595 1588 2821 1642 audistis

2233 1659 2359 1728 quia
2391 1658 2590 1712 dictum
2619 1667 2703 1713 est

2234 1728 2470 1797 antiquis
2498 1745 2511 1782 :
2542 1728 2656 1783 Non

2237 1800 2538 1869 perjurabis
2565 1824 2578 1853 ι

2235 1871 2430 1926 reddes
2457 1880 2633 1925 autem

2237 1941 2469 1996 Domino
2500 1942 2781 2010 juramen-

2234 2012 2327 2068 54.
2344 2022 2394 2068 ta
2417 2020 2528 2067 tua.
2549 2012 2662 2083 Ego
2682 2030 2779 2068 au-

2236 2092 2344 2139 tem
2366 2084 2491 2139 dico
2517 2084 2671 2139 vobis
2691 2126 2706 2151 ,

2233 2170 2342 2210 non
2366 2170 2473 2211 non
2498 2154 2682 2225 jurare
2712 2171 2832 2210 om-

2234 2226 2364 2281 nino
2382 2268 2396 2293 ,
2423 2241 2599 2296 neque

2234 2312 2331 2364 per
2349 2299 2557 2352 caelum
2578 2339 2594 2363 ,
2623 2297 2768 2363 quia.

2235 2369 2325 2423 55.
2370 2370 2596 2423 thronus
2622 2369 2719 2424 Dei

2234 2447 2320 2494 est
2352 2455 2366 2492 :
2398 2454 2575 2508 neque

2234 2525 2332 2580 per
2355 2521 2553 2565 terram
2570 2553 2585 2575 ,

2233 2582 2358 2651 quia
2386 2581 2675 2635 scabillum

2232 2662 2317 2707 est
2344 2652 2537 2721 pedum
2578 2652 2695 2722 ejus
2726 2668 2741 2707 :

2234 2738 2409 2794 neque
2434 2738 2528 2789 per

2233 2793 2333 2875 56.
2368 2793 2799 2875 Hierosolymam
2816 2834 2829 2859 ,

2231 2867 2355 2935 quia
2386 2867 2575 2919 civitas

2236 2946 2319 2991 est
2344 2935 2524 3005 magni
2545 2952 2635 2991 re-

2231 3008 2313 3077 gis
2345 3025 2357 3059 :
2384 3023 2559 3077 neque
2588 3023 2683 3077 per

2233 3088 2395 3147 Caput
2424 3086 2571 3133 tuum
2598 3080 2683 3147 ju-

2235 3150 2479 3216 raberis,
2513 3149 2638 3220 quia
3070 3154 3200 3208 taris
3230 3162 3305 3208 te.

2236 3234 2345 3275 non
2369 3231 2522 3291 potes
2554 3236 2718 3275 unum
3067 3224 3157 3278 45.
3202 3226 3447 3283 Audistis
3479 3224 3597 3296 quia

2697 3330 2930 3388 CODEX
2968 3333 3362 3396 BRIXIANUS.

2236 3430 2631 3501 tuorumquam
2659 3432 2827 3479 totum
2856 3440 3053 3501 corpus
3085 3435 3232 3501 tuum
3261 3431 3505 3486 mittatur
3536 3431 3584 3485 in
3609 3427 3785 3501 gehen-

2235 3509 2381 3547 nam.
2415 3494 2623 3549 Dictum
2653 3506 2737 3570 est
2786 3505 2986 3570 autem.
3018 3498 3356 3570 Quicumque
3376 3494 3649 3557 dimiserii.
3677 3513 3787 3553 uxo—

2234 3580 2350 3645 rem
2414 3581 2596 3645 suaml
2648 3566 2741 3645 _det
2794 3567 3131 3645 ei_libellu_m
3178 3566 3415 3645 repudii.
3475 3574 3583 3645 Ego
3632 3585 3786 3626 autem

2234 3635 2357 3689 dico
2384 3636 2537 3709 vobis
2560 3636 2692 3709 Quia
2725 3641 2901 3693 omnis
2928 3639 3021 3709 qui
3060 3635 3327 3698 dimiserit
3380 3635 3593 3700 uxorém
3635 3658 3784 3697 suam.

2235 3715 2457 3776 cveepta
2506 3707 2876 3764 fornicationis
2900 3707 3082 3765 causa.
3123 3712 3250 3768 facit
3298 3732 3418 3771 eam
3448 3712 3717 3770 moecliari.
3745 3721 3788 3765 et

2232 3778 2614 3901 ﬂuidimissam
2639 3781 2851 3834 duxerit
2875 3783 3210 3839 moechatur.
3237 3788 3431 3841 lterum
3456 3788 3666 3841 audistis
3685 3784 3789 3854 quia

2275 3852 2435 3901 ictum
2484 3860 2567 3901 est
2594 3852 2830 3901 :tntiuuis
2886 3852 2999 3901 Non
3050 3856 3371 3901 neriliralxie_
3408 3859 3595 3901 milites
3639 3869 3788 3901 autem

2275 3852 2435 3924 ictum
2484 3860 2567 3924 est
2594 3852 2830 3920 antiquis
2886 3852 2999 3924 Non
3050 3856 3372 3924 perjurabis.
3408 3859 3595 3914 reddes
3639 3852 3788 3909 auiem

2232 3920 2464 3994 Domino
2489 3921 2798 3988 juramenta
2845 3934 2955 3978 tua.
2983 3920 3097 3994 Ego
3125 3920 3305 3982 autem
3354 3930 3473 3983 dico
3518 3928 3660 3983 vobis
3700 3940 3787 3977 non

2233 3991 2409 4069 iurare
2457 3994 2700 4048 omnino.
2747 4010 2923 4062 neque
2978 3991 3072 4069 per
3123 4000 3331 4053 caelum
3363 4002 3483 4069 quia
3530 4004 3793 4069 tronuscst

2278 4062 2350 4139 ei,
2376 4077 2551 4133 neque
2591 4079 2689 4133 per
2721 4073 2945 4139 terram.
2979 4062 3102 4134 quia
3155 4062 3454 4125 scabelliim
3499 4082 3580 4125 est
3622 4068 3788 4139 pedm"

2231 4133 2371 4213 ejus.
2395 4149 2571 4213 neque
2617 4151 2713 4203 per
2744 4136 3169 4209 Hierosolymam
3212 4144 3337 4211 quia
3367 4143 3554 4197 civitas
3593 4133 3665 4213 est
3693 4138 3789 4191 ina-

2228 4206 2319 4282 gni
2352 4206 2515 4273 regis.
2551 4222 2846 4282 nequeper
2876 4206 3037 4282 caput
3066 4206 3534 4281 tuittu'juraberis.
3567 4211 3679 4282 quia
3701 4224 3790 4262 non

2232 4280 2386 4355 potes
2411 4291 2573 4329 unum
2599 4277 2853 4343 capillum
2875 4277 3055 4334 album
3082 4277 3259 4338 facere
3283 4296 3379 4337 aut
3415 4277 3636 4355 nigrum.

2301 4345 2382 4401 Sit
2398 4357 2575 4426 autem
2598 4364 2776 4426 sermo
2791 4359 2970 4405 vester
2990 4362 3095 4406 est.
3121 4361 3224 4408 est.
3249 4370 3381 4409 non.
3404 4345 3530 4410 non.
3554 4353 3681 4426 quod
3707 4367 3791 4426 ati-

2230 4424 2337 4470 tem
2392 4417 2751 4474 abundantius
2804 4430 2888 4475 est
2937 4425 3151 4477 horum.
3194 4440 3224 4478 a
3268 4428 3411 4485 malo
3444 4436 3545 4481 est.
3570 4417 3790 4479 'Audistis

2230 4490 2355 4561 quia
2386 4487 2587 4561 dictum
2625 4499 2728 4543 est.
2759 4490 2988 4546 Oculum
3038 4510 3133 4561 pro
3186 4498 3365 4552 oculo.
3408 4509 3461 4551 et
3482 4497 3684 4552 dentem
3711 4508 3792 4561 pro

2229 4560 2412 4613 dente.
2459 4559 2573 4629 Ego
2616 4570 2797 4615 autem
2846 4564 2971 4619 dico
3001 4559 3174 4619 vobis.
3210 4583 3315 4622 nou
3368 4571 3617 4624 resistere
3650 4559 3790 4619 malo.

2229 4630 2323 4684 sed
2348 4629 2394 4683 si
2441 4634 2564 4700 quis
2615 4641 2667 4687 te
2720 4638 3049 4702 percusserit
3099 4636 3153 4689 in
3226 4638 3502 4693 dexteram
3547 4636 3793 4691 maxillam

2232 4702 2429 4777 praebe
2454 4702 2527 4755 illi
2556 4712 2611 4777 et
2640 4704 2885 4758 alteram.
2922 4705 2989 4760 Et
3017 4706 3066 4761 ei
3092 4708 3183 4777 qui
3216 4710 3447 4765 voluerit
3474 4720 3637 4766 tecum
3668 4704 3794 4777 judi:

2229 4773 2315 4826 cio
2337 4774 2690 4829 contendere.
2733 4782 2788 4830 et
2837 4780 3072 4832 tunicam
3110 4772 3273 4834 'tuam
3307 4782 3496 4836 tollere
3531 4772 3729 4835 remiite
3752 4772 3794 4825 ci

2229 4853 2283 4897 et
2314 4846 2567 4922 palleum.
2593 4855 2647 4899 et
2674 4848 3022 4922 quicumque
3041 4856 3093 4903 te
3132 4854 3492 4922 angariaverit
3521 4852 3661 4905 mille
3690 4861 3794 4915 ρας·

2229 4929 2320 4988 sus
2348 4915 2481 4988 vade
2526 4930 2647 4970 cum
2689 4915 2784 4971 illo
2812 4915 2939 4972 duo.
2988 4920 3147 4974 Omni
3186 4915 3389 4988 petenti
3433 4935 3482 4977 te
3504 4922 3588 4977 da.
3635 4928 3687 4975 et
3714 4932 3792 4971 vo-

2230 4984 2360 5039 lenti
2388 4988 2625 5042 mutuari
2653 5003 2682 5042 a
2729 4996 2784 5043 te
2824 5004 2892 5045 ne
2931 4984 3217 5049 avertaris‘.
3246 4993 3483 5051 Audistis
3519 4992 3639 5064 quia

1229 5101 1621 5159 VARIANTES
1661 5098 2042 5157 LECTIONES
2080 5097 2346 5158 CODlClS
2382 5100 2495 5169 MS.
2536 5102 2597 5159 S.
2638 5102 3149 5163 GERMANENSIS.

598 5214 617 5245 ⁸
652 5208 786 5276 quod

596 5276 618 5307 ³
650 5272 915 5337 repudium

596 5338 620 5371 ³
653 5336 939 5387 mcecbatur

594 5400 618 5431 δ
644 5398 836 5463 jurabis
856 5410 869 5445 :
890 5392 981 5445 sed
1004 5388 1184 5442 reddes
1206 5384 1417 5438 Domino

2300 5202 2322 5227 δ

2294 5258 2317 5331 ξ
2350 5202 2827 5331 _maxil_lam_tuam
2850 5262 3129 5331 dexteram,
3159 5264 3347 5331 praebe
3375 5264 3446 5316 illi
3470 5273 3520 5317 et
3539 5266 3763 5315 sinistram

2298 5320 2318 5391 ζ
2355 5321 2509 5371 adhuc
2533 5322 2627 5373 alia
2650 5325 2764 5391 duo.
2787 5324 2931 5377 Omni
2954 5328 3039 5391 qui

2297 5383 2320 5414 ⁸
2352 5392 2548 5435 avertas
2572 5392 2623 5436 te
2648 5388 2710 5437 ab
2733 5400 2817 5451 eo.

1869 5487 2236 5545 BLANCHINI
2279 5488 2512 5547 NOTAE.

602 5606 679 5680 (a)
709 5604 784 5660 Ita
809 5612 865 5660 et
892 5597 1014 5656 cod.
1039 5593 1193 5680 Cant:
1228 5580 2092 5680 ᾲῖτέλθῃθτίθλίδξηξξῇίξξξλάξξξῑ
2372 5585 2427 5680 il:
2445 5584 2903 5680 09d:‘Cant.—I—gc')
2926 5592 3103 5656 Deest,
3128 5601 3184 5680 et
3210 5591 3301 5680 qui
3322 5589 3581 5680 dimittant
3601 5582 3797 5680 tinxit“.

530 5651 1071 5737 adidiciiziilititain
1091 5666 1211 5723 cod.
1241 5651 1556 5730 cauti—(ti)
1575 5651 1953 5721 '.-\utedeutem,
1975 5651 2303 5721 dccstet,ut
2323 5657 2377 5711 iu
2399 5656 2519 5711 cod.
2546 5651 2849 5733 Coac—(ej
2874 5651 2949 5719 ita
2979 5672 3033 5719 et
3058 5651 3178 5719 cod.
3207 5651 3363 5720 Cani.
3390 5662 3504 5718 Lai.
3534 5669 3587 5716 et
3605 5657 3692 5716 Gr.
3716 5655 3796 5712 ἔτι.
