1975 3088
262 81 311 109 1ῗ1

463 134 581 163 CODEX
603 133 868 163 VERCELLENSIS.

680 181 752 208 enim
770 185 845 216 pater
859 187 919 208 ves-

682 221 734 249 ter,
751 217 815 252 quid
831 223 898 252 opus

681 253 716 279 sit
727 253 814 285 vobis,
830 257 893 279 ante

681 296 760 322 quam
775 288 872 323 petatis

681 324 707 351 9.
730 324 763 350 ab
775 331 818 351 co.
833 323 878 351 Sic
895 327 987 351 autem

681 359 793 387 orabitis
805 359 894 386 illum:

682 394 761 421 Pater
776 398 879 425 noster.

681 430 726 465 qui
738 437 767 457 es
780 431 806 457 in
821 430 920 457 caelis:

681 465 864 493 sanctiﬁcetur

682 509 780 528 nomen
792 506 866 528 tuum
873 522 878 527 .

682 536 726 564 10.
747 536 883 564 Adveuiat
897 542 957 572 reg-

681 580 745 599 num
760 578 845 599 tuum.
861 572 905 600 Fi-

681 612 709 635 at
723 608 847 635 voluntas
861 614 906 635 tua

682 642 708 670 in
723 643 809 676 caelo,
826 648 853 671 et
864 644 889 670 in
903 648 954 671 ter-

682 679 726 706 ll.
749 685 814 705 ram.
831 679 930 707 Panem
952 685 1014 707 nos-

682 719 754 741 trum
769 715 893 742 cottidia—

682 758 757 777 num.
782 771 788 777 .
812 771 818 777 .
841 750 918 778 nobis

683 785 727 812 12.
750 785 838 813 hodie.
852 786 885 813 Et
896 786 989 814 remit-

683 825 709 848 te
723 821 800 848 nobis
813 821 886 848 debi-

683 861 709 883 ta
725 862 828 887 nostra.
842 857 911 884 sicut
931 861 968 885 et.
992 877 999 884 .
1025 878 1030 883 .
1055 877 1062 884 .

684 892 752 919 15...
770 892 937 920 debitoribus
951 893 1064 921 nostris.

682 927 717 954 Et
730 935 764 955 ne
778 935 826 955 nos
840 928 952 957 inducas

683 962 709 989 in
722 964 876 996 temptatio-

683 1007 755 1026 nem.
775 999 828 1027 Sed
843 1000 919 1028 lihe-

682 1042 713 1071 ra
728 1042 777 1071 nos
792 1043 805 1061 a
821 1036 892 1062 malo
907 1035 958 1071 (a).

684 1070 728 1097 M.
746 1070 774 1098 Si
789 1071 862 1098 enim
877 1070 989 1099 dimise-

684 1105 743 1132 ritis
758 1106 874 1133 homini-

683 1140 734 1168 bus
747 1146 855 1176 peccata
871 1150 917 1170 co-

684 1183 743 1203 rum
757 1186 763 1203 z
779 1177 899 1205 dimittet

266 191 310 217 us,
319 183 364 219 qui
376 182 449 210 videt

265 221 292 247 in
304 220 447 251 absconso,

265 255 362 284 reddet
375 255 421 282 tibi
440 255 467 281 in

268 292 366 323 palam.

267 327 293 354 5.
312 325 380 354 Cum
393 329 483 352 autem
498 331 560 352 ora—

267 363 312 395 tis,
327 369 379 389 non
395 361 471 388 eritis

265 398 315 426 sic.
338 418 344 424 .
368 416 375 423 .
398 416 404 423 .
424 395 533 432 ypobri-

266 438 369 468 tae,qu.
391 452 398 459 .
422 452 428 459 .
451 435 526 459 mant

265 473 338 496 stare
351 468 377 495 in
393 474 474 501 syna-

265 504 341 539 gogis
353 508 380 531 et
397 503 423 530 in
440 510 488 529 an-

264 540 334 575 gulis
348 539 497 573 platearum

265 579 369 603 stantes
380 581 470 606 orare,

265 617 294 638 ut
313 610 454 637 videantur

265 646 300 673 ab
313 645 482 672 hominibus:

265 689 343 709 amen
357 680 416 708 dico
430 688 474 708 vo-

265 717 316 751 bis,
338 717 438 743 habent
448 722 519 744 mer-

264 753 358 780 cedem
369 759 456 784 suam.

265 789 292 816 6.
313 788 352 815 Tu
366 792 456 815 autem
468 794 530 815 cum

266 831 339 856 oras,
352 823 421 850 intra
432 824 460 850 in

266 859 419 887 cubiculum
431 863 474 884 tu—

266 902 323 926 um,
339 898 366 921 et
380 894 456 921 cluso

266 930 348 961 ostio,
358 937 405 956 ora
420 933 523 963 patrem

266 969 341 992 tuum
354 964 380 991 in
394 964 509 991 abscon-

266 1008 297 1028 50
310 1009 317 1033 ἶ
332 1005 357 1028 et
375 1004 450 1035 pater
466 1005 527 1027 tuus

267 1037 312 1071 qui
327 1035 396 1063 videt
410 1036 436 1062 in
451 1036 513 1063 abs-

265 1079 361 1103 conso,
373 1071 469 1099 reddet

266 1107 314 1135 tibi
330 1107 357 1134 in
375 1107 473 1141 palam.

267 1143 294 1169 7.
315 1142 430 1170 Orantes
444 1146 544 1173 autem,

267 1178 352 1206 nolite
364 1178 478 1205 multum

268 1214 323 1249 loq.
347 1235 353 1241 .
377 1234 386 1247 ,
401 1214 471 1241 sicut
484 1212 545 1240 eth-
575 1246 580 1249 _
684 1212 760 1239 vobis
770 1213 849 1240 Pater
864 1221 925 1241 ves-

266 1246 313 1277 ni.‘
328 1268 335 1275 .
359 1269 365 1276 .
381 1249 419 1276 Pu
434 1269 440 1275 .
465 1269 469 1274 .
487 1252 517 1275 nt
537 1246 610 1276 enim
686 1251 727 1274 ter
741 1248 787 1282 qui
801 1252 844 1276 est
858 1249 884 1276 in

266 1284 350 1320 quod.
373 1303 380 1311 .
404 1305 411 1311 .
432 1284 523 1311 multi-
685 1282 730 1309 l5.
743 1284 835 1310 caelis.
847 1284 895 1312 Sin
906 1289 996 1313 autem

268 1320 361 1355 loquio
371 1327 421 1348 suo
436 1327 483 1347 au-
686 1326 739 1355 non
754 1320 890 1347 remiserit
911 1340 918 1347 .
941 1340 948 1348 .

268 1353 388 1383 diantur.
686 1353 840 1382 hominibus
853 1364 859 1381 :

268 1391 295 1419 8.
316 1391 404 1419 Nolite
418 1397 483 1425 ergo
497 1390 574 1418 simi-
686 1397 737 1417 nec
752 1390 831 1417 Pater
844 1398 905 1419 ves-

269 1427 338 1455 liare
354 1427 418 1455 illis.
432 1426 490 1455 Scit
686 1430 727 1453 ter
738 1426 860 1458 remittet

480 1480 597 1509 CODEX
615 1479 854 1511 CORBEIENSIS.

269 1530 313 1566 qui
341 1529 416 1557 videt
444 1529 470 1555 in
495 1527 704 1566 ‘Wabsco_ndito,
730 1529 824 1556 reddet
840 1529 888 1556 tibi
903 1531 923 1556 '.
941 1530 1068 1565 thuum

268 1563 369 1597 oratis,
404 1573 458 1592 non
487 1564 563 1591 eritis
588 1564 663 1600 rsicut
683 1563 843 1600 hypocrita.
861 1566 907 1600 qui
932 1563 1024 1593 amant
1040 1566 1067 1593 in

268 1602 413 1637 syltagogis
426 1599 619 1637 ctrinangulis
636 1599 784 1633 platearum
803 1599 912 1637 stantes
929 1609 1021 1634 orare,
1039 1607 1068 1629 ut

270 1636 413 1663 videantur
440 1636 474 1662 ab
503 1636 657 1661 liutiiiuibus
674 1643 680 1662 :
695 1643 774 1662 amen
793 1636 854 1662 diei)
876 1637 972 1669 vobis,
989 1645 1066 1665 rece-

272 1676 370 1706 perunt
393 1670 545 1697 mercedem
562 1677 649 1697 suam.
673 1669 715 1697 Tu
728 1676 816 1698 autem
839 1680 922 1705 quum
949 1672 1063 1706 tit-abis,

274 1705 345 1734 intra
361 1707 387 1733 in
397 1705 548 1733 cubiculum
564 1709 650 1737 tuum,
662 1710 689 1732 et
700 1706 790 1733 clauso
805 1708 886 1738 ostio,
901 1715 948 1734 ora
963 1705 1067 1741 patrem

275 1748 349 1769 ιιιυιιι
374 1743 398 1768 in
411 1742 561 1771 absconso;
578 1745 606 1768 et
617 1746 691 1775 pater
715 1746 776 1769 tuus
800 1742 845 1776 qui
860 1742 932 1770 videt
957 1743 983 1770 in
1007 1744 1070 1772 abs-

274 1786 358 1805 conso
370 1797 377 1809 ,
391 1776 485 1803 reddet
501 1776 556 1802 libi.

312 1813 343 1839 ν.
360 1813 476 1839 Orantes
500 1818 590 1838 autem
602 1832 609 1844 ,
636 1811 731 1848 nolite.
742 1813 855 1840 multum
877 1814 972 1848 loqui,
997 1816 1070 1843 sicut

275 1848 385 1875 ethnici.
397 1848 497 1874 Putant
508 1848 578 1874 cnim
594 1847 665 1882 quod
677 1848 702 1874 iu
717 1848 889 1882 multiloquio
900 1847 949 1876 suo
963 1850 973 1865 ³
987 1858 1071 1877 exuu-

276 1884 392 1910 diantur.
407 1883 496 1910 Nolite
510 1891 575 1920 ergo
591 1882 600 1897 δ
616 1883 759 1910 assitnilari
773 1885 822 1911 eis.
836 1885 893 1913 Scit
905 1885 977 1912 enim
994 1891 1070 1920 pater

275 1926 375 1952 vester,
391 1919 457 1954 quid
471 1919 549 1955 vobis
560 1926 627 1955 opus
638 1920 689 1951 sit,
704 1924 847 1954 antequam
862 1921 959 1955 petatis
975 1922 984 1937 ⁵
995 1919 1068 1949 eum.

274 1955 320 1982 Sic
334 1962 399 1990 ergo
416 1954 529 1981 orabitis
542 1954 551 1969 θ
569 1963 575 1980 ;
599 1954 789 1991 Ρίιιθιιλιοδιρν
800 1976 807 1988 ,
823 1954 869 1991 qui
883 1965 912 1984 es
926 1958 953 1983 in
967 1957 1044 1985 caelis
1062 1967 1069 1985 :

276 1989 458 2018 sanctificetur
472 1998 569 2016 nomen
586 1994 670 2017 tuum.
683 1989 779 2018 Veniat
791 1989 901 2026 regnum
914 1997 1000 2020 tuum.
1013 1993 1075 2021 Fiat

276 2026 399 2053 voluntas
417 2031 472 2057 tua,
490 2026 559 2052 sicut
574 2026 600 2052 iu
616 2026 697 2058 cmlo,
712 2031 739 2053 et
751 2027 777 2053 in
793 2032 874 2054 terra.
890 2028 990 2055 Panem
1006 2037 1071 2056 nos-

276 2068 347 2088 trum
363 2067 374 2079 "
391 2061 557 2088 cotidianum
575 2061 607 2088 da
624 2062 702 2088 nobis
715 2062 805 2089 hodie.
824 2063 857 2089 Et
872 2064 976 2091 dimitte
995 2064 1074 2092 nobis

276 2097 364 2124 (lt‘biid
382 2103 471 2124 nostra
488 2118 494 2129 ,
521 2098 590 2123 sicut
612 2101 640 2124 et
665 2104 714 2125 nos
729 2097 888 2126 dimittimus
904 2100 1074 2127 debitoribus

278 2134 387 2159 lanll‘iS.
419 2133 450 2159 Et
474 2140 505 2158 nc
532 2133 642 2159 inducas
671 2140 721 2160 nos
748 2133 774 2159 in
803 2138 991 2162 tentationem.
1018 2135 1074 2163 Sed

278 2169 361 2195 libora
385 2176 434 2195 nos
458 2176 471 2193 a
488 2169 567 2194 tnaiu.
591 2168 619 2196 Si
645 2168 716 2196 enim
738 2169 895 2197 dimiseritis
919 2170 1076 2198 hominibus

279 2209 384 2236 peccata
402 2212 493 2230 eorum
509 2213 513 2229 :
535 2204 652 2231 dimittet
664 2204 674 2219 ⁷
688 2207 714 2231 ct
729 2204 804 2231 vobis
819 2205 898 2232 Pater
916 2210 1006 2233 vester
1018 2214 1075 2235 εω-

278 2239 353 2265 lestis
365 2239 462 2265 delicta
478 2244 577 2265 \'c~ll‘:l.
594 2239 622 2267 Si
638 2243 728 2266 autem
747 2247 798 2267 non
815 2240 975 2270 dimiseritis
987 2242 1076 2270 homi-

278 2273 358 2301 nibus
371 2283 376 2300 :
390 2283 438 2302 nec
450 2280 524 2310 pater
537 2280 626 2303 vester
636 2274 753 2303 dimittet

535 77 672 108 EUSEBII
690 77 860 107 VERCELL.
881 74 1108 106 EVANGELIUM
1126 75 1199 106 CUM
1219 74 1332 105 VARUS
1351 74 1428 104 COD.
1445 73 1644 104 COLLATUM.

1861 69 1913 101 ΙἸΞ

1328 132 1447 162 CODEX
1461 132 1687 161 VERONENSIS.

1531 180 1605 208 enim
1619 181 1695 215 patel-
1709 186 1756 207 ve-

1531 220 1598 247 ster.
1616 214 1678 256 quid
1694 214 1771 243 vobls

1531 258 1600 285 opus
1616 255 1662 282 sit.
1679 255 1756 279 ante-

1112 178 1158 216 qui
1173 180 1246 208 videt
1258 184 1285 208 te

1113 217 1140 244 in
1156 216 1302 249 absconso,

1112 252 1208 280 reddet
1221 253 1268 280 tibi
1289 253 1314 280 in

1113 288 1184 322 pala.
1531 294 1612 321 quam
1628 287 1725 322 petatis

1112 321 1139 351 Β.
1161 323 1195 350 Ει
1208 331 1268 351 cum
1283 331 1343 351 ora-
1532 322 1559 349 9.
1581 323 1668 359 abeo.
1684 321 1730 350 Sic
1745 327 1812 359 ergo

1112 359 1158 392 tis,
1175 367 1228 386 non
1244 359 1321 387 eritis
1531 357 1655 386 orabitis.

1112 394 1183 422 sicut
1197 394 1357 429 hypocritte,
1533 393 1616 422 Pater
1631 396 1735 425 noster,

1112 431 1158 465 qui
1174 428 1266 457 amant
1532 429 1577 464 qui
1591 436 1620 456 es
1632 429 1659 456 in
1672 428 1775 457 caelis:

1113 470 1186 507 stare
1198 466 1225 493 in
1238 473 1319 501 syna-
1533 465 1717 492 sanctiticetur

1113 505 1189 537 gogis
1203 506 1231 529 et
1248 508 1297 528 an-
1534 507 1641 537 nomen
1649 505 1735 537 tuum.

1535 535 1581 563 10.
1602 535 1735 563 Adveniat
1747 542 1792 562 re-

1535 578 1617 606 gnum
1634 576 1719 599 tuum.
1734 570 1796 598 Fiat

1536 607 1662 634 voluntas
1678 611 1724 634 tua

1534 642 1561 669 in
1574 642 1661 674 caelo,
1677 646 1704 669 et
1715 642 1741 669 in

1535 678 1581 705 11.
1603 682 1686 706 terra.
1703 677 1805 705 Panem
1819 684 1868 705 no-

1535 717 1620 741 strum
1634 713 1762 741 cottidia-

1536 757 1600 777 num
1615 749 1647 776 da
1662 748 1741 776 nobis

1537 785 1581 812 12.
1603 784 1695 813 hodie.
1710 784 1742 812 Et
1753 783 1846 812 dimit-

1538 825 1564 848 te
1579 820 1657 848 nobis
1670 820 1760 847 debita

1539 861 1641 887 nostra,
1658 856 1727 882 sicut
1743 860 1770 883 ct
1787 862 1836 882 nos

1539 892 1702 919 remittimus
1717 891 1853 918 debitori-

1541 928 1584 955 15.
1601 928 1651 955 bus
1661 927 1771 954 nostris.
1785 926 1819 954 Et
1831 933 1865 954 nc
1876 933 1925 954 nos

1540 963 1652 991 inducas
1665 963 1690 989 in
1707 968 1731 989 tc
1737 962 1865 998 mptatio-

1542 1006 1615 1026 nem.
1631 998 1684 1026 Sed
1700 999 1769 1025 hbe-

1541 1042 1572 1062 ra
1586 1041 1636 1062 nos
1650 1042 1666 1061 a
1681 1034 1754 1060 malo
1769 1033 1821 1069 (a).

1544 1070 1587 1097 14.
1608 1070 1637 1097 Si
1650 1070 1722 1097 enim
1733 1069 1846 1097 dimise-

1113 537 1183 572 gulis
1203 537 1355 572 platearum

1113 576 1217 600 stantes
1232 579 1323 607 orare,

1114 613 1143 635 ut
1157 608 1300 635 videantur

1113 643 1148 671 ab
1163 643 1334 671 hominibus:

1114 686 1192 707 amen
1212 679 1273 706 dico
1288 686 1336 706 vo-

1113 714 1166 747 bis,
1183 719 1366 750 perceperunt
1379 720 1454 742 tuer-

1114 751 1210 778 cedem
1224 757 1310 777 suam.

1116 785 1143 814 6.
1165 786 1204 813 'l‘u
1219 790 1308 813 autem
1322 793 1383 813 cum

1116 829 1179 849 oras
1187 842 1194 853 ,
1210 822 1279 848 intra
1293 822 1320 848 in

1117 857 1270 885 cubiculum
1286 862 1371 889 tuum,

1117 898 1145 920 et
1160 893 1236 920 cluso
1251 894 1330 925 ostio,

1117 936 1167 956 ora
1183 932 1288 963 patrem

1119 969 1194 992 tuum
1211 964 1236 991 in
1253 963 1367 991 abscon-

1120 1008 1166 1033 so;
1183 1004 1209 1027 et
1225 1004 1301 1033 pater
1316 1004 1378 1027 tuus

1120 1036 1166 1070 qui
1180 1035 1254 1062 videt
1268 1040 1294 1062 te

1120 1069 1147 1099 in
1161 1071 1308 1104 absconso,
1319 1069 1416 1099 reddet

1544 1105 1604 1133 ritis
1624 1105 1743 1132 homini-

1544 1141 1595 1169 bus
1610 1145 1720 1176 peccata
1735 1147 1782 1168 eo-

1122 1107 1168 1134 tibi
1183 1107 1209 1134 iu
1225 1106 1295 1141 pala.

1121 1143 1150 1169 7.
1170 1142 1287 1169 Orantes
1300 1145 1402 1175 autem,

1122 1178 1206 1205 nolite
1220 1178 1334 1204 multum
1545 1185 1606 1204 rum
1624 1185 1631 1203 :
1645 1176 1766 1204 dimittet

1122 1213 1208 1248 loqui,
1223 1212 1292 1240 sicut
1306 1213 1367 1240 eth-
1546 1213 1623 1240 vobis
1638 1217 1665 1239 et
1680 1212 1759 1248 Pater
1775 1209 1837 1239 ves-

1123 1249 1188 1276 nici.
1207 1249 1303 1276 Putant
1318 1248 1392 1275 enim
1548 1254 1588 1276 ter

1123 1284 1196 1320 quod
1212 1284 1239 1311 in
1255 1284 1346 1310 nutlti-

1124 1320 1245 1355 loquium
1260 1327 1337 1346 suum

1601 1248 1645 1283 qui
1659 1251 1699 1275 est
1719 1246 1747 1283 in

1548 1284 1592 1311 15.
1611 1282 1757 1325 caelis.
1765 1286 1856 1310 autem

1548 1327 1602 1347 non
1613 1323 1774 1346 remiseritis

1125 1355 1317 1383 exaudiunlur.
1549 1354 1704 1383 hominibus

1125 1390 1152 1418 8.
1173 1390 1262 1418 Nolite
1277 1397 1342 1426 ergo
1354 1390 1432 1418 simi—
1550 1395 1659 1426 peccata
1675 1398 1681 1416 :
1694 1396 1746 1418 nec
1760 1388 1843 1417 Pater
1854 1396 1901 1417 ve-

1125 1426 1185 1454 lare
1197 1427 1245 1454 eis.
1263 1426 1320 1454 Scit
1548 1431 1604 1455 ster
1611 1426 1732 1454 remittet

1357 1471 1476 1511 constt
1495 1482 1698 1512 summus.

1123 1529 1169 1564 qui
1181 1528 1254 1556 videt
1268 1529 1294 1556 in
1313 1528 1457 1556 absconso.
1472 1529 1570 1558 reddet
1590 1528 1638 1556 tibi
1662 1528 1689 1555 in
1713 1527 1871 1555 manifesto.
1899 1526 1934 1564 Et

1122 1563 1184 1592 cum
1198 1565 1292 1592 oratis.
1321 1571 1374 1592 non
1397 1564 1474 1592 eritis
1497 1564 1726 1599 sicnthip‘ocritae
1746 1563 1932 1599 quiamautin

1122 1601 1268 1636 synagogis
1282 1605 1308 1628 et
1321 1600 1346 1627 in
1357 1601 1462 1635 angulis
1473 1597 1621 1636 platearum
1632 1604 1737 1627 stantes
1752 1597 1843 1636 orare.
1856 1604 1887 1625 ut
1898 1597 1935 1625 vi-

1124 1635 1240 1663 deantur
1253 1636 1287 1663 ab
1302 1635 1564 1665 hominibusiameu
1584 1636 1647 1664 dico
1661 1635 1737 1664 vobis
1759 1635 1821 1670 quia
1835 1641 1935 1669 pene-

1125 1676 1224 1707 perunt
1236 1672 1386 1699 mercedem
1398 1679 1485 1699 suam.
1681 1706 1685 1707 ν
1746 1706 1750 1707 ν
1767 1698 1771 1700 ν

1163 1713 1174 1726 ε
1192 1707 1232 1734 Tu
1245 1712 1335 1735 autem
1349 1715 1410 1734 cum
1431 1715 1496 1735 oras
1515 1708 1586 1735 intra
1605 1707 1632 1734 in
1645 1706 1802 1734 cubiculum
1816 1710 1895 1732 tuum
1909 1709 1937 1733 et

1124 1743 1254 1770 claudens
1267 1744 1366 1770 ostium
1382 1748 1455 1770 tuum
1470 1750 1519 1771 ora
1534 1746 1641 1778 patrem
1654 1747 1727 1770 tuum
1742 1742 1769 1778 in
1784 1741 1936 1778 absconso.

1125 1785 1153 1806 et
1174 1784 1250 1813 pater
1265 1784 1326 1806 tuus
1341 1779 1385 1813 qui
1410 1779 1484 1806 videt
1503 1777 1684 1806 in’absconso
1706 1777 1802 1805 reddet
1826 1777 1881 1804 tibi
1908 1777 1934 1803 in

1126 1814 1281 1842 manifesto.
1298 1815 1414 1842 ()rantes
1429 1820 1531 1842 autem.
1550 1815 1634 1841 nolite
1645 1814 1759 1841 multum
1776 1813 1849 1846 loqui
1864 1813 1936 1839 sicut

1126 1851 1240 1877 ethnici.
1262 1850 1362 1877 Putant
1385 1850 1457 1877 enim
1474 1850 1546 1885 quod
1559 1851 1586 1877 in
1600 1849 1771 1883 multiloquio
1785 1855 1835 1875 suo
1850 1855 1937 1875 exau-

1127 1885 1250 1913 diuntur.
1276 1885 1366 1913 Nolite
1380 1893 1444 1920 ergo
1459 1886 1581 1913 similare
1603 1886 1655 1913 eis.
1679 1885 1736 1913 Scit
1760 1884 1832 1912 enim
1858 1887 1938 1918 pater

1128 1926 1220 1948 vester
1231 1921 1295 1956 quid
1310 1928 1378 1956 opus
1396 1922 1433 1948 sit
1447 1921 1525 1948 vobis
1539 1925 1683 1956 antequam
1697 1920 1887 1956 petatis_~eum.

1165 1957 1210 1984 Sic
1221 1954 1286 1992 ergo
1299 1954 1348 1984 vos
1363 1957 1484 1984 orabitis.
1499 1958 1580 1984 Pater
1594 1954 1686 1983 noster
1696 1954 1742 1991 qui
1757 1962 1786 1982 es
1799 1954 1827 1981 in
1839 1955 1937 1982 caelis.

1129 1992 1315 2020 sanctiﬁcetur
1337 2000 1434 2020 nomen
1450 1997 1536 2020 tuum.
1554 1992 1687 2019 Adveniat
1710 1998 1822 2026 regnum
1835 1996 1938 2026 itnum.

1130 2028 1191 2055 Fiat
1211 2028 1335 2055 voluntas
1353 2034 1396 2055 tua
1411 2029 1481 2056 sicut
1496 2029 1522 2055 in
1537 2027 1616 2055 caelo
1629 2032 1655 2054 et
1672 2028 1699 2054 in
1720 2025 1820 2054 terram
1834 2025 1940 2054 Panem

1131 2068 1254 2090 nostrum
1264 2064 1427 2091 cotidianum
1446 2065 1478 2091 da
1490 2064 1570 2091 nobis
1582 2063 1673 2090 hodie.
1687 2063 1720 2089 Et
1731 2062 1847 2090 demitte
1860 2062 1941 2089 nobis

1130 2099 1223 2126 debita
1240 2104 1343 2126 nostra.
1369 2100 1439 2127 sicut
1460 2105 1488 2127 et
1515 2107 1565 2126 nos
1583 2098 1742 2126 dimittimus
1766 2097 1942 2124 debitoribus

1132 2136 1242 2162 nostris.
1270 2135 1303 2162 Et
1327 2143 1361 2162 ne
1377 2143 1427 2162 nos
1451 2134 1564 2162 inducas
1588 2135 1615 2162 in
1646 2133 1864 2169 temptationem.
1886 2132 1941 2160 Sed

1133 2169 1216 2209 libera
1233 2177 1282 2197 nus
1304 2178 1318 2197 a
1342 2171 1414 2212 malo
1429 2170 1477 2212 (α).
1494 2171 1621 2212 quoniam
1646 2175 1720 2212 tuum
1743 2173 1786 2196 est
1805 2175 1941 2212 "regnum.

1131 2210 1163 2242 et
1178 2206 1275 2242 virtus.
1290 2211 1318 2233 et
1343 2204 1437 2242 gloria
1458 2204 1486 2234 in
1503 2204 1637 2233 saecula.
1672 2205 1769 2242 Amen.
1788 2204 1834 2242 _Si
1870 2205 1942 2242 enim

1133 2241 1293 2268 dimiseritis
1308 2239 1461 2270 hominibus
1475 2246 1588 2277 peccata
1608 2248 1713 2268 eorum.
1730 2239 1850 2268 dimittet
1865 2240 1942 2277 vobis

1133 2280 1164 2304 et
1177 2276 1257 2304 Pater
1269 2283 1360 2305 vester
1369 2278 1414 2313 qui
1429 2278 1457 2305 in
1471 2275 1554 2305 caelis
1568 2281 1620 2305 est.
1636 2277 1664 2305 Si
1678 2281 1769 2304 autem
1792 2282 1852 2313 non»
1865 2275 1944 2313 dimi-

1133 2313 1225 2341 seritis
1238 2311 1393 2341 hominibus
1408 2318 1519 2348 peccata
1534 2320 1643 2351 eorum,
1663 2319 1714 2341 nec
1728 2316 1805 2347 pater
1826 2311 1945 2339 dimittet

625 2367 823 2397 VARIANTES
843 2369 1035 2400 LEGTIONES
1059 2370 1195 2401 CODICIS
1210 2371 1267 2400 MS.
1286 2372 1314 2400 S.
1336 2371 1590 2400 GERMANENSIS.

313 2420 321 2434 ι
340 2418 457 2443 absoonso

312 2451 323 2484 ξ
340 2450 363 2484 i_n
376 2449 464 2484 palam.
477 2448 582 2484 Orontes
594 2450 677 2484 autem
689 2449 766 2476 nolite
778 2451 881 2477 multum
894 2450 961 2484 loqui
971 2452 986 2473 Β

314 2480 325 2496 ³
341 2481 366 2504 in
378 2479 534 2510 inultiloquio
544 2480 708 2507 exaudiantur

312 2512 324 2529 δ
340 2510 449 2537 similare
462 2511 498 2536 eis

1172 2424 1183 2440 ⁸
1199 2423 1230 2448 ab
1243 2430 1274 2449 eo

1174 2455 1186 2470 ⁶
1203 2461 1260 2479 eum

1176 2486 1185 2501 ⁷
1203 2486 1303 2512 dimittit
1314 2486 1385 2512 vobis
1397 2489 1424 2511 et
1434 2485 1509 2512 Pater
1519 2487 1605 2511 vester
1616 2484 1658 2516 qui
1669 2484 1695 2509 in
1705 2483 1784 2509 caelis
1796 2486 1844 2509 est.

940 2554 1126 2587 BLANCHINI
1149 2558 1268 2589 ΝΟΤᾸΞ.

320 2614 333 2628 ἰ
349 2609 581 2649 γυιβθῑθῐηιιίιηο
596 2610 739 2649 lectionem
759 2612 829 2649 apud
852 2614 981 2648 Cynrian.
994 2636 1003 2649 ,
1019 2617 1086 2645 Am-

282 2645 376 2676 bros..
394 2645 536 2685 augustin.
560 2651 586 2673 et
602 2645 825 2685 alios;_mut-ivit
849 2645 1030 2685 Hieronymus
1057 2654 1085 2682 in

283 2681 556 2723 super-substantial‘ent
565 2690 574 2713 ;
589 2682 636 2723 scd
649 2682 759 2723 verbum
775 2681 963 2723 quotidianum,
976 2695 1086 2723 semper

283 2716 397 2744 retinuit
413 2717 536 2744 Ecclesia
552 2718 577 2743 in
592 2717 720 2745 Oratione
741 2718 891 2748 Dominica.

321 2752 335 2771 ι»
348 2752 512 2788 Cyprianus,
524 2752 612 2780 reddet
626 2752 670 2780 tibi
676 2754 773 2789 palam.
787 2755 901 2791 Propius
908 2756 943 2785 ad
955 2757 1083 2788 Graecum

322 2820 359 2857 (α)
372 2820 452 2849 Deest
461 2819 556 2855 Amen,
572 2820 654 2849 etiam
680 2820 706 2849 in
730 2821 791 2849 cod.
806 2821 883 2850 Laut.

1144 2618 1170 2657 ξν
1194 2630 1231 2657 τῳ
1246 2623 1343 2657 φανερῷ
1359 2619 1465 2657 accedit
1488 2627 1540 2647 ms.
1557 2623 1649 2657 noster
1665 2618 1947 2657 San-Germ'a’ne'nsis.

1143 2655 1184 2682 De
1199 2654 1340 2688 hac‘voce,
1357 2655 1442 2690 palam
1453 2676 1460 2688 ,
1477 2655 1589 2683 consule
1604 2655 1786 2689 Augustinum
1803 2655 1853 2682 lib.
1878 2663 1897 2682 tt
1913 2654 1948 2682 de

1143 2690 1232 2717 Serm.
1252 2691 1357 2717 Domini
1381 2692 1406 2717 in
1430 2695 1539 2723 monte;
1555 2695 1583 2717 et
1597 2690 1649 2718 Th.
1664 2690 1837 2720 Maresoballi
1852 2691 1948 2719 obser-

1143 2726 1266 2753 vationes
1282 2727 1307 2753 in
1324 2726 1482 2753 Versionem
1496 2725 1649 2754 Gothicam.

1182 2767 1193 2781 ε
1215 2761 1310 2790 Delleit
1320 2762 1347 2789 in
1365 2761 1466 2790 Codice
1476 2762 1535 2790 haec
1548 2761 1687 2797 pericope.
