1975 3088
66 107 115 137 175

249 165 360 194 CODEX
380 164 652 196 VERCELLENSIS.

63 211 136 239 vobis
153 215 255 246 peccata
467 218 525 240 zate
540 218 629 241 autem
643 220 690 240 vo-

64 251 159 274 vestn.
468 248 511 276 bis
526 249 687 276 thensauros

64 283 106 309 16.
127 282 189 311 Cum
199 287 281 310 autem
292 281 333 318 ἱε-
466 284 493 311 in
507 284 606 312 caelis:
623 284 665 312 ubi

61 318 167 355 juuatis,
181 319 256 355 nolite
467 327 555 355 neque
572 327 665 355 erugo,

63 353 118 381 lieri
129 354 191 381 sicut
202 354 249 390 ΙΙ]-
468 353 555 390 neque
571 353 643 383 tinea

62 390 170 423 pocritae
184 390 242 417 tris-
465 391 642 423 exterminat;

63 429 109 451 tes.
123 424 303 453 Exterminant
464 432 488 454 et
504 426 550 454 ubi
569 426 642 454 fures
657 434 710 454 non

62 461 125 488 enim
137 461 214 487 iacies
463 461 594 490 eﬁodiunt
603 483 611 496 ,
627 467 655 490 et

61 503 126 528 suas,
142 501 168 523 ut
182 503 259 530 pare-
463 497 507 525 2L
531 499 662 526 furantur.
681 497 730 526 Ubi

62 537 102 558 aut
116 532 224 558 bomini-
464 534 535 561 enim
549 539 590 560 est
606 533 683 561 then-

60 567 103 594 bus
111 567 230 601 jejunau-
464 576 572 596 saurum
589 573 674 601 tuum.
685 601 687 603 1

61 603 196 640 tgs.Atue_n
224 638 227 640 Δ
247 638 251 640 _
273 632 278 640 Ξ
464 605 502 632 ibi
518 605 554 640 (ε)
568 604 749 640 eritfetcor

59 637 112 675 dico
124 638 201 671 vobis,
217 638 256 675 (ι)
271 639 320 667 IM-
465 637 551 667 tuum.

59 673 116 712 bent
129 673 227 701 mercei
246 673 250 675 ’
463 675 508 712 22.
529 675 650 704 Lucerna
668 684 770 712 corpo-

59 708 111 735 dem
125 716 207 736 suam.
464 711 503 739 ris
515 712 552 738 tui
569 715 611 739 est
620 719 686 740 ocu-

60 744 96 780 t7.
116 743 162 772 Vos
179 764 187 772 .
204 764 212 772 .
229 764 237 772 .
254 750 321 780 tam,
336 753 397 774 cum
464 746 506 774 lus
522 752 592 774 tuus.
605 747 633 775 Si
649 755 714 776 onu—

57 779 181 814 jejunatis,
198 788 247 808 un-
464 782 506 811 lus
520 787 583 810 tuus
597 784 663 810 sim-

57 820 120 850 guite
129 821 209 851 caput
239 844 247 853 λ
464 818 524 853 plex
537 823 579 846 est
594 827 600 844 :
616 823 701 847 totum

57 850 177 888 vestrumy
193 855 220 879 et
235 850 277 879 (ιο
462 850 559 888 corpus
575 859 648 881 tuum

57 886 116 913 ciem
130 892 242 915 vestram
462 886 580 917 lucidum
595 894 646 917 est.

461 925 507 952 23.
527 926 554 953 Si
567 931 657 953 autem
669 926 766 954 oculus

462 965 523 988 tuus
537 969 653 995 nequam
666 966 708 990 est
720 970 728 995 ς

462 999 546 1024 totum
567 1004 664 1032 corpus

462 1036 537 1059 tuttnt
549 1037 590 1060 te-

462 1068 609 1095 oebrosum

462 1107 513 1131 est.
529 1102 671 1131 Tenebrae

462 1143 525 1166 tuae
539 1144 656 1174 quantae

461 1175 544 1202 sunt?

461 1210 506 1237 2t.
527 1209 615 1238 Nemo
629 1214 717 1245 potest

461 1245 567 1273 duobus
577 1246 666 1274 domi-

462 1281 504 1308 nis
516 1282 618 1309 servire
634 1290 640 1308 :

462 1321 509 1343 aut
523 1318 593 1344 enim
616 1324 697 1344 unum

462 1352 546 1385 odiet,
562 1357 587 1379 et
599 1353 668 1381 alle-

462 1396 521 1415 rum
536 1388 637 1415 amabit
650 1398 655 1415 :

461 1427 508 1450 aut
518 1431 599 1451 unum
613 1432 658 1458 pa.

462 1459 554 1491 tietur,
569 1464 596 1486 et
611 1460 724 1487 alterunt

58 921 94 948 18.
107 922 206 959 labote,
222 930 258 951 ne
272 931 321 959 pa-

57 958 126 985 rentis
141 959 224 986 homi~

57 993 123 1020 nibus
134 994 258 1028 jejuoau-

57 1032 104 1061 tes,
119 1031 164 1057 sed
180 1030 249 1064 patri
262 1038 322 1058 ves-

57 1068 100 1095 tro,
116 1065 161 1098 qui
177 1069 219 1093 est
232 1067 259 1093 in

57 1099 177 1127 absconso
187 1109 195 1127 .-
214 1106 241 1128 et
256 1101 306 1129 Pa~

58 1139 90 1172 ter
100 1141 192 1169 vester,
209 1137 253 1172 qui

58 1170 116 1198 videt
129 1172 152 1198 in
163 1170 278 1200 abscon-

58 1213 91 1236 ω.
103 1207 188 1234 reddet
202 1215 249 1236 vo-

59 1241 92 1278 bis
104 1242 129 1278 in
144 1243 237 1278 palam.

60 1277 94 1304 t9.
111 1277 189 1306 Nolite
204 1279 339 1308 thensau-

62 1332 92 1339 ..
109 1334 115 1339 .
132 1322 160 1341 re
172 1315 247 1343 vobis

61 1348 196 1378 thensauros
211 1351 239 1379 in
253 1355 330 1379 terra
345 1360 352 1378 :

60 1383 95 1420 ubi
103 1392 187 1420 erugo,
201 1392 229 1415 et

61 1418 118 1447 tinea
128 1418 212 1449 citer-

60 1455 127 1482 minat
138 1464 144 1482 :
157 1461 183 1484 et
195 1458 238 1485 ubi

60 1489 118 1518 iures
127 1491 215 1520 eﬂ‘odi-
462 1489 628 1522 contemnet.

62 1532 107 1565 unt,
119 1532 142 1554 et
153 1528 251 1565 turan:
461 1530 520 1558 Non
535 1531 648 1565 potestis

61 1561 95 1588 20.
112 1568 157 1590 tur.
173 1564 208 1600 (b)
221 1562 395 1592 Thensauri-
463 1566 518 1594 Deo
531 1561 635 1594 servire

248 1615 371 1650 conm
389 1615 623 1652 CORBEIENSIS.

60 1664 225 1704 vobispeecala
236 1673 343 1695 vestra.
351 1669 438 1702 Quum
445 1674 534 1697 autem
540 1669 678 1704 jejunatis,
687 1667 771 1697 nolite
779 1668 838 1696 ﬁeri

60 1700 270 1738 sicutbypocrilae
286 1700 389 1732 tristes.
398 1700 581 1733 Exteruiinant
589 1706 659 1732 enim
670 1700 751 1733 iacies
761 1712 838 1738 suas.

61 1739 202 1775 Ul‘pareunt
214 1738 375 1767 hominibus
387 1740 552 1775 jejunautes.
569 1744 653 1767 Amen
667 1740 728 1768 dico
742 1741 835 1774 vobis,

61 1771 109 1811 gtuia
118 1781 273 1809 receperunt
287 1771 442 1803 mercedem
457 1784 544 1803 suam.
561 1776 567 1791 ‘
583 1775 623 1803 Tu
638 1781 741 1809 autem,
751 1771 836 1811 quuni

59 1808 143 1845 Μμητιε
153 1831 159 1842 ,
170 1808 237 1845 tinge
258 1816 345 1845 caput
362 1816 436 1838 tuttm
446 1832 454 1844 ,
468 1817 495 1839 et
510 1811 605 1840 faciem
624 1817 698 1838 tuum
716 1808 793 1844 lava,
806 1820 839 1839 tte

62 1844 154 1883 tuearis
168 1844 329 1883 horninibus
350 1847 488 1881 jejunaos,
501 1847 547 1874 sed
569 1847 636 1881 patri
661 1851 707 1874 tuo
718 1868 724 1878 ,
739 1849 784 1883 qui
799 1852 841 1875 est

62 1880 80 1903 iu
92 1880 221 1917 absconso
236 1891 242 1908 :
258 1887 292 1910 el
306 1880 385 1910 Pater
397 1883 406 1898 ²
422 1888 497 1915 tuus,
508 1883 554 1917 qui
569 1880 640 1910 videt
654 1882 678 1909 in
696 1880 838 1915 absconso,

62 1914 136 1942 reddet
150 1917 205 1944 tibi.
229 1917 326 1945 Nolite
348 1914 531 1946 tltesaurizare
556 1919 630 1945 vobis
655 1917 797 1945 thesauros
813 1918 840 1946 in

62 1952 132 1988 lyra»:
143 1952 186 1979 ubi
200 1960 318 1988 aerugo,
331 1954 358 1981 et
375 1953 445 1981 tinea
459 1954 640 1982 3exterminat
653 1963 657 1980 :
670 1959 696 1981 ct
711 1954 754 1981 ubi
767 1955 841 1982 fures

61 1984 178 2021 ellodiuut,
186 1994 212 2017 et
224 1984 362 2017 furantur.
373 1990 564 2017 'l'hesaurizate
575 1994 665 2017 autem
680 1989 772 2017 vobis‘
780 1992 839 2017 the-

61 2027 149 2061 saturum
163 2024 188 2051 in
202 2025 283 2052 coelo
298 2033 305 2050 :
319 2025 363 2052 ubi
376 2033 462 2060 neque
474 2033 588 2061 aerugo,
603 2033 690 2060 neque
705 2025 775 2052 tinea
791 2033 839 2052 cx-

62 2058 180 2095 {grtniuau
193 2065 219 2087 et
235 2061 281 2087 ubi
302 2061 373 2088 iures
387 2057 438 2088 ιιοίι
453 2057 599 2093 οίῙυιΙὶὗιιι,
616 2061 626 2076 ⁵
642 2057 691 2088 nec
707 2061 838 2088 furantur.

62 2089 99 2128 ilbi
110 2089 178 2121 enim.
188 2095 198 2110 ⁶
209 2099 250 2123 est
266 2095 413 2123 thesaurus
429 2094 499 2128 iuus.
517 2096 551 2124 ibi
567 2097 577 2112 ⁷
591 2089 632 2124 cst
647 2102 675 2124 ct
689 2104 737 2124 cor
753 2102 837 2124 tuum.

62 2124 161 2166 Lucerna
187 2131 316 2166 corporis
343 2132 379 2158 tui
408 2138 450 2159 est
477 2124 573 2160 oculus
599 2137 670 2160 tuus.
694 2133 841 2160 Sisfuerit

63 2163 219 2203 QCuhts_tuus
237 2163 365 2201 'simplex
392 2176 398 2194 :
427 2172 511 2195 totum
537 2175 635 2203 corpus
672 2172 744 2195 tuum
771 2167 838 2195 luci-

64 2196 111 2225 dtnn
120 2200 175 2229 erit.
189 2202 218 2230 Si
229 2196 326 2230 autem
341 2203 435 2230 oculus
449 2207 511 2231 tuus
525 2196 612 2239 nequa
632 2203 714 2231 fuerit
729 2212 736 2230 :
752 2210 839 2231 totum

64 2238 139 2274 porpus
148 2240 219 2264 tuum
238 2239 415 2266 tenebrosum
429 2240 489 2266 erit.
502 2239 530 2267 Si
546 2238 610 2274 ergo
636 2239 742 2270 lumen,
766 2239 838 2273 quod

64 2272 177 2310 mleestL
188 2274 321 2301 tenebrae
335 2278 398 2301 sunt
416 2283 422 2301 :
451 2275 526 2310 ipsae
551 2272 678 2303 tenebrae
703 2272 838 2310 quantae"

65 2306 240 2344 οηξιιιῖΝιιιιιο
253 2314 348 2344 potest
373 2306 477 2338 duobus
494 2310 613 2338 dominis
641 2306 744 2338 servire
759 2320 765 2337 ε
793 2314 840 2338 aut

67 2346 120 2382 ςωιιι
134 2351 208 2371 ιιιιιιιιι
222 2345 244 2360 ¹⁰
255 2344 322 2382 odio
337 2345 428 2379 habet,
445 2350 473 2374 et
496 2346 611 2374 alterum
628 2346 714 2382 diligit
728 2355 736 2382 ξ
757 2350 803 2374 aut
817 2346 837 2362 “

67 2379 315 2418 Pthtnﬁsusttnebit,
344 2386 371 2408 et
393 2382 508 2410 alterum
534 2379 699 2410 contcninei.
714 2381 774 2410 Non
791 2389 839 2418 po-

67 2411 125 2440 testis
134 2411 185 2442 Deo
198 2417 308 2444 servire

534 108 761 138 EVANGELIUM
783 108 971 139 SECUNDUM
990 108 1209 138 IATTHAEUM.

847 710 852 716 '
896 710 958 738 dem
970 718 1057 738 suam.

1653 113 1703 144 ιη

1117 165 1234 194 CODEX
1249 164 1473 195 VERONENSIS.

1324 217 1414 241 autem
1428 213 1504 242 vobis

1326 248 1486 278 thensauros

1324 284 1351 311 in
1365 285 1459 312 eaelo:
1476 285 1520 313 ubi

1324 327 1412 355 neque
1426 328 1518 356 erugo,

1324 364 1411 390 neque
1425 356 1497 384 tinea

1323 391 1485 420 extertninat
1499 401 1507 425 ;

1323 432 1350 454 et
1361 426 1406 454 ubi
1422 427 1494 456 fures
1510 436 1562 457 non

1323 462 1464 496 eifodiunt,
1480 469 1506 491 et

1322 497 1368 525 21.
1389 498 1520 526 furantur.
1535 496 1587 529 Ubi

1323 533 1394 561 enim
1407 533 1486 562 fuerit
1501 533 1579 563 then-

1322 576 1419 596 saurus
1433 574 1505 603 tuus,

1323 604 1360 631 ibi
1376 604 1411 640 (c)
1427 605 1478 633 erit
1488 604 1508 641 ἰη
1519 611 1546 634 et
1561 614 1608 636 cor

1323 644 1409 667 tuum.

1320 675 1366 714 22.
1384 675 1506 714 Lucerna
1521 677 1643 714 corporis

1319 711 1358 743 tui
1373 716 1415 738 est
1428 710 1522 741 oculus
1537 710 1609 742 tuus.

1317 746 1364 774 25.
1382 747 1409 775 Si
1427 748 1500 775 enint
1517 750 1610 778 oculus

1318 786 1379 818 tuus
1403 783 1517 818 simplex

1318 816 1410 850 fuerit,
1425 816 1509 846 totum

1318 860 1416 888 corpus
1430 857 1505 882 tuum
1520 854 1584 884 luci-

1316 888 1379 916 dum
1394 890 1457 916 erit.
1473 890 1502 917 Si
1515 899 1565 919 au-

1318 928 1371 951 tem
1383 925 1477 952 oculus
1493 929 1554 954 tuus

1315 968 1404 995 nequa
1415 959 1514 996 fuerit:

1316 999 1402 1023 totum
1415 1004 1514 1031 corpus
1528 1002 1603 1026 tttunt

1317 1031 1492 1059 tenebrosum
1504 1038 1555 1061 est.

1315 1065 1344 1094 Si
1358 1074 1424 1102 ergo
1439 1067 1549 1102 lumen.

903 212 980 240 vobis
995 218 1105 248 peccata

901 252 1003 276 vestra.

903 285 947 311 t6.
967 283 1034 311 Cum
1050 287 1140 312 autem
1153 283 1195 319 je-

898 319 1013 354 junatis,
1027 320 1114 347 nolite

900 355 972 382 ﬁerit
983 355 1052 382 sicut
1068 354 1118 391 hy—

900 391 1021 425 pocritae
1032 391 1080 418 tri-

899 430 966 453 stes.
983 426 1171 454 Exterminant

900 463 971 489 enim
986 461 1070 490 facies

899 505 972 530 suas,
986 503 1015 524 ut
1027 505 1110 532 appa-

899 537 975 560 reant
990 533 1105 560 homini-

899 568 948 595 bus
957 569 1083 603 jojunau-

899 608 948 631 tes.
961 604 1047 631 Amen

897 639 958 666 (lico
974 640 1060 671 vobis,
1078 638 1114 675 (α)

898 675 997 702 habent
1009 682 1112 702 merce-

895 746 941 774 t7.
961 746 1016 774 Vos
1035 749 1137 779 autem,
1149 752 1210 773 cum

893 781 1031 816 jejunatis,
1046 790 1095 809 un-

894 818 968 851 guite
982 821 1063 851 caput

894 859 1024 883 vestrum,
1042 858 1068 879 ct
1082 852 1117 879 fa-

894 888 963 916 cient
975 893 1091 916 vestram

895 925 937 951 18.
960 924 1056 955 lavate,
1072 931 1105 950 ne
1117 930 1162 958 pa-

893 960 975 986 rcatis
989 959 1075 986 homi-

893 995 972 1022 nibus
982 995 1107 1029 jejunan-

893 1035 944 1063 tes,
960 1030 1008 1058 sed
1020 1030 1088 1065 patri
1104 1037 1151 1057 ve-

891 1072 959 1099 stro,
976 1067 1022 1100 qui
1037 1065 1116 1093 estin

891 1102 1025 1129 absconso
1039 1109 1047 1128 :
1063 1100 1151 1137 etPa-
1313 1100 1428 1137 quod'in
1445 1107 1471 1130 te
1485 1108 1538 1137 est,

891 1142 934 1164 ter
945 1142 1044 1168 vester.
1061 1136 1107 1171 qui
1314 1137 1443 1166 tenebrae
1450 1144 1513 1167 sunt
1526 1148 1533 1167 :

890 1172 1001 1200 videtin
1015 1172 1124 1200 absconA
1314 1173 1372 1208 ipse
1385 1174 1514 1205 tenebrae

890 1215 932 1241 so.
946 1207 1042 1235 reddet
1054 1215 1104 1235 νο·
1311 1207 1428 1270 gumiae
1436 1210 1515 1238 sunt?

890 1245 932 1270 bis
943 1244 969 1270 in
983 1243 1084 1270 natam.
1330 1244 1359 1270 Δ.
1374 1245 1458 1270 Nemo
1470 1250 1515 1270 not

890 1245 932 1271 his
943 1243 1097 1280 inipalamn
1111 1279 1115 1280 γ
1312 1243 1359 1280 24.
1374 1245 1458 1272 Nemo
1469 1250 1557 1280 potest

890 1280 935 1308 t9.
955 1277 1044 1306 Nolite
1056 1277 1131 1307 vobis
1312 1279 1420 1308 duobus
1430 1277 1516 1309 domi-

890 1315 1093 1342 thensaurizare

890 1351 1051 1378 thensauros
1061 1350 1089 1378 in
1103 1355 1174 1378 terra
1191 1359 1198 1378 :

889 1386 935 1414 ubi
945 1394 1040 1421 erugo,
1053 1391 1079 1414 et

890 1422 963 1449 tinea
975 1426 1065 1449 exter-

889 1458 974 1484 minat
989 1465 995 1483 :
1009 1460 1036 1484 et
1049 1456 1096 1483 ubi

889 1493 962 1520 fures
977 1491 1044 1519 επο-

889 1528 975 1561 diunt,
989 1532 1016 1554 et
1026 1526 1150 1554 furantur
1162 1522 1200 1563 (ir)

889 1563 933 1591 20.
955 1563 1168 1590 ’l‘hensaurizate

1126 1612 1244 1647 CODEX
1263 1614 1458 1662 nmmos.

891 1665 967 1694 vobis
995 1669 1104 1703 peccata
1125 1670 1225 1703 vestra.
1249 1665 1316 1703 Cum
1341 1673 1429 1695 autem
1452 1668 1581 1703 jejunatis
1606 1671 1692 1700 nolite

890 1703 948 1730 tieri
986 1700 1055 1729 sicut
1093 1700 1256 1737 hypocritae
1277 1702 1367 1730 tristes
1396 1700 1583 1734 Extériuiuaut
1617 1709 1691 1735 enim

887 1737 971 1775 facies
982 1745 1045 1775 suas
1067 1742 1095 1775 ut
1111 1735 1229 1775 pareant
1250 1735 1406 1766 hominibus
1417 1740 1584 1775 jejunautos.
1604 1741 1689 1771 Amen

893 1773 954 1801 dico
974 1773 1060 1800 vobis.
1083 1772 1119 1808 ((ι)
1147 1779 1326 1808 perceperunt
1354 1772 1506 1803 mercedem
1534 1785 1620 1805 Stttttll.
1648 1778 1689 1807 Tu

894 1816 983 1836 autem
1006 1809 1132 1843 jejunaus
1156 1817 1245 1844 ungue
1260 1814 1340 1844 caput
1355 1815 1440 1838 tuum.
1459 1818 1485 1838 et
1498 1812 1594 1841 facient
1616 1819 1689 1842 luant

895 1845 963 1872 lava.
983 1850 1011 1885 ut
1027 1853 1078 1885 non
1097 1845 1212 1885 νῆμα-ηις
1226 1845 1380 1873 hominibus
1403 1848 1529 1882 jejunans
1555 1850 1601 1876 sed
1619 1850 1691 1885 patri

896 1886 939 1907 tuo
955 1881 999 1915 qui
1011 1884 1051 1907 est
1066 1881 1091 1906 in
1108 1882 1250 1907 aliscmiso.

931 1917 961 1943 lit
977 1916 1055 1942 Pater
1071 1920 1131 1942 tuus
1143 1917 1186 1950 qui
1203 1917 1275 1943 videt
1304 1917 1329 1943 iu
1351 1917 1496 1945 absconso.
1511 1918 1606 1947 reddet
1628 1921 1686 1948 tibi.

893 1952 979 1990 Nolito
997 1951 1199 1979 lltcusuut'ilul'c
1213 1952 1290 1990 vobis
1308 1952 1479 1990 thensauros
1490 1962 1572 1990 super
1588 1960 1687 1984 terram

894 1987 1021 2048 ubiftinea
1038 1993 1161 2048 ergogo
1176 1988 1358 2015 exterminant
1368 1994 1395 2016 et
1410 1989 1454 2017 ubi
1468 1987 1543 2018 fures
1556 1989 1689 2020 eil‘odiuut

894 2030 918 2048 et
945 2026 1087 2048 uranturlt
1105 2042 1110 2047 .

893 2030 918 2051 et
933 2023 1110 2057 furantur(b).

945 2033 958 2048 ιι
977 2028 1054 2049 antur
1067 2023 1087 2048 'b
1105 2042 1110 2047 .

928 2023 1138 2085 'i‘hrcnsaudizbte
1153 2063 1241 2086 autem
1262 2059 1337 2086 vobis
1366 2059 1526 2089 thensauros
1551 2062 1578 2089 in
1600 2062 1685 2090 caelo.

893 2095 936 2121 ubi
953 2102 1038 2128 neque
1055 2096 1122 2121 tinea
1135 2102 1222 2129 neque
1237 2102 1319 2128 erugo
1334 2096 1529 2126 exterminant.
1544 2103 1571 2124 et
1584 2098 1629 2125 ubi
1643 2097 1686 2124 l'u-

892 2137 935 2158 res
961 2137 1014 2156 non
1053 2129 1186 2157 effodiunt
1226 2129 1384 2159 eil'urautur.
1425 2130 1475 2159 Ubi
1507 2131 1578 2159 enim
1607 2134 1689 2161 fuerit

893 2165 1054 2202 thensaurus
1069 2168 1168 2193 vester.
1184 2165 1238 2192 illic
1254 2165 1291 2201 (ε)
1305 2167 1358 2202 erit
1376 2166 1396 2202 ξι·
1408 2172 1435 2193 et
1448 2174 1495 2194 cor
1519 2174 1649 2196 vestrum.

926 2201 1050 2229 Lucerna
1064 2202 1186 2236 Corporis
1197 2205 1238 2228 est
1251 2201 1353 2229 oculus.
1372 2201 1400 2230 Si
1420 2210 1485 2237 ergo
1500 2202 1582 2231 fuerit
1592 2203 1687 2232 oculus

892 2241 954 2264 tttus
967 2237 1093 2271 simplex.
1118 2241 1202 2265 totum
1228 2244 1326 2272 corpus
1341 2242 1416 2265 tuum
1432 2239 1548 2266 lucidqu
1571 2240 1632 2268 erit.
1656 2240 1686 2268 Si

890 2277 979 2310 autem
991 2273 1085 2299 oculus
1095 2277 1156 2310 tuus
1160 2280 1284 2310 nequam
1296 2272 1387 2301 fuerit.
1404 2277 1488 2310 totum
1498 2281 1597 2310 corpus
1609 2280 1684 2303 tuum

893 2307 1065 2344 tenebrosum
1079 2309 1140 2335 erit.
1157 2308 1264 2344 Sirergo
1278 2308 1368 2336 lumen
1383 2309 1454 2344 quod
1468 2310 1493 2337 in
1505 2314 1531 2338 te
1544 2307 1595 2339 est.
1610 2317 1685 2340 tene-

890 2343 956 2381 brae
969 2347 1040 2370 sunt.
1054 2344 1110 2377 ipse
1126 2343 1253 2381 tenebrae
1266 2348 1381 2381 quantae
1392 2343 1468 2372 sunt.
1583 2378 1585 2381 ι

928 2378 1023 2419 Nemo_
1028 2384 1121 2419 potest
1136 2379 1241 2419 duobus
1262 2379 1378 2419 dominis
1401 2382 1514 2409 servire.
1539 2378 1588 2419 aut
1610 2382 1684 2412 enim

891 2422 976 2441 unum
990 2414 1074 2442 odiet.
1091 2419 1118 2441 et
1131 2414 1245 2442 alterum
1259 2415 1361 2450 diliget.
1378 2421 1426 2444 aut
1447 2425 1501 2444 uno
1519 2418 1639 2448 obedict.
1656 2418 1685 2448 et

890 2450 1006 2479 alterum
1016 2450 1173 2478 contemnit.
1186 2449 1243 2478 Non
1256 2449 1366 2485 potestis
1379 2452 1435 2481 Deo
1446 2453 1551 2482 servire

1312 1315 1354 1343 nis
1369 1316 1475 1345 servire
1490 1326 1496 1345 :

1310 1356 1357 1378 aut
1370 1359 1453 1379 unum
1465 1353 1549 1387 odiet,

1310 1391 1337 1414 et
1347 1387 1461 1415 alterum
1472 1389 1577 1417 amavit
1592 1398 1598 1417 :

1310 1427 1357 1450 aut.
1367 1431 1451 1461 unum
1465 1425 1518 1459 pati
1533 1433 1621 1461 erum,

1311 1462 1339 1485 et
1348 1457 1599 1493 alterunt—contem-

1311 1498 1366 1529 net.
1381 1494 1440 1521 Non
1455 1496 1570 1529 potestis

1314 1528 1370 1556 Deo
1379 1528 1483 1558 servire
1496 1551 1504 1564 ,

392 2505 587 2535 VARIANTES
607 2506 793 2536 LECTIONES
811 2507 944 2537 CODIGIS
961 2507 1017 2536 MS.
1039 2507 1069 2536 S.
1090 2507 1345 2537 GERMANENSIS.

78 2545 104 2584 if,
112 2545 154 2572 Vs
161 2552 243 2584 sinent
254 2556 312 2575 eum
323 2549 548 2584 ﬁmtisgtngite
564 2553 644 2584 capita
654 2557 736 2578 vestra
746 2572 753 2584 ,
766 2557 792 2579 et
804 2553 839 2579 fa-

67 2581 224 2617 Ξ-ω-ιςςξιεηι
236 2581 329 2615 lavate;
341 2585 370 2608 ut
379 2588 428 2617 non
439 2581 569 2610 videamini
580 2581 718 2610 hominibus
726 2581 839 2617 jéjnnan—

67 2609 104 2645 ηε,
112 2610 151 2634 σαι
162 2611 225 2636 ιιιιά
238 2609 332 2644 νεεπό,
342 2615 401 2645 qui,
417 2617 465 2640 etc.

90 2639 99 2677 ξ
112 2644 214 2677 vester...
229 2645 299 2670 vobis
310 2639 336 2670 in

91 2669 100 2685 ²
113 2675 270 2700 exterminant

90 2700 98 2746 ς
112 2702 233 2758 ausuros

113 2739 125 2757 e

920 2553 931 2570 ο
948 2552 1024 2579 fuerit

920 2585 930 2600 ⁷
948 2587 996 2610 erit

920 2616 933 2663 ξ
948 2616 1049 2672 Ξιξηῖτεο
1060 2616 1147 2642 oculus
1159 2619 1215 2642 tuus
1222 2616 1327 2649 simplex
1340 2616 1414 2644 fuerit

923 2678 945 2695 ιο
962 2679 1058 2704 odiet...
1069 2678 1159 2710 diliget

923 2709 945 2725 “
963 2713 1005 2735 aut
1016 2711 1082 2735 enim
1094 2709 1169 2735 unum
1181 2711 1288 2742 patietur

685 2782 696 2808 ι
710 2772 894 2801 BLANCHINI
912 2773 1039 2807 NOTE.§

70 2808 330 2871 tmt'jalctxitlte(infinito,l
341 2816 500 2871 deestquid.
520 2819 551 2846 Et
565 2819 599 2871 ita
616 2819 641 2847 in
657 2819 730 2871 cedi.
742 2819 820 2871 Gaul:
835 2819 920 2871 —n(b)
937 2820 1010 2866 llinc'
1028 2828 1112 2856 usque
1123 2819 1156 2848 ad
1171 2828 1240 2849 vers.
1255 2817 1291 2848 2⁸1
1305 2821 1373 2857 cap.!
1387 2830 1430 2850 vtu
1445 2822 1642 2859 omniadesunt
1663 2825 1692 2855 in

109 2865 115 2872 .
126 2845 198 2875 Cant.
214 2849 263 2878 Gr.
284 2845 350 2879 tes-te
365 2845 445 2881 Miliid
456 2855 481 2882 in
492 2845 646 2890 appetiti;-
659 2845 850 2892 (ἐῇιαῖἑῖιυδ
863 2845 1074 2891 toﬁ;
