3950 6176
559 228 665 287 175

959 339 1187 399 CODEX
1225 334 1772 393 VERCELLENSIS.

1401 429 1480 483 ria
1513 443 1607 483 sua
1638 427 1829 482 vestie-

1399 500 1557 555 batur
1587 499 1729 553 sicut

565 598 639 638 ne
660 580 911 651 cogitetis
1166 571 1169 572 ⁷
1399 585 1632 651 ρῃυελθι
1658 571 1797 651 istis.

564 654 620 708 in
652 640 816 706 cor'de
844 663 971 703 ves-
1399 641 1490 696 50.
1524 641 1676 709 Quod
1709 640 1756 695 si
1783 642 1999 697 faenum

562 733 648 779 tro
669 722 796 793 quid
822 735 965 774 man-
1398 713 1532 793 agri,
1569 711 1711 793 quod
1745 711 1845 765 lio-

560 782 792 866 ducétis,
818 804 997 859 neque
1397 782 1488 865 die
1516 789 1618 866 est,
1653 792 1708 838 et
1734 798 1855 839 cras

557 854 985 935 corporilvest'ro
1398 854 1464 935 in.
1483 854 1755 935 clibanuﬁm

598 926 688 991 uid
712 933 973 989 induatis.
1392 926 1647 992 mittitur,
1684 926 1830 981 Deus

605 1022 751 1063 onne
773 1004 952 1058 anima
981 1000 1107 1072 plus
1394 996 1474 1050 sic
1502 998 1665 1072 vestit
1696 1010 1710 1048 :
1736 1012 1910 1065 quan.

553 1089 637 1134 est
663 1091 825 1148 quam
852 1068 1022 1129 esca':
1394 1074 1451 1121 to
1479 1068 1652 1148 magis
1667 1081 1822 1148 “vos”
1868 1126 1877 1133 ,

554 1160 610 1204 et
638 1136 838 1217 corpus
863 1159 1025 1217 quam
1389 1136 1639 1217 modicae
1662 1136 1823 1193 ﬁdei?

551 1208 937 1275 vestimentum
958 1215 982 1268 ?
1390 1210 1482 1264 51.
1510 1208 1689 1280 Nolite
1712 1224 1842 1280 ergo
1863 1209 1975 1265 sol-

552 1290 643 1345 26.
687 1287 965 1354 Respicite
993 1286 1146 1340 vola-

562 449 617 496 et
647 438 951 494 Mamonae.

563 512 657 566 25.
702 510 829 564 Ideo
852 508 973 563 dico
1002 503 1180 572 vobis,

1396 1320 1412 1334 .
1458 1320 1473 1333 .
1513 1279 1607 1334 citi
1634 1279 1886 1345 esse,’di—

552 1362 667 1416 tilia
698 1352 1016 1427 caeli,quo-
1392 1366 1423 1406 c
1467 1391 1480 1403 .
1525 1390 1540 1405 .
1586 1389 1602 1404 .
1645 1391 1659 1403 .
1707 1368 1721 1405 :
1763 1352 1901 1433 Quid

552 1434 698 1487 niam
721 1423 953 1485 nonse-
1396 1460 1411 1475 .
1458 1462 1472 1477 .
1520 1460 1533 1475 .
1578 1459 1594 1475 .
1637 1462 1651 1475 .
1697 1423 1886 1476 ocabi-

550 1512 702 1569 runt,
727 1515 904 1571 neque
1390 1508 1533 1571 _mt_is_.
1562 1502 1655 1547 aut
1684 1493 1815 1563 quid

549 1564 783 1640 metunt,
809 1564 985 1641 neque
1389 1564 1783 1645 bebinius,_aut

551 1653 887 1716 congregant
1390 1650 1498 1716 (λρο
1526 1649 1741 1716 θρεψε-

549 1705 882 1771 ἱηιῶιτέἰετ
1392 1705 1483 1760 32.
1518 1706 1675 1759 mur?
1704 1706 1804 1761 hec
1833 1719 1864 1760 e
1907 1743 1921 1758 .
1970 1746 1982 1759 .
2028 1742 2042 1757 .

552 1797 609 1842 et
641 1795 792 1856 pater
812 1790 998 1837 vester
1391 1784 1555 1856 gente
1598 1815 1611 1828 .
1658 1816 1672 1828 .
1721 1818 1733 1831 .
1779 1817 1794 1832 .
1842 1817 1853 1829 .
1898 1776 1945 1830 i-

551 1854 810 1912 caelestis
833 1866 957 1920 pas-
1392 1854 1522 1902 runt
1566 1886 1579 1900 .
1628 1884 1643 1897 .
1690 1887 1703 1900 .
1751 1888 1763 1901 .
1809 1888 1823 1902 .

547 1929 624 1983 cit
655 1928 765 1981 illa.
800 1923 992 1979 Nonne
1389 1927 1548 1987 pater
1575 1926 1775 1985 vester,

545 2014 647 2053 vos
680 1997 859 2069 magis
873 1994 1002 2069 Apl‘u-
1388 1988 1535 2069 quod
1566 1989 1761 2069 horum

548 2071 627 2125 ris
649 2061 797 2124 estis
806 2061 949 2121 illis?
1387 2061 1631 2113 omnium
1664 2061 1749 2114 in—

543 2141 638 2197 27.
679 2139 781 2206 Qui
804 2137 949 2192 enim
982 2140 1164 2202 potest
1381 2130 1607 2206 digetis.

542 2201 763 2266 adicere
789 2208 857 2261 ad
886 2201 1174 2261 istaturam
1380 2202 1472 2274 55.
1507 2201 1765 2268 Quaerite
1793 2218 1924 2274 ergo

1386 2273 1625 2341 primum
1656 2288 1782 2343 reg-

1383 2360 1513 2415 num
1540 2343 1658 2415 Dei,
1692 2355 1747 2398 et
1763 2345 1885 2415 jus-

1380 2413 1558 2467 titiam
1590 2414 1709 2483 ejus
1735 2434 1748 2469 :

1382 2492 1439 2539 et
1459 2485 1639 2538 omnia
1659 2485 1793 2542 haec

1381 2565 1600 2624 praesta
1628 2567 1759 2611 sunt

1387 2626 1570 2680 vobis.

1520 2695 1699 2779 Nolite
1727 2699 1934 2756 sollici-

1384 2774 1425 2821 ῑὶ
1451 2781 1572 2823 esse
1603 2774 1656 2822 ill
1688 2785 1838 2827 cras-

543 2297 699 2338 suam
724 2278 968 2336 cubitum

543 2353 634 2409 28.
676 2366 842 2407 unum
866 2350 889 2402 ‘I
915 2349 984 2403 Et
1014 2346 1083 2402 de
1104 2360 1197 2401 ve—

541 2425 801 2479 stimento
832 2420 937 2476 sol.
985 2460 1001 2474 .
1048 2458 1060 2471 .

544 2497 637 2550 citi
666 2494 799 2549 estis
826 2493 851 2545 Ἰ

543 2564 903 2621 Considerate

541 2637 655 2692 lilia
686 2633 804 2706 agri
836 2647 965 2703 quo-

543 2707 713 2764 modo
738 2706 995 2761 crescunt
1030 2716 1043 2753 :

542 2779 700 2833 nonl
746 2814 761 2829 .
806 2815 820 2830 .
853 2775 1072 2836 borant,

540 2866 599 2905 n.
645 2887 660 2902 .
706 2889 719 2901 .
769 2854 944 2902 .eunt
986 2881 1004 2899 .
1051 2881 1065 2894 .
1112 2880 1124 2893 .
1164 2847 1273 2893 tem
1384 2839 1774 2897 tinum.Cras-

544 2921 640 2977 29.
683 2920 808 2974 dico
850 2956 865 2969 .
911 2955 924 2970 .
955 2912 1131 2979 vobis,
1162 2910 1287 2980 quia
1388 2908 1533 2980 tinus
1558 2911 1704 2965 enim

544 3007 649 3048 nec
680 2990 940 3062 Salomon
1183 2979 1190 2980 ⁷
1383 2979 1503 3062 dies
1524 2982 1702 3038 sollici
1746 3024 1760 3039 .
1803 3023 1819 3039 .
1863 3022 1880 3040 .

544 3064 600 3119 in
632 3061 781 3119 omni
807 3060 925 3132 glo—
1383 3060 1535 3107 erits
1575 3090 1591 3107 .
1636 3093 1651 3107 .
1701 3094 1714 3108 .
1763 3096 1775 3108 .
1821 3094 1838 3110 .

972 3169 1208 3231 CODEX
1246 3166 1719 3229 CORBEIENSIS.

547 3287 604 3335 et
650 3276 997 3332 Mammonte.
1050 3262 1348 3335 ldeo_dico
1396 3262 1574 3335 vobis,
1614 3279 1685 3319 ne
1726 3266 1743 3295 ¹
1793 3267 1994 3322 soliciti
2034 3269 2153 3324 sitis

549 3331 765 3403 animae
818 3348 1045 3414 vestrae
1084 3331 1216 3414 quid
1242 3333 1607 3414 .mzlnducetis
1637 3375 1679 3414 ,.
1708 3350 1882 3414 neque
1935 3339 2152 3414 corpori

545 3428 733 3474 vestro
768 3412 898 3484 quid
957 3403 1275 3462 induamini.
1339 3403 1530 3484 Nonne
1591 3403 1843 3484 anima"
1898 3403 2155 3484 pliis:est

554 3472 716 3559 quam
764 3472 963 3559 esca__:_
1010 3484 1066 3531 et
1113 3487 1311 3559 corpus
1338 3472 1358 3503 ³
1386 3489 1544 3555 quam
1578 3472 1989 3535 vestimentum?
2017 3482 2149 3536 Res-

545 3544 715 3628 p-ic-ne
761 3550 1002 3609 volatilia
1053 3544 1219 3607 coeli,
1266 3546 1521 3628 quoniam
1574 3561 1680 3600 non
1722 3560 1941 3615 serunt,
1974 3568 2150 3623 neque

547 3615 781 3690 metunt,
812 3635 989 3696 neque
1011 3623 1343 3696 coogt'ogant
1374 3616 1428 3668 in
1486 3615 1681 3670 horrea
1713 3630 1831 3696 :_ei,
1856 3632 2029 3696 pater
2059 3615 2149 3680 se.

549 3710 666 3755 ster
682 3685 937 3753 caelestis
950 3689 1127 3761 pascit
1155 3686 1268 3739 illa.
1293 3685 1595 3761 Nonnevos
1622 3690 1791 3759 magis
1819 3685 1989 3759 pluris
2018 3697 2149 3753 estis

548 3770 656 3826 illis
696 3769 718 3799 ι
738 3768 761 3820 τ
785 3766 920 3833 Quis
950 3759 1130 3816 antem
1156 3765 1396 3834 vestrum
1418 3759 1663 3834 cogitans
1704 3771 1887 3834 potest
1913 3765 2149 3834 adjicere

552 3842 619 3896 ad
643 3828 904 3894 staturam
932 3846 1084 3887 suam
1110 3828 1351 3883 cubitum
1380 3844 1547 3882 unum
1573 3830 1595 3881 ’ἶ
1626 3831 1693 3885 Ει
1721 3832 1789 3886 de
1824 3828 2149 3893 vestimento

553 3912 679 3983 quid
708 3906 909 3965 soliciti
937 3900 1108 3987 estis?
1157 3898 1515 3987 Considerate
1544 3900 1654 3987 li'lia
1692 3906 1847 3987 agri“
1875 3909 2150 3976 quomodo

557 3968 809 4038 crescunt
841 3996 853 4030 :
886 3990 990 4030 non
1034 3972 1300 4034 laborant,
1350 3985 1524 4038 neque
1562 3968 1766 4027 τίθημ’
1789 3968 1919 4031 Dico
1968 3988 2147 4035 autem

555 4054 745 4117 vobis,
796 4048 1062 4119 quoniam
1105 4056 1205 4095 nec
1257 4041 1512 4096 Salomon
1541 4042 1770 4119 inomni
1833 4048 2005 4116 gloria
2051 4066 2148 4106 sua

544 4114 840 4192 coopertus
891 4128 978 4174 eSt
1021 4114 1158 4192 sicut
1207 4127 1370 4192 ouum
1419 4128 1484 4166 ex
1540 4115 1677 4169 istis.
1714 4116 1768 4170 Si
1798 4114 1981 4192 autem
2034 4122 2149 4178 foe-

547 4183 677 4253 ῃυιῂ
733 4191 869 4263 agri,
939 4186 1083 4263 quod
1141 4183 1302 4263 hodie
1349 4192 1470 4263 est,
1523 4192 1579 4237 ct
1628 4201 1751 4241 cras
1802 4188 1853 4243 in
1905 4190 1936 4263 "l
1987 4192 2151 4247 cliba-

544 4283 675 4322 num
721 4255 994 4336 mittitur,
1019 4258 1158 4336 Deus
1186 4256 1264 4308 sic
1292 4255 1511 4336 vestit":
1540 4268 1763 4336 .quanto
1801 4262 1972 4336 magis
2013 4279 2108 4318 vos
2129 4266 2149 4295 °

544 4340 807 4392 minimae
829 4326 1196 4387 ﬁdei?Nolite
1244 4340 1373 4395 ergo
1400 4326 1597 4379 soliciti
1652 4344 1793 4395 esse,
1847 4326 2088 4388 dicentes
2134 4353 2145 4388 :

546 4408 684 4476 Quid
729 4400 1199 4476 manducabimus,
1233 4408 1325 4450 aut
1374 4396 1500 4474 quid
1541 4396 1811 4476 bibemus,
1841 4413 1955 4476 _aut
1993 4406 2011 4431 ⁷
2044 4422 2150 4473 quo

546 4466 894 4547 aperiemur?
926 4472 1062 4525 haec
1092 4466 1445 4547 eni_m_omnia
1468 4476 1658 4547 gentes
1690 4472 2004 4547 inquirunt.
2038 4466 2151 4531 Scit

550 4537 697 4605 enim
723 4556 872 4615 pater
885 4550 1086 4603 vester,
1106 4540 1231 4608 quia
1251 4537 1600 4617 bisomnibus
1618 4537 1884 4617 indigetis.
1912 4546 2150 4613 Quaerite

550 4609 737 4674 autent
756 4618 984 4686 primum
1008 4625 1229 4686 regnum
1257 4610 1371 4686 Dei,
1391 4617 1450 4686 et
1467 4609 1869 4686 justitiam—ejus
1892 4609 1955 4669 et
1969 4619 2149 4674 omnia

549 4690 728 4760 haec"
758 4677 1282 4760 adjicientur'vobis.
1308 4677 1640 4760 Noliteergo
1659 4677 1873 4760 soliciti
1924 4702 2045 4760 esse
2094 4692 2147 4744 in

550 4749 868 4817 crastinum.
883 4752 1163 4809 Crastinus
1184 4750 1326 4805 enim
1349 4749 1465 4805 dies
1486 4754 1506 4783 °
1520 4749 1761 4810 so’licitus
1774 4756 1880 4811 erit
1902 4758 2004 4814 sibi
2024 4761 2146 4831 ipsi.

1103 219 1372 281 EUSEBII
1408 210 1750 275 VERCELL.
1792 214 2238 276 EVANGELIUM
2275 212 2417 272 CUM
2450 210 2681 272 VARIIS
2716 212 2871 270 COD.
2913 211 3303 271 COLLATUM.
3754 212 3845 268 176

2687 328 2920 385 CODEX
2956 324 3412 384 VERONENSIS.

2262 435 2318 481 et
2337 426 2636 481 Mamonae.
3099 436 3200 477 nec
3226 420 3488 477 Solomon

2261 497 2356 553 25.
2385 497 2511 572 Ideo
2537 496 2659 572 dico
2683 494 2864 562 vobis,
3098 494 3152 547 in
3184 494 3328 572 omni
3354 488 3528 572 gloria
3560 502 3653 572 sua
3683 487 3757 572 ita

2262 585 2331 643 ne
2358 570 2607 643 cogitetis
3093 570 3409 643 c00pertus.
3435 569 3541 643 est,
3570 569 3710 616 sicut

2262 640 2317 693 in
2342 640 2507 695 corde
2534 654 2627 693 ve-
3094 649 3259 689 unum
3289 648 3355 688 ex
3394 640 3534 687 istis.

3093 707 3183 762 30.
3225 706 3281 760 Si
3304 703 3447 759 enim
3479 704 3692 759 laeuum

3092 776 3228 849 agri,
3258 774 3399 847 quod
3432 775 3530 828 lio-

3091 850 3180 904 die
3210 859 3313 911 est,
3341 853 3397 902 et
3424 860 3547 901 eras

3097 919 3149 973 in
3184 920 3362 989 ignem

3093 991 3345 1055 mittitur,
3375 990 3517 1045 Deus

3094 1064 3174 1116 sic
3205 1062 3369 1115 vestit
3394 1079 3408 1116 :
3439 1075 3616 1129 quan-

3094 1142 3151 1187 to
3177 1130 3347 1201 magis
3375 1146 3471 1187 vos

3094 1204 3342 1258 modicae
3366 1202 3538 1258 ﬁdei?

3093 1276 3187 1331 ⁸51.
3226 1274 3405 1330 Nolite
3425 1289 3557 1345 ergo
3583 1277 3695 1331 sol-

3095 1346 3229 1401 liciti
3253 1360 3397 1410 esse,
3420 1344 3504 1400 di-é

3093 1426 3283 1473 centes
3310 1434 3323 1470 :
3362 1416 3501 1485 Quid

3092 1488 3562 1555 manducabimus,

2261 721 2376 765 stro
2402 710 2528 779 quid
2557 726 2709 765 man-

2261 781 2494 845 ducetis,
2524 796 2701 850 neque

2261 853 2475 922 corpori
2505 852 2632 923 quid

2260 923 2515 978 induatis.
2546 924 2735 978 Nonne

2261 996 2438 1050 anima
2469 997 2592 1065 plus
2621 1004 2707 1049 est

2261 1082 2421 1136 quam
2453 1081 2577 1121 esca
2608 1084 2619 1118 :
2645 1073 2703 1121 et

2261 1151 2460 1207 corpus
2486 1137 2607 1206 plus
2639 1144 2723 1191 est

2260 1206 2420 1277 quam
2450 1206 2877 1262 vestimentum?

2259 1281 2351 1335 26.
2386 1278 2660 1349 Respicite
2689 1278 2811 1333 vola
2824 1304 2843 1317 ο

2261 1350 2377 1433 tilia
2406 1351 2562 1415 caeli,
2597 1364 2731 1421 quo-

2260 1436 2407 1475 niam
2437 1437 2543 1475 non
2574 1436 2663 1477 se-

2259 1502 2416 1558 runt,
2451 1508 2627 1562 neque

2261 1573 2495 1629 metunt,
2520 1559 2617 1618 ne-
3092 1568 3186 1615 aut
3212 1561 3340 1631 quid
3373 1559 3523 1615 bibe-

2265 1649 2371 1707 que
2391 1644 2756 1707 congraegant
3094 1630 3243 1707 mus,
3262 1640 3354 1686 aut
3382 1631 3463 1707 (ci)
3489 1630 3622 1702 quid
3656 1634 3696 1703 ἦ*

2262 1703 2317 1760 iii
2344 1703 2554 1761 horreis
2589 1724 2601 1759 :
2632 1703 2650 1707 ⁷
3093 1703 3444 1773 operiemur?

3093 1775 3318 1830 162.th
3347 1774 3489 1831 enim
3518 1788 3654 1845 gen-

3094 1854 3175 1901 tes
3202 1846 3502 1917 inquirunt.

3092 1918 3205 1973 Scit
3231 1926 3409 1972 autem

3090 1997 3244 2059 pater
3274 1998 3478 2055 vester,

3090 2062 3345 2129 quoniam
3374 2062 3567 2116 borum

3090 2133 3332 2187 omnium
3360 2132 3502 2187 indi-

3089 2204 3182 2261 55.
3222 2205 3378 2274 getis.
3408 2203 3673 2273 Quaerite

3093 2284 3225 2346 ergo
3257 2290 3483 2345 regnum

3092 2346 3213 2411 Dei,
3245 2357 3300 2402 et
3324 2348 3490 2417 justi-

2262 1785 2319 1831 et
2346 1785 2500 1846 pater
2528 1786 2711 1833 vester

2260 1849 2516 1902 caelestis
2545 1863 2641 1916 pa-

2260 1920 2363 1973 scit
2389 1917 2499 1972 illa.
2542 1919 2734 1975 Nonne

2260 2004 2357 2043 vos
2379 1991 2550 2059 magis
2571 1992 2687 2060 plu-

2260 2075 2350 2115 res
2379 2063 2510 2117 estis
2537 2062 2679 2117 illis?

2258 2130 2349 2187 27.
2384 2132 2518 2199 Quis
2548 2142 2729 2188 autem

2258 2214 2440 2272 potest
2469 2216 2710 2259 vestrum

2258 2275 2476 2330 adicere
2500 2275 2569 2330 ad

2258 2356 2520 2401 staturam
2551 2362 2704 2402 suam

2255 2419 2495 2473 cubitum
2524 2419 2731 2472 unum?
3095 2418 3221 2472 tiam
3250 2419 3399 2487 ejus:

2255 2487 2347 2543 28.
2384 2490 2451 2543 Et
2474 2489 2541 2543 de
2566 2488 2892 2545 vestimento
3090 2498 3147 2544 et
3174 2489 3307 2544 haec
3334 2489 3514 2544 omnia

2255 2560 2474 2614 solliciti
2498 2560 2673 2615 estis?
3091 2561 3511 2629 praestabuntur

3090 2631 3180 2685 54.
3224 2632 3400 2688 vobis.
3430 2630 3611 2687 Nolite

3088 2702 3321 2785 solliciti.
3335 2717 3458 2758 esse

3089 2790 3142 2827 ιη
3162 2785 3477 2829 crastinum.

2255 2630 2608 2686 Considerate

2256 2701 2364 2755 lilia
2397 2703 2511 2772 agri
2543 2716 2679 2772 quo-

2253 2773 2417 2827 modo
2445 2782 2700 2829 crescunt
2727 2791 2739 2827 :

2252 2859 2363 2898 non
2391 2843 2660 2909 laborant,
3084 2844 3365 2900 Crastinus

2254 2930 2429 2985 neque
2462 2923 2650 2971 neunt.
3084 2915 3229 2971 enim
3259 2916 3376 2972 dies

2252 2986 2344 3041 29.
2376 2987 2506 3042 Dico
2530 2995 2712 3041 autem
3083 2986 3350 3041 sollicitus

3084 3058 3192 3113 erit
3217 3058 3320 3112 sibi
3349 3058 3488 3130 ipse.

2720 3177 2951 3235 CODEX
2990 3178 3390 3237 BRIXIANUS.

2257 3278 2313 3326 et
2334 3269 2671 3327 Mammontc.

2326 3341 2451 3416 Ideo
2476 3343 2597 3416 dico
2641 3344 2816 3399 vobis.
2870 3359 2939 3399 ne
2961 3344 3211 3415 cogitetis
3239 3346 3453 3401 animae
3481 3357 3704 3404 vestrae
3733 3349 3850 3416 quid

2255 3413 2612 3489 manducetis.
2641 3424 2740 3489 aut
2766 3416 2907 3489 quid
2938 3413 3153 3471 bibatis.
3207 3432 3386 3489 neque
3414 3422 3636 3489 corpori
3680 3413 3853 3475 vestro

2256 3483 2383 3554 quid
2416 3484 2734 3540 induamini.
2765 3483 2881 3540 Non
2935 3504 3002 3541 ne
3046 3489 3221 3542 anima
3257 3483 3379 3558 plus
3408 3483 3685 3559 estquam
3709 3507 3847 3546 esca.

2254 3564 2310 3610 et
2335 3570 2531 3637 corpus
2551 3572 2709 3626 quam
2737 3562 3139 3613 vestimentum.
3168 3559 3443 3629 Respicite
3464 3562 3705 3617 volatilia
3726 3563 3852 3617 caeli

2254 3640 2646 3703 quoni_am_nou
2680 3638 2870 3683 serunt
2908 3645 3083 3698 neque
3132 3640 3363 3703 metunt.
3404 3647 3582 3702 neque
3633 3648 3853 3703 congre-

2252 3706 2381 3774 gant
2411 3698 2464 3751 in
2513 3697 2728 3774 horrea.
2777 3710 2832 3774 et
2860 3697 3011 3770 pater
3037 3712 3221 3774 vester
3241 3697 3506 3774 caelestis
3540 3706 3717 3774 pascit
3743 3697 3846 3759 illa.

2253 3767 2443 3841 Nonne
2468 3784 2567 3841 vos
2590 3772 2758 3839 magis
2787 3767 2969 3840 plures
2986 3773 3119 3826 estis
3152 3773 3278 3827 illis.
3305 3773 3437 3841 Quis
3463 3767 3651 3830 autem
3674 3791 3739 3831 ex
3764 3791 3851 3828 vo-

2254 3839 2337 3893 bis
2363 3839 2604 3911 cogitans
2631 3839 2809 3911 potest
2833 3843 3048 3897 adicere
3071 3844 3136 3897 ad
3155 3839 3415 3897 staturam
3434 3859 3586 3901 suam
3613 3847 3849 3901 cubitum

2253 3924 2439 3986 unum.
2468 3910 2539 3986 _Et
2565 3910 2645 3968 de,
2661 3914 3043 3986 vestimentum
3075 3916 3201 3983 quid
3226 3915 3447 3970 solliciti
3477 3917 3637 3971 estis.
3666 3917 3851 3973 Consi-

2253 3980 2444 4037 derate
2467 3983 2574 4037 lilia
2604 3985 2717 4052 agri
2748 3981 3022 4054 quomodo
3038 3980 3293 4041 crescunt
3319 4001 3424 4042 non
3458 3988 3731 4041 laborant.
3762 4003 3851 4042 nec

2253 4066 2358 4127 que
2389 4063 2573 4127 neunt.
2626 4055 2757 4127 Dico
2812 4065 2991 4111 autem
3052 4058 3225 4111 vobis.
3272 4057 3395 4127 quia
3450 4073 3549 4113 nec
3598 4057 3852 4114 Salomon

2254 4124 2306 4198 i_n
2339 4126 2488 4179 omni
2510 4126 2677 4195 gloria
2707 4141 2801 4181 sua
2829 4137 3118 4198 coopertus
3146 4137 3227 4182 est
3254 4124 3393 4183 sicut
3412 4145 3577 4184 unum
3610 4146 3678 4185 ex
3714 4130 3851 4183 istis.

2252 4193 2308 4268 _Si
2340 4193 2524 4249 autem
2560 4198 2776 4251 foenum
2800 4200 2915 4268 agri
2932 4193 3085 4268 'quod
3119 4198 3277 4254 hodie
3319 4211 3420 4254 est.
3451 4208 3507 4255 et
3533 4215 3658 4254 cras
3688 4201 3739 4255 in
3762 4200 3853 4255 cli-

2252 4266 2450 4341 banum
2496 4268 2729 4341 mittitur
2781 4266 2919 4341 Deus
2958 4266 3037 4324 sic
3080 4271 3258 4325 vestit.
3306 4280 3507 4341 quanto
3546 4274 3722 4341 magis
3759 4286 3849 4325 vos

2252 4337 2432 4412 medic
2472 4347 2497 4374 ει
2543 4354 2574 4412 e
2621 4339 2764 4412 ﬁdei.
2806 4340 2983 4394 Nolite
3022 4356 3151 4412 ergo
3198 4337 3413 4398 solliciti
3448 4357 3569 4398 esse
3614 4337 3851 4398 dicentes

2252 4408 2855 4484 Quid_mandu_c_avimus
2875 4424 2966 4465 aut
2992 4408 3116 4481 quid
3142 4412 3385 4467 bibemus
3403 4453 3417 4477 ,
3442 4420 3535 4467 aut
3559 4412 3633 4484 (α)
3660 4412 3785 4483 quid
3810 4412 3849 4481 1'-

2252 4478 2577 4553 operiemur.
2611 4481 2754 4536 Haec
2783 4484 2926 4537 enim
2966 4478 3145 4536 omnia
3174 4494 3361 4551 gentes
3393 4478 3694 4553 inquiruth
3741 4478 3850 4539 Scit

2250 4551 2572 4624 enimpater
2600 4564 2781 4624 vester
2807 4554 3081 4609 caelestis.
3120 4556 3242 4624 quia
3273 4551 3741 4609 horumomnium
3772 4554 3848 4608 in-

2252 4620 2467 4695 digetis.
2490 4623 2742 4689 Quaerite
2760 4640 2890 4694 ergo
2905 4620 3379 4695 prinium'rcgnum
3398 4624 3491 4679 Dei
3511 4636 3566 4680 et
3583 4626 3844 4694 justitiam

2252 4693 2390 4760 ejus.
2425 4705 2479 4747 et
2514 4696 2626 4749 haec
2654 4695 2834 4749 omnia
2861 4693 3159 4750 adicientur
3183 4693 3357 4751 vobis.
3390 4696 3571 4751 Nolite
3587 4693 3729 4765 ergo
3758 4711 3845 4751 co-

2250 4766 2425 4833 gitare
2457 4765 2509 4819 in
2541 4766 2857 4821 crastinum.
2897 4766 3179 4823 Crastinus
3215 4769 3359 4823 enim
3390 4766 3505 4823 dies
3544 4767 3614 4822 de
3644 4782 3706 4823 se
3734 4768 3847 4838 ipse

2251 3058 2427 3126 vobis,
2460 3058 2713 3128 quoniam

1251 4884 1637 4944 VARIANTES
1675 4889 2058 4951 LECTIONES
2095 4893 2361 4952 CODlClS
2392 4896 2504 4954 MS.
2548 4898 2606 4955 S.
2647 4896 3157 4957 GERMANENSIS.

612 5012 641 5084 ξ.
666 5007 897 5071 cogitetis
916 5005 968 5055 in
992 5001 1140 5054 corde
1156 5006 1325 5051 vestro
1343 5001 1457 5063 quid
1480 5003 1800 5069 manducetis,
1824 5012 1910 5057 aut
1931 5008 2047 5070 quid
2067 5009 2146 5060 bi-

540 5075 671 5127 batis
1028 5108 1037 5113 -

612 5139 634 5201 ξ
670 5136 837 5201 vestra
861 5196 868 5201 Α
1072 5191 1082 5201 ,

613 5200 636 5230 ³
668 5194 776 5259 plus
799 5196 879 5243 est
898 5204 1047 5255 quam
1068 5188 1440 5241 indumentum?

611 5259 636 5290 ι
668 5256 821 5307 inulto

612 5323 633 5354 ⁸
667 5322 719 5370 in
736 5323 905 5382 ignem
927 5318 1152 5368 mittetur

2314 5012 2336 5043 °
2368 5014 2588 5065 modicae

2312 5076 2331 5144 '_’
2366 5079 2481 5139 quid
2503 5079 2823 5144 operiemur?
2845 5078 3019 5144 Omnia
3052 5080 3184 5144 enim
3207 5080 3332 5144 haec
3361 5082 3545 5144 centes
3584 5086 3846 5143 quemm-

2248 5137 2351 5205 Scit
2374 5137 2619 5191 autem‘....
2646 5143 2817 5193 borum
2841 5143 3055 5205 omnium
3079 5143 3329 5205 indigetis.

2310 5202 2333 5275 ξ
2368 5205 2744 5275 praestabuntur
2758 5206 2916 5275 vobis.
2928 5204 3014 5275 Ne
3035 5217 3159 5267 ergo
3172 5202 3508 5268 éOgilai'el'iUS
3526 5205 3591 5256 de
3611 5206 3844 5257 αι’θδῖίυοι

2310 5264 2331 5295 ⁹
2365 5258 2472 5327 ipse
2496 5279 2584 5329 pro
2603 5280 2660 5317 se
2681 5267 2913 5329 cogitabit
2928 5258 2980 5316 ἱ).

1875 5408 2241 5467 BLANCHINI
2280 5410 2509 5469 NOTAE.

616 5513 641 5540 (ι
671 5513 826 5551 (IeeSl
845 5516 897 5551 a.

616 5513 641 5540 θ
881 5536 897 5551 ο

614 5574 643 5612 ³)
669 5501 925 5644 ἓξὲξ-ἕξει.
978 5566 1247 5626 Crastinus
1296 5573 1434 5628 enim
1460 5574 1570 5630 die:
1599 5575 1709 5647 ipse
1751 5574 1992 5649 cegitabit
2023 5577 2141 5631 sibi.

614 5721 690 5790 (ti)
716 5721 791 5775 Ila
820 5726 872 5773 cl
898 5726 1073 5773 textus
1092 5718 1336 5787 Graecus,
1368 5724 1419 5776 τί
1453 5721 1909 5799 (περιϐαλώμεθα).

2245 5503 2338 5583 Sic
2388 5505 2529 5560 infra
2580 5508 2876 5583 concordat
2903 5511 3118 5583 saepius
3146 5527 3268 5570 cum
3322 5529 3427 5571 ms.
3480 5513 3683 5573 Codice
3711 5516 3841 5574 Sam

2245 5574 2606 5634 Germanensi
2627 5588 2834 5638 nostro.
