3950 6176
134 270 233 328 177

489 387 709 446 CODEX
752 389 1288 448 VERCELLENSIS.

129 480 294 539 Sufﬁc
332 519 346 536 .
389 519 400 531 .
443 523 455 534 .
497 525 512 538 .
556 524 569 535 .
933 495 1060 541 ante
1093 499 1319 553 porcos:

128 555 323 609 malitia
348 568 455 608 sua.
933 572 1004 612 ne
1033 556 1171 612 forte
1197 571 1331 612 con-

279 623 494 698 CAPUT
514 622 628 678 Vl].
932 628 1143 683 culceu.
1191 667 1203 680 .
1251 667 1265 680 .
1295 641 1322 681 s
1354 641 1444 698 pe-

129 696 180 750 l.
209 695 370 752 Nolite
387 695 595 766 judica-

125 781 202 832 re,
232 776 285 822 ut
311 765 406 822 non
429 765 521 837 ju-

124 838 316 892 dicetur
336 838 399 894 de
423 852 517 892 voc

120 909 170 962 2.
193 909 291 980 bis.
313 907 365 964 ln
395 923 499 980 quo
522 909 672 965 enim

120 979 300 1047 judicio
321 979 494 1047 judica
507 1009 526 1022 -

118 1052 302 1115 veritis,
319 1051 525 1119 judica-

117 1120 243 1176 bitur
267 1122 330 1176 de
354 1121 504 1177 vobis
539 1142 552 1174 :

115 1202 162 1246 et
185 1193 233 1250 in
259 1208 353 1262 qua
381 1208 528 1247 men-

112 1277 221 1318 sura
245 1265 402 1319 mensi
427 1263 544 1320 fue-

113 1335 236 1401 ritis,
258 1336 499 1392 metietur

111 1405 260 1459 vobis.

926 698 1084 754 dibus
1113 699 1246 766 suis,
1269 707 1325 754 et

925 771 1204 826 conversi.
1251 810 1264 823 .
1310 809 1324 821 .

926 841 1124 896 dirum.
1171 882 1185 895 .
1231 880 1246 895 .
1293 878 1308 893 .

926 913 980 966 7.
1009 913 1306 982 Petite,et.
1353 951 1368 965 .
1410 950 1426 965 .
1471 951 1485 965 .

926 992 1127 1038 ιυτγο.
1174 1023 1189 1038 .
1236 1022 1252 1036 ο
1297 1024 1311 1037 .
1361 1023 1375 1037 .

924 1055 1049 1121 rite,
1081 1065 1137 1110 et
1166 1055 1316 1109 inve-

922 1125 1084 1180 nietis
1107 1144 1120 1178 :
1155 1126 1333 1195 pulsa-

923 1205 995 1262 te,
1024 1205 1080 1253 et
1106 1196 1379 1268 aperietur

919 1268 973 1322 8.
1015 1283 1116 1322 vo.
1143 1266 1174 1321 ⁷.
1220 1305 1235 1320 .
1265 1284 1315 1322 s.
1357 1266 1548 1323 Omnis

917 1339 1061 1395 enim
1082 1339 1175 1409 qui
1203 1353 1296 1407 pe-

920 1411 1005 1475 tit,
1039 1411 1266 1480 accipit:
1299 1418 1356 1465 et
1384 1412 1476 1481 qui

110 1476 158 1551 5.
179 1476 298 1551 Quid
326 1488 511 1534 autem
531 1479 614 1535 vi—
914 1483 1145 1551 quaerit,
1163 1476 1325 1535 inve-

116 1548 186 1622 dis
209 1549 458 1622 festucam
916 1548 1028 1606 nit:
1057 1561 1116 1608 et
1136 1552 1352 1622 pulsan-

117 1621 168 1693 iu
192 1620 335 1693 oculo
355 1622 466 1675 fra-
919 1625 956 1678 ti
983 1620 1276 1693 aperietur.

114 1690 194 1744 tris
214 1692 278 1746 tui
304 1710 316 1745 :
347 1701 398 1748 et
421 1701 533 1748 tra-

109 1761 231 1824 bem,
260 1779 372 1832 qua:
392 1765 446 1818 in

109 1833 241 1888 oculo
267 1842 356 1889 tuo
383 1845 485 1902 est,

109 1920 200 1958 nou
225 1907 464 1962 conside-

109 1977 216 2028 ras?

105 2047 149 2100 4.
170 2047 265 2102 Aut
283 2049 554 2118 quomodo

107 2118 219 2172 dicis
245 2119 399 2176 fratri

107 2198 183 2242 tuo
213 2208 227 2242 :
257 2190 389 2246 Sine
414 2192 538 2248 eici-

107 2275 176 2314 am
196 2261 448 2318 festucam

111 2331 164 2386 de
187 2334 330 2388 oculo
356 2345 480 2390 tuo:
511 2345 570 2390 ct

918 1696 970 1749 9.
1013 1697 1123 1750 Aut
1147 1695 1267 1764 quis
1286 1709 1354 1749 ex
1380 1693 1538 1750 vobis

919 1765 1081 1820 homo
1107 1777 1190 1820 est
1209 1765 1249 1819 'a
1280 1780 1388 1831 quo

919 1837 1051 1906 petit
1079 1836 1220 1892 filius
1241 1836 1360 1905 ejus

919 1923 1142 1976 panem,
1170 1923 1326 1962 num-

915 1979 1044 2048 quid
1071 1978 1302 2048 lapidem

915 2050 1158 2122 porriget
1182 2050 1270 2122 ei?

917 2120 1005 2177 10.
1048 2121 1157 2175 Aut
1184 2120 1251 2174 si.
1297 2162 1312 2176 .
1359 2160 1372 2175 .
1402 2137 1488 2178 em

915 2193 1070 2262 petit,
1101 2192 1363 2262 numquid

916 2275 1227 2334 serpentem

920 2336 1009 2390 11.
1051 2334 1276 2404 porrigit
1297 2335 1347 2390 ei
1363 2336 1385 2392 ἲ
1411 2336 1470 2392 Si

919 2421 1050 2474 ergo
1078 2420 1178 2461 vos
1201 2420 1322 2461 cum

921 2477 1041 2532 sitis
1065 2477 1216 2545 mali,

922 2549 1093 2605 nostis
1117 2548 1256 2604 bona
1279 2547 1378 2603 da-

924 2658 937 2674 .
983 2661 997 2674 .
1043 2658 1058 2673 .
1104 2660 1117 2674 .
1164 2619 1333 2674 .filiis

923 2731 995 2745 ..
1042 2733 1054 2745 .
1105 2691 1432 2760 .iszquan-

919 2773 973 2818 to
1004 2763 1175 2830 magis
1207 2776 1301 2832 pa-

919 2844 1001 2890 ter
1023 2843 1223 2898 vester,

911 2907 1002 2972 qui
1028 2914 1111 2960 est
1136 2906 1188 2959 in
1218 2904 1404 2970 caelis,

914 2977 1065 3032 dabit
1083 2976 1225 3032 bona
1248 2991 1335 3046 pe-

915 3049 1157 3103 tentibus
1181 3063 1262 3103 se.

115 2443 127 2455 .
164 2445 173 2455 .
211 2443 224 2458 .
260 2406 575 2462 eccetrabis

114 2486 180 2528 est
202 2476 248 2529 in
276 2479 424 2532 oculo
449 2486 547 2532 tuo
568 2479 599 2533 ‘I

115 2545 156 2598 5.
192 2547 480 2617 Hypocrita,
509 2550 602 2605 ei-

112 2631 161 2671 ce
181 2619 389 2686 primum

110 2693 281 2745 trabem
309 2692 372 2747 de
397 2707 537 2747 ocu-

112 2757 154 2812 lo
174 2770 268 2828 tuo,
295 2771 346 2816 et
362 2771 493 2818 tunc

108 2829 281 2886 ridebis
303 2834 440 2890 eice-

109 2915 157 2956 re
178 2902 412 2960 festucam

110 2971 163 3026 de
182 2976 321 3031 oculo
342 2975 450 3032 fra-

110 3044 186 3098 tris
209 3049 293 3101 tui.

108 3114 149 3167 6.
184 3115 337 3173 Nolite
363 3120 496 3177 dare
522 3132 696 3176 sanc-

109 3193 196 3241 tum
221 3191 453 3258 canibus,

108 3273 249 3337 neque
273 3264 479 3337 miseri-

109 3335 161 3380 tis
177 3335 412 3403 margari-

109 3409 169 3456 125
191 3413 379 3461 vestras

917 3119 1004 3174 12.
1045 3118 1237 3175 Omnia
1265 3131 1394 3189 ergo
1422 3130 1594 3188 quae-

916 3205 1146 3260 cumque
1174 3190 1290 3244 vul-

923 3263 992 3316 tis
1015 3270 1075 3316 ut
1096 3262 1295 3316 faciant

925 3333 1078 3388 vobis
1106 3333 1352 3386 homines
1379 3330 1462 3403 (α)

923 3404 1087 3471 bona,
1114 3404 1187 3459 ita
1215 3403 1255 3476 ἠδ
1284 3411 1339 3459 et
1371 3417 1470 3459 vos

490 3521 740 3579 CODEX
779 3519 1252 3577 CORBEIENSIS.

107 3607 272 3666 Sufficit
293 3611 394 3668 diei
425 3614 642 3669 malitia
666 3629 784 3668 sua.

163 3681 236 3736 Vl.
260 3685 431 3741 Nolite
477 3685 760 3756 judicare,
793 3695 851 3740 ut
882 3701 984 3739 non
1033 3684 1371 3754 judicemini.
1413 3683 1470 3738 In
1502 3685 1519 3714 ¹
1547 3697 1680 3756 quo—

111 3766 340 3824 quumque
363 3755 511 3812 enim
542 3757 756 3826 judicio
780 3756 1176 3827 judicaveritis,
1210 3758 1229 3786 ²
1256 3755 1626 3827 judicabimini
1661 3773 1674 3808 :

109 3836 148 3896 et
170 3828 210 3876 in
232 3842 326 3896 qua
356 3844 624 3884 mensura
653 3826 824 3882 mensi
849 3827 1079 3892 fueritis,
1112 3826 1132 3856 ³
1161 3826 1479 3882 remetietur
1502 3828 1674 3881 vobis.

109 3894 212 3956 Quid
249 3894 426 3954 autem
460 3899 625 3954 vides
651 3899 912 3953 festucam
961 3901 1012 3952 in
1041 3897 1198 3952 oculo
1247 3898 1426 3951 fratris
1467 3898 1542 3951 tui
1578 3915 1589 3949 :
1625 3907 1680 3952 et

111 3968 275 4022 trabem
298 3971 350 4024 in
383 3973 549 4026 oculo
603 3979 698 4024 tuo
743 3985 850 4024 non
875 3969 1060 4024 vides?
1082 3969 1190 4024 Aut
1229 3968 1498 4036 quomodo
1529 3968 1678 4023 dices

110 4037 224 4092 fratri
261 4051 390 4096 tuo:
454 4042 601 4098 Sine
644 4040 856 4110 eiiciam
911 4040 1168 4095 festucam
1219 4040 1288 4093 de
1339 4039 1495 4092 oculo
1547 4050 1677 4094 tuo:

111 4117 290 4181 etecre
342 4114 516 4169 trabis
567 4113 737 4168 estin
791 4113 950 4167 oculo
1001 4111 1133 4165 tuo?
1190 4110 1500 4181 Ilypocrita,
1545 4110 1683 4179 ejicc

111 4179 298 4243 primum
353 4185 572 4238 trabem
637 4185 704 4237 de
764 4187 920 4238 oculo
975 4193 1102 4247 tuo,
1167 4179 1409 4237 et'tunc
1473 4181 1683 4235 videbis

110 4251 268 4316 ejicere
303 4255 574 4310 festucam
631 4255 701 4309 dc
749 4256 906 4309 oculo
962 4257 1140 4306 fratris
1186 4255 1284 4307 tui.
1337 4253 1514 4306 Nolite
1553 4254 1684 4307 dare

112 4333 310 4378 amotum
347 4329 610 4390 canibus,
663 4341 834 4396 neque
875 4328 896 4356 δ
936 4325 1160 4378 mittatis
1199 4323 1515 4393 margaritas
1546 4339 1681 4396 ves-

113 4402 331 4467 trasantc
362 4413 610 4467 porcos:
667 4394 922 4451 ue'forte
962 4396 1281 4467 conculceut
1328 4410 1418 4449 eas
1457 4394 1683 4467 pedibus

114 4464 222 4536 suis,
250 4480 298 4522 et
329 4464 592 4522 conversi
618 4469 638 4497 ⁸
664 4469 974 4536 dirumpant
993 4481 1110 4520 vos.
1145 4465 1316 4520 Petite
1337 4508 1350 4528 ,
1371 4474 1440 4519 et
1463 4465 1678 4519 dabitur

117 4535 272 4609 vobis:
308 4541 579 4609 qumrite,
620 4550 673 4594 ct
702 4535 1020 4594 invenietis:
1057 4537 1291 4606 pulsate,
1331 4546 1387 4591 et
1407 4537 1686 4609 aperietur

115 4606 249 4681 vobis.
274 4606 459 4665 omnis
490 4613 642 4666 enim
670 4609 760 4681 qui
794 4613 946 4680 petit,
975 4609 1208 4677 accipit:
1243 4618 1302 4681 _et
1330 4608 1420 4676 qui
1451 4610 1682 4681 quaerit,

119 4678 308 4750 invenit:
343 4693 395 4736 et
431 4678 1001 4750 pulsanti'aperietur.
1037 4684 1144 4733 Aut
1167 4679 1289 4749 quis
1317 4686 1498 4732 estex
1533 4678 1686 4750 vobis

119 4742 248 4822 homo
271 4753 288 4780 ³
312 4742 473 4822 quem
508 4755 554 4805 si
584 4742 800 4822 petierit.
832 4751 973 4806 filius
998 4765 1128 4804 suus
1157 4742 1352 4819 panem
1373 4791 1389 4817 ,
1420 4749 1684 4822 numquid

117 4815 305 4884 lapidem
328 4815 595 4893 porriget
621 4825 714 4878 ei?
756 4826 858 4879 Aut
895 4823 938 4878 si
977 4815 1181 4890 piscem
1211 4815 1381 4887 petit,»
1423 4815 1684 4893 numquid

118 4903 382 4964 serpentem
411 4895 431 4925 ⁷
460 4892 694 4964 porrigit
713 4895 764 4948 ei
787 4896 810 4948 ?
833 4894 889 4949 Si
919 4907 1052 4961 ergo
1081 4907 1182 4947 vos
1203 4907 1366 4961 quum
1390 4892 1510 4946 sitis
1534 4893 1683 4955 mali,

119 4962 257 5016 nostis
291 4964 427 5019 bona
460 4968 483 4997 ⁸
515 4962 648 5018 dare
678 4966 800 5019 filiis
827 4965 1059 5020 vestris:
1102 4969 1306 5031 quanto
1336 4965 1505 5033 magis
1533 4971 1688 5032 pater

116 5041 280 5105 tester,
309 5036 398 5105 qui
435 5037 493 5091 in
536 5037 709 5091 coelis
746 5048 850 5102 est,
894 5034 1044 5090 dabit
1087 5034 1227 5088 bona
1264 5033 1566 5099 petentibus
1604 5049 1683 5088 se.

117 5097 276 5179 omnia
296 5097 425 5176 ergo
452 5097 1024 5179 quaecumque'vultis
1042 5107 1063 5138 °
1093 5115 1149 5160 ut
1185 5097 1387 5161 faciant
1409 5106 1563 5161 vobis
1593 5106 1689 5160 bo-

117 5174 289 5244 niiues,
317 5174 378 5208 ²⁰“
391 5189 446 5233 et
470 5174 578 5234 vos

1064 271 1514 332 EVANGELIUM
1553 273 1925 335 SECUNDUM
1964 279 2396 344 MATTﬂ/EUM.

2235 400 2472 460 CODEX
2511 403 2963 463 VERONENSIS.

1797 488 2011 569 Sufficit
2035 491 2142 549 diei
2635 505 2765 569 ante
2795 513 3023 569 porcos.

1795 561 1998 618 malitia
2635 583 2706 623 ne
2735 561 2874 624 forte
2900 585 3036 625 con-

1793 646 1916 689 sua.
2633 639 2851 712 culcent
2873 655 2966 696 eas
2991 655 3086 712 pe-

2632 709 2788 766 dibus
2816 713 2949 773 suis.
2977 709 3035 770 et

1984 747 2214 852 95?“?
2248 749 2364 852 ΥΠ·
2632 747 3016 838 ἓὸὶῐὶῗεΐῗιὲεῗ

1869 840 1895 894 1
1909 877 1922 892 .
1948 837 2142 922 ΑΝοΙίιᾳ
2167 839 2366 909 judica-
2631 862 2887 922 rumpant
2914 868 3032 910 vos.

1793 925 1874 992 re,
1905 920 2100 992 utnon
2117 920 2203 980 ju-
2631 921 2685 976 7.
2743 920 2935 992 Petite,
2961 937 3016 980 et
3041 925 3195 983 dabi-

1793 981 2071 1066 dicamini.
2184 1053 2196 1064 .
2630 1002 2719 1066 tur
2731 995 2887 1050 vobis
2919 981 2935 1049 ξ
2961 1012 3126 1066 quae-

1791 1052 1848 1134 3-
1872 1051 1956 1135 _!n_
1979 1053 2255 1135 quosnim
2632 1065 2758 1128 rite,
2787 1075 2843 1121 et
2872 1051 3026 1122 invé;

1787 1123 1997 1207 ξυάῇςρο
2020 1123 2225 1207 ἱμεῇρε-
2631 1123 2790 1191 nietis
2814 1154 2826 1188 :
2854 1138 3036 1207 pulsa-

1793 1195 2002 1276 beritis,
2030 1194 2235 1276 judica-
2633 1217 2705 1274 te,
2733 1218 2786 1262 et
2805 1194 3079 1276 aperietur

1791 1267 1940 1340 bitur
1969 1265 2036 1320 de
2064 1265 2218 1320 vobis
2246 1283 2259 1320 :
2629 1265 2703 1332 8.'
2734 1265 2904 1333 vobis.
2930 1265 3122 1340 Omnis

1792 1346 1848 1391 et
1874 1337 1928 1390 in
1958 1351 2063 1405 qua
2091 1351 2242 1419 men-
2630 1349 2776 1403 enim
2806 1351 2897 1419 qui
2925 1367 3018 1419 pe-

1793 1421 1918 1490 sura
1950 1407 2120 1490 mensi
2139 1405 2264 1490 fue-
2630 1420 2714 1480 tit.
2745 1405 2941 1490 accipit
2966 1405 2985 1476 ξ
3005 1434 3062 1480 et

1793 1479 1936 1561 r_itis,
1963 1479 2223 1561 metietur
2627 1479 2722 1560 qui
2750 1479 2982 1561 quaerit,
2998 1479 3141 1553 inve-

1792 1549 1865 1634 de
1893 1549 2066 1634 vobis.
2134 1629 2144 1634 _
2303 1622 2315 1634 ο
2628 1549 2710 1634 {iit
2733 1549 2827 1616 :et
2849 1549 3088 1632 pulsanti

1792 1621 1849 1700 ᾗ.
1891 1620 2028 1700 Quid
2059 1629 2238 1677 autem
2266 1622 2348 1677 vi-
2628 1631 2683 1686 9.
2729 1620 3025 1700 aperietur.
3048 1620 3158 1693 Aut

1786 1695 1885 1772 des
1915 1692 2177 1772 festucam
2626 1704 2748 1772 quis
2767 1692 2833 1758 ex
2856 1705 3010 1761 vobis

1785 1767 1851 1846 in.
1870 1763 2029 1846 oculo
2055 1763 2161 1846 fra-
2628 1763 2794 1828 liomo
2813 1790 2842 1846 a
2863 1791 2973 1846 quo

1786 1837 1884 1919 tris
1912 1837 1986 1889 tui
2006 1851 2036 1917 ε.
2051 1844 2106 1888 et
2623 1853 2774 1913 petet
2801 1837 2946 1902 filius
2971 1849 3089 1919 ejus

1786 1906 1993 1984 trabem
2023 1907 2078 1960 in
2622 1906 2838 1984 panem,
2860 1906 3015 1973 num:

1783 1978 1942 2034 oculo
1955 1986 2065 2058 tuo
2086 2050 2110 2058 _
2622 1978 2752 2054 quid
2786 1978 3020 2057 lapidem

1783 2064 1905 2125 non
1918 2048 2110 2103 vides?
2231 2118 2246 2125 _
2619 2048 2856 2125 porrigit
2873 2061 2922 2114 ei
2951 2062 2975 2114 ?

1785 2121 1840 2202 ξε
1879 2120 1989 2202 aut
2013 2118 2286 2202 quomodo
2619 2118 2731 2202 '10.
2769 2118 2880 2184 "Aut
2907 2132 2950 2186 si
2981 2132 3185 2202 piscem

1785 2192 1924 2276 dicis
1952 2189 2106 2276 fratri
2187 2261 2201 2273 .
2624 2200 2782 2267 petit,
2802 2189 3060 2276 numquid

1786 2272 1880 2340 tuo
1905 2281 1918 2317 :
1957 2261 2098 2340 _Sine
2151 2261 2230 2316 ei-
2627 2261 2936 2340 serpentem

1785 2334 1923 2414 ciam
1950 2333 2212 2414 festucam
2623 2333 2735 2396 11.’
2759 2345 2985 2414 porrigit
3013 2345 3107 2401 ei?
3148 2345 3209 2400 Si

1785 2405 1854 2460 de
1879 2405 2041 2483 oculo
2067 2415 2160 2483 tuo
2193 2422 2208 2459 :
2235 2415 2292 2461 et
2624 2405 2880 2483 ergo'vos
2910 2405 3036 2471 cum

1787 2492 1917 2552 ecce
1942 2475 2113 2552 trabis
2255 2547 2272 2552 Α
2622 2475 2745 2538 sitis
2772 2486 2921 2552 mali,

1785 2549 1936 2602 estin
1960 2547 2117 2602 oculo
2149 2547 2277 2602 tuo?
2624 2557 2796 2610 nostis
2817 2547 2956 2611 bona
2985 2558 3082 2614 da-

1787 2619 1841 2673 5.
1894 2617 2184 2699 Hypocrita
2203 2660 2220 2688 ,
2245 2619 2322 2674 ei-
2625 2635 2679 2680 ta
2700 2626 2832 2682 dare
2862 2627 2992 2684 filiis

1787 2705 1851 2745 ce
1871 2705 2104 2770 primum
2621 2700 2858 2753 vestris:
2888 2709 3093 2770 quanto

1787 2763 1998 2840 trabem
2024 2761 2093 2816 de
2122 2776 2243 2816 ocu~
2626 2770 2799 2840 magis
2829 2761 2982 2839 pater
3005 2786 3104 2826 ve-

1787 2831 1842 2911 lo
1863 2842 1984 2911 tuo,
2012 2841 2068 2911 et
2095 2842 2221 2888 tunc
2627 2831 2766 2905 ster',
2792 2831 2885 2911 qui
2914 2842 2968 2896 in

1788 2903 1998 2976 videbis
2025 2903 2190 2976 festu-
2626 2903 2792 2966 caelis
2811 2903 2920 2976 est,
2951 2914 3049 2967 da-

1789 2988 1909 3052 cam
1929 2974 2008 3052 .de
2031 2975 2188 3052 oculo
2308 2983 2310 2986 '
2625 2981 2706 3036 bit
2730 2982 2868 3036 bona
2896 2974 3090 3052 peten-

1791 3045 1972 3100 fratris
1995 3045 2093 3100 ttti.
2625 3053 2768 3106 tibus
2793 3067 2873 3106 se.

1790 3117 1844 3170 ϐ.
1895 3115 2231 3195 Nolite-dare
2259 3132 2384 3172 san-
2625 3121 2714 3175 l2.
2769 3121 2961 3178 Omnia
2990 3138 3122 3194 ergo
3150 3139 3314 3195 quae-

1791 3198 1936 3243 ctum
1965 3187 2211 3256 canibus,

1792 3273 1969 3328 neque
1991 3259 2203 3312 miseri-

1791 3329 1861 3385 tis
1890 3329 2149 3398 margari-

1794 3411 1874 3458 tas
1897 3409 2108 3456 vestras

2623 3207 2855 3260 cumque
2887 3195 3006 3248 vul-

2627 3263 2696 3318 tis
2721 3272 2782 3317 ut
2803 3263 3002 3321 faciant

2625 3337 2782 3410 vobis
2813 3334 3063 3410 homines
3116 3339 3194 3410 (α)

2626 3404 2792 3474 bona,
2817 3409 2888 3464 ita
2938 3407 2980 3479 -ι-
3027 3419 3083 3465 et
3101 3404 3199 3467 vos

2252 3520 2483 3578 CODEX
2520 3521 2806 3579 BRIXIAN
2812 3524 2916 3580 US.

1785 3613 2060 3684 cogitavit.
2092 3613 2306 3691 Sufficit
2341 3615 2485 3691 enim
2514 3614 2619 3691 diei
2647 3616 2858 3691 malitia
2881 3632 3000 3691 sua.
3027 3618 3211 3691 Nolite
3238 3621 3386 3691 judi-

1784 3701 1910 3761 care
1929 3697 1998 3761 Aut
2027 3701 2143 3761 non
2171 3686 2529 3761 judicemini._
2549 3686 2608 3740 In
2639 3702 2748 3756 quo
2774 3688 2917 3742 enim
2942 3689 3148 3758 judicio
3175 3686 3387 3761 judica-

1784 3757 2005 3823 veritis,
2034 3757 2403 3827 judicabimini
2432 3768 2486 3812 et
2517 3757 2569 3811 in
2598 3773 2703 3827 qua
2734 3757 2986 3814 mensura
3016 3757 3192 3816 mensi
3215 3764 3367 3817 fueri-

1784 3831 1873 3883 tis.
1915 3829 2232 3884 remetietur
2254 3829 2426 3882 vobis.
2469 3828 2608 3894 Quid
2643 3838 2822 3883 autem
2854 3829 3006 3884 vides
3033 3830 3298 3887 festucam
3330 3835 3386 3887 iu

1783 3898 1943 3953 Oculo
1972 3899 2154 3954 fratris
2179 3899 2274 3952 tui.
2332 3907 2387 3953 et
2427 3899 2478 3953 itt
2523 3908 2614 3954 tuo
2645 3900 2804 3953 oculo
2836 3901 3039 3955 trabem
3073 3918 3180 3956 non
3208 3904 3382 3957 vides.

1783 3970 1892 4025 Aut
1917 3970 2188 4039 quomodo
2209 3969 2345 4023 dicis
2368 3968 2520 4025 fratri
2554 3980 2645 4024 tuo
2695 3971 2825 4026 Siue
2881 3972 3072 4026 eiciam
3121 3972 3387 4028 festucam

1784 4043 1852 4113 de
1888 4040 2047 4094 oculo
2074 4051 2185 4095 tuo.
2215 4050 2270 4095 et
2302 4055 2431 4113 ecce
2471 4043 2639 4095 trabis
2683 4042 2737 4113 in
2780 4043 2940 4097 oculo
2973 4054 3088 4097 tuo.
3123 4043 3384 4113 Ypocrita

1784 4112 1901 4167 eice
1941 4114 2173 4181 primum
2227 4112 2431 4165 trabem
2478 4113 2546 4166 de
2577 4112 2743 4181 ioculo
2777 4123 2866 4167 tuo
2909 4125 2963 4168 et
3001 4123 3130 4168 tunc
3173 4112 3382 4170 videbis

1785 4180 1962 4239 eicere
1989 4182 2251 4238 festucam
2278 4182 2344 4236 de
2375 4183 2532 4236 oculo
2560 4180 2744 4236 fratris
2774 4183 2876 4237 tui.
2901 4183 3080 4238 Nolite
3102 4185 3234 4240 dare
3257 4201 3386 4239 san-

1787 4262 1932 4308 ctum
1980 4255 2204 4309 canibus
2259 4268 2449 4324 neque,
2488 4254 2746 4307 miseritis
2797 4256 3119 4324 margaritas
3165 4265 3382 4310 vestras

1786 4337 1912 4379 ante
1943 4339 2159 4395 porcos.
2194 4340 2261 4379 nc
2279 4323 2494 4394 quando
2516 4325 2838 4379 conculcent
2858 4323 2951 4379 eas
2980 4326 3212 4394 pedibus
3243 4329 3378 4380 suis.

1788 4407 1842 4450 et
1874 4396 2122 4451 conversi
2160 4395 2474 4464 dirutupaut
2510 4409 2628 4449 vos.
2661 4395 2835 4449 Petite
2874 4405 2929 4450 et
2968 4397 3186 4451 dabitur
3229 4399 3386 4453 vobis

1790 4468 2032 4536 quaerite
2071 4478 2126 4522 et
2163 4467 2468 4522 invenietis.
2528 4466 2762 4536 pulsate.
2798 4477 2855 4521 et
2895 4469 3170 4536 aperietur
3212 4469 3385 4524 vobis.

1790 4539 1977 4592 Omnis
2003 4539 2148 4593 enim
2178 4541 2264 4608 qui
2294 4539 2427 4606 petit
2458 4538 2654 4608 accipit
2680 4545 2734 4591 et
2760 4540 2847 4608 qui
2877 4538 3086 4606 quaerit
3127 4540 3386 4596 inveniet.

1789 4618 1844 4662 et
1888 4609 2121 4676 pulsanti
2160 4607 2450 4678 aperietur.
2488 4607 2596 4662 Aut
2631 4607 2751 4677 quis
2788 4619 2868 4662 est
2911 4623 2977 4662 ex
3014 4610 3167 4664 vobis
3201 4614 3384 4666 homo.

1791 4694 1951 4749 quem
1973 4681 2018 4734 si
2053 4681 2266 4748 petierit
2296 4679 2439 4733 filius
2473 4680 2590 4748 ejus
2621 4694 2835 4749 panem.
2863 4681 3122 4750 numquid
3152 4682 3385 4751 lapidem

1792 4751 2019 4822 porrigit
2044 4752 2116 4822 ei.
2149 4750 2256 4822 Aut
2292 4751 2335 4805 si
2373 4752 2576 4819 piscem
2611 4751 2760 4818 petit.
2797 4753 3053 4818 numquid
3081 4764 3389 4822 serpentem

1791 4821 2018 4892 porrigit
2057 4821 2127 4874 ei.
2151 4821 2214 4892 Si
2245 4836 2376 4891 ergo
2415 4837 2511 4875 vos
2554 4837 2675 4874 cum
2719 4822 2839 4877 sitis
2869 4821 2996 4876 mali
3036 4821 3209 4878 nostis
3250 4825 3390 4879 bona

1797 4890 1922 4965 data
1967 4891 2098 4945 dare
2138 4890 2263 4948 ﬁliis
2308 4890 2523 4965 vestris.
2557 4901 2760 4962 quanto
2807 4893 2978 4965 magis
3012 4904 3164 4965 pater
3211 4905 3392 4951 vester

1793 4963 1882 5034 qui
1909 4963 1962 5016 iu
1994 4965 2159 5018 caelis
2186 4963 2436 5018 estdahit
2454 4963 2592 5018 bona
2616 4964 2924 5034 petentibus
2948 4963 3028 5018 se}

1863 5034 2058 5106 Omnia
2075 5049 2223 5106 ergo.
2251 5049 2590 5105 quacumque
2608 5035 2772 5091 vultis
2798 5043 2857 5091 ut
2878 5035 3078 5093 faciant
3102 5037 3256 5094 vobis
3285 5037 3386 5092 ho-

1791 5107 1968 5164 mines
1994 5105 2094 5181 (a).
2124 5105 2205 5163 sic
2243 5106 2288 5178 -ι-
2337 5116 2506 5162 etvos

787 5271 1178 5330 VARIANTES
1215 5270 1604 5329 LECTIONES
1643 5270 1908 5328 CODICIS
1945 5271 2058 5327 MS.
2098 5269 2159 5326 S.
2198 5265 2709 5326 GERMANENSIS.

164 5426 182 5487 ἵ
205 5377 498 5487 (fugabitur
519 5430 584 5480 de
606 5428 747 5479 vobis
770 5443 782 5478 :

168 5486 186 5561 .'
211 5486 377 5561 eadem

166 5548 183 5577 δ
210 5553 440 5604 miseritis

162 5611 179 5641 ⁸
207 5621 514 5678 wrrumpant

1857 5364 1879 5395 ο
1913 5377 1941 5412 a
1965 5375 2065 5426 quo
2081 5362 2212 5426 petit
2231 5359 2361 5412 ﬁlius
2380 5359 2488 5421 ejus
2505 5373 2681 5423 panem

1853 5426 1878 5520 ἔ
1909 5427 2174 5539 mittit

1851 5551 1874 5582 ⁸
1907 5551 2038 5602 bona

1853 5613 1898 5645 ¹⁰
1930 5615 2002 5664 ita

1419 5693 1784 5754 BLANCHINI
1830 5696 2060 5754 NOTIE.

180 5789 251 5859 (tt)
316 5793 538 5850 Addunt
565 5795 701 5850 bona
726 5812 744 5849 :
768 5802 822 5851 et
853 5796 924 5849 ita
964 5794 1268 5868 Cyprianus
1305 5796 1373 5851 de
1403 5795 1554 5852 Orat.
1585 5794 1800 5851 Domin.
1826 5794 2030 5849 ibidem
2052 5791 2284 5855 additur,
2311 5790 2404 5853 ita,
2424 5786 2572 5854 juxta
2593 5793 2797 5838 textum
2823 5784 3069 5840 Grtccum
3085 5780 3247 5835 οὖπωο
