3950 6176
577 247 678 303 179

974 356 1202 412 CODEX
1248 354 1785 415 VERCELLENSIS.

583 452 745 507 facile
767 452 895 506 illis.
915 449 1057 505 Haec
1416 449 1515 503 bor
1546 448 1687 502 bona
1717 464 1823 503 ma-

584 534 670 578 est
699 524 844 578 enim
876 523 985 587 lex,
1019 530 1073 576 et
1418 518 1500 573 los
1529 517 1736 574 fruetus
1760 519 1837 573 fa-

585 594 909 664 Prophetae.
1417 604 1542 664 cere
1576 609 1587 643 2
1621 606 1795 664 neque
1825 606 1911 646 ar-

586 667 673 721 15.
697 660 913 719 ⁷Ιηιηιθ
941 677 1039 732 per
1066 676 1163 721 an-
1420 660 1520 716 bor
1548 662 1687 732 mala
1710 660 1811 715 bo-

1424 746 1527 786 nos
1555 731 1762 786 fruetus

1426 802 1515 857 19.
1574 802 1751 859 facere
1783 820 1797 857 :
1828 802 2018 860 Omnis

1419 873 1760 942 arbor,‘quae
1784 890 1895 930 non

1424 945 1551 999 facit
1579 944 1813 999 fructum

1415 1017 1615 1072 bonum
1629 1058 1644 1082 ,
1675 1017 1821 1071 exci-

1419 1087 1588 1151 ditur,
1612 1096 1665 1140 et
1698 1088 1749 1141 in
1780 1087 1861 1157 ig-

1419 1173 1544 1214 nem
1575 1159 1839 1213 mittetur.

1420 1228 1513 1284 20.
1561 1228 1725 1299 Igitur
1745 1246 1811 1284 ex
1837 1228 1980 1285 fruc-

1427 1302 1569 1355 tibus
1599 1315 1788 1357 eorum

1425 1374 1765 1440 cognoscetis

1423 1443 1515 1495 21.
1562 1457 1675 1496 eos.
1709 1442 1828 1499 Non
1856 1457 1969 1498 om-

1428 1515 1533 1577 nis,
1552 1514 1642 1583 qui
1669 1514 1804 1569 dicit

584 745 792 806 gustam
824 749 949 805 por-

581 804 731 861 tam:
765 804 844 877 (a)
872 819 1033 875 quam
1057 804 1097 875 -ι-
1120 804 1199 867 la-

585 886 635 931 ta
658 919 673 941 ,
702 884 759 958 et
787 878 1027 947 spatiosa

582 959 666 1003 est
695 962 780 1001 vta
796 988 811 1007 .
846 962 985 1017 quae

584 1019 737 1073 ducit
761 1019 826 1071 ad
858 1033 979 1087 per-

585 1089 869 1154 ditionem,
902 1098 959 1144 ct

586 1161 740 1214 multi
766 1169 893 1214 sunt

586 1232 679 1301 qui
707 1231 910 1287 intrant

586 1304 1060 1371 peril.....

586 1374 675 1455 14.
728 1388 898 1455 angus
940 1414 956 1430 .
1000 1411 1015 1426 .
1057 1412 1074 1429 .
1118 1413 1134 1430 .
1183 1411 1199 1427 .

583 1452 636 1498 ta
665 1456 745 1499 est
769 1452 872 1509 via,
889 1459 1028 1515 quae

585 1515 733 1570 ducit
757 1515 822 1569 ad
844 1517 1007 1572 vitam
1042 1534 1057 1579 ;

586 1594 642 1641 et
668 1586 821 1653 pauci
849 1598 999 1652 sunt,

583 1659 674 1727 qui
704 1657 987 1713 inveniunt

585 1744 707 1783 eam
734 1732 747 1781 !

589 1799 674 1854 15.
725 1798 1016 1859 Adtendite
1041 1813 1073 1859 a
1103 1797 1203 1855 fal-

588 1870 680 1950 sis.
696 1869 1001 1950 prophetis,

590 1941 681 2008 qui
718 1941 941 1995 veniunt

590 2010 657 2065 ad
691 2026 787 2065 vos
818 2012 871 2065 in
899 2027 1024 2068 ves-

591 2084 689 2135 titu
716 2082 920 2148 ovium,

590 2152 659 2206 ab
689 2154 832 2208 intus
858 2161 1039 2209 autem

588 2230 718 2295 sunt
745 2224 855 2293 lupi
879 2240 1034 2295 rapa-

592 2294 680 2347 16.
736 2309 828 2350 ces
858 2312 871 2348 :
898 2311 927 2349 a
946 2294 1218 2355 fructibus

588 2379 779 2447 eorum
807 2380 1037 2437 cognos—

591 2446 728 2490 εθιιε
756 2451 873 2491 COS.

596 2506 864 2576 Numquid
894 2507 1047 2565 colli-

598 2587 731 2651 gunt
758 2578 826 2631 de
848 2578 1020 2651 spinis

599 2649 749 2716 uvas,
781 2659 874 2703 aut
901 2649 972 2706 de
1001 2653 1171 2709 tribo-

602 2723 691 2777 17.
740 2720 807 2773 lis
838 2720 1013 2777 ﬁcus?
1053 2723 1145 2789 Sic
1172 2737 1291 2783 om-

606 2794 692 2851 nis
719 2792 881 2847 arbor
907 2794 1002 2847 bo-

1426 1655 1648 1709 intrabit
1677 1657 1731 1709 in
1760 1672 1882 1726 reg-

1416 1740 1545 1780 num
1572 1727 1847 1782 caelorum
1880 1745 1894 1780 :

1418 1797 1512 1851 sed
1546 1797 1634 1865 qui
1664 1796 1792 1852 facit

1418 1868 1666 1922 voluntat
1710 1907 1723 1921 .
1778 1910 1790 1921 .
1852 1909 1864 1922 .
1929 1908 1943 1922 .

1421 1937 1631 1992 Patri.
1693 1980 1706 1992 .
1770 1978 1785 1992 .
1850 1980 1864 1993 .

1423 2011 1476 2064 in
1502 2008 1669 2064 caelis
1692 2018 1796 2076 est,
1828 2012 1910 2081 ip-

1422 2095 1486 2136 se
1515 2080 1733 2134 intravit
1762 2082 1816 2136 in

1425 2165 1593 2221 regno
1622 2151 1802 2207 caelo-

1426 2221 1518 2277 22.
1569 2237 1709 2276 rum.
1744 2222 1880 2278 Ilnl-

1428 2295 1471 2347 ti
1500 2292 1681 2348 dicent
1702 2291 1834 2347 mihi

1429 2365 1483 2419 in
1518 2365 1603 2417 illa
1630 2363 1756 2419 die:
1794 2365 2041 2429 Domine,

1431 2434 1677 2501 Domine,
1710 2449 1817 2490 non
1846 2452 1915 2495 ne
1943 2434 1997 2491 in

1433 2506 1652 2561 nomine
1681 2516 1771 2561 tuo

1432 2577 1780 2657 proplietavi-

1435 2663 1555 2702 mus
1577 2689 1591 2712 ,
1616 2657 1671 2702 et
1691 2663 1745 2701 in
1768 2662 1869 2703 no-

1434 2718 1581 2774 mine
1610 2728 1702 2773 tuo
1728 2719 1855 2776 dae-

1435 2795 1616 2850 monia
1646 2791 1814 2860 ejeci-

1433 2867 1525 2921 25.
1557 2866 1715 2918 mus?
1745 2864 1812 2919 Et
1833 2874 1960 2919 tunc
1984 2860 2067 2918 dio

1442 2952 1561 2992 cam
1586 2937 1694 2992 illis
1722 2955 1735 2990 :
1766 2937 1902 3001 Quia

1438 3026 1547 3063 non
1577 3009 1701 3063 novi
1734 3023 1832 3062 vos
1860 3026 1872 3061 :

1438 3080 1705 3135 discedite
1726 3094 1757 3133 a
1788 3093 1875 3138 me

609 2882 677 2921 na
711 2862 883 2918 bonos
905 2865 1054 2922 fruc-

603 2980 616 2993 .
661 2953 725 2993 us
748 2937 875 2993 facit
902 2956 917 2991 :
948 2936 1090 2994 mala

597 3049 610 3063 .
664 3019 807 3063 utein
834 3011 996 3064 arbor

593 3120 607 3133 .
662 3092 847 3137 ructus
866 3081 1041 3138 malos

586 3150 735 3206 facit.
1433 3152 1690 3221 operarii.
1727 3193 1741 3207 .

587 3224 679 3277 18.
722 3223 836 3278 Νοη
864 3231 1044 3293 potest
1070 3238 1165 3279 ar-
1421 3224 1546 3276 tatis

1017 3313 1255 3367 CODEX
1284 3312 1748 3367 CORBEIENSIS.

588 3406 747 3461 facite
796 3405 920 3459 illis.
959 3404 1099 3459 Haec
1151 3413 1234 3459 est
1270 3406 1416 3458 enim
1464 3406 1586 3469 lex,
1617 3414 1671 3459 et
1718 3404 2034 3473 Pr0phetae.
2098 3404 2182 3459 lu-

590 3486 826 3545 tratcper
854 3486 1131 3545 angustam
1156 3484 1367 3543 portam
1395 3493 1409 3531 :
1442 3477 1568 3545 quia
1601 3476 1705 3529 lata
1745 3485 1895 3545 porta
1916 3516 1931 3541 ,
1970 3483 2025 3530 et
2060 3491 2182 3545 spa-

593 3548 726 3601 tiosa
762 3548 777 3576 ¹
820 3550 932 3625 _vi_a,
990 3562 1125 3615 quae
1173 3547 1319 3600 ducit
1372 3546 1871 3625 adnperditionetn,
1927 3554 1982 3625 et
2028 3548 2181 3601 multi

589 3625 711 3671 sunt
746 3617 833 3684 qui
867 3617 1068 3670 intrant
1116 3631 1404 3687 peream.
1437 3617 1607 3684 Quam
1663 3626 1886 3686 augusta
1930 3618 1949 3648 ²
1989 3628 2176 3687 porta,

586 3699 639 3742 et
694 3700 838 3741 arcta
891 3691 996 3753 via,
1027 3702 1165 3757 quae
1208 3686 1357 3757 ducit
1406 3690 1473 3742 ad
1523 3690 1683 3742 vitam
1713 3698 1803 3743 :et
1835 3686 1997 3757 pauci
2029 3698 2175 3753 Sltnl,

586 3760 675 3829 qui
714 3757 995 3813 inveniunt
1036 3756 1185 3813 eam!
1211 3756 1491 3815 Attendite
1518 3757 1539 3789 ³
1582 3773 1611 3812 a
1680 3756 1842 3813 falsis
1875 3759 2174 3829 prophetis,

586 3830 676 3900 qui
708 3831 927 3885 veniunt
959 3830 1024 3882 ad
1051 3845 1143 3883 vos
1177 3832 1230 3883 in
1254 3829 1274 3860 ³
1299 3830 1637 3885 vestimentis
1662 3830 1864 3893 ovium,
1923 3829 2181 3885 intrinse-

583 3914 679 3957 cus
731 3910 911 3954 autem
968 3902 1239 3971 soutilupi
1295 3917 1516 3971 rapaces
1562 3919 1574 3955 :
1616 3914 1648 3954 a
1692 3901 1951 3971 fructibus
1991 3916 2179 3957 eorum

586 3973 924 4042 cognoscetis
947 3970 1352 4041 eos.Nnmquid
1389 3974 1647 4041 colligunt
1690 3970 1757 4025 de
1798 3971 1968 4042 Spinis
2014 3988 2176 4039 uvas,

585 4056 680 4096 aut
716 4043 786 4098 de
823 4044 1032 4098 tribulis
1070 4043 1245 4097 licus?
1284 4045 1373 4098 Sic
1423 4042 1824 4097 omitis‘arbor
1874 4044 2011 4095 bona
2069 4043 2179 4097 fru-

584 4124 704 4169 ctus
752 4115 925 4169 bonos
973 4114 1101 4168 tacit
1139 4132 1151 4167 :
1186 4116 1322 4167 mala
1369 4123 1549 4169 autem
1583 4115 1742 4169 arbor
1768 4113 1788 4143 °
1816 4114 2019 4167 fructus
2063 4130 2179 4169 ma-

590 4184 670 4240 los
697 4184 845 4241 facit.
863 4183 980 4240 Non
998 4192 1175 4255 potest
1195 4186 1357 4240 arbor
1380 4186 1517 4240 bona
1544 4185 1752 4240 fructus
1773 4184 1944 4255 malos
1960 4184 2138 4239 facere
2160 4202 2173 4239 :

587 4272 761 4327 neque
803 4256 967 4310 arbor
998 4254 1138 4327 mala
1181 4256 1387 4311 fructus
1417 4257 1588 4311 bonos
1621 4256 1799 4311 facere
1832 4272 1849 4327 g
1877 4254 2065 4309 Omnis
2090 4272 2177 4310 ar«

586 4326 707 4397 bur,
739 4343 881 4397 quae
907 4342 1011 4381 non
1038 4326 1161 4381 facit
1182 4327 1413 4381 fructum
1440 4328 1635 4382 bonum
1654 4368 1669 4393 ,
1700 4326 1977 4380 excidetur
2000 4333 2095 4394 “et
2125 4329 2177 4383 in

585 4396 769 4467 ignem
784 4400 802 4429 ⁷
835 4399 1085 4453 mittitur.
1104 4397 1185 4452 Ex
1207 4398 1465 4452 fructibus
1487 4414 1673 4452 eorum
1696 4397 2038 4467 cognoscetis
2060 4413 2174 4453 eos.

631 4483 711 4539 on
730 4468 922 4535 omnis,
949 4470 1037 4539 qui
1064 4468 1197 4529 dicit
1222 4468 1375 4537 mihi,
1412 4468 1659 4536 Domine,
1690 4468 1937 4539 Domine,
1966 4468 1987 4501 '
2012 4468 2177 4524 intra-

588 4538 665 4610 bit
702 4537 755 4593 in
785 4537 1007 4610 regnum
1036 4540 1308 4594 coeloruin
1337 4557 1349 4592 :
1382 4539 1478 4595 sed
1498 4543 1518 4573 ⁹
1541 4540 1631 4610 qui
1678 4538 1803 4593 facit
1843 4540 2175 4595 voluntatem

586 4608 760 4663 Patris
802 4608 936 4675 mei,
971 4612 1061 4680 qui
1090 4612 1143 4665 iu
1174 4612 1339 4665 coelis
1368 4619 1452 4665 est
1475 4652 1490 4677 ,
1540 4608 1581 4641 ¹⁰
1609 4613 1723 4679 ipsc
1753 4612 1977 4665 intrabit
2004 4610 2056 4665 in
2090 4628 2177 4667 re-

582 4695 746 4749 gnum
779 4682 1074 4735 coclorum.
1106 4681 1256 4736 Multi
1288 4682 1471 4736 dicent
1516 4680 1643 4747 mihi
1692 4681 1748 4736 in
1781 4682 1870 4735 illa
1908 4683 2034 4736 die:
2068 4682 2174 4736 Do-

587 4752 755 4822 mine,
817 4752 1079 4819 Domine,
1134 4768 1240 4806 non
1296 4769 1363 4808 ne
1414 4753 1466 4807 in
1510 4753 1731 4807 nomine
1787 4762 1881 4806 tuo
1938 4754 2172 4822 prophe-

588 4821 840 4888 tavimus,
888 4836 940 4877 et
973 4822 1025 4877 in
1076 4823 1293 4878 nomine
1338 4835 1429 4877 tuo
1477 4822 1756 4879 daemonia
1801 4821 2091 4893 ejecimus,
2122 4834 2176 4880 et

592 4893 645 4946 in
704 4901 797 4945 tuo
857 4898 1075 4947 nomine
1119 4895 1348 4950 virtutes
1384 4894 1578 4949 multas
1638 4894 1900 4950 fecimus?
1935 4895 2003 4948 Et
2048 4905 2175 4951 tunc

589 4964 629 4993 “
661 4965 963 5036 conﬁtebor
1012 4964 1121 5036 illis
1154 4981 1167 5017 :
1200 4967 1334 5032 Quia
1388 4980 1677 5036 numquam
1733 4968 1855 5020 novi
1890 4980 1981 5020 vos
2016 4984 2028 5019 :
2059 4967 2173 5021 dis-

576 5032 755 5090 cedite
781 5048 809 5088 a
838 5050 925 5091 me
953 5034 1045 5105 qui
1071 5038 1370 5105 Operamini
1395 5032 1757 5107 iniquitatem.

1796 3191 1810 3206 .
1852 3148 1983 3220 iqui-

1418 1584 1586 1647 mihi,
1618 1584 1846 1640 Domine
1869 1625 1886 1652 ,
1921 1584 2187 1653 Domine,

1119 242 1387 301 EUSEBII
1426 239 1765 299 VEBCELL.
1812 241 2258 300 EVANGELIUM
2296 244 2440 301 CUM
2469 242 2703 300 VARIIS
2732 242 2886 299 COD.
2918 241 3310 299 COLLATUM.
3748 246 3828 300 180

2710 358 2940 416 CODEX
2981 357 3431 416 VERONENSIS.

3118 453 3287 507 malos
3314 451 3513 506 fructos

3114 524 3293 578 facere
3311 565 3325 587 ,
3354 537 3527 592 neque
3553 523 3707 580 arbor

3114 594 3255 649 mala
3298 594 3465 649 bonos
3484 592 3680 650 fructos

3115 667 3203 721 19.
3238 665 3415 720 facere
3442 681 3456 718 :
3479 664 3661 733 Omnis

3120 753 3249 808 ergo
3278 736 3458 797 arbor,

3119 807 3256 879 quae
3287 823 3395 879 non
3426 807 3549 863 facit

3121 877 3354 934 fructum
3386 877 3582 936 bonum
3604 920 3621 945 ,

3122 949 3423 1012 excidelur,
3450 959 3506 1005 et

3117 1024 3169 1076 in
3196 1023 3372 1092 ignem
3396 1022 3518 1092 mit-

3116 1093 3207 1149 20.
3242 1100 3404 1147 tetur.
3432 1091 3616 1163 Itaque

3120 1179 3187 1219 ex
3214 1163 3482 1219 fructibus

3121 1250 3311 1290 eorum
3341 1234 3673 1304 cognoscetis
3692 1249 3789 1292 eos.

3122 1305 3213 1360 21.
3242 1305 3359 1362 Non
3382 1307 3557 1362 omnis
3576 1346 3592 1371 ,

3162 1381 3214 1431 ui
3238 1378 3367 1432 dicit
3394 1377 3523 1431 mihi

2281 451 2438 506 facite
2464 451 2589 505 illis.

2283 522 2429 578 Haec
2453 531 2537 577 est
2560 523 2703 577 enim

2284 593 2391 657 lex,
2420 602 2474 647 et
2504 593 2636 649 Pro—

2282 665 2502 734 phetae.

2286 736 2375 790 15.
2415 735 2616 791 Intrate
2646 750 2742 800 per
2768 750 2864 791 an-

2284 815 2497 875 gustam
2530 823 2655 873 por-

2288 888 2394 931 tam
2429 894 2441 929 :
2472 876 2551 945 (a)
2579 891 2739 947 quam
2792 877 2834 948 1'
2881 877 2951 935 la.

2289 956 2340 1001 ta
2360 990 2375 1013 ,
2408 956 2462 1029 e_t
2491 950 2731 1019 spatiosa

2287 1028 2369 1073 est
2395 1033 2477 1071 vta
2495 1060 2511 1085 ,
2544 1034 2685 1089 quae

2287 1089 2429 1143 ducit
2465 1090 2530 1143 ad
2566 1106 2690 1160 per-

2287 1160 2545 1215 ditionem
2568 1204 2581 1225 ,
2610 1170 2666 1218 et

2290 1230 2447 1286 multi
2474 1241 2601 1287 sunt

2289 1304 2379 1427 qui
2405 1303 2608 1358 intrant

2328 1372 2383 1427 4.
2419 1389 2608 1427 pereat

2328 1372 2383 1428 4.
2419 1389 2669 1442 peream.
2698 1372 2871 1441 Quam

2289 1456 2515 1515 angusta
2544 1455 2699 1514 porta
2720 1487 2737 1512 ,

2290 1526 2345 1571 et
2371 1526 2517 1571 arcta
2545 1526 2630 1571 est
2658 1518 2743 1573 via
2765 1559 2784 1584 ,

2290 1602 2427 1657 quae
2449 1587 2595 1643 ducit
2617 1587 2684 1643 ad

2293 1660 2461 1713 vitam
2492 1676 2506 1712 :
2533 1668 2589 1714 et
2610 1658 2765 1729 pauci

2294 1739 2449 1793 sunt,
2474 1730 2565 1799 qui
2596 1732 2744 1785 inve-

2293 1801 2449 1855 niunt
2479 1815 2597 1854 eam
2621 1801 2634 1854 Ξ

2294 1871 2383 1925 15.
2411 1871 2685 1926 Attendite
2726 1873 2882 1935 vobis

2295 1957 2321 1994 a
2354 1939 2505 1995 falsis
2536 1942 2773 2011 prophe-

2295 2013 2364 2067 tis
2380 2054 2395 2075 ,
2428 2013 2517 2082 qui
2546 2013 2770 2071 veniunt

2293 2084 2359 2137 ad
2386 2098 2485 2138 vos
2512 2085 2566 2138 in
2596 2100 2691 2139 ve-

2293 2156 2425 2209 stitu
2452 2155 2668 2224 ovium,

2298 2226 2442 2280 intus
2472 2235 2651 2281 autem

2295 2307 2424 2352 sunt
2454 2297 2563 2367 lupi
2589 2313 2748 2367 rapa-

2299 2369 2388 2423 16.
2418 2382 2512 2422 ces
2538 2385 2553 2422 :
2585 2384 2613 2421 a
2645 2369 2912 2428 fructibus

2296 2453 2485 2494 eorum
2515 2453 2713 2509 cogno-

2298 2510 2463 2565 scetis
2492 2524 2606 2563 eos.

2299 2581 2437 2637 Num
2470 2581 2736 2653 colligunt

2302 2652 2371 2708 de
2396 2653 2571 2723 spinis
2595 2652 2725 2710 uvas
2744 2697 2759 2723 ,

2305 2736 2397 2779 aut
2433 2724 2502 2778 de
2532 2726 2740 2781 tribolis
2781 2726 2953 2783 ﬁcus?

2308 2798 2396 2851 1⁸7.
2422 2797 2512 2852 Sic
2551 2798 2728 2851 omnis
2757 2797 2919 2859 arbor

2305 2869 2445 2923 bona
2478 2870 2648 2925 boons
2678 2867 2791 2924 fru-

2300 2951 2419 2995 etos
2448 2940 2575 2995 facit
2603 2958 2616 2993 :
2647 2942 2791 2997 mala

2300 3020 2478 3065 autem
2503 3013 2666 3067 arbor

2301 3084 2475 3137 malos
2496 3084 2697 3140 fructos

2308 3154 2391 3209 18.
2425 3153 2569 3209 facit.
2604 3155 2717 3210 Non
2749 3170 2843 3225 po-
3130 3155 3223 3226 qui
3250 3158 3552 3225 operamini

2304 3232 2410 3279 test
2438 3226 2602 3280 arbor
2631 3226 2771 3282 bona
3132 3227 3499 3296 iniquitatem.

2751 3315 2983 3371 CODEX
3028 3316 3418 3375 BRIXIANUS.

2289 3405 2448 3460 facite
2479 3406 2605 3461 illis.
2662 3406 2806 3461 Haec
2838 3415 2921 3461 est
2950 3407 3093 3460 enim
3124 3407 3205 3461 lex
3238 3416 3291 3461 et
3318 3407 3641 3478 Prophetae.
3681 3405 3852 3478 Intrate

2290 3493 2387 3546 per
2403 3487 2681 3544 angustam
2710 3488 2942 3547 portam.
2970 3480 3091 3545 quia
3124 3479 3225 3531 lata
3257 3477 3442 3547 porta.
3467 3480 3754 3549 etspatiosa
3785 3477 3850 3528 via

2286 3565 2425 3617 quae
2454 3550 2696 3623 ducitAad
2737 3549 3093 3617 perditiOuem
3126 3559 3177 3602 et
3212 3550 3361 3602 multi
3396 3552 3638 3623 suntqui
3680 3552 3853 3623 intrant

2290 3636 2385 3693 per
2424 3636 2567 3693 eam.
2599 3620 2768 3687 Quam
2800 3629 3021 3693 angusta
3058 3632 3208 3689 porta
3239 3631 3289 3674 et
3312 3632 3433 3693 arta
3461 3623 3542 3675 via
3569 3620 3704 3693 quae
3728 3620 3849 3673 ducit

2288 3690 2355 3744 ad
2385 3692 2546 3743 vitam
2586 3703 2639 3744 et
2672 3690 2826 3759 pauci
2856 3700 2982 3743 sunt
3026 3694 3113 3758 qui
3147 3692 3424 3745 inveniunt
3457 3690 3599 3748 eam.

2363 3762 2655 3816 Adtendite
2700 3770 2879 3816 autem
2921 3777 2950 3815 a
2993 3760 3142 3815 falsis
3184 3762 3484 3831 pl‘OphCliS.
3533 3766 3620 3834 qui
3658 3763 3851 3834 veniunt

2283 3833 2351 3886 ad
2384 3848 2477 3885 vos
2501 3834 2553 3885 in
2591 3834 2780 3887 vestitu
2809 3836 3012 3886 ovium.
3049 3834 3377 3888 intrinsecus
3406 3831 3588 3890 autem
3617 3843 3733 3890 sunt
3759 3831 3850 3900 lupi

2284 3918 2529 3972 rapaces.
2582 3920 2611 3957 a
2644 3902 2905 3958 fructibus
2928 3919 3114 3958 eormn
3148 3908 3492 3973 cognoscetis
3513 3922 3627 3961 eos.

2356 3974 2626 4045 Numquid
2675 3974 2937 4043 colligunt
2978 3975 3046 4028 de
3076 3976 3244 4044 spinis
3279 3992 3409 4030 uvas
3451 3987 3543 4033 aut
3573 3978 3637 4034 de
3667 3975 3851 4032 tribolis

2285 4046 2439 4101 licus.
2470 4048 2558 4101 Sic
2580 4047 2756 4100 omnis
2778 4047 2941 4101 arbor
2969 4046 3105 4099 bona
3130 4048 3334 4102 fructus
3360 4049 3532 4103 bonos
3563 4053 3698 4103 facit.
3729 4049 3849 4102 mala

2284 4118 2658 4191 auteutarbur
2687 4117 2910 4191 fructus
2934 4119 3106 4171 malos
3154 4118 3299 4173 facit.
3339 4118 3454 4174 Non
3502 4130 3683 4191 potest
3711 4121 3851 4172 arbor

2284 4188 2423 4261 bona
2457 4188 2663 4261 fructus
2695 4189 2866 4243 malos
2889 4187 3067 4243 facere
3091 4205 3267 4261 neque
3298 4192 3462 4246 arbor
3500 4187 3636 4246 mala
3666 4190 3845 4245 fructus

2284 4259 2457 4313 bonos
2488 4258 2692 4313 facere.

2353 4330 2541 4385 Omnis
2568 4330 2711 4385 enim
2741 4330 2923 4385 arbor.
2952 4346 3089 4400 quae
3110 4346 3215 4386 non
3250 4331 3375 4387 facit
3403 4332 3638 4388 fructum
3670 4333 3849 4387 bonum

2281 4401 2567 4457 excidetur
2611 4409 2667 4455 et
2714 4403 2766 4456 in
2809 4410 2986 4472 ignem
3031 4403 3270 4459 mittetur
3319 4404 3489 4474 igitur
3536 4421 3567 4459 a
3615 4403 3850 4459 fructibus

2280 4488 2466 4529 eorum
2495 4482 2800 4528 εοηοεοθιιε
2826 4488 2940 4528 COS.

2351 4543 2468 4598 Non
2499 4546 2675 4598 omnis
2706 4546 2794 4613 qui
2819 4543 2950 4598 dicit
2976 4544 3107 4599 milii
3138 4545 3365 4601 Domine
3392 4546 3619 4601 Domine
3657 4542 3852 4602 intravit

2281 4615 2334 4670 in
2380 4630 2547 4685 regno
2574 4616 2875 4672 caelorum.
2927 4617 3021 4670 sed
3064 4619 3151 4686 qui
3178 4616 3303 4670 facit
3334 4618 3666 4672 voluntatem
3699 4616 3853 4671 Patris

2280 4688 2385 4741 mei
2409 4726 2423 4750 ,
2456 4686 2548 4756 qui
2580 4686 2630 4739 in
2662 4687 2827 4742 caelis
2867 4698 2971 4741 est.
3016 4688 3167 4741 Multi
3209 4688 3337 4741 milii
3364 4688 3551 4743 dicunt
3583 4690 3633 4743 in
3662 4688 3745 4742 illa
3776 4686 3851 4737 die

2283 4757 2527 4812 Domine.
2593 4758 2837 4813 Domine.
2902 4773 3080 4813 nonne
3130 4760 3183 4812 in
3233 4768 3324 4814 tuo
3365 4762 3587 4815 nomine
3641 4757 3852 4829 proiilie-

2280 4830 2528 4882 lavimus.
2590 4839 2645 4884 et
2710 4829 2762 4883 in
2838 4837 2929 4882 tuo
2980 4832 3197 4885 nomine
3256 4831 3543 4901 daemonia
3591 4830 3849 4901 eiecimus.

2279 4909 2333 4953 et
2383 4901 2437 4953 in
2490 4904 2579 4953 tuo
2613 4902 2829 4954 nomine
2858 4901 3085 4955 virtutes
3115 4901 3310 4955 multas
3346 4900 3599 4958 fecimus.
3624 4900 3712 4956 ’Et
3739 4910 3852 4953 tunc

2278 4969 2576 5025 confitebor
2604 4970 2712 5025 illis
2744 4972 2877 5039 Quia
2909 4988 3014 5025 non
3042 4974 3169 5027 novi
3199 4988 3294 5029 vos
3319 4972 3585 5031 discedite
3611 4989 3641 5029 a
3671 4986 3751 5027 me
3773 4966 3850 5039 qui

2277 5042 2575 5110 Operamiui
2616 5042 2955 5113 iniquitatem

3174 1450 3352 1503 omine
3374 1488 3389 1513 ,
3420 1449 3658 1515 Domine,

3127 1519 3351 1574 intrabit
3379 1521 3430 1573 in
3463 1537 3551 1575 re-

3118 1604 3278 1660 gnum
3311 1592 3587 1647 caelorum
3615 1606 3629 1647 :

3124 1662 3219 1715 sed
3247 1661 3331 1715 his
3351 1704 3367 1727 ,
3399 1663 3492 1731 qui

3125 1732 3250 1786 facit
3275 1733 3604 1789 voluntatem

3126 1803 3302 1858 Patris
3333 1805 3439 1859 mei
3463 1845 3480 1871 ,

3123 1874 3216 1943 qui
3247 1875 3300 1928 in
3330 1877 3501 1929 caelis
3526 1884 3627 1940 est,

3130 1944 3247 2015 ipse
3273 1945 3501 1999 intrabit
3524 1948 3574 2000 in

3124 2030 3347 2085 regnum
3372 2017 3666 2075 caelorum.

3126 2085 3219 2141 22.
3249 2086 3396 2141 Multi
3434 2089 3568 2144 mihi

3129 2158 3313 2213 dicent
3340 2159 3393 2211 in
3418 2158 3515 2215 illa

3130 2228 3219 2283 die
3252 2248 3265 2282 :
3293 2229 3521 2284 Domine
3539 2272 3557 2298 ,

3133 2299 3362 2355 Domine
3382 2341 3397 2365 ,
3434 2302 3544 2359 non
3573 2316 3639 2358 ne

3130 2373 3183 2425 in
3208 2373 3425 2427 nomine
3452 2383 3544 2430 tuo

3132 2441 3610 2523 prophetavimus,
3628 2453 3682 2499 et

3131 2514 3183 2568 in
3219 2514 3435 2569 nomine
3467 2525 3559 2570 tuo
3582 2515 3701 2572 dae-

3134 2584 3311 2639 monia
3342 2586 3624 2655 eiecimus,

3134 2666 3190 2711 et
3218 2656 3269 2709 in
3299 2664 3389 2711 tuo
3416 2659 3635 2715 nomine

3136 2730 3362 2782 virtutes
3390 2731 3589 2785 multas

3132 2798 3222 2854 25.
3268 2800 3532 2855 fecimus?
3570 2809 3620 2856 et

3135 2879 3266 2925 tunc
3299 2870 3499 2940 jurabo

3135 2941 3274 2996 illis:
3310 2942 3443 3009 Quia
3478 2957 3582 3001 non
3611 2939 3727 3000 nobi

3134 3028 3261 3068 vos:
3301 3015 3567 3070 discedite

3132 3100 3161 3139 a
3191 3100 3277 3139 me
3306 3100 3501 3143 omnes

1284 5128 1681 5186 VARIANTES
1720 5126 2102 5187 LECTIONES
2128 5127 2393 5189 CODlClS
2421 5132 2534 5189 MS.
2574 5132 2634 5190 S.
2666 5133 3175 5193 GERMANENSIS.

574 5268 577 5271 »
643 5242 659 5271 ¹
698 5240 878 5289 estvia

637 5304 659 5333 ²
693 5306 773 5364 est
796 5307 936 5364 porta

573 5376 589 5433 t-
640 5363 831 5435 Nobis

640 5426 663 5491 ξ
697 5426 877 5491 vestitu
899 5426 1081 5491 ovium,
1106 5427 1238 5479 intus

641 5489 663 5551 §
695 5488 821 5551 bona
843 5487 987 5551 arbor
1010 5487 1183 5551 bonos,
1208 5498 1305 5541 etc.

642 5550 663 5581 ⁸
694 5548 847 5600 malm
867 5548 1057 5601 fructus

2343 5246 2364 5313 Ϊ
2396 5247 2638 5313 minatum
2660 5247 2833 5313 Itaque

2340 5308 2363 5339 ⁸
2396 5309 2615 5359 introibit

2342 5370 2365 5401 ο
2398 5370 2448 5420 hi
2470 5375 2551 5434 qui
2580 5370 2762 5423 faciunt

2345 5431 2389 5464 ιο
2425 5434 2518 5485 ipsi
2542 5435 2790 5485 intrabunt

2348 5447 2389 5464 ιν
2425 5447 2439 5481 ι
2475 5447 2518 5482 ει
2542 5447 2790 5485 intrabunt

2348 5494 2389 5526 ιι
2419 5447 2575 5545 (εσθαι
2599 5494 2725 5547 illis:
2744 5500 2857 5561 quia
2878 5510 2975 5549 non
2998 5501 3106 5553 novi
3134 5512 3219 5552 vos

1923 5640 2289 5709 BLANCBINI
2315 5641 2539 5705 ΝΟΤΔΕ.

686 5741 762 5815 (α)
793 5741 1019 5819 Vulgata
1048 5742 1235 5803 Latina
1264 5748 1460 5815 vertit,
1488 5745 1608 5815 quia
1630 5790 1645 5813 ,
1673 5758 1893 5805 sumens
1913 5744 2025 5819 δτι,
2051 5760 2147 5819 pro
2192 5750 2263 5814 ὥς
2300 5745 2658 5809 Hellenistice.
