3950 6176
548 304 654 362 18⁷5

942 417 1171 477 CODEX
1212 413 1752 473 VERCELLENSIS.

559 516 640 586 pit
662 515 896 588 Moyses,
929 515 984 569 in
1388 510 1478 588 10.
1525 508 1767 588 Audiens
1808 514 1988 562 autem

559 579 929 643 testimonium
1385 582 1545 638 Iesus
1584 579 1811 634 miratus

558 658 619 712 ill
655 697 668 714 .
704 698 719 711 .
758 698 770 711 .
807 695 822 711 .
854 694 869 709 .
904 694 922 711 .
957 695 972 710 .
1389 665 1495 717 εει,
1538 658 1594 706 et
1633 663 1866 718 sequen-

558 728 733 784 Post.
768 765 783 781 .
819 768 830 782 .
872 768 883 780 .
922 768 936 781 .
976 768 989 782 .
1025 766 1039 781 .
1078 768 1090 781 .
1125 770 1141 795 ,
1388 724 1532 778 tibus
1561 720 1785 795 sedixit
1809 737 1860 773 εκ

1388 796 1563 850 Amen
1587 791 1709 847 dico
1734 805 1832 845 vo-

1388 867 1494 930 bis,
1521 864 1645 934 quia
1676 863 1730 918 in
1760 861 1882 917 nul-

560 799 615 854 5.
653 814 775 855 cum
802 797 1024 854 introis-

556 878 644 925 set
668 868 979 940 Capharna-

556 956 672 1006 um,
702 936 933 997 accessit
1386 936 1441 992 lo
1471 945 1674 991 tantam

558 1013 626 1067 ad
654 1028 777 1067 eum
807 1012 927 1080 qui-
1388 1007 1558 1080 fidem
1578 1007 1729 1080 inve-

559 1083 686 1137 dam
709 1075 912 1137 Centu-
1390 1079 1443 1134 ni
1462 1077 1517 1134 in
1540 1075 1792 1131 Istrahel.

1344 1208 1351 1215 ,
1393 1151 1481 1205 11.
1525 1149 1655 1204 Dico
1684 1154 1865 1202 autem
1885 1162 1984 1203 vo-

1390 1222 1495 1287 bis,
1523 1218 1666 1291 quod
1687 1219 1825 1274 mul-

1391 1294 1429 1347 ti
1456 1294 1522 1347 ab
1548 1293 1777 1353 oriente,

1390 1371 1446 1418 et
1464 1361 1745 1418 occidente

1388 1435 1582 1490 venien
1625 1473 1639 1487 .
1687 1474 1700 1487 .
1746 1471 1759 1487 .
1806 1474 1820 1487 .

1388 1506 1647 1561 cumbunt
1674 1520 1795 1560 cum

1390 1575 1685 1640 Abraham,
1715 1585 1771 1630 et

1393 1647 1530 1712 Isac,
1554 1656 1608 1701 et
1632 1646 1799 1701 Iacob

1394 1718 1447 1773 in
1479 1732 1647 1786 regno
1674 1732 1797 1772 cae-

1394 1790 1485 1843 12.
1530 1788 1706 1842 lorum
1732 1806 1745 1843 :
1778 1788 1847 1842 [ili
1875 1802 1973 1842 au-

1394 1868 1503 1915 tem
1534 1858 1684 1915 regni
1716 1860 1867 1915 ibunt

1395 1931 1450 1986 in
1476 1931 1728 1985 tenebras

1395 2000 1697 2057 exteriores
1717 2019 1729 2055 :
1760 2002 1802 2056 i-

1395 2073 1452 2129 bi
1474 2073 1576 2127 erit
1596 2072 1774 2137 ﬂetus,

1396 2153 1451 2201 et
1476 2143 1679 2199 stridor
1707 2143 1845 2199 den-

559 1155 667 1220 rio,
696 1168 891 1223 rogans
920 1168 1065 1214 eum,

562 1224 617 1279 6.
657 1233 713 1279 et
736 1226 955 1306 dicens:
999 1223 1243 1293 Domine,

560 1310 697 1364 puer
722 1310 876 1350 meus
907 1310 988 1365 ja-

561 1375 648 1421 cet
674 1366 726 1420 in
757 1365 920 1422 domo

562 1437 910 1509 paralyticus,

562 1517 619 1562 et
647 1510 786 1564 male
814 1519 1029 1579 torque—

562 1580 615 1632 7.
663 1589 768 1634 tur.
812 1580 879 1634 Et
905 1582 979 1635 ait

561 1650 636 1732 illi
667 1650 859 1706 Iesus:
904 1651 1016 1721 Ego
1042 1666 1134 1707 ve-

561 1737 740 1787 mens,
770 1736 928 1775 cura-

564 1791 619 1845 8.
662 1793 732 1846 bo
754 1807 899 1847 eum.
935 1791 1003 1847 Et
1027 1806 1144 1848 res-

565 1862 814 1931 pondens
841 1862 982 1918 Cen-

564 1934 730 1999 turio,
764 1935 838 1989 ait
867 1934 945 1988 illi
973 1956 986 1989 :

566 2003 815 2071 Domine,
846 2020 953 2061 non
981 2019 1101 2061 sum

565 2075 761 2143 dignus
788 2084 848 2131 ut
875 2078 957 2130 in-

567 2156 678 2200 tres
710 2146 811 2203 sub
838 2156 1037 2202 tectum

566 2231 747 2272 meum
768 2234 783 2277 ;
827 2218 924 2273 sed
962 2227 1081 2273 tan-
1395 2217 1549 2270 tium.

568 2298 678 2342 tum
708 2288 794 2345 dic
823 2304 947 2345 ver-
1399 2287 1487 2341 15.
1531 2285 1601 2341 Ει
1629 2286 1767 2340 dixit
1792 2286 1996 2342 Centu-

568 2360 603 2411 b
638 2400 649 2411 .
687 2402 702 2416 .
738 2402 749 2414 .
788 2402 800 2414 .
836 2400 850 2415 .
881 2360 1035 2417 nabi-
1397 2356 1539 2413 rioni
1570 2376 1584 2413 ε
1616 2357 1788 2423 Vade,
1819 2358 1896 2413 si-

570 2430 625 2501 9.
670 2471 681 2483 .
720 2470 731 2483 .
767 2470 781 2483 .
814 2472 828 2486 .
862 2472 875 2485 .
906 2446 994 2485 am
1024 2440 1082 2487 et
1109 2444 1209 2501 ego
1398 2440 1492 2501 cut
1512 2426 1791 2501 credidisti

569 2499 734 2555 homo
774 2516 893 2556 sum
934 2502 1035 2558 sub
1147 2498 1167 2501 “
1400 2498 1628 2554 Iiattibi.
1658 2500 1722 2554 Et
1760 2514 1920 2555 sana-

571 2580 895 2641 potestatem
1400 2578 1488 2626 tus
1515 2579 1600 2625 est
1626 2585 1760 2640 puer
1788 2585 1856 2625 ex
1883 2570 1949 2625 il-

569 2640 919 2708 constitutus,
1400 2641 1451 2696 la
1484 2640 1638 2695 hora.

1402 2713 1492 2770 14.
1536 2712 1744 2766 Etcum
1770 2711 1950 2767 venis-

1402 2793 1489 2839 set
1511 2782 1671 2839 Jesus
1701 2786 1755 2837 in
1787 2784 1889 2837 do-

1402 2870 1550 2911 mum
1580 2854 1750 2921 Petri,
1783 2852 1867 2907 vi-

1403 2926 1484 2981 dit
1499 2940 1715 2981 socrum
1742 2924 1861 2995 ejus

1397 2997 1693 3067 jacentem,
1723 2994 1781 3050 et
1805 2994 1889 3051 fe-

1402 3069 1749 3124 bricitantem
1775 3085 1788 3119 :

1403 3138 1492 3195 15.
1534 3147 1590 3196 et
1610 3139 1786 3209 tetigit
1809 3153 1928 3194 ma-

1006 3283 1240 3340 CODEX
1268 3282 1738 3340 CORBEIENSIS.

568 3375 644 3444 pit
671 3373 913 3446 Moyses.
939 3374 1017 3446 in
1043 3375 1410 3429 testimonium
1442 3373 1613 3446 illis.f
1656 3372 1832 3446 Quum
1859 3381 2038 3446 autem
2080 3372 2165 3446 in-

571 3442 793 3500 troisset
819 3442 1218 3515 Capharnaum,
1270 3444 1500 3499 accessit
1545 3443 1613 3498 ad
1663 3458 1785 3498 eum
1817 3444 1837 3474 ³
1874 3442 2155 3511 Centurio,

569 3529 771 3585 rogans
800 3530 947 3579 eum,
976 3525 1033 3570 et
1058 3516 1275 3570 dicens:
1309 3515 1560 3579 Domine,
1592 3528 1899 3585 puerimeus
1924 3515 2065 3581 jacet
2101 3516 2155 3569 in

571 3584 736 3657 domo
768 3587 1114 3657 paralyticns,
1138 3595 1193 3641 et
1222 3586 1362 3640 male
1388 3594 1688 3657 torquetur.
1714 3584 1960 3657 Etaitilli
1981 3585 2155 3657 Iesus:

571 3657 686 3725 Ego
716 3656 738 3686 ³
775 3656 987 3711 veniam
1009 3699 1023 3717 ,
1070 3667 1125 3711 et
1150 3659 1352 3711 curabo
1372 3670 1517 3711 eum.
1565 3656 1634 3710 Et
1665 3656 1997 3725 respondens
2023 3656 2161 3711 Cen-

571 3728 715 3782 turio
734 3768 748 3789 .
793 3729 929 3783 dixit
954 3746 966 3783 :
1010 3728 1240 3783 Domine
1283 3743 1391 3782 non
1410 3742 1525 3781 sum
1551 3728 1745 3797 dignus
1774 3734 1835 3780 ut
1864 3728 2029 3781 intres
2060 3728 2161 3782 sub

570 3806 771 3853 tectum
804 3814 1013 3854 meum:
1043 3799 1139 3855 sed
1173 3807 1377 3853 tantum
1397 3798 1485 3853 dic
1518 3803 1768 3859 verbum,
1791 3808 1845 3852 et
1887 3799 2162 3853 sanabitur

568 3884 705 3940 puer
725 3885 902 3926 meus.
926 3870 1060 3926 Nam
1093 3879 1147 3923 et
1174 3884 1274 3940 ego
1305 3870 1467 3923 homo
1492 3885 1611 3924 sum
1640 3868 1784 3940 Sub}
1814 3876 2157 3939 potestatem,

567 3939 776 3996 habens
806 3942 908 3997 sub
933 3957 1021 3996 me
1051 3938 1271 4006 milites,
1298 3950 1352 3995 et
1378 3940 1501 3995 dico
1532 3939 1683 3994 huic:
1710 3938 1878 4003 Vade,
1912 3949 1967 3995 et
1994 3941 2159 4006 vadit;

567 4022 624 4066 et
649 4013 777 4076 alio,
801 4012 965 4079 Veni,
993 4022 1048 4068 et
1076 4012 1254 4077 venit;
1286 4021 1342 4066 et
1370 4026 1535 4067 servo
1560 4026 1682 4065 meo
1708 4011 1762 4077 ³,
1804 4011 1911 4065 Fac
1936 4012 2068 4077 hoc,
2109 4022 2163 4067 et

564 4083 715 4139 facit.
758 4083 1000 4139 Audiens
1041 4091 1218 4138 autem
1249 4082 1407 4138 Iesus
1454 4083 1679 4137 miratus
1718 4091 1835 4145 est,
1860 4091 1915 4135 et
1936 4097 2164 4152 sequen-

566 4154 711 4209 tibus
771 4170 831 4209 se
883 4155 1075 4209 dixit:
1119 4156 1290 4209 Amen
1363 4154 1485 4209 dico
1558 4154 1753 4215 vobis,
1822 4168 1927 4207 non
1983 4154 2161 4208 inveni

567 4224 588 4255 ⁶
620 4235 821 4280 tantam
866 4227 1026 4281 Iidem
1075 4228 1127 4280 in
1161 4224 1352 4280 Israel.
1399 4225 1529 4279 Dico
1566 4232 1747 4280 autem
1797 4224 1971 4289 vobis,
2021 4225 2162 4293 quod

565 4298 720 4350 multi
750 4299 819 4351 ab
841 4302 1074 4362 oriente,
1101 4304 1157 4350 et
1185 4295 1468 4351 occidente
1498 4296 1740 4359 venient,
1774 4301 1830 4349 et
1850 4296 2167 4350 recumbent

563 4381 687 4421 cum
707 4368 998 4432 Abraham,
1028 4380 1079 4420 et
1108 4368 1277 4435 Isaac,
1306 4365 1547 4422 etJacob
1575 4366 1627 4419 in
1659 4381 1827 4435 regno
1846 4366 2122 4421 coelorum
2151 4384 2164 4421 :

566 4437 663 4492 ﬁlii
691 4448 870 4493 autem
902 4438 1053 4508 regni
1088 4440 1107 4470 ⁷
1138 4438 1440 4508 ejicientur
1462 4438 1515 4490 in
1545 4437 1796 4508 tenebras
1819 4438 2121 4508 exteriores
2150 4455 2164 4492 :

565 4507 640 4562 ibi
677 4511 780 4563 erit
830 4506 988 4565 ﬂetus
1018 4511 1062 4573 ⁸,
1092 4518 1147 4563 et
1186 4508 1385 4563 stridor
1414 4507 1679 4561 dentium.
1729 4507 1794 4561 Et
1843 4506 1978 4562 dixit
2013 4508 2169 4564 Iesus

564 4577 883 4634 Centurioni
914 4598 928 4634 :
960 4581 1129 4642 Vade.
1161 4588 1217 4634 et
1243 4580 1385 4633 sicut
1409 4577 1687 4633 credidisti
1716 4577 1809 4631 ﬁat
1833 4579 1951 4633 tibi.
1984 4579 2052 4633 Et
2084 4596 2161 4633 sa.

566 4657 727 4731 natus
750 4658 835 4705 est
867 4666 1004 4731 puer
1078 4653 1131 4705 in
1154 4652 1252 4731 illa
1280 4650 1435 4705 hora.
1467 4648 1719 4731 thuum
1746 4650 1985 4731 venisset
2012 4650 2170 4731 Iesus

564 4723 622 4792 in
650 4720 886 4776 domum“
908 4722 1088 4787 Petri.
1117 4721 1251 4776 vidit
1285 4735 1503 4778 socrum
1535 4720 1651 4790 ejus
1676 4722 1967 4792 jacentem,
1995 4732 2051 4779 ct
2093 4721 2171 4778 fe-

561 4791 941 4851 briticantem:
974 4804 1028 4849 et
1059 4793 1231 4863 tetigit
1251 4807 1364 4847 ma-

570 2712 779 2770 habens
815 2716 917 2770 sub
946 2730 1034 2769 me

571 2785 794 2852 milites,
839 2796 894 2841 et
932 2785 1056 2841 dico

572 2855 731 2911 huic:
775 2856 945 2924 Vade,
988 2865 1045 2913 et
1074 2855 1255 2923 vadit;

570 2927 700 2992 alio,
746 2928 901 2993 Veni,
945 2936 1001 2983 et

568 2998 719 3053 venit
741 3016 757 3065 ;
795 3010 850 3054 et
888 3014 1048 3055 servo

568 3084 694 3124 meo
732 3071 876 3135 dico,
917 3070 1026 3126 Fac

572 3140 695 3209 hoc,
740 3150 797 3198 et
833 3140 984 3198 facit.

1085 302 1355 361 EUSEBII
1392 296 1735 358 VERCELL.
1778 294 2226 353 EVANGELIUM
2256 295 2399 353 CUM
2437 293 2670 352 VARIIS
2705 293 2862 352 COD.
2901 292 3293 353 COLLATUM.
3719 294 3808 350 186

2687 410 2920 468 CODEX
2957 409 3410 467 VERONENSIS.

3088 505 3175 560 10.
3221 504 3455 561 Audiens
3485 511 3657 559 autem

3083 575 3241 632 Iesus
3262 578 3485 632 miratus

3083 657 3187 714 est,
3216 656 3273 719 et
3300 645 3641 719 sequentibus

3084 733 3145 775 se
3160 718 3293 774 dixit
3314 736 3327 773 :

3085 790 3256 846 Amen
3277 790 3400 845 dico
3415 790 3586 857 vobis,

3084 862 3396 917 noninveni

3085 943 3287 987 tantam
3312 933 3474 988 iidem

3085 1006 3138 1060 in
3171 1003 3418 1059 Istrahel.

3087 1076 3175 1131 11.
3220 1076 3348 1130 Dico
3374 1083 3558 1131 autem

3086 1146 3263 1213 vobis,
3293 1148 3439 1218 quod

3092 1218 3245 1272 multi
3277 1220 3344 1272 ab
3372 1218 3604 1283 oriente,

3090 1300 3146 1345 et
3174 1288 3456 1344 occidente

3091 1361 3337 1427 venient,
3369 1371 3427 1416 et

3086 1432 3405 1487 recumbent

3085 1517 3207 1558 cum
3242 1502 3412 1558 Abra-
3452 1550 3461 1561 .

3092 1574 3237 1640 ham,
3260 1582 3315 1627 et
3335 1573 3471 1643 Isac,

3092 1656 3145 1700 et
3169 1644 3337 1700 Iacob
3365 1646 3417 1702 in

3094 1731 3263 1787 regno
3288 1718 3600 1785 caelorum:

3098 1788 3188 1844 12.
3232 1787 3327 1842 ﬁlii
3349 1800 3528 1844 autem

3098 1861 3248 1929 regni
3280 1860 3437 1930 hujus

3089 1932 3245 1986 ibunt
3276 1932 3328 1984 in
3360 1932 3616 1987 tenebras

3087 2001 3390 2058 exteriores
3418 2021 3433 2059 :
3467 2003 3542 2058 ibi

3090 2074 3195 2130 erit
3220 2072 3380 2129 ﬂetus
3406 2117 3421 2141 ,

3088 2155 3143 2201 et
3176 2144 3376 2199 stridor
3405 2145 3665 2200 dentium.

3090 2216 3182 2272 15.
3223 2216 3290 2270 Ει
3309 2215 3445 2271 dixit
3462 2216 3625 2272 Iesus

3096 2287 3412 2342 Centurioni
3443 2306 3456 2343 :

3095 2357 3286 2423 Valde,
3319 2359 3462 2413 sicut
3490 2372 3611 2414 cre-

3102 2428 3287 2484 didisti
3316 2429 3408 2485 fiat
3437 2430 3534 2486 tibi
3561 2469 3576 2497 ,

3103 2501 3169 2555 Et
3189 2511 3410 2556 sanatus

2263 2570 2611 2639 constitutus,
3098 2582 3184 2628 est
3210 2587 3344 2641 puer
3372 2587 3443 2628 ex

2263 2641 2470 2696 habens
2495 2642 2596 2697 sub
3099 2642 3189 2697 illa
3222 2642 3378 2699 hora.

2265 2725 2355 2767 me
2382 2711 2603 2779 milites,
2634 2724 2689 2769 et
3101 2712 3190 2769 14.
3221 2715 3285 2768 Ει
3308 2729 3432 2769 cum
3461 2714 3644 2771 venis-

2267 2783 2390 2837 dico
2420 2782 2543 2839 huic
2568 2803 2581 2838 :
2614 2784 2786 2853 Vade,
3100 2794 3184 2841 set
3207 2784 3365 2841 Iesus
3391 2785 3447 2840 in

2267 2863 2324 2909 et
2348 2853 2495 2908 vadit
2519 2872 2534 2921 ;
2566 2865 2621 2912 et
3102 2855 3324 2911 domum
3350 2856 3534 2923 Petri,

2266 2925 2397 3008 alio,
2430 2924 2589 2995 Veni,
2623 2935 2679 2982 et
3104 2927 3238 3008 vidit
3254 2942 3483 3008 socrum

2268 2999 2452 3068 venit;
2474 3009 2529 3052 et
2555 3014 2713 3055 servo
3105 3001 3222 3068 ejus
3249 2999 3545 3068 jacentem,

2271 3082 2395 3123 meo
2424 3066 2569 3134 dico,
2601 3069 2709 3126 Fac
3107 3066 3163 3124 et
3191 3066 3589 3125 febricitantem
3618 3086 3631 3123 :

2273 3139 2399 3205 hoc,
2426 3150 2483 3195 et
2528 3141 2674 3196 facit.
3104 3141 3196 3197 15.
3237 3151 3294 3198 et
3324 3142 3496 3213 tetigit
3520 3154 3731 3198 manum

2745 3281 2975 3338 CODEX
3016 3280 3409 3340 BRIXIANUS.

2274 3372 2487 3444 Moyses
2537 3374 2592 3429 in
2647 3373 3011 3444 testimonium
3082 3374 3208 3429 illis.
3277 3374 3406 3429 Post
3472 3372 3612 3430 haec
3668 3381 3844 3444 autem

2271 3443 2391 3498 cum
2449 3446 2727 3500 introisset
2776 3445 2827 3498 in
2885 3443 3283 3516 Capharnaum.
3340 3447 3570 3500 accessit
3619 3443 3683 3499 ad
3739 3455 3845 3497 eum

2264 3515 2521 3571 Centurio
2568 3531 2764 3586 rogans
2817 3531 2939 3570 eum
2970 3515 3044 3570 et
3074 3517 3279 3572 dicens.
3305 3517 3533 3571 Domine
3560 3531 3691 3587 puer
3714 3526 3847 3587 meus

2249 502 2485 576 Moyses,
2502 503 2558 559 in
2577 513 2655 559 te-

2248 577 2566 631 stimonium
2587 576 2714 635 illis.

2250 647 2313 702 5.
2355 646 2485 702 Post
2514 648 2647 703 haec
2677 658 2878 717 autem,

2250 733 2373 772 cum
2406 718 2684 778 introisset

2250 786 2632 858 Chafarnaum,

2251 860 2477 915 accessit
2498 861 2565 915 ad
2591 877 2713 917 eum

2250 931 2469 1001 quidam
2497 932 2776 1001 Centurio,

2250 1017 2448 1073 rogans
2472 1017 2619 1070 eum,

2251 1085 2308 1129 et
2334 1073 2519 1128 dicens
2555 1093 2568 1129 :

2255 1144 2308 1200 6.
2355 1145 2599 1228 Domine,
2626 1163 2763 1219 puer

2253 1230 2407 1272 meus
2426 1228 2572 1286 jacet

2253 1289 2307 1341 in
2338 1287 2500 1342 domo
2529 1305 2682 1358 para-

2254 1357 2471 1430 lyticus,
2504 1357 2559 1415 et
2588 1362 2728 1418 male

2255 1440 2556 1500 torquetur.

2257 1502 2311 1555 7.
2354 1502 2443 1556 Ait
2469 1501 2545 1555 illi
2569 1502 2729 1561 Iesus
2760 1525 2774 1561 :

2257 1572 2373 1643 Ego
2398 1572 2634 1643 veniam,

2258 1654 2312 1699 et
2342 1643 2544 1700 curabo

2258 1730 2404 1771 eum.

2258 1788 2310 1842 8.
2356 1785 2423 1840 Et
2439 1788 2776 1858 respondens

2255 1858 2536 1925 Centurio,
2570 1860 2645 1915 ait
2685 1861 2759 1916 illi
2794 1876 2807 1913 :

2256 1929 2483 1984 Domine
2513 1946 2619 1985 non

2257 2016 2375 2055 sum
2403 2000 2595 2071 dignus
2617 2011 2677 2058 ut

2259 2073 2428 2126 intres
2453 2072 2553 2127 sub
2583 2080 2661 2129 te—

2257 2154 2404 2198 ctum
2432 2159 2609 2199 meum
2635 2163 2649 2201 :
2680 2146 2775 2201 sed

2259 2224 2466 2269 tantum
2489 2213 2576 2269 die
2612 2232 2734 2271 ver-

2260 2285 2351 2352 bo,
2381 2295 2437 2341 et
2459 2288 2737 2344 sanabitur

2260 2357 2317 2411 9.
2357 2371 2508 2426 puer.
2533 2357 2665 2413 Nam
2692 2368 2747 2415 et

2260 2443 2362 2498 ego
2388 2427 2552 2483 homo
2576 2445 2697 2485 sum

2262 2499 2363 2553 sub
2387 2508 2651 2566 pOIestate

2258 3588 2402 3657 jacet
2448 3588 2501 3641 in
2553 3582 2715 3642 domo
2765 3587 3112 3658 paralyticus.
3158 3598 3211 3643 et
3267 3588 3407 3643 male
3452 3582 3748 3658 torquetur.
3793 3582 3844 3637 Et

2263 3656 2340 3713 ait
2386 3658 2464 3713 illi
2509 3658 2685 3729 Iesus.
2743 3659 2854 3729 Ego
2902 3656 3127 3714 veniens
3177 3658 3381 3713 curabo
3442 3673 3592 3714 eum.
3638 3656 3701 3729 Et
3746 3668 3845 3709 res~

2264 3730 2509 3799 pandens
2546 3731 2595 3785 ei
2626 3727 2888 3784 Centurio
2945 3731 3020 3784 ait
3067 3730 3292 3784 Domine
3332 3747 3437 3784 non
3495 3745 3618 3785 sum
3672 3727 3843 3799 dignus

2266 3797 2323 3856 ut
2366 3801 2537 3856 intres
2577 3802 2679 3856 sub
2708 3810 2906 3855 tectum
2951 3816 3152 3855 meum.
3196 3801 3291 3857 sed
3335 3811 3542 3856 tantum
3586 3801 3673 3855 dic
3694 3797 3845 3853 verbo

2266 3885 2317 3927 et
2364 3872 2641 3927 sanabitur
2695 3878 2829 3941 puei'
2886 3887 3059 3927 meus.
3109 3872 3240 3927 Nam
3285 3885 3339 3927 et
3381 3886 3481 3942 ego
3527 3872 3690 3927 homo
3735 3882 3843 3942 sum

2266 3942 2472 3998 habens
2502 3944 2602 3998 sub
2643 3938 2964 4013 potestatem
3015 3959 3190 3998 meam
3234 3938 3437 3997 milites
3470 3952 3527 3998 et
3573 3942 3693 3997 dico
3734 3938 3843 3994 huic

2264 4014 2414 4069 Vade
2444 4024 2498 4069 et
2527 4014 2693 4068 vadit.
2727 4024 2782 4069 et
2810 4015 2918 4068 alio
2946 4012 3101 4069 Veni.
3136 4026 3191 4069 et
3218 4016 3414 4069 veniet.
3442 4024 3496 4069 et
3536 4027 3694 4070 servo
3716 4025 3843 4065 meo.

2266 4085 2375 4140 Fac
2402 4085 2503 4140 hoc
2526 4095 2582 4140 et
2604 4085 2749 4140 facit.
2772 4086 3010 4141 Audiens
3038 4097 3216 4140 autem
3239 4085 3396 4140 Iesus
3425 4086 3653 4140 miratus
3679 4090 3774 4136 est.
3799 4089 3847 4133 et

2267 4156 2409 4211 dixit
2476 4158 2826 4225 sequentibus
2878 4172 2958 4212 se.
3012 4156 3184 4211 Amen
3249 4157 3371 4211 dico
3416 4156 3596 4211 vobis.
3656 4169 3747 4207 nec
3798 4152 3842 4225 in

2266 4223 2680 4282 Isralteltatitatn
2696 4228 2852 4282 Iidem
2870 4229 3069 4283 inveni.
3090 4230 3405 4283 Dicoautem
3421 4228 3575 4282 vobis
3588 4226 3706 4295 quia
3725 4223 3844 4276 lltttl-

2269 4299 2307 4352 ti
2322 4299 2425 4353 abll
2446 4300 2654 4353 oriente
2683 4310 2738 4354 et
2764 4299 3044 4354 occidente
3070 4301 3357 4355 venientet
3376 4298 3841 4353 diseumbentcnm

2268 4369 2541 4424 Abraham
2573 4378 2629 4447 et
2662 4370 2822 4447 Isaac
2856 4380 2911 4424 et
2936 4369 3105 4447 Iacob
3143 4372 3194 4424 in
3221 4386 3388 4447 regno
3415 4370 3715 4447 caelorum.
3758 4364 3841 4447 iilii

2270 4450 2450 4495 autem
2479 4440 2632 4511 regni
2662 4441 2818 4511 hujus
2859 4442 3198 4511 expellentur
3231 4440 3299 4495 in
3328 4441 3585 4495 tenebras
3624 4440 3844 4511 exteriu-

2272 4527 2384 4566 res.
2415 4512 2484 4566 ibi
2516 4508 2621 4567 erit
2653 4508 2814 4566 ﬂetus
2840 4524 2893 4567 et
2920 4508 3121 4568 stridor
3147 4512 3411 4567 dentium.
3449 4511 3513 4565 Et
3540 4511 3679 4564 dixit
3702 4508 3844 4563 Iesus

2271 4582 2587 4638 Centurioni
2623 4582 2769 4639 Vade
2796 4591 2851 4639 et
2876 4584 3015 4639 sicut
3045 4582 3321 4639 credidisti
3354 4584 3447 4637 ﬁat
3476 4582 3573 4635 tibi
3602 4581 3668 4634 Et
3694 4592 3843 4633 sana-

2275 4663 2360 4728 t_us
2384 4663 2469 4709 est
2495 4670 2631 4728 puer
2656 4655 2708 4728 in
2741 4654 2828 4728 illa
2877 4655 3031 4710 hora.
3078 4656 3294 4728 Etcum
3329 4655 3576 4709 venisset
3614 4651 3771 4728 Iesus
3797 4647 3844 4728 in

2273 4721 2675 4797 domnm'Petri
2703 4725 2839 4781 vidit
2865 4740 3080 4782 socrum
3108 4726 3226 4797 ejus
3251 4725 3520 4797 jacentem
3552 4734 3609 4779 et
3638 4721 3843 4778 febrici-

2276 4805 2497 4852 tantem.
2527 4806 2584 4852 et
2610 4796 2638 4835 ι)
2669 4796 2789 4867 tigit
2818 4812 2904 4852 ma

1257 4922 1657 4985 VARIANTES
1684 4926 2064 4988 LECTIONES
2092 4930 2358 4990 CODICIS
2394 4934 2508 4990 MS.
2551 4933 2610 4992 S.
2649 4932 3158 4994 GERMANENSIS.

623 5048 642 5076 ¹
678 5043 796 5094 Post
818 5042 941 5092 haec
963 5045 1132 5091 autem
1153 5051 1265 5089 cum

620 5110 644 5139 ²
677 5105 873 5168 quidam

622 5170 643 5201 ³
676 5165 885 5218 veniens
901 5165 1084 5215 curabo

618 5232 641 5261 ἰ
673 5230 765 5280 sub
787 5234 1031 5292 potestate
1054 5226 1344 5277 constitutus
1364 5233 1417 5277 et
1436 5227 1595 5279 habeo

620 5296 642 5324 δ
672 5290 802 5355 dico;
828 5290 925 5340 Fac
947 5290 1040 5339 hoc

2324 5051 2346 5081 δ
2379 5051 2429 5098 in
2450 5048 2584 5100 nullo
2607 5055 2813 5110 tantam,
2836 5058 2935 5101 etc.

2323 5114 2343 5143 ⁷
2379 5110 2524 5174 hujus
2546 5113 2687 5163 ibunt
2708 5114 2759 5162 in

2321 5174 2345 5205 ⁸
2376 5174 2631 5224 oculorum

2322 5238 2344 5268 ο
2379 5249 2443 5286 ex
2464 5236 2544 5286 illa
2568 5237 2687 5287 hora
2715 5239 2759 5285 ο.
2783 5236 2847 5288 Ει
2866 5249 3135 5289 conversus
3158 5235 3391 5288 Centurio
3415 5236 3464 5285 in
3496 5236 3697 5286 domum
3720 5244 3847 5284 suam

2262 5299 2439 5349 eadem
2458 5298 2575 5350 hora
2601 5301 2788 5351 invenit
2808 5313 3017 5364 puerum
3038 5311 3223 5349 sanum.
3245 5297 3305 5350 Et
3322 5312 3494 5362 quum,
3521 5307 3622 5349 etc.

1876 5397 2241 5458 BLANCHINI
2279 5401 2508 5459 NOTAE.

627 5526 651 5553 η
678 5515 871 5571 extrita
904 5520 989 5568 est
1013 5510 1249 5581 aspirata
1278 5512 1331 5564 It.

622 5588 649 5625 ι)
679 5588 818 5641 forte
840 5584 1093 5639 excidere
1118 5582 1436 5652 Antiquario
1463 5582 1672 5652 priores
1700 5584 1896 5639 littera:
1928 5594 1994 5638 te.

2243 5516 2422 5572 addita
2474 5529 2595 5590 post
2621 5535 2839 5576 versum
2870 5523 2938 5577 15
2968 5539 2981 5576 :
3030 5520 3097 5575 Et
3127 5537 3358 5576 reversus
3385 5520 3632 5575 Centurio
3661 5523 3714 5575 in
3757 5519 3819 5573 do

2244 5605 2387 5664 luunt
2417 5608 2564 5644 suam
2590 5594 2643 5646 in
2690 5593 2782 5646 illa
2828 5593 2943 5664 ipsa
2970 5593 3119 5656 liora,
3153 5593 3341 5646 inuenit
3378 5608 3596 5664 puerum
3644 5608 3839 5647 sanum.

628 5672 648 5695 υ
682 5658 947 5730 Observat
967 5654 1464 5730 _I.tteas_Brugensis
1491 5654 1544 5708 in
1569 5654 1722 5730 Notis
1741 5656 1805 5708 ad
1834 5654 2145 5730 varias_l_ee-
2246 5658 2401 5715 Unde
2430 5671 2638 5717 certum
2670 5654 2859 5718 exstat'
2874 5680 2981 5718 non
3015 5654 3219 5719 temere
3247 5654 3415 5718 fuisse
3440 5668 3647 5730 scripta
3675 5667 3742 5717 ab
3766 5663 3843 5715 ln-

552 5734 726 5784 titmcs
756 5726 1087 5780 cditionibus
1126 5724 1330 5779 Graecis
1362 5724 1638 5794 Evangelii
1671 5726 1969 5781 secundum
2014 5727 2146 5783 Mat-

2250 5740 2492 5799 terprete
2524 5735 2714 5788 Latino
2743 5749 2845 5788 ms.
2877 5736 3081 5791 codicis
3111 5734 3170 5790 S.
3204 5733 3479 5791 Germani.
3510 5732 3718 5791 Confer
3744 5734 3838 5792 ista

552 5808 771 5861 illatum,
803 5796 853 5849 in
890 5794 1163 5849 nonnullis
1204 5795 1601 5866 exemplaribus
1630 5795 1835 5853 Graecis
1864 5797 1980 5852 haec
2025 5814 2148 5854 esse
2248 5794 2369 5856 cuni
2404 5803 2582 5859 verbis
2612 5805 2770 5861 Luca:
2792 5821 2912 5876 cap.
2951 5816 3044 5874 vn,
3076 5821 3222 5862 vers.
3250 5804 3336 5860 10.
