1975 3088
255 131 306 160 187
522 129 656 160 EUSEBll
676 129 845 159 VERCELL.
861 129 1084 159 ΕνΑΝαειιυιί
1098 130 1169 160 CUM
1185 129 1300 159 VARUS
1316 130 1395 159 COD.
1414 130 1612 161 COLLATUM.
1837 136 1881 163 188

453 189 567 217 CODEX
583 187 851 218 VERCELLENSIS.

258 235 292 263 lis
307 244 313 262 z
325 234 393 270 Quid
408 235 492 264 timidi

257 271 333 302 estis.
346 271 468 299 modicae

259 307 321 334 ﬁdei
330 306 342 333 ?

259 342 335 384 :l‘nnc
347 349 458 378 surgens
469 363 477 376 ,

260 385 511 413 impera......

261 419 288 440 ιο
298 418 325 440 et
338 413 416 446 mari,
428 417 456 441 et

261 449 329 476 facta
344 453 386 476 est
398 454 471 476 tran-

260 484 378 519 quillitas
386 491 468 520 imag-

259 520 304 547 27.
325 528 370 547 na.
385 519 424 547 Illi
438 519 528 549 autem

260 555 386 583 homines
405 555 457 583 mi-

261 591 312 618 rati
324 596 396 623 sunt.
407 591 500 620 dicen-

261 631 302 654 tes
315 635 321 653 :
334 627 440 662 qualis.
462 647 470 654 .

262 662 316 695 hic,
328 662 399 697 quod
410 670 475 690 ven-
502 667 505 669 ‘

262 703 305 726 tus
316 702 343 726 et
354 706 428 740 mare
440 699 488 727 ob-

264 742 575 764 ..ιιιιι....

260 769 305 798 38.
327 769 453 798 Etcum.
475 792 482 799 .
504 792 512 799 .
536 791 569 799 ..

262 810 303 833 set
317 810 390 833 trans
406 806 460 834 fre-

262 846 317 869 tum
332 841 357 867 in
371 842 462 876 regio-

265 876 620 908 nemG......soe-

263 920 361 940 1101⁸11111
372 932 380 945 ,
394 919 489 941 occur-

263 951 356 975 rerunt
369 947 394 975 ei
407 947 462 978 duo

265 1004 272 1010 .
295 1003 302 1011 .
326 1003 332 1010 .
353 984 441 1017 monia
458 985 506 1013 ba-

264 1019 422 1060 bentes,_de
436 1028 494 1049 mo-

266 1059 402 1082 numentis
417 1063 465 1083 EX-

264 1094 359 1118 euntes
368 1110 377 1124 ,
391 1092 497 1126 pericu-

265 1126 314 1153 losi
327 1126 407 1154 nimis
417 1146 425 1160 ,
441 1127 478 1155 ita

267 1166 295 1189 ut
310 1169 389 1189 nemo
405 1170 467 1197 pos-

265 1204 278 1224 s
299 1217 306 1223 .
329 1217 336 1224 .
359 1217 365 1224 .
387 1199 504 1227 transire

266 1240 314 1267 per
325 1233 394 1260 viam
408 1233 492 1262 illam.

265 1267 311 1296 29.
333 1269 365 1296 Et
378 1269 514 1298 exclama-

267 1310 378 1337 verunt,
393 1304 485 1332 dicen-

267 1344 307 1367 tes
321 1349 327 1367 :
343 1340 413 1374 Quid
430 1341 508 1369 nobis
515 1362 524 1375 ,

266 1379 294 1403 et
308 1376 371 1409 tibi,
386 1376 448 1404 Jesu
464 1377 522 1405 iiIi?

358 1432 365 1439 .
387 1412 449 1439 nisti
466 1412 517 1441 hoc

267 1465 275 1473 .
297 1467 304 1474 .
327 1467 334 1473 .
356 1451 382 1475 te
398 1452 503 1483 tempus

269 1503 335 1510 ...
357 1504 364 1510 .
386 1491 433 1512 ere
447 1484 514 1512 nos?

266 1519 312 1547 50.
334 1520 353 1546 E
376 1541 383 1547 .
406 1539 412 1546 .
433 1523 570 1555 at_autem
592 1528 645 1549 non

266 1555 346 1591 longe
359 1556 393 1583 ab
408 1555 436 1583 ill
457 1576 463 1583 .
488 1577 494 1584 .
517 1575 525 1584 .

268 1610 275 1617 .
358 1611 365 1618 .
388 1610 396 1618 .
416 1598 561 1627 porcorum

266 1626 321 1653 mul
344 1646 350 1653 .
371 1646 378 1653 .
459 1635 503 1655 um

267 1661 446 1696 pascentium.

671 235 716 262 51.
736 235 888 264 Daemones
900 243 944 265 au-

672 275 725 298 tem
742 271 873 306 rogabant

673 314 735 334 eum
748 327 755 339 ,
774 306 894 335 dicentes
908 316 915 336 :

672 341 701 369 Si
716 341 780 370 eicis
795 350 860 375 nos,
875 343 938 372 mit-

674 381 701 405 te
715 386 764 405 nos
779 378 805 405 in
816 385 873 413 gre-

675 420 735 445 gem
751 420 907 445 porcorum.

675 449 720 476 3‘2.
742 448 776 476 Et
796 448 834 476 ait
853 450 927 479 illis:
946 449 996 481 Ite.
1013 450 1054 480 Διι

675 484 713 511 illi
729 489 859 513 exeuntes

677 520 801 547 abierunt
814 521 840 548 in

678 563 775 590 porcos
785 576 792 588 ,
809 561 835 583 et
851 564 896 585 ec-

677 598 709 618 ce
721 592 822 626 impetu
836 593 893 621 abi-

679 627 698 653 it
714 631 784 653 totus
800 636 865 662 grex

678 671 725 703 per
742 670 868 699 praeceps

682 707 707 725 iu
722 707 795 725 mare
808 709 813 725 :
831 705 857 727 et
872 708 944 730 mor-

680 734 716 760 tui
733 736 833 762 suntin
850 744 878 763 a-

678 770 747 803 quis.

680 806 723 832 55.
746 806 776 832 Hi
793 814 882 837 autem
892 809 938 843 qui

680 848 728 868 cos
743 843 889 875 pascebant

680 876 805 917 fugerunt
817 887 825 906 :
841 884 869 907 et

681 918 823 941 venientes

677 950 704 977 in
721 948 856 978 civitatem
870 971 878 983 ,

679 993 892 1014 .....ave-

678 1024 743 1048 runt
758 1021 864 1054 omnia,

680 1059 708 1084 et
724 1055 758 1082 de
773 1056 815 1084 his
826 1078 833 1089 ,
847 1057 892 1092 qui
907 1057 971 1086 dae-

682 1093 772 1119 monia
788 1092 870 1121 habe-

680 1128 754 1155 bant.

684 1163 729 1190 54.
751 1163 784 1190 Ει
794 1171 857 1192 ecce
872 1168 928 1192 tota
941 1164 1008 1193 civi—

684 1203 723 1226 tas
738 1199 804 1226 exiit
814 1199 891 1230 obvi-

682 1242 724 1261 am
736 1234 817 1262 Jesu:
832 1240 860 1263 et
874 1236 913 1263 vis

681 1277 712 1297 so
728 1278 760 1297 eo
775 1271 906 1306 rogabant
916 1291 924 1304 ,

682 1309 712 1332 ut
723 1307 850 1334 transiret

683 1348 697 1367 a
713 1340 811 1370 ﬁnibus
827 1349 873 1369 eo-

684 1384 755 1405 rum.

783 1423 899 1453 CAPUT
913 1423 959 1453 IX.

684 1483 710 1511 1.
732 1482 765 1510 Ει
780 1482 930 1512 ascendens

683 1518 709 1546 in
724 1518 876 1546 naviculam

683 1554 839 1582 transfreta-

682 1590 734 1622 vit,
749 1594 777 1617 et
791 1590 866 1617 venit
878 1590 905 1618 in

682 1626 820 1652 civitatem

683 1660 709 1688 2.
730 1660 842 1688 Judeae.
856 1661 890 1689 Et
904 1668 953 1696 op‘

1317 189 1435 218 CODEX
1448 189 1673 219 VERONENSIS.

1101 236 1171 270 Quid
1186 237 1270 264 timidi

1102 273 1169 300 estis
1177 294 1184 304 .
1201 273 1323 302 modicae

1103 308 1187 336 ﬁdei?

1104 344 1180 371 Tunc
1193 350 1306 379 surgens
1316 364 1324 377 .

1105 379 1247 415 imperavit
1260 384 1341 408 vento

1105 419 1132 443 et
1145 415 1211 442 mari
1222 436 1228 447 ,
1242 419 1271 443 et

1106 450 1174 478 facta
1192 456 1233 478 est
1249 455 1323 479 tran-

1105 486 1224 522 quillitas
1236 494 1342 522 magna.

1106 522 1152 550 27.
1175 521 1215 548 1111
1227 527 1316 550 autem
1333 522 1380 549 bo-

1108 557 1196 585 mines
1210 558 1299 585 mirati

1107 597 1187 625 sunt,
1201 593 1323 621 dicentes
1337 602 1344 621 :

1109 628 1196 664 qualis
1209 634 1251 657 est

1109 663 1169 696 liic,
1183 663 1254 699 quod

1109 700 1181 727 venti
1196 704 1224 727 et
1235 707 1310 728 mare

1110 735 1258 763 obaudiunt

1111 779 1172 798 eum
1181 771 1193 797 ’ἶ

1112 806 1157 834 28.
1180 806 1212 835 Et
1225 813 1287 834 cum
1302 805 1391 835 venis-

1111 846 1153 869 set
1165 847 1239 869 trans
1254 842 1349 873 [return

1112 878 1138 904 in
1154 878 1289 912 regionem

1110 913 1320 947 Gerasenorum,

1110 954 1288 976 occurrerunt

1111 984 1135 1011 ei
1148 984 1202 1011 duo
1214 983 1337 1013 homines

1111 1020 1251 1047 daemonia
1267 1020 1314 1048 lia-

1112 1056 1206 1083 bentes
1215 1076 1223 1088 ,
1238 1055 1272 1083 de

1111 1092 1295 1120 monumentis

1113 1130 1254 1159 exeuntes,
1271 1128 1351 1156 nimis

1113 1162 1268 1196 periculosi.
1286 1164 1320 1191 ita

1113 1203 1142 1225 υῑ
1159 1206 1239 1225 nemo
1253 1206 1315 1233 p05-

1113 1233 1148 1260 sit
1164 1234 1278 1261 transire

1131 1276 1161 1297 er
1174 1269 1244 1296 viam
1256 1269 1340 1297 illam.

1132 1305 1158 1333 9.
1181 1305 1213 1331 Et
1225 1305 1387 1339 clamabant,

1113 1340 1235 1368 dicentes
1248 1349 1253 1367 :
1269 1340 1339 1374 Quid

1114 1376 1204 1407 nobis,
1215 1382 1243 1403 et
1256 1376 1315 1410 tibi,

1112 1411 1176 1439 .lesu
1192 1410 1229 1438 ﬁli

1115 1447 1179 1474 Dei?
1197 1447 1298 1476 Venisti

1113 1487 1176 1510 ante
1192 1487 1297 1518 tempus
1308 1487 1365 1511 tor-

1113 1526 1197 1552 quere
1210 1519 1276 1545 nos?

1114 1554 1158 1582 50.
1182 1554 1245 1581 Erat
1264 1559 1354 1582 autem

1115 1597 1168 1617 non
1184 1589 1264 1625 longe
1277 1590 1311 1618 ab

1114 1626 1153 1653 eis
1166 1632 1231 1661 grex
1246 1633 1341 1660 porco-

1115 1669 1174 1689 rum
1191 1662 1334 1689 multorum

1518 239 1695 271 pasci-mium.

1516 275 1559 300 51.
1579 274 1724 301 Daemones
1737 278 1820 302 autem

1517 310 1649 344 rogabant
1663 318 1734 343 etim,

1518 346 1640 372 dicentes
1656 355 1661 371 :
1677 345 1703 372 Si

1519 381 1583 407 eicis
1600 389 1657 412 nosI
1676 381 1749 408 mitte

1519 423 1568 443 nos
1580 416 1607 443 in
1620 424 1728 451 gregem

1523 459 1678 487 porcorum.

1523 486 1568 515 32.
1589 487 1622 514 Et
1636 488 1673 514 ait
1693 486 1745 515 illis

1522 522 1601 551 Jesns
1616 532 1622 549 :
1637 522 1687 550 Ite.

1523 558 1564 586 Ad
1580 558 1617 585 illi
1631 566 1733 586 exeun-

1524 598 1564 621 tes
1579 594 1704 622 abierunt

1524 629 1551 657 in
1566 637 1674 664 percos,
1690 633 1717 657 et

1525 672 1589 693 ecce
1602 665 1731 700 impetum

1525 700 1591 728 abiit
1604 704 1677 728 totus
1687 707 1751 735 grex

1526 736 1571 764 ille
1588 744 1635 771 per
1649 742 1777 771 praeceps

1527 772 1553 799 in
1568 779 1642 799 mare
1656 781 1662 798 :
1679 776 1706 799 et

1526 808 1624 835 mortui
1638 812 1702 834 sunt

1528 843 1572 884 55.
1595 843 1621 870 in
1641 842 1727 884 aquis.
1743 841 1784 869 Hii

1528 883 1617 906 autem
1631 883 1676 911 qui
1692 886 1738 905 eos

1528 914 1675 949 pascebant
1690 913 1730 941 fu-

1527 950 1635 985 gierunt
1648 959 1654 976 :
1667 954 1695 977 et

1529 986 1670 1012 venientes
1684 985 1710 1012 in

1530 1021 1647 1053 civitate,
1665 1020 1768 1049 nuntia-

1530 1061 1628 1084 verunt
1646 1057 1747 1089 omnia,

1529 1097 1557 1120 et
1571 1092 1605 1119 de
1620 1092 1673 1125 bis,

1529 1128 1575 1163 qui
1591 1127 1733 1155 daemonia

1530 1163 1677 1191 habebant.

1530 1200 1574 1227 ⁸54.
1598 1199 1632 1226 Et
1646 1206 1710 1226 ecce
1723 1201 1776 1227 tota

1530 1234 1626 1262 civitas
1639 1234 1707 1262 exiit

1531 1270 1637 1297 obviam
1650 1270 1727 1298 Jesu.

1531 1310 1559 1333 et
1575 1306 1632 1333 viso
1646 1313 1681 1333 eo

1533 1342 1664 1376 rogabant
1678 1348 1751 1372 eum.

1532 1375 1705 1405 ut'transiret
1714 1384 1728 1403 a
1744 1375 1774 1404 ﬁ-

1532 1412 1611 1439 nibus
1623 1420 1727 1439 eorum.

1632 1446 1747 1475 CAPUT
1766 1444 1810 1473 IX.

1533 1484 1558 1510 1.
1580 1483 1613 1509 Et
1632 1483 1780 1510 ascendens

1534 1519 1559 1545 in
1575 1519 1698 1546 navicula

1533 1554 1727 1586 transiretavit,
1741 1557 1767 1580 et

1534 1591 1607 1617 Vettii
1623 1590 1649 1617 in
1665 1590 1730 1617 civi-

1533 1630 1626 1653 tatem.

1532 1661 1559 1688 2.
1581 1661 1615 1692 Et
1630 1668 1694 1689 ecce
1706 1667 1753 1695 op-

477 1732 593 1761 CODEX
611 1732 846 1762 CORBEIENSIS.

268 1780 307 1806 eis
339 1779 418 1807 Jcsns
448 1788 454 1806 ε
483 1780 552 1813 Quid
585 1780 671 1807 timitli
704 1781 790 1812 estis,
828 1779 948 1807 modicae
983 1779 1063 1807 ﬁdei?

267 1815 344 1842 Tunc
358 1815 366 1830 ¹
382 1823 507 1849 surgens,
525 1816 668 1851 imperavit
684 1817 772 1843 ventis
788 1821 815 1843 et
834 1817 902 1843 mari
918 1836 924 1846 ,
946 1821 972 1842 et
993 1815 1062 1843 facta

268 1856 309 1878 est
323 1851 504 1885 tranquillitas
516 1859 625 1885 magna.
638 1852 647 1867 ²
664 1851 792 1879 Homines
817 1857 906 1878 autem
923 1851 960 1878 illi
973 1852 1061 1879 mirati

267 1892 350 1923 sunt,
367 1886 490 1914 dicentes
507 1896 513 1914 :
528 1887 538 1902 ³
552 1888 639 1923 qualis
652 1893 693 1915 est
707 1887 766 1920 hic,
782 1887 845 1921 quia
858 1886 932 1914 venti
947 1891 974 1914 et
987 1895 1061 1915 mare

267 1922 396 1950 obediunt
421 1923 463 1950 ei?
490 1923 523 1950 Et
554 1931 634 1957 quum
669 1923 789 1950 venisset
813 1922 824 1937 ⁵
852 1928 925 1950 trans
963 1923 1060 1950 fretum

267 1958 294 1985 in
322 1958 457 1992 regionem
483 1959 681 1986 Gerastinornm
703 1979 711 1992 ,
746 1964 920 1986 occurrerunt
953 1958 977 1986 ei
1007 1957 1061 1985 duo

268 1993 391 2021 homines
420 1994 550 2022 habentes
578 1995 588 2010 ⁵
619 1994 759 2022 daemonia
777 2015 784 2027 ,
820 1994 854 2022 de
881 1994 1061 2021 monumentis

268 2034 422 2062 exeuntes,
458 2030 534 2058 saevi
565 2030 669 2062 nimis,
710 2031 744 2057 ita
784 2036 812 2057 ut
851 2038 929 2057 nemo
971 2035 1062 2064 pOsset

270 2067 384 2093 transire
407 2074 454 2100 per
479 2067 548 2093 viam
575 2067 658 2094 illam.
682 2066 717 2093 Et
736 2073 799 2093 ecce
810 2065 1063 2096 clamaverunt.di-

268 2105 360 2128 centes
373 2110 379 2127 :
394 2101 461 2135 Quid
478 2102 569 2134 nobis.
585 2106 612 2130 et
633 2102 695 2133 tibi,
712 2102 722 2117 ⁶
733 2101 783 2128 Fili
797 2102 860 2129 Dei?
875 2102 997 2129 Venisti"
1011 2101 1063 2128 huc

267 2142 331 2164 ante
347 2141 453 2172 tempus
468 2143 593 2172 torquere
611 2138 678 2165 nos?
694 2138 756 2164 Erat
770 2143 860 2165 autem
873 2146 925 2164 non
940 2138 1019 2171 longe
1029 2137 1063 2164 ab

269 2173 322 2200 illis
335 2180 400 2207 grex
424 2181 564 2207 porcorum
582 2174 725 2201 multorum
740 2173 751 2189 ⁸
771 2180 894 2207 pascens.
914 2173 1063 2200 Daemones

268 2213 358 2234 autem
377 2209 506 2243 rogabant
522 2217 600 2242 eum,
623 2209 764 2237 dicentes:
782 2209 809 2236 Si
826 2208 903 2243 ejicis
920 2215 970 2235 nos
985 2208 1063 2241 hinc,

270 2243 346 2279 mitte
359 2252 408 2271 nos
423 2245 448 2271 in
462 2252 570 2279 gregem
588 2253 741 2277 porcorum.
757 2244 790 2272 Et
805 2244 842 2271 ait
855 2245 907 2270 illis
917 2245 928 2260 θ
942 2252 948 2271 :
962 2244 1011 2271 Ite.
1031 2245 1065 2270 At

269 2278 348 2315 illi,”
363 2278 491 2307 exeuntes
513 2278 638 2307 abierunt
654 2280 680 2307 in
704 2287 811 2314 μοι-θος,
832 2284 858 2307 et
878 2286 942 2307 ecce
964 2280 1064 2315 impetu

268 2314 335 2341 abiit
347 2319 418 2342 totus
431 2323 492 2348 grex
511 2316 531 2331 ”
549 2323 595 2350 per
613 2323 741 2350 praeceps
763 2316 788 2342 in
810 2323 902 2342 mare:
924 2319 951 2342 et
967 2314 1065 2342 mortui

269 2350 368 2386 suntin
382 2351 467 2385 aquis.
481 2351 606 2378 Pastores
620 2357 710 2378 autem
727 2354 849 2386 fugerunt
861 2360 867 2377 :
879 2355 908 2378 et
920 2351 942 2366 ¹³
957 2351 1066 2386 νειιίειιτ

270 2389 311 2412 tes
324 2385 349 2412 in
363 2386 509 2417 civitatem.
523 2385 827 2419 nuntiaveruntmnnia,
843 2391 870 2414 et
890 2387 923 2414 de
937 2386 997 2420 bis,
1021 2385 1066 2420 qui

269 2420 413 2448 daemonia
427 2421 449 2437 ¹³
464 2422 626 2449 habuerunt.
643 2422 676 2449 Et
689 2430 752 2450 ecce
767 2426 823 2450 tota
837 2422 932 2450 civitas
945 2423 1010 2450 exiit
1022 2421 1067 2448 ob-

271 2456 342 2493 viam
357 2456 421 2484 Jesn
434 2466 440 2483 :
456 2461 484 2484 et
497 2457 518 2472 ίδ
534 2458 591 2485 viso
605 2465 638 2485 eo
653 2459 801 2493 rogabant,
818 2462 848 2485 ut
869 2459 995 2486 transiret
1005 2465 1020 2484 a
1036 2457 1067 2484 ﬁ-

276 2491 357 2519 nibus
371 2500 475 2520 eorum.

306 2527 351 2564 IX.
370 2527 404 2555 Et
421 2528 578 2564 ascendens
600 2529 626 2556 in
648 2529 798 2557 naviculam
813 2528 1018 2564 transtretavit,
1040 2532 1068 2557 et

271 2563 345 2592 venit
359 2564 386 2591 in
401 2563 538 2592 civitatem
554 2565 575 2580 ”
589 2572 677 2594 suam.
690 2565 725 2593 Et
736 2572 801 2594 ecce
816 2565 853 2593 oi-

1349 1731 1466 1760 CODEX
1481 1730 1679 1759 BRIXIANUS.

1115 1784 1142 1807 et
1156 1779 1233 1806 mari.
1255 1783 1283 1807 et
1303 1779 1371 1806 facta
1386 1784 1427 1806 est
1446 1777 1627 1811 tranquillitas
1644 1783 1753 1812 magna.
1765 1773 1803 1802 llli
1818 1774 1896 1812 autent

1115 1806 1239 1842 homines
1254 1814 1342 1842 mirati
1358 1818 1420 1841 sunt
1434 1806 1555 1841 dicentes
1567 1813 1655 1846 qualis
1670 1806 1712 1840 est
1728 1810 1787 1842 bic,
1803 1806 1897 1843 quodet

1115 1851 1186 1878 venti
1201 1855 1227 1877 et
1242 1858 1315 1877 mare
1331 1849 1479 1877 oboediunt
1499 1849 1535 1876 ei.
1556 1848 1589 1875 Et
1613 1856 1675 1875 cum
1702 1846 1816 1874 venisset
1836 1846 1898 1878 trans

1114 1886 1213 1913 fretum
1241 1887 1266 1913 in
1290 1886 1428 1921 regionem
1451 1885 1664 1921 Gerasenorum.
1690 1880 1898 1921 occurrerunth

1113 1922 1167 1949 duo
1189 1917 1334 1950 daemonia
1359 1921 1490 1948 habentes
1510 1920 1543 1948 de
1570 1918 1753 1947 monumentis
1774 1917 1898 1952 exeuntes.

1112 1958 1186 1985 saevi
1210 1957 1298 1984 nituis.
1326 1958 1360 1984 ita
1385 1961 1414 1984 ut
1435 1964 1514 1983 nemo
1542 1959 1634 1989 posset
1650 1954 1769 1992 transire
1782 1952 1897 1992 Ρεΐγιξξξῖξ

1210 1981 1631 2020 iit-vesciamateriin-tvdicentes.
1644 1981 1713 2024 Quid
1729 1981 1803 2016 nobis
1822 1989 1845 2012 et
1857 1981 1899 2008 lii)i

1112 2029 1176 2056 Jesu
1192 2029 1228 2055 lili
1252 2029 1299 2055 Dei
1318 2027 1420 2055 Venisti
1438 2027 1491 2054 huc
1510 2031 1573 2054 ante
1587 2032 1692 2060 tempus
1712 2028 1831 2058 torquere
1845 2024 1897 2060 nit)?-

1115 2052 1179 2092 i'l'rva‘t
1192 2052 1569 2098 nitinmlimg-eﬁabveis
1578 2052 1800 2098 porcorum
1816 2052 1901 2098 tituli}:

1115 2108 1173 2127 rnm
1197 2100 1374 2134 pascentium.
1405 2094 1555 2126 Daemones
1575 2094 1676 2134 autem.
1703 2095 1828 2130 rogabant
1848 2094 1900 2134 aut“

1114 2130 1237 2163 όὶαθιιίυε
1252 2135 1281 2163 Si
1296 2135 1362 2162 eicis
1377 2142 1437 2162 nos.
1456 2134 1521 2168 jube
1535 2140 1584 2161 nos
1599 2133 1638 2160 ire
1657 2133 1683 2160 in
1696 2136 1802 2170 gregem
1818 2130 1900 2170 ρυξοξξς

1115 2179 1184 2198 rum.
1210 2171 1243 2198 Et
1266 2171 1302 2197 ait
1321 2170 1374 2197 illis
1395 2164 1504 2198 Ite.'At
1527 2169 1563 2196 illi
1583 2164 1725 2196 exeuntes.
1740 2164 1858 2199 abierunt
1878 2165 1899 2185 Ill

1114 2214 1222 2242 gregem
1239 2213 1392 2240 porcorum.
1409 2211 1435 2233 et
1451 2213 1515 2233 ecce
1533 2205 1662 2242 impetum
1678 2203 1740 2242 fecit
1754 2201 1901 2242 totusttl'el“;

1116 2229 1514 2281 5'.‘.°};;azsaé5;'ﬁrmat};
1520 2229 1714 2281 ιίέὸέιῖἶὲύὲιί
1729 2238 1755 2266 in
1775 2229 1863 2281 artati;

1115 2271 1205 2305 autem
1222 2279 1266 2311 qui
1286 2271 1334 2304 cos
1358 2277 1513 2311 pascebant.
1539 2276 1675 2312 fugerunt.
1691 2279 1719 2312 et
1734 2272 1865 2312 veniet"?s
1879 2271 1901 2312 [η

1116 2305 1263 2341 cititatem.
1280 2305 1467 2339 nuntiaverunt
1484 2305 1584 2348 omnia".
1600 2315 1629 2338 et
1641 2307 1790 2348 dcubis_qui
1805 2305 1902 2348 1111?le

1118 2338 1324 2376 nin'liabebant.
1334 2338 1366 2375 Et
1377 2338 1441 2375 ecce
1456 2338 1511 2375 tota
1525 2347 1620 2384 civitas
1634 2338 1900 2384 cxiituob'iiain‘tlsfll-

1116 2390 1144 2412 et
1155 2385 1278 2412 videntes
1286 2392 1347 2412 eum
1357 2384 1487 2418 rogabant
1497 2388 1526 2410 ut
1538 2382 1665 2410 transiret
1675 2389 1689 2408 a
1703 2379 1799 2418 linibus

1117 2421 1152 2448 Et
1166 2420 1316 2449 ascendens
1331 2420 1357 2447 in
1375 2413 1523 2447 naviculam
1545 2416 1740 2447 transfretavit.
1757 2417 1784 2442 et
1797 2414 1863 2439 venit
1881 2413 1903 2433 III

1117 2457 1253 2484 civitatem
1267 2463 1354 2483 suam.
1370 2455 1404 2483 Et
1418 2461 1482 2482 ecce
1494 2454 1544 2482 ob-

623 2622 822 2652 VARIANTES
841 2621 1031 2652 LECTIONES
1049 2620 1180 2650 CODICIS
1199 2620 1253 2649 MS.
1273 2619 1303 2648 S.
1325 2616 1578 2648 GERMANENSIS.

302 2681 310 2697 ί
329 2687 458 2713 exurgens
471 2681 600 2713 imperavit
610 2684 686 2707 vento

301 2717 312 2732 ξ
329 2711 367 2736 Illi
380 2711 463 2737 autem
475 2711 588 2738 homines

303 2748 313 2764 ι
330 2743 387 2775 quis
399 2746 438 2769 est
448 2743 499 2774 hic,
513 2744 630 2775 quoniam

301 2779 313 2794 δ
331 2779 402 2800 JeStlS

302 2812 314 2828 ι
330 2808 459 2835 daemonia
470 2807 620 2834 habentes...
634 2806 764 2840 periculosl
774 2807 846 2832 ulmis

304 2843 392 2869 ’ἔθευ

305 2877 316 2885 ⁸
334 2877 424 2902 venisti
434 2878 492 2901 ante

308 2908 320 2926 ⁸
334 2908 497 2936 pascentium.
506 2905 642 2938 Daemonia,

1154 2680 1164 2696 °
1182 2679 1257 2704 Iesus

1155 2712 1178 2727 ¹⁶
1194 2713 1284 2736 euntes

1155 2743 1180 2788 ξι
1195 2741 1357 2798 εῖξὲξίιηε
1367 2746 1394 2765 ³ο

1198 2780 1246 2797 eun

1156 2804 1180 2822 ³³
1196 2803 1320 2829 habebant

1158 2836 1181 2853 ιι
1197 2842 1252 2860 cum
1265 2835 1383 2860 vidissent
1394 2840 1462 2865 eum,
1473 2831 1593 2865 rogabant
1604 2836 1660 2857 eum

1159 2868 1181 2885 ιι
1197 2852 1582 2895 Ξῖιῖιὶὲὲιῖἷί’ἑῶἓῒιὶιὶιῖιῖῑῖιῐὶ
