3950 6176
184 255 266 312 189

513 364 751 424 CODEX
795 337 1331 426 vsnc'ELLENSIS.

964 473 1023 514 re
1055 467 1289 529 peccata,
1325 466 1454 515 tunc

966 531 1038 585 ait
1068 530 1322 602 paralyti-

967 615 1031 672 co
1055 620 1069 656 :
1102 600 1292 672 Surge,
1323 610 1376 657 et
1404 600 1510 657 tol-

969 671 1021 727 le
1049 671 1352 742 grabattum

967 741 1138 807 tuum,
1170 752 1225 798 et
1250 741 1387 798 vade

966 814 1017 868 in
1050 814 1270 869 domum
1296 824 1380 869 tu-

968 885 1020 956 7.
1067 901 1179 940 am.
1218 885 1284 956 Et
1314 899 1564 956 surgens,

973 955 1105 1011 abiit
1136 957 1187 1011 in
1214 954 1436 1012 domum

972 1039 1150 1085 Suam.

973 1095 1026 1153 8.
1071 1097 1326 1155 Videntes
1347 1107 1526 1157 autem

973 1169 1160 1224 turbae
1185 1169 1377 1225 timue-

972 1248 1115 1308 runt,
1145 1250 1199 1296 et
1225 1241 1396 1295 hono-

974 1351 986 1364 .
1033 1353 1046 1366 .
1093 1352 1108 1366 .
1153 1353 1166 1366 .
1213 1313 1494 1368 icaverunt

973 1382 1258 1439 Dominum
1277 1424 1291 1449 ,
1321 1386 1413 1451 qui
1442 1383 1594 1440 dedit

970 1454 1132 1509 talem
1174 1463 1412 1524 potesta-

969 1535 1077 1580 tem
1109 1525 1346 1580 homini-

969 1596 1023 1653 9.
1067 1595 1188 1652 bus.
1223 1598 1308 1664 Et,
1343 1612 1467 1653 cum

975 1667 1233 1722 transiret
1259 1669 1310 1722 in

976 1738 1101 1793 inde
1131 1737 1308 1804 Jesus,
1336 1739 1470 1795 vidit

977 1809 1248 1864 hominem
1279 1824 1366 1866 se-

978 1880 1192 1936 dentem
1219 1881 1270 1935 in
1297 1891 1376 1938 te-

978 1951 1160 2017 loneo,
1189 1951 1414 2011 Matthe-

979 2037 1069 2077 nm
1099 2024 1336 2078 nomine.

982 2092 1051 2148 Et
1073 2093 1148 2148 ait
1176 2094 1248 2164 illi
1277 2112 1290 2147 :
1321 2095 1529 2164 Seque.

982 2180 1042 2219 re
1067 2179 1174 2219 me.
1207 2163 1275 2218 Et
1302 2180 1421 2221 sur-

986 2249 1120 2306 gens
1147 2246 1369 2292 secutus

987 2315 1071 2361 est
1101 2321 1246 2361 eum.

180 461 386 517 tulerunt
408 460 451 514 ei

181 533 484 604 paralyticum

183 603 405 660 iacentem
428 603 473 656 in

199 684 317 730 8010.

183 745 350 799 Videns
373 753 537 798 autem

177 815 312 872 Jesus
337 815 476 870 ﬁdem
506 814 573 870 il-

174 887 352 952 lorum,
392 927 401 939 .
445 927 458 940 .
497 887 539 942 it

235 957 458 1030 ralyticoz

195 1029 404 1082 Ionstans
431 1037 545 1086 esto

173 1101 266 1164 ﬁli,
290 1099 494 1155 remissa

171 1181 277 1226 sunt
302 1171 385 1225 tibi
408 1186 592 1242 pecca-

174 1251 217 1296 ta
243 1249 340 1296 tua.

170 1314 216 1369 3.
251 1311 454 1380 Quidam
479 1315 664 1373 autem

170 1383 226 1439 de
248 1385 430 1439 Scribis
455 1388 538 1441 di-

168 1463 330 1510 xerunt
357 1457 492 1512 intra

167 1541 248 1580 se:
278 1526 366 1580 llic
392 1527 592 1583 blasl'e-

167 1604 293 1678 mat:
309 1599 431 1678 Aquis
459 1605 638 1669 potest

167 1675 409 1725 remittere

167 1749 380 1808 peccata,
411 1742 510 1797 nisi

167 1826 286 1863 unus
312 1811 462 1867 Deus.

165 1880 211 1935 4.
246 1879 433 1938 Videtis
466 1892 651 1940 autem

167 1951 304 2007 Iesus
333 1955 612 2026 cogitatio-

167 2038 251 2078 nes
275 2037 472 2091 eorum,
499 2027 584 2084 di—

166 2094 233 2148 xit
255 2112 269 2168 :
297 2093 366 2168 Ut
389 2098 516 2168 quid

165 2166 326 2234 cogita
334 2165 396 2222 tis
410 2165 539 2224 'ma-

165 2236 205 2290 la
230 2235 280 2290 in
304 2238 558 2295 cordibus

168 2306 212 2359 5.
249 2310 462 2378 vestris?
492 2308 637 2378 Quid

167 2377 357 2434 estfaci
401 2377 602 2436 .'...
646 2394 735 2447 ns,

167 2449 323 2504 dicere
351 2469 364 2504 :
391 2452 609 2508 Remis-

169 2533 218 2574 sa
237 2530 349 2574 sunt
378 2525 471 2580 tibi

170 2603 362 2662 peccata
392 2605 511 2660 tua;

170 2671 249 2716 aut
271 2663 444 2721 dicere
471 2684 484 2720 :

171 2733 334 2803 Surge.
361 2748 413 2793 et
440 2752 561 2792 am-

171 2804 319 2861 bula?

170 2877 214 2932 6.
251 2877 313 2932 Ut
334 2879 516 2938 sciatis
545 2886 756 2944 autem,
815 2924 818 2926 η

170 2948 274 3017 quia
302 2949 434 3005 ﬁlius
463 2951 572 3006 ho-

169 3019 308 3076 minis
329 3031 574 3092 potesta-

991 2376 1077 2432 10.
1122 2377 1188 2432 Ει
1216 2377 1414 2434 factum
1441 2385 1528 2435 est

990 2449 1308 2504 recumben-

991 2527 1042 2574 te
1071 2519 1213 2574 eoin
1246 2520 1406 2577 domo
1429 2565 1444 2590 ,

989 2604 1116 2662 ecce
1144 2592 1294 2646 multi
1330 2610 1398 2662 pu
1411 2624 1428 2635 -

989 2661 1186 2716 blicani
1210 2673 1263 2718 et
1276 2661 1401 2734 peo-

991 2741 1201 2788 catores
1230 2750 1442 2793 recum-

997 2803 1196 2858 bebant
1223 2819 1344 2861 cum

988 2875 1116 2930 Jesu
1138 2917 1154 2941 ,
1178 2885 1232 2930 et
1256 2892 1377 2933 cum

988 2946 1265 3019 discipulis
1285 2949 1406 3019 ejus
1447 2967 1461 3005 :

992 3018 1079 3073 11.
1113 3018 1182 3072 Ει
1209 3018 1456 3078 videntes

169 3099 258 3146 tem
303 3088 458 3150 habet
498 3106 674 3160 super
715 3101 915 3150 terram
989 3088 1196 3144 Farisei
1221 3133 1235 3156 ,
1263 3091 1414 3154 dice-

169 3199 180 3214 .
218 3200 230 3214 .
270 3204 282 3217 .
324 3204 338 3217 .
380 3202 395 3218 .
439 3165 699 3221 remitte-
988 3160 1377 3234 ,banIdisciPu:

594 3279 834 3338 CODEX
861 3278 1328 3342 CORBEIENSIS.

158 3369 385 3453 {carebant
409 3374 460 3431 ei
506 3373 866 3453 paralyticum
891 3372 1244 3453 iacentetniu
1274 3372 1438 3453 lecto;
1463 3370 1750 3453 Eiﬂttidﬁttﬁ

159 3442 296 3500 Iesus
320 3446 479 3501 ﬁdem
507 3442 744 3500 illorum
763 3486 778 3512 ,
810 3442 945 3500 dixit
971 3443 1266 3515 paralytico
1290 3461 1303 3496 :
1355 3445 1370 3476 ί
1398 3442 1622 3515 Conlide
1653 3443 1748 3515 liti,

162 3517 489 3572 remittuntur
538 3516 637 3570 tibi
683 3523 901 3583 peccata
947 3513 1056 3569 tim.
1108 3513 1224 3568 SiEt
1269 3529 1394 3570 ecce
1428 3514 1644 3584 quidam
1689 3513 1758 3571 de

162 3585 343 3643 Scribis
373 3589 641 3643 dixerunt
684 3587 820 3642 intra
851 3602 909 3640 se
936 3605 948 3640 :
979 3586 1077 3641 Hic
1108 3586 1466 3655 blasphemat.
1501 3586 1566 3639 Et
1593 3601 1756 3655 quum

162 3658 364 3714 vidisset
407 3659 580 3715 Jestts
627 3657 979 3728 cogitationes
1023 3672 1246 3722 eorum,
1286 3657 1466 3710 dixit:
1523 3657 1592 3712 Ut
1631 3655 1760 3726 quid

162 3729 384 3798 c-ugitatis
414 3731 564 3787 tnala
589 3728 641 3782 in
670 3727 922 3790 cerditius
944 3729 1180 3785 vestris?
1211 3727 1345 3796 Quid
1378 3737 1462 3782 est
1482 3727 1503 3758 ³
1527 3727 1754 3796 facilius,

159 3798 321 3855 dicere
352 3826 365 3858 :
400 3801 424 3832 ⁸
459 3801 820 3856 Dimittuntur
865 3799 957 3855 tibi
1002 3810 1216 3868 peccata
1252 3811 1372 3864 tua;
1405 3809 1493 3852 aut
1534 3798 1755 3854 dicere:

159 3869 325 3940 Surge.
352 3883 406 3927 et
431 3871 700 3926 ambula?
725 3873 791 3926 Ut
813 3879 992 3926 autem
1025 3869 1232 3935 sciatis,
1257 3872 1382 3939 quia
1411 3869 1555 3925 titius
1586 3869 1745 3924 homi-

162 3943 232 3995 nis
254 3943 412 3998 habet
438 3951 772 4013 potestatem
795 3942 846 3996 in
874 3952 1018 3996 terra
1042 3941 1343 4013 dimittendi
1368 3949 1608 4010 peccata,
1631 3948 1760 4013 tunc

156 4021 220 4086 ait
247 4016 546 4086 paralytico
573 4031 587 4064 :
622 4013 794 4082 Surge
812 4055 833 4086 ,ί
858 4013 878 4045 ⁵
909 4013 1039 4066 tolle
1077 4012 1463 4086 lectutntuum
1484 4052 1499 4077 ,
1531 4020 1585 4086 et
1621 4012 1758 4069 vade

160 4083 204 4136 in
228 4082 441 4139 domum
477 4096 653 4140 tuam.
716 4086 778 4138 Et
817 4085 838 4115 ⁸
878 4084 1148 4149 surrexit,
1180 4094 1232 4137 et
1263 4083 1397 4138 abiit
1440 4084 1491 4137 in
1537 4082 1756 4137 domum

158 4169 311 4210 suam.
348 4156 617 4211 Videntes
638 4164 817 4209 autem
851 4155 1040 4210 turbae
1078 4156 1401 4215 timuerunt.
1433 4161 1490 4209 et
1510 4154 1530 4184 "
1555 4155 1760 4223 gloriﬁ-

159 4237 397 4282 caverunt
436 4228 619 4282 Deum
642 4268 657 4294 ,
689 4227 780 4295 qui
811 4226 961 4282 dedit
989 4234 1312 4296 potestatem
1341 4227 1363 4258 ⁸
1393 4226 1552 4280 talem
1579 4225 1756 4282 homi-

165 4297 322 4352 nibus.
356 4300 446 4360 Et,
477 4314 651 4366 quum
678 4299 930 4352 transiret
955 4297 1079 4353 inde
1109 4297 1289 4363 Jesus,
1319 4297 1453 4352 vidit
1483 4297 1754 4361 hominem

160 4366 418 4425 sedentem
443 4373 465 4405 ²
500 4369 558 4423 iu
593 4368 816 4434 telonio,
839 4369 1160 4423 Matthaeum
1185 4369 1422 4423 nomine.
1457 4371 1521 4424 Et
1541 4368 1618 4422 ait
1643 4367 1754 4424 illi:

165 4435 385 4507 Sequere
416 4457 531 4496 me.
583 4441 646 4495 Et
676 4440 718 4470 ¹⁰
745 4450 964 4500 secutus
1003 4449 1088 4494 est
1113 4455 1236 4496 eum
1294 4439 1363 4496 Et
1386 4440 1582 4495 factum
1609 4448 1694 4494 est
1714 4441 1754 4472 “

167 4507 530 4566 discumbente
563 4527 631 4566 eo
659 4513 710 4564 in
736 4509 920 4577 domo,
955 4526 1082 4566 ecce
1102 4512 1255 4567 multi
1285 4511 1548 4579 publicani
1570 4522 1624 4565 et
1643 4525 1759 4580 pec-

165 4591 350 4638 catores
376 4585 419 4614 ¹¹
443 4584 753 4645 venientes,
783 4581 1202 4636 discumbebant
1225 4597 1346 4636 cum
1383 4581 1532 4645 .li-su,
1577 4591 1630 4634 ct
1674 4581 1756 4636 di-

170 4652 368 4772 Ξςίρμιίς
411 4657 558 4724 ejus.
617 4656 682 4708 Et
736 4654 986 4710 videntes
1028 4652 1325 4719 Pharisaei,
1375 4651 1658 4719 dicebant;
1702 4661 1758 4711 et

200 4737 382 4772 ISClnlI-

200 4737 382 4794 ISCtptl-

1087 247 1553 324 {EVANGELIUM
1593 247 1966 308 SECUNDUM
2007 249 2442 310 MATTHEUII.

1837 958 2105 1012 Constans
2123 964 2244 1012 esto

1840 1026 1915 1082 ﬁli
1939 1069 1954 1093 ,
1985 1025 2209 1082 remissa

1835 1107 1962 1154 sunt
1984 1097 2077 1153 tibi
2107 1106 2326 1168 peccata

1842 1179 1952 1224 Illa.

1839 1241 1892 1297 3.
1934 1239 2163 1306 Quidam
2199 1250 2382 1297 autem

1838 1327 1903 1368 ex
1928 1310 2297 1367 Scribisdixe-

1838 1392 1966 1438 runt
1995 1382 2134 1437 intra

1838 1468 1938 1519 se;
1973 1453 2070 1508 llic
2092 1451 2448 1522 blasphemat.

1836 1525 1893 1580 4.
1936 1523 2147 1580 Etcum
2166 1525 2247 1582 vi-

1839 1595 2009 1651 disset
2029 1595 2186 1651 Jesus

1841 1666 2192 1737 cogitationes
2221 1681 2314 1723 eo-

1841 1754 1998 1804 rum,
2031 1738 2203 1792 dixit:
2231 1737 2302 1795 Ut

3327 253 3432 311 I90

2262 365 2492 422 CODEX
2530 361 2999 423 VERONENSIS.‘

1835 457 2074 514 tulerunt
2095 457 2144 514 el
2668 466 2818 513 tuum
2837 500 2851 523 ,
2871 467 2926 514 et
2943 456 3077 513 vade

1836 530 2188 601 paralyticum
2671 529 2724 583 in
2758 529 2976 586 domum

1829 600 2101 670 iacentem
2116 600 2169 656 in
2198 669 2205 670 ί
2669 607 2840 655 tuam.

1834 673 1997 728 lecto.
2027 671 2096 726 Et
2122 669 2312 728 videns
2672 672 2726 726 7.
2769 671 2834 726 Et
2854 687 2975 727 sur-

1836 743 1994 799 Jesus
2021 742 2184 799 fidem
2430 791 2435 795 .
2674 745 2852 808 rexit,
2885 751 2940 797 et

1839 814 2057 870 illorum
2076 855 2092 877 .
2125 812 2261 868 dixit
2673 812 2803 868 abiit
2827 814 2879 868 in
2899 814 3117 875 domum

1837 884 2138 956 paralytico
2169 901 2182 937 :
2673 899 2845 956 suam.

2675 955 2723 1011 8.
2771 955 2885 1011 Hoc
2913 959 3036 1015 viso

2675 1025 2864 1083 turbae
2887 1029 3082 1090 timue-

2674 1106 2820 1164 runt,
2865 1112 2915 1155 et
2944 1100 3119 1161 hono-

2673 1170 3024 1231 riﬁcaberunt

2677 1240 2848 1297 Deum
2877 1285 2892 1309 ,
2921 1249 3011 1312 qtti

2677 1321 2878 1367 tantam
2899 1315 3047 1374 dedit

2673 1383 2980 1461 bom_inibus
3009 1399 3346 1461 potestatem.

2675 1454 2730 1510 9.
2775 1455 2842 1510 Et
2859 1497 2875 1520 .
2903 1454 3022 1517 cuni
3047 1473 3193 1520 tran-

2679 1526 2813 1582 siret
2843 1527 2969 1586 inde

2677 1597 2835 1653 Jesus
2860 1639 2874 1663 ,
2895 1601 3028 1659 vidit

2676 1667 2950 1728 hominem
2966 1675 3157 1730 seden-

2676 1745 2782 1814 tein
2813 1739 2866 1814 in
2899 1748 3146 1801 taeloneo
3166 1788 3182 1814 ,

1844 1808 1970 1880 quid
1991 1810 2239 1880 cogitatis
2676 1810 2970 1871 Mattheum
3001 1808 3179 1873 nomi.’

1849 1880 1989 1934 mala
2019 1881 2070 1934 in
2678 1896 2770 1937 ne.
2805 1882 2871 1936 Et
2897 1887 2974 1942 ait

1849 1951 2102 2029 cordibus
2126 1949 2321 2029 vestris
2343 1952 2382 2007 1
2681 1952 2757 2029 i_lli
2793 1971 2805 2007 :
2836 1954 3075 2029 Sequere
3099 1974 3209 2017 me.

1852 2022 1906 2078 5.
1948 2022 2088 2089 Quid
2117 2033 2200 2078 est
2219 2022 2352 2079 1θοί-
2683 2022 2751 2078 Ει
2773 2038 2893 2079 sur—

1852 2093 1957 2164 lius
1979 2093 2167 2164 dicere
2199 2111 2212 2146 :
2684 2109 2820 2164 gens
2849 2110 3072 2157 secutus

2688 2165 2776 2222 10.
2818 2181 2898 2224 est
2922 2187 3070 2229 eum.
3098 2175 3167 2231 Et

2688 2234 2887 2295 factum
2918 2255 3002 2298 est

2689 2313 3040 2370 recumbente

2689 2393 2756 2434 eo
2792 2381 2844 2436 in
2875 2384 3093 2458 domum
3111 2430 3128 2458 ,

2688 2465 2817 2508 ecce
2842 2456 3001 2511 multi

2689 2525 2981 2595 publicani,

2609 2655 2611 2657 ,
2689 2604 2745 2650 et
2779 2608 3093 2666 peccatores

2690 2679 2978 2739 venerunt,
3001 2682 3058 2729 et

2692 2740 3080 2802 recumbebant
3117 2793 3125 2797 _

2691 2823 2813 2864 cum
2835 2809 2986 2881 Jesu,

2691 2889 2744 2935 et
2775 2895 2896 2934 cum
2929 2886 3093 2944 disci.

2689 2951 3002 3024 pulis;eius.

2692 3022 2781 3078 11.
2827 3022 2903 3076 Et
2921 3028 3168 3085 videntes

2689 3093 2990 3167 Pharisaei,

2691 3165 2944 3224 dicebant
2964 3165 3046 3228 di-

2321 3276 2550 3336 .CODEX
2582 3279 2978 3340 BRIXIANUS.

1853 3371 2090 3444 tulerunt
2109 3371 2162 3444 ci
2188 3371 2566 3444 paralyticum.
2591 3373 2860 3444 jaccutem
2890 3376 2944 3430 iu
2977 3376 3140 3432 lecto.
3167 3375 3236 3432 Et
3264 3375 3454 3431 videns

1861 3441 2212 3519 {esttandem
2241 3441 2481 3519 illorum.
2513 3441 2649 3501 dixit
2685 3448 3000 3519 paralytieo.
3029 3447 3297 3503 Constans
3338 3457 3457 3519 esto

1866 3513 2343 3588 ljlindiilﬂilttttttttr
2376 3515 2467 3572 tibi
2498 3513 2714 3585 peccata
2739 3513 2851 3573 tua:
2883 3518 2952 3574 Et
2980 3535 3109 3575 ecce
3139 3519 3358 3588 quidam
3384 3518 3454 3574 de

1865 3584 2068 3660 Scribis
2121 3589 2380 3645 dixerunt
2409 3589 2551 3642 intra
2581 3591 2926 3660 semetipsos.
2963 3590 3060 3645 llic
3088 3584 3452 3660 blasphemat.

1865 3655 1927 3709 Et
1968 3656 2161 3729 videns
2197 3661 2356 3717 .lesus
2399 3660 2756 3727 cogitationes
2781 3655 2972 3716 eorum
3003 3663 3158 3716 dixit.
3201 3655 3272 3717 Ut
3326 3661 3454 3729 quid

1862 3727 2110 3794 cogitatis
2161 3730 2299 3785 mala
2344 3731 2394 3784 in
2444 3730 2700 3786 cordibus
2747 3734 2940 3785 vestris
2987 3732 3125 3798 Quid
3171 3741 3255 3787 est
3307 3727 3453 3786 enim

1861 3798 2071 3872 [acilius
2099 3801 2282 3859 dicere
2301 3801 2652 3856 Dimittuntur
2682 3804 2772 3857 tibi
2791 3811 3009 3872 peccata
3033 3812 3140 3856 tua.
3167 3813 3257 3855 aut
3279 3803 3457 3856 dicere

1862 3869 2036 3942 Sarge
2067 3880 2123 3926 et
2147 3873 2383 3936 ambula.
2440 3872 2506 3928 Ut
2560 3872 2744 3928 sciatis
2773 3869 2952 3928 autem
3007 3874 3260 3942 quoniam
3315 3873 3455 3926 ﬁlius

1863 3940 2098 3996 hominis
2140 3943 2300 4000 habet
2342 3951 2662 4013 potestatem
2694 3960 2860 4012 super
2910 3940 3106 3998 terram
3150 3943 3458 3998 dimittendi

1861 4023 2104 4085 peet-ata.
2131 4028 2256 4070 tunc
2301 4027 2374 4068 att
2407 4015 2698 4085 paralyticn
2721 4018 2909 4084 Surge.
2942 4017 3066 4068 tolle
3087 4017 3282 4069 tectum
3304 4024 3453 4068 tuum

1861 4093 1916 4138 et
1947 4083 2084 4138 vade
2106 4087 2156 4140 in
2187 4087 2406 4142 domum
2441 4083 2606 4139 tuam.
2643 4087 2707 4142 Et
2730 4083 2957 4153 surgens
2977 4086 3108 4140 abiit
3137 4087 3189 4139 itt
3227 4087 3446 4138 domum

1860 4169 2035 4211 suam.
2067 4157 2322 4214 Videntes
2352 4166 2530 4211 autem
2561 4159 2748 4211 turbae
2775 4155 3107 4211 admirantes
3140 4157 3454 4210 timuerunt.

1859 4235 1913 4352 ﬁt
1936 4228 2422 4352 mag-tglicaveruut
2446 4229 2635 4283 Deum.
2657 4230 2744 4298 qui
2769 4228 2933 4288 talem
2958 4227 3110 4284 dedit
3130 4235 3454 4298 potestatem

1902 4313 2066 4352 Ollllﬂl
2112 4315 2192 4352 IIS.

1902 4301 2192 4358 Ominibus.

1931 4369 2006 4430 Et
2031 4387 2151 4426 cum
2183 4370 2435 4428 transiret
2467 4369 2591 4425 inde
2611 4369 2769 4426 Iesus
2793 4370 2926 4425 vidit
2955 4370 3227 4425 hominem
3259 4368 3457 4424 seden-

1861 4448 1966 4496 tetn
1991 4443 2045 4500 in
2081 4443 2298 4500 toloneo
2329 4444 2622 4498 Mattheum
2648 4442 2867 4497 nomine
2891 4442 2955 4496 Et
2981 4445 3058 4496 ait
3083 4442 3181 4496 illi.
3211 4441 3456 4510 Sequere

1859 4527 1964 4586 tne.
2025 4514 2090 4586 Et
2135 4529 2363 4586 surgens
2411 4521 2630 4586 secutus
2683 4523 2768 4569 est
2822 4529 2971 4586 eum.
3031 4513 3098 4586 Et
3149 4514 3342 4568 factum
3372 4522 3457 4567 est

1858 4583 2323 4640 discutnhente'eo
2351 4587 2402 4640 in
2423 4584 2606 4639 domo.
2627 4600 2755 4640 ecce
2780 4585 2936 4639 multi
2960 4584 3229 4655 publicani
3259 4595 3311 4639 et
3336 4599 3459 4651 pec-

1857 4663 2093 4711 catores.
2119 4658 2395 4712 venientes
2432 4656 2846 4710 discumbebant
2872 4671 2992 4710 cum
3020 4655 3170 4710 Jesu.
3201 4668 3255 4711 et
3288 4655 3458 4709 Disci-

1858 4727 2002 4796 pulis
2045 4729 2183 4796 ejus.
2217 4728 2283 4782 Et
2312 4727 2557 4783 videntes
2606 4727 2886 4783 Pharisaei
2927 4727 3176 4789 dicebant
3219 4726 3427 4798 diSt'ipu

1853 2163 2080 2218 Dimissa
2106 2171 2232 2221 sunt

1852 2234 1944 2290 tibi
1973 2243 2194 2308 peccata
2221 2233 2301 2308 (α)
2322 2252 2336 2302 ;

1853 2314 1946 2361 aut
1968 2307 2150 2362 dicere
2183 2325 2195 2359 :

1854 2377 2048 2447 Surge,
2066 2387 2120 2432 et
2139 2393 2257 2434 am:-

1856 2446 1909 2502 6.
1952 2446 2126 2504 bula?
2159 2447 2228 2508 .Ut

1854 2520 2036 2574 sciatis
2070 2535 2165 2574 au-

1858 2600 1962 2645 tem
1989 2633 2003 2656 ,
2035 2591 2290 2660 quoniam

1854 2661 1996 2716 ﬁlius
2011 2661 2187 2717 homi-

1853 2735 1938 2787 nis
1969 2733 2133 2788 habet
2157 2749 2245 2804 po-

1855 2813 2102 2858 testatem
2126 2805 2178 2860 in

1859 2886 2053 2929 terram
2075 2875 2258 2932 dimit-

1861 2945 2004 3001 tendi
2035 2958 2252 3014 peccata
2272 2991 2289 3016 ,

1857 3029 1986 3075 tunc
2011 3026 2087 3076 ait
2102 3034 2259 3088 para-

1857 3090 2020 3162 lytico
2052 3108 2071 3146 :
2100 3092 2272 3159 Surge
2293 3131 2306 3147 .

1860 3162 1987 3218 tolle
2018 3163 2218 3220 lectum

847 4814 1244 4914 VAORJANTES
1281 4855 1665 4916 LECTIONES
1703 4855 1971 4917 CODlClS
2009 4861 2123 4918 MS.
2170 4863 2226 4919 s.
2270 4861 2778 4931 GERMANENSIS.

219 4983 236 5045 ξ
267 4980 508 5045 Constans
533 4987 643 5033 esto
667 4980 730 5032 ﬁli
752 5021 766 5045 ,
784 4981 1130 5045 remiss_a_sunt
1154 4979 1201 5026 ⁸.

217 5043 240 5134 ς
268 5044 482 5156 angam
505 5051 671 5096 autem
693 5041 818 5096 de...
845 5055 908 5093 se
930 5041 1290 5106 :BlaSphemat.

209 5167 626 5280 :lelfmissasunt

216 5290 237 5322 ⁸
263 5304 488 5356 ασκεω
509 5293 626 5346 abiit

1918 4981 1939 5012 ⁷
1975 4979 2418 5034 honoriﬁcaverunt

1915 5043 1941 5078 ⁸
1974 5051 2153 5105 tantam

1919 5105 2034 5174 [ad
2060 5107 2332 5174 teloneum,

1921 5168 1970 5235 ff
2000 5181 2216 5235 surgens

1921 5229 1967 5262 ιι
2000 5229 2325 5283 recumbente

1926 5291 1974 5326 ³³
2007 5300 2271 5358 venerunt,
2297 5301 2352 5348 et
2373 5296 2730 5349 recumbebant
2749 5309 2860 5348 cum
2891 5297 3034 5360 Jesu,
3057 5299 3244 5346 etcum

1513 5401 1883 5462 BLANCHINI
1908 5405 2140 5466 NOTE.

229 5531 256 5564 ⁸
292 5521 559 5580 Eamdem
586 5521 836 5579 invenies
863 5519 1151 5578 lectionem
1175 5518 1329 5590 apud
1350 5525 1605 5590 sanctum
1629 5517 1767 5590 Leo:

167 5611 282 5652 nem
319 5595 599 5666 Magnum,
630 5594 812 5653 Serm.
841 5593 912 5650 60
936 5592 1004 5650 de
1028 5588 1285 5650 Passioite
1308 5589 1518 5648 Domini
1549 5589 1639 5659 11,
1667 5588 1767 5646 sed

1867 5530 1922 5576 et
1949 5519 2092 5594 apud
2127 5519 2389 5605 Hilarium
2415 5520 2784 5617 gemmentar.
2818 5521 2871 5577 in
2901 5519 3086 5584 Matth.

234 5756 314 5836 tu)
341 5758 488 5820 Fost
533 5768 764 5839 peccata,
795 5754 996 5822 omittit
1023 5765 1152 5826 tua,
1192 5761 1249 5834 et
1285 5755 1362 5814 ita
1413 5753 1536 5829 cod.
1575 5754 1731 5835 Cant.
1757 5751 1877 5837 Lat.
