1990 3096
238 129 287 159 191

436 186 552 215 CODEX
570 185 839 215 VERCELLENSIS.

659 233 843 285 autver-ieiu-

660 274 723 296 nant
738 274 750 295 ῖ

659 305 704 332 15.
725 304 759 331 Et
773 303 812 331 ait
825 303 877 331 illis
891 304 972 332 Jesus
990 314 998 332 :

660 340 795 374 Numquid
810 347 872 374 pos-

661 381 723 403 sunt
735 375 771 401 lil.
796 396 801 401 .
825 395 831 401 .

242 234 279 263 lis
292 234 371 270 ejus:

241 271 560 305 Q.....cumpu-

242 306 359 334 blieanis
369 310 397 334 et
408 313 468 341 pec-

242 346 350 369 catores
364 348 470 369 recum-

243 377 344 405 bebaut
356 384 419 404 cum

242 413 328 450 Iesu».
338 416 366 440 et
378 411 510 450 eum_dis-
662 413 683 438 si
706 410 859 450 (a)__jcjuna.
883 431 891 438 .
912 418 928 439 e
943 410 964 446 ἰα

245 448 345 483 eipulis
357 449 428 482 ejus.
440 448 476 475 Et
662 447 782 481 quandiu
794 454 854 474 cum

242 484 367 511 videntes
383 483 459 511 Fari-
664 483 704 509 ill.
728 503 733 508 .
758 503 762 507 .
786 502 794 509 .
829 487 927 517 stspo.
949 503 956 509 .
974 502 982 510 .

241 519 298 548 saei
309 540 318 553 ,
332 519 458 547 dicebant
662 525 708 546 sus
721 518 733 545 ?
745 517 796 553 νγ.
820 539 828 545 .
849 519 925 546 nient

243 552 384 591 discipulis
392 554 451 589 ejus
464 563 471 581 :
660 558 751 581 autem
768 552 827 591 dies

246 588 413 624 Quarecum’
663 588 809 617 cumaufe.
832 609 839 616 .
862 609 869 616 .
893 609 901 617 .

245 626 398 662 publicanis
412 630 440 653 et
664 644 672 652 .
696 644 703 652 .
725 645 733 652 .
756 625 812 653 .ab
825 625 876 652 eis.
899 645 906 652 .
930 645 937 652 .
959 645 967 654 .

248 661 438 696 peccatoribus
665 680 672 687 .
695 680 702 687 .
726 681 733 688 .
756 680 763 686 .
786 679 793 687 .
814 665 865 688 unt
879 669 886 689 :
901 665 928 689 et

246 705 285 725 m.
308 717 316 724 .
338 718 345 724 .
369 718 376 724 .
397 696 480 724 ucat?

246 732 291 760 12.
305 732 626 768 Ethsus....spondens,
665 732 692 759 in
708 732 761 768 illis
774 732 880 760 diebus.
894 732 915 768 -ξ-

246 767 521 796 dix....s:Non
665 767 979 796 16.Ne......m

247 809 290 832 est
300 811 368 839 opus
378 804 453 831 sanis
664 811 708 830 co.

247 840 370 867 medicus
379 860 387 867 .
403 839 452 866 sed
664 839 708 867 mi:

313 848 370 867 icus
379 860 387 872 ,

246 875 318 903 male
330 875 430 902 haben-

250 911 295 938 15.
317 911 398 938 tibus.
415 909 520 938 Euntcs

248 951 338 973 autem
352 945 435 973 disci-

248 986 276 1009 te
290 981 354 1017 quid
365 985 408 1009 est
420 989 426 1007 :
442 981 489 1008 Mi-

663 696 826 737 ieit'neb'aet
840 696 877 732 (θ)

731 824 738 830 .
760 803 843 830 mittit
852 811 929 831 com-

664 839 810 867 missuram
823 846 888 874 pan-

665 875 693 902 ni
707 875 781 902 rudis
795 874 822 901 in
834 882 895 902 ves-

666 910 809 937 timentum
821 918 868 937 ve—

667 950 712 972 tus
724 954 730 972 :
744 946 815 973 tollit
827 947 900 974 enim

667 981 864 1016 plenitudinem

248 1017 424 1044 sericordiam
667 1017 737 1051 ejus,
751 1021 777 1044 et
789 1017 865 1052 pejor
878 1018 908 1044 lit

249 1052 313 1080 volo
324 1074 332 1085 ,
344 1058 372 1080 et
385 1060 440 1080 non
666 1053 711 1080 17.
731 1053 860 1081 scissura.
877 1052 926 1080 Ne-

249 1088 352 1116 sacrili.
375 1108 382 1115 .
405 1108 413 1116 .
435 1109 443 1116 .
465 1107 474 1116 .
667 1109 675 1116 .
699 1107 707 1115 .
729 1107 736 1115 .
759 1109 766 1115 .
788 1109 795 1115 .
817 1088 929 1116 mittunt

249 1123 319 1151 Non.
343 1144 350 1150 .
372 1143 380 1151 .
402 1144 409 1152 .
430 1143 438 1151 .
459 1143 468 1151 .
670 1143 678 1151 .
700 1143 707 1150 .
730 1143 737 1151 .
758 1132 822 1151 num
837 1132 937 1152 novum

249 1160 277 1187 ni
292 1167 398 1188 vocare.
420 1180 428 1187 .
450 1180 457 1186 .
480 1180 488 1187 .
668 1160 696 1187 in
711 1164 785 1187 utres
794 1164 868 1187 vete-

251 1199 295 1222 tos
301 1195 348 1223 sed
358 1203 452 1231 pecca-
669 1202 726 1228 res,
741 1194 861 1231 alioquin

249 1235 333 1259 tores.
669 1239 683 1258 1¹
704 1251 711 1257 -
733 1251 740 1258 .
764 1249 772 1257 ο
794 1251 802 1258 .
822 1235 905 1258 untur

249 1266 294 1295 14.
315 1267 392 1294 Tunc
404 1274 528 1296 accesse-
669 1270 755 1300 utres,
770 1271 799 1294 et
809 1267 902 1293 vinum

253 1307 317 1330 runt
330 1303 363 1329 ad
379 1310 442 1330 eum

252 1337 376 1373 discipuli
390 1338 493 1366 Johan-

253 1373 295 1400 nis
307 1394 315 1406 ,
328 1374 467 1401 dicentes:

251 1409 342 1442 Quare
352 1416 402 1436 nos
410 1429 417 1440 .
429 1414 457 1437 et

253 1444 404 1476 Pharisaei,
414 1445 457 1479 je-

251 1480 378 1515 junamus
389 1480 446 1509 fre—

252 1521 367 1551 quenter
382 1516 456 1544 :dis-

254 1551 335 1587 cipuli
346 1556 436 1581 autem

669 1302 778 1337 peribit.
793 1301 847 1329 Sed
860 1302 903 1328 vi-

671 1357 678 1364 .
702 1357 710 1364 .
731 1345 776 1364 um
791 1344 891 1364 novum

671 1373 698 1400 in
714 1377 788 1400 utres
802 1380 851 1400 no-

671 1415 720 1436 vos
735 1409 856 1441 mittunt,

671 1449 699 1472 et
711 1444 792 1472 ambo
807 1452 866 1472 ser-

671 1485 778 1507 vautur.

673 1515 971 1544 18.H:cc.....n

671 1557 698 1580 te
710 1552 743 1579 ad
756 1551 828 1586 illos,
842 1558 887 1580 ec-

466 1610 582 1638 CODEX
596 1610 834 1639 CORBEIENSIS.

254 1656 368 1691 lisejus:
378 1657 481 1690 Quare'
489 1665 551 1684 cum
559 1657 738 1691 publicaniset
747 1657 934 1692 peccatoribus
941 1657 1038 1684 mandu
1045 1671 1053 1677 -

255 1693 430 1728 eatMagister
436 1692 538 1719 vester?
545 1692 578 1719 At
585 1692 793 1724 Jesusaudiens,
804 1694 857 1720 ait:
864 1692 922 1719 Non
935 1696 977 1720 est
985 1699 1053 1728 opus

256 1728 267 1743 ²
284 1727 438 1754 valentibus
448 1728 579 1760 medicus,
597 1728 644 1755 sed
663 1729 733 1755 male
756 1728 926 1755 habentibus.
952 1727 1053 1755 Euntes

256 1768 347 1790 autem
359 1762 455 1790 discite
468 1764 531 1798 quid
546 1763 556 1778 ³
568 1769 610 1790 est
624 1772 631 1790 :
645 1764 856 1791 Misericordiam
866 1764 928 1791 volo
938 1784 946 1797 ,
959 1768 987 1791 et
999 1771 1052 1790 nou

260 1798 434 1834 sacriﬁcium.
446 1798 504 1825 Non
518 1799 589 1826 enim
614 1799 677 1826 veni
696 1807 794 1827 vocare
808 1799 907 1834 justus,
923 1799 970 1825 sed
993 1807 1053 1833 pec-

256 1839 364 1870 eatores
373 1833 394 1861 ’⁸.
404 1833 480 1861 Tunc
491 1839 664 1861 accesserunt
675 1834 709 1861 ad
720 1842 780 1862 eum
793 1835 919 1870 discipuli
930 1835 1053 1868 Joannis,

259 1869 381 1896 dicentes
394 1878 401 1897 :
416 1871 505 1902 Quare
519 1878 577 1906 nos
587 1890 595 1901 .
609 1875 637 1897 et
661 1870 799 1898 Pharisaei
821 1869 975 1906 jejunamus
1003 1870 1055 1898 fre-

257 1910 375 1939 quenter
391 1915 397 1932 :
411 1905 536 1940 discipuli
546 1910 634 1933 autem
648 1906 684 1933 tui
695 1914 748 1933 non
758 1905 902 1940 jejunaut?
915 1910 942 1933 et
955 1907 991 1933 ait
1003 1907 1056 1934 illis

256 1940 336 1977 Jesus
350 1949 357 1967 :
371 1940 505 1976 Numquid
521 1946 634 1976 possunt
650 1941 697 1969 lilii
712 1944 803 1975 sponsi
817 1943 940 1977 jcjunarc
962 1950 1055 1976 quam-

257 1976 307 2013 diu
315 1983 375 2003 cum
394 1976 447 2004 illis
458 1981 499 2004 est
511 1985 627 2011 sponsus
641 1979 652 2004 ‘!
666 1977 781 2005 Vcnient
796 1976 885 2005 autem
902 1977 959 2004 dies
973 1986 1055 2013 quum

260 2011 399 2048 auferetur
419 2013 453 2040 ab
467 2013 508 2040 eis
518 2021 634 2047 sponsus
647 2022 654 2040 :
668 2019 695 2040 et
709 2013 943 2048 tnucjejunabunt
958 2013 977 2039 ⁵.

293 2047 328 2075 Χ.
350 2047 435 2075 Nemo
449 2054 538 2076 autem
555 2049 674 2075 immittit
690 2047 896 2076 commissuram
915 2049 996 2082 panni
1010 2057 1057 2076 ru-

258 2082 301 2120 dis
314 2085 340 2111 in
354 2085 547 2112 vestimentum
558 2089 636 2111 vetus
649 2093 655 2111 :
672 2085 740 2112 tollit
752 2085 824 2112 enim
837 2085 847 2100 °
860 2085 1057 2120 plenitudinem

257 2119 317 2153 ejus
331 2127 347 2146 a
362 2120 542 2152 vestimento,
558 2125 585 2147 et
600 2120 675 2154 pejor
689 2120 810 2148 scissura
826 2119 869 2147 lit.
882 2120 974 2155 Neque
995 2121 1058 2147 mit-

260 2159 323 2181 tunt
340 2155 431 2183 vinum
447 2164 545 2183 novum
560 2156 586 2183 in
603 2160 678 2183 utres
692 2160 800 2183 veteres
810 2177 818 2188 ,
834 2156 953 2191 alioquin
965 2156 975 2171 ⁷
987 2164 1060 2183 rum-

260 2195 359 2225 petitur
370 2196 459 2221 utres.
477 2196 504 2218 et
517 2192 609 2218 vinum
621 2191 776 2219 eﬂ‘undctur
790 2195 817 2219 et
831 2197 904 2219 utres
922 2192 1059 2225 peribunt.

259 2224 313 2252 Sed
327 2226 418 2253 vinum
435 2234 533 2254 novum
557 2227 584 2254 in
605 2232 679 2254 utres
693 2234 778 2254 novos
794 2224 961 2259 mittunt,’et
979 2227 1059 2255 ambo

259 2267 464 2290 conservantur.
478 2262 550 2291 Haec
565 2263 613 2290 illo
622 2263 750 2298 loquente
762 2262 796 2290 ad
805 2270 864 2297 eos,
878 2270 922 2290 ec-

507 128 642 159 EUSEBII
661 126 832 157 VERCELL.
852 125 1078 156 EVANGELIUM
1097 125 1168 155 CUM
1189 126 1304 156 VARUS
1321 126 1401 156 COD.
1420 127 1618 157 COLLATUM.

1305 185 1420 215 CODEX
1440 185 1667 214 VERONENSIS.

1092 231 1205 268 scipulis
1212 231 1273 268 ejus
1287 240 1295 260 :
1508 232 1633 268 jejunare
1644 232 1665 267 ’ὶ-

1092 267 1182 300 Quare
1196 266 1254 294 Ma-
1508 266 1633 303 quandiu

1093 303 1177 337 gister
1186 307 1275 330 vester
1510 311 1571 331 cum
1587 303 1640 330 illis

1093 345 1154 366 cum
1169 338 1288 373 publica-
1509 344 1552 366 est
1566 338 1698 373 sponsus?

1094 374 1136 401 nis
1150 378 1179 401 et
1192 380 1287 408 peeca-
1510 374 1625 402 Venicnt

1094 409 1198 436 toribus
1211 416 1289 437 man-
1511 414 1601 437 autem
1615 409 1674 438 dies

1094 444 1194 472 ducat?
1511 454 1572 473 cum
1583 445 1658 473 aufe-

1095 480 1195 517 ΙΞηΑι
1209 479 1289 517 Iesus
1511 486 1587 509 retur
1599 481 1634 508 ab
1644 481 1684 508 eis
1702 488 1782 517 spon-

1094 516 1221 549 audiens,
1237 516 1294 543 ait:
1511 524 1558 544 sus
1575 521 1621 544 :et
1632 521 1695 543 tunc

1094 551 1153 579 Non
1166 556 1207 578 est
1219 558 1287 585 optts
1509 552 1713 587 jejunabunt(b)

1095 587 1169 614 sanis
1181 587 1311 623 medicus,
1513 589 1539 615 in
1553 588 1607 615 illis
1622 588 1727 615 diebus.
1742 587 1764 623 -ι-

1095 623 1143 650 sed
1156 623 1226 649 male
1240 621 1287 649 ha-
1513 624 1557 651 16.
1578 623 1663 651 Nemo
1679 621 1769 651 autern

1098 658 1235 685 bentibus.
1514 659 1660 686 committit
1668 659 1818 687 scissuram

1097 694 1140 721 15.
1162 693 1265 721 Euntes
1280 697 1369 721 autem

1096 729 1192 771 discite
1206 728 1271 764 quid

1096 770 1132 794 Sit
1145 774 1151 791 :

1514 695 1596 735 panni
1605 695 1680 735 r_udis

1514 734 1542 757 in
1556 734 1703 758 vestimen-

1515 770 1571 793 tum
1583 770 1661 793 vetns
1673 775 1680 792 :

1099 800 1314 829 Misericordiam
1517 801 1589 828 tollit
1599 801 1671 829 enim

1099 837 1172 867 volo,
1186 840 1215 863 et
1228 843 1281 863 non
1517 836 1702 864 fortitudinem

1100 871 1274 908 sacriﬁcium.
1518 873 1577 908 ejus
1587 880 1602 899 a
1617 873 1700 900 vesti-

1099 910 1158 938 Non
1169 907 1229 935 veni
1244 914 1341 935 vocare
1519 913 1628 939 mento.
1641 912 1669 935 et

1097 946 1198 981 justos,
1213 942 1261 969 sed

1101 983 1268 1017 peccatores.

1102 1014 1146 1044 Π.
1167 1014 1202 1041 Et
1216 1019 1279 1041 tunc

1101 1054 1275 1080 accesserunt

1101 1088 1134 1115 ad
1150 1093 1211 1113 eum
1225 1084 1306 1112 disci-

1101 1123 1158 1159 puli
1172 1121 1323 1153 Julianues,

1520 944 1598 978 pejor
1609 944 1638 970 lit
1652 943 1720 970 scis-

1519 980 1564 1007 17.
1583 978 1757 1013 sura.Neque

1519 1016 1631 1042 mittunt
1644 1015 1738 1042 vinum

1520 1058 1618 1077 novum
1630 1051 1657 1077 in

1521 1091 1594 1113 utres
1607 1091 1714 1113 veteres
1723 1106 1731 1118 ,

1521 1122 1641 1156 alioquin
1656 1125 1824 1157 rumpentur

1102 1159 1224 1186 dicentes
1238 1166 1244 1184 :
1520 1162 1594 1185 utres
1602 1178 1610 1190 ,
1624 1161 1652 1184 et

1102 1196 1193 1228 Quare
1208 1199 1278 1228 nos.
1524 1195 1616 1220 vinum
1627 1192 1714 1220 eﬂ'uu-

1103 1227 1132 1258 et
1143 1227 1291 1261 Pharisaei,
1520 1229 1601 1256 detur
1612 1249 1619 1261 ,
1631 1233 1660 1256 ει

1102 1265 1258 1301 jejunamus
1521 1268 1598 1301 utres
1609 1264 1746 1299 peribunt.

1104 1300 1261 1334 frequenter
1273 1306 1280 1324 :
1522 1300 1574 1328 Sed
1588 1301 1681 1327 vinum

1103 1335 1230 1370 discipuli
1242 1337 1332 1361 autem
1522 1343 1621 1363 novum
1642 1335 1669 1363 in

1105 1371 1144 1398 tui
1159 1379 1212 1398 non
1226 1370 1268 1405 je-
1523 1375 1601 1398 utres
1613 1378 1699 1398 novos

1103 1406 1219 1442 junant?
1238 1440 1244 1442 Α
1523 1406 1650 1440 mittunt,
1663 1411 1691 1434 et

1105 1440 1150 1470 15.
1173 1441 1208 1469 Et
1220 1440 1258 1468 ait
1274 1440 1327 1467 illis

1105 1478 1184 1506 Jesus
1199 1486 1205 1504 ε
1222 1477 1307 1505 Num-

1105 1513 1170 1549 quid
1184 1517 1296 1549 possunt

1107 1546 1145 1577 liii
1157 1548 1251 1584 sponsi
1266 1546 1305 1583 (α)

1524 1442 1605 1469 ambo
1619 1442 1812 1470 servabantur.

1524 1477 1568 1505 18.
1590 1478 1663 1506 Haec
1678 1478 1724 1506 illo

1524 1513 1652 1549 IOquente

1524 1549 1559 1576 ad
1573 1556 1632 1583 eos,
1648 1557 1712 1577 ecce

1347 1606 1463 1635 CODEX
1477 1606 1673 1636 BRIXIANUS.

1104 1657 1213 1691 Iisejus.
1227 1657 1317 1691 Quare
1327 1665 1388 1685 cum
1400 1657 1586 1692 publicaniset
1599 1657 1786 1692 peccatoribus
1798 1656 1905 1684 mandu-

1104 1693 1282 1728 catblagister
1295 1698 1396 1721 vester.
1412 1693 1491 1721 Jesus
1501 1698 1592 1720 autem
1599 1694 1712 1720 audiens
1727 1693 1765 1720 ait
1777 1694 1842 1720 illis.
1850 1692 1905 1720 Non

1105 1735 1174 1764 opus
1187 1729 1287 1756 habent
1299 1729 1357 1756 sani
1367 1730 1500 1756 medicum
1512 1729 1558 1756 sed
1571 1729 1641 1756 male
1654 1729 1796 1756 habentes.
1806 1729 1907 1756 Euntes

1105 1770 1195 1791 autem
1204 1765 1299 1792 discite
1310 1765 1373 1799 quid
1388 1764 1646 1792 estMisericordiam
1654 1765 1714 1791 volo
1724 1769 1751 1791 et
1760 1772 1816 1791 non
1826 1764 1907 1791 sacri-

1107 1799 1198 1827 ﬁcium
1219 1800 1277 1827 Non
1293 1802 1365 1827 enim
1381 1801 1442 1827 veni
1456 1808 1554 1827 vocare
1565 1800 1663 1834 justos.
1679 1800 1726 1827 sed
1739 1805 1906 1833 peccatores.

1106 1835 1183 1862 Tunc
1195 1840 1368 1863 accesserunt
1379 1835 1411 1862 ad
1425 1844 1486 1863 eum
1501 1835 1628 1870 discipuli
1640 1835 1771 1863 Johannis
1785 1835 1908 1862 dicentes

1107 1871 1196 1904 Quare
1212 1879 1261 1898 nos
1274 1877 1301 1899 et
1317 1871 1453 1899 Pharisaei
1471 1871 1625 1905 jejunamus
1646 1871 1813 1905 frequenter.
1830 1871 1908 1898 disci-

1107 1907 1163 1941 puli
1179 1912 1267 1933 autem
1288 1908 1324 1934 tui
1342 1915 1394 1933 non
1407 1906 1541 1941 jejunant.
1554 1906 1591 1941 Et
1609 1907 1645 1933 ait
1662 1906 1714 1933 illis
1729 1906 1810 1933 Jesus
1827 1906 1906 1933 Num-

1108 1940 1172 1977 quid
1196 1948 1308 1977 possunt
1336 1942 1382 1969 lilii
1406 1940 1499 1977 sponsi
1524 1940 1563 1977 (a)
1585 1942 1719 1977 jejunare.
1735 1942 1756 1977 -ι-
1780 1942 1908 1976 quamdiu

1108 1986 1169 2005 cum
1195 1980 1236 2004 eis
1259 1983 1300 2005 est
1325 1985 1449 2012 sponsus.
1465 1977 1583 2004 Veniettt
1602 1982 1691 2005 autem
1707 1978 1777 2004 dies.
1801 1977 1908 2012 quando

1108 2014 1245 2041 auferetur
1259 2014 1293 2041 ab
1308 2014 1347 2040 eis
1362 2020 1488 2048 sponsus.
1514 2018 1541 2040 et
1565 2017 1629 2040 tunc
1640 2013 1812 2048 jejunabuut.
1827 2012 1909 2040 Nemo

1110 2053 1199 2076 autem
1225 2050 1370 2076 conuuittit
1405 2049 1611 2076 commissurum
1649 2049 1729 2083 panni
1768 2049 1854 2075 rudis.
1883 2049 1908 2074 in

1112 2085 1276 2112 vestimento
1301 2085 1398 2111 veteri.
1424 2086 1494 2111 tollit
1521 2084 1593 2112 enim
1610 2084 1805 2119 plenitudinem
1822 2085 1880 2117 ejus
1895 2090 1909 2109 a

1113 2121 1274 2148 vestimento
1285 2126 1311 2147 et
1320 2121 1396 2154 pejor
1407 2121 1524 2147 scissura
1539 2119 1580 2146 ﬁt.
1592 2120 1683 2155 Neque
1692 2121 1803 2146 mittunt
1819 2119 1909 2146 vinum

1112 2163 1211 2183 novum
1229 2157 1254 2182 in
1279 2162 1353 2182 utres
1377 2159 1484 2183 veteres
1507 2156 1626 2190 alioquin
1651 2160 1810 2190 rumpentur
1823 2159 1908 2181 utres.

1112 2196 1141 2219 et
1163 2192 1255 2218 vinum
1269 2191 1423 2219 elTundetur
1446 2195 1473 2218 et
1487 2196 1561 2218 utres
1587 2196 1708 2225 pereunt.
1742 2190 1794 2218 Sed
1816 2191 1908 2217 vinum

1113 2234 1211 2254 novum
1227 2228 1253 2254 in
1265 2231 1337 2254 utres
1351 2234 1435 2254 [IOVOS
1450 2227 1560 2254 mittunt
1573 2232 1600 2254 ει
1614 2226 1908 2254 amboconservautur.

1113 2263 1187 2291 Haec
1201 2263 1248 2290 illo
1263 2262 1390 2298 l0quente
1400 2262 1433 2290 ad
1444 2270 1502 2290 eos.
1516 2269 1561 2290 ec-

601 2330 799 2359 VARIANTES
820 2330 1011 2360 LECTlONES
1029 2329 1162 2359 CODICIS
1181 2330 1238 2358 MS.
1259 2330 1289 2358 S.
1310 2329 1566 2359 GERMANENSIS.

292 2390 301 2405 ¹
320 2389 438 2421 Magister
449 2393 534 2416 vester
546 2395 601 2415 cum

291 2421 302 2435 ¹
317 2422 383 2445 sanis

292 2451 303 2485 ξ
319 2452 351 2485 sit
364 2460 369 2477 :
380 2452 571 2485 Misericordiam
583 2451 647 2485 volo,
659 2458 731 2485 quam
743 2452 896 2485 sacriﬁcium,

293 2482 304 2498 ι
319 2483 350 2508 ad
362 2484 532 2516 paenitentiam
544 2484 567 2508 ⁸.

1141 2390 1152 2405 ⁵
1170 2390 1195 2414 in
1207 2389 1256 2415 illis
1267 2389 1365 2415 diebus.

1143 2421 1154 2436 ⁸
1170 2420 1337 2446 fortitudinem

1142 2452 1152 2468 ⁷
1170 2453 1259 2484 rumpit
1272 2454 1362 2483 riuum,
1373 2454 1444 2478 utres
1455 2455 1481 2477 et

936 2528 1120 2558 BLANCHINI
1133 2529 1249 2558 ΝΟΤᾸΞ.

298 2578 312 2592 ⁸
337 2572 515 2601 Consentium
538 2573 631 2602 Graaca
666 2575 852 2609 exemplaria,
880 2574 924 2602 ubi
951 2575 1059 2603 additur

262 2611 298 2641 εἰς
308 2611 453 2646 μτάνοιαν,
468 2610 494 2637 id
507 2611 581 2638 estin
596 2610 777 2645 ρωηίιιιιιίαηι.
795 2610 849 2639 Sed
864 2611 999 2638 curiosius
1008 2611 1059 2638 ob-

264 2645 427 2673 servandum
451 2651 491 2673 est
506 2647 641 2673 variantes
655 2646 786 2674 lectiones
806 2647 929 2675 codicum
954 2652 1062 2674 nostro-

263 2689 355 2709 rorum
368 2688 440 2718 Amss.
463 2682 578 2718 inveniri
601 2681 673 2717 apud
687 2682 717 2709 S.
733 2682 862 2710 Hilarium
875 2704 882 2714 .
908 2687 935 2710 et
949 2683 1018 2718 apud
1030 2683 1058 2710 S.

261 2716 441 2753 Augustinum
457 2725 464 2744 :
487 2717 607 2744 Hilarius
621 2716 693 2745 enim
707 2717 733 2745 in
747 2722 828 2753 caput
839 2726 854 2745 x
867 2716 983 2746 Mattbaéi
998 2719 1062 2753 legit

261 2753 377 2789 primum
388 2772 395 2783 .
411 2751 617 2789 Mirericordiam
640 2753 697 2780 volo
707 2774 714 2785 ,
734 2751 811 2789 quam
839 2754 994 2788 sacriﬁcium
1006 2775 1013 2787 ,
1025 2751 1063 2781 'ut

260 2795 312 2816 ms.
324 2788 410 2816 codex
422 2788 688 2822 san-Germanensis;
701 2793 728 2816 et
741 2788 847 2824 postea,
856 2789 1062 2817 Misericordia»:

1112 2577 1188 2610 volo,
1205 2585 1257 2604 non
1277 2577 1433 2612 sacriﬁcium
1447 2597 1455 2609 ,
1475 2576 1552 2612 juxta
1577 2575 1715 2611 exemplar
1733 2574 1909 2612 Corbeiense.

1113 2613 1190 2647 Quod
1202 2613 1327 2640 similiter
1342 2610 1413 2648 apud
1427 2610 1606 2648 Augustinum
1627 2610 1746 2648 reperies
1761 2611 1808 2637 lib.
1834 2618 1863 2648 ῃ
1877 2610 1911 2636 de

1114 2646 1255 2676 Consensu
1280 2646 1446 2683 Evangelist.
1472 2646 1550 2675 itum.
1574 2647 1619 2675 61.
1647 2647 1675 2674 In
1701 2651 1778 2683 textu
1799 2646 1910 2683 quidem

1117 2685 1291 2720 Evangelico,
1300 2682 1506 2720 Misericordiam
1519 2683 1586 2715 volo.
1599 2688 1623 2710 et
1634 2690 1684 2709 non
1694 2682 1851 2720 sacriﬁcium
1863 2688 1873 2713 ;
1884 2686 1912 2707 et

1117 2716 1214 2747 deinde
1229 2720 1255 2747 in
1268 2716 1378 2747 recitata
1403 2719 1562 2754 Prophetica
1584 2718 1735 2752 sententia,
1761 2716 1912 2744 Misericor-

1117 2756 1188 2783 diam
1203 2756 1271 2790 volo,
1282 2763 1359 2791 quam
1370 2756 1535 2791 sacriﬁcium.

298 2855 337 2892 (a)
354 2855 393 2897 Ita
415 2860 444 2883 et
457 2856 519 2897 cod.
532 2856 610 2897 Capt.
623 2858 765 2897 νηστεύεινΖ
779 2872 815 2878 -—
829 2856 868 2893 (ὁ)
893 2857 1004 2887 Addunt
1018 2858 1046 2886 in

1109 2867 1121 2887 ι
1135 2858 1224 2887 diebus
1238 2862 1266 2887 et
1282 2858 1397 2897 ita.cod.
1419 2858 1498 2888 Cant.
1515 2859 1542 2886 ἐν
1559 2858 1664 2888 ἐκείναις
1676 2860 1733 2887 ταὶς
1747 2855 1865 2894 ἁμέραις,
1879 2860 1912 2882 ac

270 2891 349 2919 Vers.
365 2891 499 2920 Saxonica
523 2900 557 2920 ex
572 2893 663 2921 Marco
673 2913 682 2927 ,
696 2898 743 2922 aut
754 2893 836 2921 Luca.
