1990 3096
116 124 160 152 195

111 235 141 256 cc
152 228 276 268 princeps.

113 271 178 291 unus
186 266 297 295 accessit,

111 304 139 327 et
150 298 267 327 adorabat

112 342 177 366 eum,
191 333 215 361 di
233 353 241 360 .
261 351 270 360 .
290 353 296 360 .
318 341 353 361 ns
367 333 426 370 (.1):

109 370 234 397 ﬁliame.
257 387 264 395 .
286 389 293 396 .
315 376 347 397 o-

108 405 232 433 dodet’u.
254 412 327 432 ..a

106 441 216 468 est:sed
236 461 244 467 .
267 460 274 468 .
296 460 304 468 .
325 440 363 473 ni,

105 477 194 512 inpone
204 483 262 503 ma-

104 519 306 539 nums...r

101 547 244 578 eam.etvi
265 567 272 573 .
295 567 302 574 .
323 551 361 575 et.

102 583 139 619 l9.
159 582 191 610 Et
201 590 314 619 surgens

100 618 180 651 Jesus,
193 625 222 646 se
242 638 249 645 .
272 639 278 645 .
301 618 381 646 neba-

100 659 138 681 tur
148 662 214 686 eum,
226 662 288 682 cum

98 690 226 724 discipulis
238 697 285 718 su-

97 725 136 752 20.
155 727 187 752 is.
201 726 236 752 Et
250 733 317 754 ecce

96 760 193 793 mulier,
207 769 271 796 qua:

96 796 224 831 sanguinis

96 831 264 866 praeﬂuvium

94 868 197 895 habebat
211 875 259 895 xit.

93 903 172 936 annis,
185 910 277 931 acces-

92 957 98 964 .
117 958 125 966 .
145 938 164 966 it
177 943 261 972 retro,
277 943 306 966 et

92 974 302 1002 .....vesti

92 1028 97 1034 -
117 1030 123 1037 .
145 1030 152 1036 .
174 1030 181 1037 .
201 1015 290 1037 ntum.

90 1045 130 1087 2i.
150 1045 219 1087 ejus.
232 1045 344 1073 Dicebat

88 1088 156 1108 enim
169 1086 238 1108 intra
251 1088 282 1108 SC
295 1089 302 1108 ἶ

87 1115 112 1144 Si
127 1117 239 1151 tetigero

87 1152 269 1180 vestimentum

88 1187 148 1220 ejus,
160 1188 233 1215 salva
247 1195 309 1215 ero.

88 1223 126 1250 22.
144 1224 182 1251 Ad
198 1223 243 1251 ille
257 1230 379 1251 conver-

88 1266 138 1291 sus,
149 1258 241 1286 videns
253 1266 328 1292 eam,

88 1294 110 1320 di
128 1313 135 1320 .
154 1313 162 1322 .
184 1314 191 1321 .
211 1299 242 1321 t:
258 1294 400 1322 Constans

87 1337 113 1356 cs
130 1351 136 1356 .
157 1350 164 1357 .
183 1338 199 1357 ο
211 1329 280 1363 ﬁlia,
295 1329 366 1357 ﬁdes

89 1369 124 1391 tua
137 1370 160 1393 te
173 1366 276 1393 salvam

87 1399 148 1428 fecit.
160 1401 191 1428 Et
198 1401 278 1429 salva

86 1436 146 1463 facta
158 1441 197 1464 est
209 1444 273 1464 mu-

87 1471 130 1498 Iier
140 1480 170 1499 ex
181 1472 224 1499 illa
239 1472 295 1500 bo-

87 1506 124 1533 25.
143 1515 180 1535 ra.
197 1507 309 1536 Etcum

86 1543 192 1571 venisset
205 1543 289 1571 Jesus

85 1577 109 1603 iu
123 1579 226 1606 domum

84 1612 203 1649 principis
213 1636 221 1648 ,
232 1614 277 1643 νὶ-

84 1648 143 1677 dens
156 1648 252 1678 tubici-

577 120 804 153 EVANGELIUM
823 121 1012 153 SECUNDUM
1026 120 1247 152 MATTHEUM.

293 179 413 209 CODEX
429 179 695 210 VERCELLENSIS.

513 228 556 255 nis
565 232 594 256 et
604 228 711 256 turbam

513 268 581 291 tum.
604 285 610 289 .
627 264 720 291 ltuan-

513 303 566 326 tem
577 319 585 333 ,
602 299 719 327 dicebat.

511 334 556 361 24.
579 335 706 363 accedite
718 344 725 363 :
740 341 794 363 non

511 375 783 398 esten....o..

512 410 556 432 tua
564 406 637 441 puel.
661 426 668 433 .
680 427 688 439 .
700 406 748 434 sed

509 441 621 469 dormit.
637 442 671 470 Et
683 442 731 470 de-

509 476 636 504 ridebant
647 486 719 505 eum.

509 512 555 540 25.
577 512 631 540 Sed
638 521 699 541 cum
711 513 784 547 ejec-

510 552 534 574 ta
549 553 621 575 esset
637 550 713 576 turba
726 549 762 584 (ό)
773 570 781 583 ,

508 584 580 623 venit
594 605 601 615 ,
617 583 636 619 -ξ-
651 589 677 611 et
692 590 769 612 tenu-

509 623 646 646 ltmanuin

508 654 578 688 ejus.
596 655 628 681 Et
638 664 730 683 surre—

508 690 553 717 ‘16.
576 691 614 717 xit
626 691 726 725 puclla.
741 691 776 719 Et

507 725 573 751 exiit
583 726 653 753 fama

507 760 575 789 haec
589 761 615 788 in
629 762 691 789 uni-

506 803 613 824 versam
629 803 685 825 ter-

506 840 563 858 ram
577 833 659 859 illam.

504 866 547 894 27.
566 868 598 894 Et
610 873 766 898 transeunte

502 903 563 930 inde
581 904 659 937 Jesu,
676 913 755 932 secu-

503 939 521 965 ti
536 945 666 967 sunteum

502 974 555 1000 duo
567 976 655 1008 caeci,
670 977 724 1003 cla-

501 1015 605 1037 mantes
619 1021 624 1038 :
641 1012 721 1040 Mise—

501 1053 563 1073 rere
578 1047 655 1073 nobis
668 1068 675 1080 ,

500 1080 545 1108 es.
555 1082 599 1121 an
612 1082 709 1121 David.
726 1083 760 1112 Et
772 1084 810 1121 (ε)

499 1117 574 1144 venit
590 1118 616 1144 in
629 1118 678 1145 do-

500 1159 572 1179 mum
583 1174 589 1184 ,
603 1152 622 1187 4,-
639 1158 666 1180 et
681 1163 771 1183 acces-

498 1189 635 1226 seruntad
647 1198 706 1217 etim
725 1192 764 1226 (tl)

498 1224 551 1250 duo
565 1225 585 1259 -ῖ
596 1227 679 1252 caeci.
696 1224 760 1259 Qui;

498 1259 547 1286 bus
560 1262 594 1286 ail
611 1260 689 1288 Jesus
705 1271 711 1289 z
727 1263 792 1290 Cre-

497 1294 561 1321 ditis
576 1296 648 1330 quod
666 1305 729 1331 pos—

498 1338 556 1357 sum
567 1331 617 1358 lmc
627 1331 699 1359 face-

498 1373 528 1393 re
539 1367 614 1393 vobis
625 1368 636 1394 ἲ
652 1368 747 1396 Dicunt

498 1402 522 1428 ei
538 1410 544 1434 ;
560 1403 651 1437 utique
664 1424 670 1435 ,
684 1404 807 1431 Domine.

498 1437 542 1464 ‘29.
554 1437 737 1474 rTuncltetigit

496 1473 593 1500 oculos
604 1473 715 1507 eorum,

498 1508 590 1536 dicens
607 1518 612 1535 :
629 1510 735 1537 Secun-

497 1544 560 1571 dum
574 1544 655 1572 ﬁdem

495 1583 614 1618 395mm
629 1581 660 1618 (1-,

495 1615 539 1643 30.
554 1615 589 1642 'at
600 1617 687 1645 vobis.
705 1621 733 1645 et
750 1621 805 1646 sta-

495 1651 543 1678 tim
555 1653 641 1686 aperti
653 1657 718 1680 sunt

1693 123 1747 153 194,

1162 178 1277 208 CODEX
1300 178 1526 208 VERONENSIS.

945 227 1072 264 princeps
1079 234 1148 264 unus

944 261 1061 292 accessit
1071 263 1182 290 nomine
1189 261 1247 290 Jai-

944 306 1008 331 rus,
1025 303 1053 326 et
1063 298 1131 326 ado-

943 334 1021 362 rabat
1029 342 1091 362 eum
1101 354 1110 368 ,

943 369 1091 406 diceusr(a)
1104 378 1110 397 :
1124 369 1179 398 ﬁlia
1193 376 1254 397 mea

942 406 1025 433 modo
1036 405 1165 433 defuncta

943 445 986 468 est
1000 449 1007 467 :
1024 441 1072 469 sed
1085 441 1147 469 veni
1160 463 1168 475 ,

941 477 1052 511 impone
1065 484 1174 504 manum
1189 483 1235 504 su-

941 519 991 547 per
1000 519 1060 540 eam
1071 533 1078 544 ,
1090 516 1118 539 et
1128 511 1211 539 vivet.

941 547 986 575 l9.
1020 548 1056 575 Et
1068 554 1183 582 surgens

940 582 1020 610 Jesus
1031 604 1039 617 ,
1053 590 1150 618 seque-

941 618 1022 646 batur
1036 626 1098 646 eum

941 662 1003 681 cum
1016 654 1158 689 discipulis
1172 654 1242 681 sitis.

939 689 985 718 20.
1009 689 1043 717 Et
1057 698 1122 718 ecce
1137 690 1249 723 mulier,

940 733 1009 760 quae
1019 726 1158 761 sanguinis

940 761 1045 788 ﬂuxttm
1059 760 1178 789 liabebat

941 798 990 824 xii.
1003 797 1082 824 annis
1092 817 1100 830 ,

941 832 1058 860 accessit

940 873 1024 901 retro,
1041 872 1069 895 et
1082 866 1171 903 tetigit

941 904 1133 932 vestimentum

940 939 1009 974 ejus.

939 974 985 1002 21.
1007 974 1119 1003 Dicebat
1133 973 1205 1002 enim
1219 973 1261 1002 in-

939 1014 981 1038 tra
996 1018 1026 1038 se
1037 1020 1044 1038 :
1055 1010 1084 1038 Si
1100 1010 1214 1045 tetigero

937 1050 1044 1073 tantum
1063 1045 1212 1073 vestimen-

937 1085 993 1117 tum
1009 1083 1085 1117 ejus,
1101 1080 1175 1109 salva
1189 1088 1247 1109 ero.

936 1116 982 1143 22.
1004 1117 1044 1145 Ad
1056 1117 1103 1145 ille

936 1160 1085 1180 conversus
1093 1173 1100 1186 ,

936 1188 1032 1216 videns
1047 1196 1107 1216 eam
1118 1208 1126 1221 ,

936 1223 1025 1251 dixit:
1039 1225 1175 1252 Constans

936 1265 1011 1293 esto,
1024 1259 1090 1292 ﬁlia,
1107 1259 1177 1287 ﬁdes

935 1299 980 1322 tua
994 1300 1020 1324 te
1034 1296 1136 1323 salvam

935 1331 1009 1359 fecit.
1025 1331 1060 1359 Et
1072 1331 1147 1359 salva

934 1367 1004 1395 facta
1017 1372 1059 1394 est
1072 1366 1170 1394 mulier

934 1410 971 1430 ex
986 1403 1031 1430 illa
1046 1402 1125 1430 hora.

933 1438 980 1466 25.
1003 1439 1107 1466 Etcum
1122 1445 1170 1465 ve-

934 1474 1020 1501 nisset
1029 1473 1110 1501 Jesus

934 1509 962 1536 in
978 1509 1088 1537 domum
1102 1509 1177 1544 prin-

935 1545 1003 1579 cipis
1012 1565 1020 1577 ,
1037 1544 1132 1571 videns
1146 1544 1175 1570 ti-

934 1580 1037 1608 bicines
1052 1584 1080 1607 et
1097 1579 1204 1608 turbam

935 1616 1145 1643 tumultuantem
1158 1638 1166 1651 ,

933 1651 1051 1679 dicebat.

1363 225 1409 252 24.
1425 225 1553 254 Recedite
1565 234 1574 254 .‘

1364 269 1417 288 non
1432 266 1473 288 est
1486 262 1557 288 enim

1363 297 1450 331 puella
1464 301 1567 324 mortua
1577 316 1586 331 ,

1364 333 1411 359 sed
1426 333 1535 359 dormit.

1364 368 1397 395 Et
1410 368 1569 395 deridebant

1344 401 1346 403 ’
1363 404 1409 430 25.
1431 411 1503 430 eum.
1520 404 1626 431 Etcum

1363 439 1452 474 ejecta
1467 443 1541 467 esset

1365 474 1444 502 turba
1456 495 1464 508 ,
1479 474 1520 510 (b)

1363 510 1454 543 venit,
1469 510 1490 550 j-

1363 551 1391 573 et
1405 550 1493 574 tenuit
1507 553 1564 573 ma-

1361 589 1426 609 num
1441 581 1510 616 ejus.
1527 582 1561 609 Et

1360 618 1479 645 surrexit
1492 617 1590 652 puella.

1359 652 1405 680 26.
1422 653 1457 680 Et
1471 654 1527 681 exit
1540 654 1608 680 fama

1360 687 1428 716 haec
1442 689 1468 715 in
1484 689 1594 716 univer-

1359 731 1417 751 sam
1437 728 1537 752 terram

1360 759 1446 787 illam.

1359 795 1405 822 27.
1427 795 1459 823 Et
1474 799 1632 824 transeunte

1360 831 1423 858 inde
1441 831 1506 859 Jesu
1515 852 1523 865 ,
1537 838 1581 859 se-

1334 869 1344 875 '
1359 867 1414 894 cuti
1429 872 1492 894 sunt
1505 874 1567 895 eum

1359 901 1414 930 duo
1426 903 1499 930 caeci
1511 923 1518 935 ,
1537 902 1660 930 claman-

1360 942 1402 965 tes
1412 958 1421 971 ,
1436 942 1464 966 et
1476 938 1599 966 dicentes
1614 946 1622 965 :

1361 973 1489 1002 Miserere
1502 973 1604 1006 nostri,

1360 1008 1399 1036 ﬁli
1413 1009 1506 1037 David.

1359 1043 1406 1081 28.
1428 1045 1461 1073 Et
1475 1044 1514 1081 (cl
1523 1044 1598 1073 venit
1612 1044 1640 1072 in

1360 1079 1469 1108 domum
1480 1079 1487 1113 ζ
1501 1079 1523 1117 j-
1536 1084 1566 1109 et

1357 1115 1531 1144 accesserunt
1544 1115 1579 1143 ad

1350 1158 1361 1171 τ
1374 1152 1474 1189 πτηνοὶ)
1485 1152 1539 1189 duo
1551 1152 1572 1187 1-

1355 1188 1440 1217 caeci.
1459 1189 1492 1216 Et
1505 1188 1573 1215 dixit

1357 1224 1412 1253 illis
1424 1223 1504 1251 Jesus
1516 1231 1524 1251 ε
1537 1223 1605 1251 Cre-

1356 1260 1420 1288 ditis
1432 1259 1504 1295 quod
1518 1266 1582 1295 pos-

1356 1303 1415 1324 sum
1431 1294 1499 1323 haec
1516 1294 1588 1323 face-

1355 1331 1405 1359 re?
1415 1330 1513 1359 Dicunt
1524 1330 1571 1358 ei:

1357 1366 1458 1402 Utique
1469 1388 1476 1400 ,
1494 1365 1617 1394 Domine.

1356 1403 1403 1430 29.
1424 1402 1500 1430 Tunc
1513 1402 1601 1437 tetigit

1357 1438 1451 1466 oculos
1462 1445 1557 1465 eorum
1567 1457 1576 1471 ,

1358 1473 1452 1501 dicens
1468 1481 1475 1499 :
1491 1472 1593 1501 Secun—

1357 1509 1423 1536 dum
1435 1508 1515 1536 ﬁdem
1525 1515 1574 1535 ve-

1356 1549 1440 1571 stram
1455 1543 1593 1578 contingat
1620 1562 1621 1565 η

1355 1579 1401 1607 50.
1422 1578 1510 1606 vobis.

1354 1615 1389 1642 Et
1406 1622 1485 1649 aper-

1354 1650 1373 1678 ti
1387 1655 1451 1678 sunt
1460 1649 1532 1678 oculi

292 1708 410 1736 CODEX
422 1708 661 1738 CORBEIENSIS.

82 1755 126 1791 ce‘
141 1755 269 1791 princeps
289 1762 360 1782 unus
371 1756 499 1788 accessit,
511 1757 853 1790 etadorabateum.dicens
867 1765 875 1784 :

84 1789 261 1824 Domine,ﬁlia
276 1799 337 1818 mea
353 1791 433 1818 modo
443 1792 567 1819 defuncta
590 1798 632 1820 est
646 1801 653 1820 :
669 1794 715 1821 sed
730 1795 810 1826 veni,
826 1795 877 1821 im-

83 1832 142 1862 pone
156 1836 269 1854 manum
296 1831 368 1853 tuam
390 1835 470 1861 super
484 1836 541 1854 eam
552 1849 558 1859 ,
574 1834 600 1855 et
614 1829 694 1855 vitet.
715 1829 743 1855 Et
762 1837 875 1862 surgens

83 1860 164 1894 Jesus,
188 1863 360 1898 sequebatur
373 1860 433 1889 eum
445 1883 451 1894 ,
467 1864 476 1878 ’
494 1869 521 1889 et
536 1864 658 1898 discipuli
680 1866 747 1898 ejus.
766 1866 795 1891 lit
811 1860 875 1891 erce

83 1897 178 1930 mulier,
192 1897 256 1933 qua:
272 1898 411 1932 sanguinis
426 1898 526 1925 ﬂuxum
541 1900 550 1913 ³
567 1897 717 1932 patiebatur
732 1901 873 1926 duodecim

81 1933 159 1965 annis,
175 1935 298 1961 accessit
315 1938 399 1965 retro,
414 1939 440 1960 et
454 1935 539 1968 tetigit
554 1935 562 1949 “
579 1936 710 1962 liitiliriain
723 1936 875 1962 vestimenti

81 1969 140 2000 ejus.
155 1970 270 1996 Dicebat
282 1970 355 1996 enim
368 1970 436 1995 intra
449 1978 495 1996 se:
512 1971 539 1997 Si
552 1971 665 2005 tetigero
680 1977 782 1997 tantum
795 1972 876 1998 vesti-

79 2009 189 2040 nicntum
205 2005 281 2040 ejus,
301 2004 373 2031 salva
388 2012 443 2031 ero.
461 2006 496 2032 At
508 2006 586 2032 Jesus
604 2004 773 2037 conversus,
790 2013 816 2032 et
838 2008 875 2032 vi-

78 2038 136 2065 deus
148 2038 227 2072 eain;
237 2040 313 2067 dixit
328 2048 335 2066 :
351 2041 361 2055 ⁵
374 2039 487 2067 Conﬁdo
502 2042 571 2072 ﬁlia.
588 2042 655 2068 ﬁdes
669 2048 711 2068 tua
727 2049 750 2068 It:
770 2043 874 2068 sali-ain

79 2073 184 2102 lecit.Et
198 2076 276 2103 salva
285 2076 402 2102 factaest
413 2076 508 2103 mulier
518 2084 548 2103 ex
558 2077 600 2103 illa
610 2078 683 2104 liora,
694 2078 725 2103 Et
738 2086 818 2111 qutun
831 2086 875 2104 ve-

79 2111 275 2139 nissetJesusin
286 2112 412 2138 ‘dnmuin
424 2112 562 2145 cujusdam
573 2114 711 2147 principis,
725 2119 751 2139 et
764 2113 875 2140 vidisset

80 2146 191 2175 tibicines
200 2153 228 2175 et
246 2147 355 2174 turbam
363 2148 582 2179 tumultuantem,
596 2149 711 2175 diccbat.
721 2149 849 2176 Remedite
866 2159 872 2175 :

79 2188 124 2207 nou
135 2188 172 2209 est
183 2184 259 2210 enim
268 2188 376 2209 mortua
385 2183 483 2217 puella,
494 2185 540 2210 sed
555 2185 664 2211 dormit.
677 2184 877 2211 Etderidebant

79 2224 140 2255 eum.
155 2219 188 2255 Et
200 2226 289 2254 quum
307 2218 390 2255 ejecta
402 2224 475 2255 esset
487 2219 562 2246 turba
575 2240 581 2251 ,
601 2220 609 2235 ⁷
623 2225 649 2246 et
663 2221 747 2246 tenuit
764 2227 872 2246 manuni

81 2254 137 2283 eius.
165 2254 200 2281 Et
222 2254 349 2281 surrexit
371 2254 472 2288 puella.
485 2255 592 2281 Etexiit
609 2256 677 2281 fama
692 2255 759 2282 haec
775 2255 800 2281 iu
814 2256 876 2281 uui—

80 2294 171 2316 i'ersam
187 2295 296 2317 terram
311 2290 396 2316 illaut.
416 2290 447 2315 Et
463 2295 619 2318 transeunte
635 2291 697 2317 inde
723 2291 784 2317 Jcsu
798 2312 803 2321 ,
826 2299 875 2317 se-

80 2328 124 2358 qiti
138 2330 198 2352 sunt
212 2333 280 2353 eum
301 2325 354 2351 duo
369 2325 443 2351 caeci
456 2346 463 2356 ,
491 2327 639 2353 clamantes
652 2347 658 2358 ,
685 2332 711 2353 et
727 2327 850 2353 dit-eules
866 2336 873 2352 :

81 2357 198 2388 Miserere
213 2361 325 2392 nostri,
342 2361 378 2387 ﬁli
392 2360 485 2387 David.
503 2363 513 2376 "
526 2362 612 2394 Quum
636 2366 725 2388 autem
755 2362 873 2388 venisset

79 2394 176 2429 domum
192 2418 199 2429 ,
228 2400 407 2424 accesserunt
430 2396 463 2422 ad
491 2405 551 2424 eum
576 2398 661 2425 caeci.
687 2398 720 2423 Et
745 2398 809 2424 dicit
835 2398 873 2423 eis

78 2428 149 2458 Jesus
159 2440 167 2457 :
179 2431 302 2459 Creditis
326 2433 388 2467 quia
415 2439 525 2465 possunt
539 2432 590 2460 hoc
604 2433 694 2461 facere
714 2433 792 2461 vobis
802 2433 816 2459 ἓ
828 2432 875 2459 Di-

79 2470 135 2492 uuit
173 2468 218 2494 ei:
252 2467 371 2502 Utique,
404 2467 528 2496 Domine.
559 2468 634 2496 Tunc
660 2468 747 2503 tetigit
778 2468 873 2495 oculos

78 2507 181 2539 eorum,
207 2503 323 2530 dicens:
346 2502 500 2531 Secundum
517 2503 600 2532 ﬁdem
611 2502 730 2532 vestram
753 2504 799 2531 ﬁat
823 2511 872 2531 vo-

78 2534 123 2562 bis.
136 2538 168 2565 Et
190 2539 280 2574 aperti
295 2544 358 2566 sunt

1171 1708 1287 1737 CODEX
1299 1707 1499 1736 BRIXIANUS.

932 1763 963 1783 cc
980 1755 1107 1790 princeps
1115 1762 1196 1783 unus.
1218 1754 1331 1782 veniens
1344 1754 1474 1782 adorabat
1489 1762 1550 1782 cum
1565 1755 1668 1783 dicens.
1683 1755 1738 1784 Do-

932 1792 1005 1819 mine
1021 1792 1075 1818 ﬁlia
1089 1799 1148 1818 mea
1171 1790 1253 1818 modo
1280 1790 1403 1818 defuncta
1424 1795 1474 1817 est.
1490 1791 1537 1818 sed
1553 1791 1615 1819 veni
1628 1792 1736 1827 impone

932 1835 1041 1854 manum
1057 1832 1128 1853 tuam
1144 1834 1226 1861 super
1237 1834 1297 1854 eam
1313 1830 1342 1853 et
1359 1827 1441 1853 vivet.

968 1864 1003 1890 Et
1013 1869 1126 1898 surgens
1140 1862 1230 1889 Jesus.
1247 1866 1355 1889 secutus
1368 1867 1410 1888 est
1424 1869 1485 1898 eum
1503 1870 1567 1898 cum
1592 1862 1735 1897 discipulis

934 1898 999 1925 suis.
1018 1899 1051 1925 Et
1069 1905 1132 1925 ecce
1147 1898 1245 1924 mulier
1259 1905 1328 1931 quae
1343 1897 1482 1931 sanguinis
1496 1897 1598 1924 ﬂuxum
1615 1899 1735 1932 patieba-

934 1939 988 1961 tur.
1003 1933 1147 1961 duodecim
1160 1934 1239 1960 annis
1253 1932 1388 1968 accedens
1404 1938 1479 1959 retro
1497 1933 1584 1968 tetigit
1599 1933 1734 1961 ﬁmbriam

933 1969 1089 1997 vestimenti
1107 1969 1175 2003 ejus.
1201 1968 1312 1995 Dicebat
1327 1967 1400 1995 enim
1415 1969 1486 1995 intra
1511 1976 1541 1996 se
1562 1968 1590 1996 Si
1616 1969 1733 2003 tetigero

932 2003 1121 2032 tantummodo
1143 2004 1333 2031 vestimentum
1350 2003 1409 2038 ejus
1424 2004 1497 2031 salva
1523 2011 1580 2030 ero.
1595 2003 1675 2031 Jesus
1686 2012 1733 2031 au-

931 2044 987 2068 tem
1013 2047 1160 2067 conversus
1173 2045 1200 2067 et
1221 2038 1315 2066 videns
1328 2047 1387 2066 eain
1409 2039 1490 2066 dixit.
1512 2038 1646 2067 Constans
1674 2045 1733 2068 esto

931 2076 986 2102 ﬁlia
1003 2075 1071 2103 ﬁdes
1082 2079 1128 2102 tua
1140 2078 1166 2102 te
1180 2074 1281 2101 salvam
1291 2074 1355 2101 fecit
1368 2074 1401 2101 Et
1409 2075 1482 2101 salva
1496 2074 1565 2101 facta
1578 2080 1621 2102 est
1634 2075 1733 2102 mulier

929 2119 965 2139 ex
994 2111 1039 2138 illa
1067 2110 1143 2138 hora.
1171 2110 1346 2145 Etrveniens
1369 2108 1448 2136 Jesus
1478 2110 1504 2136 in
1530 2110 1640 2137 domutn
1656 2111 1732 2145 priu-

929 2146 998 2181 cipis
1024 2146 1119 2174 videns
1142 2144 1297 2177 tubicines,
1318 2148 1346 2172 ct
1377 2145 1483 2171 turbam
1509 2144 1730 2175 tumultuantem.

929 2182 1038 2209 dicebat
1059 2182 1109 2209 eis.
1132 2181 1279 2209 Discedite.
1296 2187 1349 2207 non
1363 2184 1403 2207 est
1418 2180 1489 2216 enim
1504 2185 1610 2208 mortua
1631 2181 1729 2216 puella.

929 2218 978 2244 sed
1008 2217 1116 2245 dormit.
1146 2217 1181 2244 Et
1208 2216 1360 2243 inridebant
1374 2223 1447 2251 eum.
1461 2214 1527 2242 Cum
1540 2214 1732 2251 autem‘ejecta

930 2257 1003 2280 esset
1029 2253 1116 2280 turba.
1145 2252 1256 2279 intravit
1287 2258 1314 2279 et
1338 2250 1431 2287 tenuit
1464 2258 1572 2279 manum
1598 2250 1668 2287 ejus.
1698 2253 1731 2280 Et

930 2289 1052 2316 surrexit
1067 2287 1166 2321 puella.
1177 2287 1211 2315 Et
1227 2287 1314 2315 exivit
1333 2286 1404 2313 fama
1430 2286 1496 2314 liaec
1524 2287 1550 2314 in
1578 2286 1731 2316 universam

929 2328 1030 2351 terram
1055 2324 1140 2351 illam.
1155 2322 1190 2350 Et
1213 2326 1370 2350 transeunte
1390 2321 1453 2349 inde
1478 2322 1541 2350 Jesu
1567 2324 1653 2351 secuti
1667 2329 1732 2351 sunt

928 2367 991 2387 eum
1016 2359 1069 2386 duo
1097 2358 1182 2386 caeci.
1211 2358 1361 2386 clamantes
1382 2362 1410 2385 et
1433 2357 1565 2386 dicentes.
1600 2359 1731 2387 Miserere

928 2395 1009 2422 nobis
1022 2395 1058 2421 ﬁli
1073 2394 1169 2421 David.
1185 2393 1316 2421 Veniente
1334 2397 1425 2420 autem
1445 2400 1479 2421 eo
1499 2393 1526 2420 in
1549 2394 1669 2421 domum.
1685 2402 1731 2423 ac-

926 2434 1070 2458 cesserunt
1093 2430 1126 2457 ad
1151 2436 1212 2456 eum
1233 2429 1308 2457 caeci
1328 2428 1377 2456 illi.
1397 2428 1431 2455 Et
1449 2429 1486 2456 ait
1506 2429 1560 2457 illis
1571 2429 1650 2458 Jesus
1664 2429 1731 2458 Cre-

926 2466 990 2493 ditis
1004 2466 1065 2501 quia
1081 2472 1191 2501 possum
1207 2465 1258 2492 hoc
1272 2464 1362 2501 facere
1374 2464 1462 2501 vobis.
1479 2464 1577 2493 Dicunt
1591 2468 1615 2494 el
1632 2465 1730 2501 Utique

929 2499 1054 2529 Domine.
1065 2501 1141 2529 Tunc
1152 2500 1232 2529 Jesus
1242 2500 1328 2536 tetigit
1341 2499 1540 2536 oculoseorum
1561 2501 1664 2529 dicens.
1680 2499 1731 2530 Se-

926 2538 1045 2566 cundum
1056 2537 1136 2565 ﬁdem
1147 2541 1265 2565 vestram
1277 2535 1324 2564 ﬁat
1335 2535 1422 2564 vobis.
1438 2535 1474 2564 Et
1486 2537 1572 2572 aperti
1586 2537 1729 2565 suntoculi

417 2586 616 2616 VAHIANTES
631 2586 826 2616 LECTIONES
846 2584 981 2615 CODICIS
1001 2584 1058 2612 MS.
1078 2583 1109 2612 S.
1128 2581 1386 2612 GERMANENSIS.

105 2693 116 2709 ³
130 2694 241 2721 habebat

105 2724 117 2758 ξ
133 2727 308 2758 [εδιίιιιεῐιιιιηι
321 2726 384 2758 ejus.

106 2755 318 2784 '(‘Dttst'ansesto

961 2630 973 2667 ξ
988 2630 1086 2667 domum
1096 2629 1222 2667 principis.

961 2662 972 2677 ἰ
987 2661 1108 2686 accedens
1119 2661 1200 2686 tenuit

960 2693 972 2709 ⁸
988 2695 1016 2718 et
1023 2692 1099 2723 venit
1102 2692 1128 2717 in
1145 2691 1254 2723 domum,
1266 2694 1294 2718 et
1308 2694 1469 2718 accesserunt
1479 2690 1510 2717 ad
1521 2697 1578 2717 eum
1595 2692 1664 2717 caeci
1682 2691 1729 2719 de—

929 2727 1070 2756 precantes.
1080 2722 1113 2749 Et
1122 2723 1185 2748 dixit
1196 2722 1264 2750 illis:

729 2800 915 2830 BLANCHINI
928 2800 1043 2829 NOT/E.

84 2878 91 2886 ‘
112 2844 150 2881 (α)
162 2846 230 2886 Post
246 2847 343 2886 dicens,
357 2847 435 2876 deest
446 2847 557 2886 Domine
568 2869 575 2880 ,
590 2852 619 2877 ut
631 2849 659 2877 in
670 2852 746 2886 textu
756 2848 1038 2886 Grznco.f(b)1uxta
1048 2848 1109 2875 cod.
1124 2847 1202 2886 (lant.
1217 2846 1308 2886 ἔλθω.
1323 2863 1356 2868 --
1367 2848 1403 2884 (ε)
1419 2846 1457 2876 Ita
1471 2851 1499 2875 et
1513 2847 1575 2875 cod.
1589 2845 1670 2874 Cant.
1687 2852 1731 2878 και

82 2883 175 2918 ὶριῑται
188 2885 226 2914 tis
239 2887 282 2914 τὴν
295 2885 385 2919 οὶκίαν,
401 2886 444 2914 καὶ
456 2885 611 2924 προσῆλθον.
626 2900 661 2906 -
678 2884 719 2921 (d)
734 2884 874 2918 Addunt,t

932 2883 936 2911 ζ
950 2884 985 2913 Ει
995 2884 1032 2912 ita
1046 2887 1074 2912 et
1086 2883 1147 2912 cod.
1161 2884 1237 2913 Cant.
1254 2884 1310 2912 δύο.
1332 2892 1344 2919 λ
