3980 6192
569 208 670 266 195

957 317 1188 378 GODEX
1220 315 1755 376 VERCELLENSIS.

561 414 705 472 oculi
731 428 922 472 eorum
952 430 967 469 t
1395 411 1487 467 36.
1533 411 1736 468 Videns
1765 418 1943 466 autem

561 499 616 543 et
646 487 957 543 commina-s
1397 482 1579 538 turbas
1603 520 1619 549 ,
1648 483 1839 538 miser—

562 568 650 614 tus
672 568 757 614 est
783 558 885 612 illis
905 555 1063 611 Iesus
1086 595 1101 621 ,
1399 565 1484 609 tus
1512 564 1595 609 est
1629 554 1769 623 quod
1795 568 1898 610 es-

559 630 748 685 dicens
774 648 787 683 :
820 627 1009 682 Videte
1397 636 1519 681 sent
1542 626 1751 691 vexati,

561 717 629 756 tte
660 700 779 769 quis
805 700 959 753 sciat.
1250 748 1251 753 η
1398 707 1522 752 et...
1556 696 1743 763 céntes

558 773 647 826 3t.
690 770 769 825 llli
810 776 992 823 autem
1014 780 1148 824 exe—
1396 770 1535 823 sicut
1560 782 1691 823 oves
1729 781 1838 822 non

559 852 719 897 untes
744 882 757 905 ,
790 840 1037 895 dit‘fams-
1396 837 1659 895 habentes
1680 853 1809 910 pas-

557 923 750 969 verunt
778 912 831 967 in
860 923 946 966 to-
1397 919 1592 967 torem.

557 994 667 1041 tam
697 992 901 1039 terram
1399 985 1488 1039 37.
1530 984 1682 1039 Tunc
1706 981 1843 1037 dixit
1870 979 1982 1036 dis-

560 1057 730 1111 illam.
896 1123 905 1125 Α
1399 1055 1595 1125 cipulis
1623 1056 1735 1109 suis
1770 1071 1786 1110 :

558 1127 649 1181 32.
694 1123 939 1196 Egressis
956 1130 1140 1179 autem
1394 1123 1582 1181 Méssis
1610 1125 1827 1196 quidem

561 1198 698 1265 illis,
726 1212 854 1268 ecce
884 1204 1035 1268 optu-
1394 1200 1561 1251 multa
1590 1239 1606 1266 ,
1647 1210 1841 1266 opera-

556 1270 736 1325 lcrunt
758 1267 809 1322 ei
831 1267 886 1323 lt.
921 1294 970 1321 .-
1393 1269 1439 1323 ri
1468 1279 1646 1323 autem
1681 1284 1813 1338 pau-

561 1340 761 1396 minem
792 1354 911 1395 mu-
1392 1342 1481 1396 38.
1522 1341 1591 1394 ci.
1618 1338 1791 1394 Petite
1813 1338 1992 1407 itaque

1398 1412 1687 1467 Dominum
1717 1408 1913 1464 messis
1939 1446 1955 1473 ,

1399 1494 1457 1538 ιιι
1488 1500 1611 1538 ιιι...
1643 1493 1717 1537 tat
1746 1496 1876 1551 ope-

1398 1570 1532 1609 rar..
1566 1569 1629 1609 OS
1654 1568 1783 1608 SUOS

1399 1626 1467 1681 ad
1497 1640 1728 1681 messem
1753 1637 1842 1677 su-

1615 1728 1843 1794 CAPUT
1872 1733 1940 1793 Χ.

1392 1834 1444 1888 1.
1480 1847 1586 1887 am.
1620 1830 1687 1885 Et
1720 1845 1851 1885 con-

1390 1902 1596 1959 vocatis
1628 1917 1725 1957 xu.

1390 1976 1629 2045 discip...
1663 1990 1691 2029 s
1720 1988 1810 2028 stt-

1388 2048 1458 2114 is,
1492 2046 1639 2103 dedit
1659 2046 1739 2100 eis
1764 2060 1857 2114 pu-

1390 2127 1636 2174 testatem
1668 2117 1952 2186 spirituum
2048 2142 2051 2149 ν

1390 2189 1794 2245 immundorum
1816 2226 1832 2257 ,

1390 2270 1447 2316 ιιι
1470 2264 1710 2317 eicereut

1388 2347 1505 2395 €05,
1534 2342 1590 2389 et
1618 2336 1875 2386 curarent

1388 2418 1606 2459 onmem
1636 2402 1721 2456 lan
1735 2431 1753 2441 -

1388 2490 1617 2545 guorem
1645 2514 1657 2535 ,
1679 2481 1736 2545 et
1762 2488 1880 2529 om-

1390 2544 1514 2601 nem
1544 2544 1767 2600 inﬁrmi-

1393 2624 1578 2671 tatem.

1391 2687 1447 2742 2.
1490 2685 1783 2741 Duodecim
1811 2699 1909 2739 au-

559 1421 671 1466 tum
699 1422 755 1467 et
783 1409 1007 1467 surdum
1030 1440 1046 1473 ,

559 1484 901 1539 daemonium
1050 1496 1053 1497 '

560 1554 869 1611 habentem.

558 1627 649 1682 33.
692 1626 761 1681 Et
782 1625 961 1695 eiecto
986 1622 1114 1678 dae;

562 1699 745 1752 tnonio
765 1738 781 1763 ,
816 1700 965 1749 locu-

559 1777 645 1823 tus
671 1776 754 1823 est
782 1774 961 1821 mutus
980 1806 995 1830 ,

558 1850 612 1896 et
641 1840 865 1893 miratae

559 1920 686 1967 Sunt
714 1909 902 1964 turbae
921 1952 935 1975 ,

558 1981 804 2037 dicentes
837 1998 849 2033 :
879 1978 1014 2049 Quia

559 2068 850 2122 numquam
878 2054 957 2107 sic

558 2124 806 2191 apparuit
832 2123 887 2178 itt

559 2194 805 2250 lstrahel.

557 2266 645 2322 35.
690 2266 760 2321 Et
800 2262 1117 2322 circumibat
1154 2262 1314 2320 Iesus

557 2337 803 2392 civitates
828 2350 949 2392 om-

559 2424 656 2464 nes
684 2418 738 2463 et
763 2407 959 2463 castel-

560 2479 608 2534 la
630 2521 644 2545 ,
680 2479 882 2534 docens
914 2479 969 2533 in

559 2552 847 2621 synagngis

557 2636 745 2677 eorum
762 2663 777 2685 ,
810 2631 861 2676 et
892 2634 1045 2690 prae-

558 2691 747 2747 dieans
774 2704 940 2747 evan-

558 2764 759 2833 gelium
788 2779 908 2834 reg-
1396 2769 1502 2814 tem
1531 2758 1818 2834 apostolo-

559 2828 613 2889 ni
638 2876 655 2903 ,
689 2846 744 2890 et
772 2828 968 2890 curans
1393 2828 1828 2903 rumchaec_suut

558 2900 773 2961 omnem
813 2906 963 2961 inﬁr—
1388 2901 1628 2956 nomina.
1661 2900 1777 2954 Pri-

1389 2987 1539 3036 mus,
1567 2971 1753 3026 Simon
1771 3010 1786 3037 ,

1388 3045 1477 3113 qui
1506 3043 1703 3098 dicitur
1730 3042 1829 3096 Pe-

1386 3126 1500 3169 trus
1524 3156 1539 3182 ,
1571 3123 1627 3169 et
1654 3114 1865 3169 Andre-

980 3236 1219 3293 CODEX
1245 3232 1716 3292 CORBEIENSIS.

556 3330 699 3384 oculi
731 3343 918 3383 eorum
948 3345 960 3379 :
988 3338 1042 3381 et
1069 3328 1431 3382 comminatus
1457 3334 1541 3381 est
1565 3326 1668 3380 illis
1696 3323 1875 3388 Jesus,
1907 3322 2094 3378 dicens
2124 3340 2137 3377 :

564 3400 755 3455 Videte
778 3415 842 3453 ne
873 3398 992 3468 quis
1013 3399 1166 3452 sciat.
1192 3397 1276 3451 llli
1310 3407 1486 3452 autem
1518 3404 1776 3468 exeuntes
1800 3436 1815 3460 ,
1839 3394 2149 3468 dill‘antave-

562 3480 687 3524 runt
706 3484 828 3524 eum
875 3467 929 3523 in
958 3470 976 3500 ¹
1018 3476 1126 3523 tota
1157 3477 1301 3523 terra
1334 3470 1443 3521 illa.
1479 3467 1721 3537 Egressis
1774 3472 1953 3537 autem
2003 3467 2108 3520 illis
2130 3508 2144 3532 ,

560 3556 688 3595 ecce
710 3541 1020 3595 obtulerunt
1050 3542 1099 3594 ei
1134 3540 1407 3593 hominem
1441 3535 1650 3593 mutum
1681 3538 1701 3567 ¹
1729 3545 1783 3591 et
1806 3535 2150 3591 daemonium

563 3611 873 3665 habentem.
910 3612 979 3665 Et
1003 3612 1179 3679 ejecm
1200 3610 1484 3665 daemonio
1506 3650 1521 3674 ,
1551 3609 1801 3679 loquutus
1824 3620 1903 3661 est
1935 3618 2114 3663 mutus
2134 3648 2150 3675 ,

558 3693 611 3736 et
664 3682 887 3737 miratae
933 3678 1059 3736 sunt
1101 3683 1325 3745 turbae,
1375 3682 1619 3736 dicentes
1667 3697 1680 3732 :
1729 3678 2027 3747 Numquam
2075 3680 2154 3733 sic

559 3755 805 3823 apparuit
858 3755 911 3809 itt
962 3752 1143 3808 Israel.
1180 3753 1451 3807 Pharisaei
1502 3763 1680 3805 autem
1722 3750 2011 3823 diccbaut:
2046 3750 2102 3823 in
2132 3749 2153 3780 ³

563 3820 805 3894 principe
832 3824 1240 3880 daemoniorum
1272 3823 1420 3894 ejicit
1449 3823 1762 3894 daemones.
1798 3820 1865 3875 Et
1890 3820 2155 3894 circuibat

557 3892 715 3951 Jesus
744 3892 989 3951 Civitates
1017 3911 1207 3951 omnes
1248 3892 1313 3949 et
1347 3895 1566 3949 castella
1590 3937 1604 3960 ,
1653 3893 1854 3947 docens
1895 3892 1947 3945 in
1989 3906 2150 3963 syna-

559 3968 709 4037 gogis
758 3983 980 4034 eorum,
1026 3976 1092 4045 _et
1136 3967 1453 4037 praedicans
1496 3967 1850 4045 evangelian
1875 3966 2058 4045 regni,
2098 3972 2154 4019 et

558 4034 756 4092 curans
776 4054 991 4093 omnem
1026 4034 1339 4109 languorem
1359 4078 1372 4102 ,
1395 4046 1451 4092 et
1475 4034 1689 4091 omnem
1712 4036 1733 4066 "
1762 4034 2150 4109 infirmitatem.

560 4108 761 4165 Vitlens
791 4121 971 4164 autem
1000 4106 1183 4164 turbas
1203 4150 1216 4173 ,
1250 4110 1498 4163 misertus
1526 4116 1610 4163 est
1634 4108 1714 4161 eis
1744 4124 1757 4159 :
1799 4108 1920 4176 quia
1947 4106 1968 4136 ⁸
2000 4114 2156 4159 erant

560 4183 769 4246 vcxati,
816 4192 869 4235 et
914 4181 1157 4251 jacentes
1210 4183 1348 4235 sicut
1403 4196 1532 4234 oves
1562 4193 1669 4232 non
1720 4178 1980 4251 habentes
2015 4192 2155 4251 pas-

558 4259 753 4307 torem.
789 4248 940 4307 Tttnc
981 4252 1111 4307 dicit
1159 4251 1438 4320 discipulis
1488 4252 1602 4306 suis
1644 4268 1657 4303 :
1703 4249 1890 4303 Mes~is
1936 4248 2154 4320 quidem

558 4323 757 4386 multa,
789 4324 1022 4393 operarii
1055 4336 1237 4378 autem
1268 4319 1441 4391 pauci.
1473 4322 1675 4390 Rogate
1701 4334 1830 4389 ergo
1864 4319 2151 4393 Dominum

560 4396 787 4457 messis,
830 4390 901 4448 ἰιι
944 4396 1120 4447 mittat
1163 4390 1441 4462 cperarios
1492 4394 1547 4445 in
1582 4404 1812 4462 messem
1863 4404 2038 4462 suam.
2086 4390 2154 4444 Et

557 4467 867 4520 convocatis
898 4465 1180 4520 duodecim
1207 4461 1487 4530 discipulis
1516 4462 1629 4516 suis
1652 4501 1667 4525 ,
1713 4461 1862 4515 dedit
1905 4461 2010 4514 illis
2053 4477 2154 4529 pn-

562 4543 815 4589 testatem
846 4536 865 4566 ⁸
890 4537 1176 4606 spirituum
1210 4534 1607 4590 imtnundotum
1629 4574 1643 4596 ,
1668 4540 1729 4587 ut
1753 4532 2015 4607 ejicerent
2027 4546 2153 4607 eos,

556 4614 613 4659 et
653 4602 1161 4663 curareut'omnem
1209 4608 1553 4677 languorem,
1590 4612 1646 4659 et
1674 4619 1891 4658 omnem
1916 4602 2156 4677 inlirnii-

558 4685 746 4732 tatem.
798 4677 1089 4733 Duodecim
1133 4688 1311 4732 autem
1358 4677 1744 4747 Apostolorum
1782 4676 1999 4747 nomina
2028 4681 2156 4728 sunt

558 4747 711 4875 haec.
739 4748 984 4874 Erimus,
1018 4749 1204 4806 Simon
1224 4790 1239 4819 ,
1272 4749 1363 4822 qui
1386 4746 1799 4819 cognominatus
1823 4755 1907 4803 est
1933 4746 2147 4813 Petrus,

558 4832 591 4875 e
708 4834 742 4875 n
784 4832 906 4875 reas

557 4825 618 4875 et
660 4825 906 4875 Andreas

558 2978 801 3034 mitatem
834 2997 846 3031 :
878 2985 934 3033 et

558 3048 712 3104 inulti
740 3048 913 3105 secuti

556 3130 683 3176 sunt
704 3136 848 3176 eum.

1103 203 1371 263 eussnn
1410 201 1750 261 VERCELL.
1793 200 2244 259 EVANGELIUM
2283 201 2429 260 cun
2469 188 2702 263 vanus
2739 198 2896 256 con.
2936 198 3329 260 comarum.
3725 207 3811 264 ιιι

2690 314 2925 373 CODEX
2968 314 3422 373 VERONZNBIS.

3088 410 3289 479 gelium
3319 410 3506 478 regni,

3090 493 3145 536 Cl
3173 495 3371 535 curans
3392 495 3601 535 omnem

3092 550 3407 621 languorem
3433 592 3447 616 ,
3471 560 3525 606 ot

3092 637 3309 677 onmem
3339 622 3561 683 inﬁrmi-

2260 409 2476 465 illorum
2508 428 2520 463 :

2259 490 2314 535 et
2341 480 2701 537 comminatus

2259 562 2343 607 est
2372 551 2475 607 illis
2502 551 2597 607 Je-

2259 637 2382 688 sus,
2410 622 2595 679 dicens
2627 640 2641 675 :

2261 693 2451 749 Videte
2480 710 2547 751 ne

2260 766 2380 832 quis
2408 766 2560 820 sciat.

2262 837 2351 892 3t.
2396 836 2474 890 Illi
2503 844 2683 892 autem

2261 919 2521 963 exeuntes
2544 952 2559 975 ,
2592 906 2674 963 di-

2261 978 2603 1034 fatnaverunt

2262 1065 2383 1104 eum
2416 1050 2468 1104 itt
2499 1058 2609 1105 tota

2264 1128 2407 1175 terra
2436 1120 2548 1176 illa.

2262 1191 2352 1246 32.
2398 1191 2641 1261 Egressis

2263 1273 2442 1317 autem
2472 1261 2581 1319 illis
2602 1303 2619 1327 ,

2263 1349 2392 1389 ecce
2421 1334 2629 1403 optule-

2264 1414 2389 1459 runt
2418 1406 2464 1459 ei
2499 1404 2672 1459 humi-

2266 1492 2385 1531 nem
2418 1485 2624 1531 mutum

2266 1558 2320 1602 et
2350 1547 2602 1609 surdum,

2261 1628 2317 1672 et
2342 1618 2685 1673 daemonium

2262 1689 2351 1743 33.
2396 1690 2702 1745 habentem.
2739 1688 2805 1744 Et

2263 1762 2438 1828 cjecto
2467 1758 2757 1816 daemonio
2781 1796 2797 1825 ,

2261 1829 2473 1885 locutus
2498 1841 2582 1886 est
2609 1841 2789 1887 mutus
2805 1872 2821 1898 ,

2252 1910 2308 1956 et
2337 1904 2563 1956 miratae
2596 1906 2729 1957 sunt

2252 1973 2465 2037 turbae,
2497 1973 2740 2030 dicentes
2766 1991 2780 2027 :

2252 2043 2551 2114 Numquam

2252 2116 2429 2171 taliter
2452 2117 2704 2186 apparuit

2254 2187 2307 2240 in
2336 2187 2584 2241 Istrahel.

2250 2256 2340 2313 34.
2381 2258 2664 2314 Pharisaei
2700 2266 2882 2317 autem

2252 2329 2507 2383 dicebant
2543 2349 2555 2384 :
2587 2330 2644 2385 In

2252 2399 2511 2455 Belzcbttl
2537 2416 2665 2469 rege

2251 2472 2663 2527 daemoniorum

2251 2543 2379 2597 eicit
2405 2542 2493 2598 hic
2521 2542 2652 2600 dae-

3091 701 3257 749 tatem
3292 710 3305 745 :
3335 704 3389 748 et
3429 694 3578 751 multi

3089 765 3257 819 secuti
3289 774 3415 819 sunt
3436 781 3576 827 eum.

3090 836 3181 890 36.
3226 834 3425 891 Videns
3454 848 3627 893 autem
3662 842 3665 843 ⁷

3092 906 3277 961 turbas
3302 948 3316 971 ,
3345 907 3594 964 misertus

3091 986 3175 1033 est
3204 978 3310 1032 illis
3336 995 3349 1032 :
3376 978 3515 1049 quod

3090 1058 3276 1105 essent
3298 1050 3476 1109 vexati
3494 1091 3510 1118 ,

3089 1129 3143 1176 et
3165 1125 3413 1189 jacentes

3090 1192 3231 1247 sicut
3255 1207 3384 1247 oves
3422 1200 3528 1246 non

3091 1262 3354 1317 habentes
3380 1273 3669 1332 pastorem.

3092 1333 3183 1388 37.
3225 1333 3376 1389 Tunc
3391 1334 3524 1389 dicit
3545 1334 3694 1390 disci-

3093 1405 3234 1474 pulis
3263 1406 3374 1459 suis
3409 1424 3421 1460 :
3452 1404 3639 1461 Messis

3090 1475 3309 1546 quidem
3340 1476 3532 1541 multa,

3090 1548 3320 1616 operarii
3352 1550 3548 1609 lautem

3093 1618 3267 1687 pauci.
3304 1618 3514 1688 Rogata

3088 1705 3220 1759 ergo
3254 1690 3539 1744 Dominum

3089 1759 3304 1825 messis,
3333 1771 3392 1815 ut
3422 1761 3602 1816 mittat

3087 1833 3367 1899 operarios
3397 1832 3453 1888 in
3487 1846 3710 1889 messem

3087 1918 3242 1958 suam
3404 1958 3407 1961 ,
3520 1960 3523 1961 ν

3302 1972 3534 2031 CAPUT
3564 1975 3629 2032 X.

3094 2046 3144 2100 1.
3189 2046 3257 2100 Ει
3278 2049 3595 2101 convocatis

3087 2116 3385 2190 duodecim
3404 2116 3677 2190 discipulis

3086 2190 3201 2245 suis
3223 2230 3237 2254 ,
3266 2188 3416 2243 dedit
3446 2188 3556 2244 illis

3090 2270 3415 2329 potestatem
3442 2262 3605 2329 spiri-

3088 2342 3237 2386 tuum
3270 2332 3669 2389 imntundorum
3685 2370 3698 2396 ,

3088 2412 3145 2457 ut
3175 2404 3417 2458 eicereut
3442 2418 3543 2459 eos
3562 2444 3576 2470 ,

3085 2482 3143 2530 et
3169 2482 3427 2529 curarent
3454 2489 3669 2531 omnem

3088 2545 3428 2616 languorem.
3456 2557 3517 2602 et

2252 2628 2466 2668 mones.
3086 2631 3305 2672 omnem
3334 2616 3698 2677 inﬁrmitatem

2250 2685 2340 2758 35.
2386 2684 2454 2739 Et
2474 2684 2744 2758 circuibat
3085 2688 3138 2742 itt
3166 2687 3341 2758 plebe.

2250 2754 2410 2812 Jesus
2437 2756 2685 2812 civitates
3085 2760 3141 2812 2.
3168 2754 3482 2814 'Duodecim
3510 2769 3682 2816 autem

2252 2842 2445 2882 omnes
2476 2836 2531 2899 et
2568 2843 2658 2882 ca-
3088 2830 3483 2899 Apostolorum

3085 2904 3304 2956 nomina
3335 2913 3461 2956 sunt
3494 2902 3641 2957 baeo.

3086 2971 3303 3027 Primus
3330 3014 3345 3039 ,
3373 2973 3567 3033 Simon
3584 3013 3600 3039 ,

2250 3055 2440 3113 eorum
2460 3083 2474 3107 ,
2508 3049 2565 3096 et
3085 3044 3179 3113 qui
3207 3042 3405 3099 dicitur
3430 3044 3653 3110 Petrus,

2250 3112 2575 3181 praedicans
2600 3126 2765 3168 evan-
3087 3128 3144 3169 et
3173 3114 3421 3172 Andreas

2720 3227 2954 3288 CODEX
2983 3230 3379 3291 BRIXIANUS.

2249 2899 2429 2979 stella,
2458 2898 2668 2981 docens

2251 2984 2304 3023 tn
2340 2984 2633 3041 synagogts

2252 3336 2462 3377 eorum.

2328 3396 2389 3448 Et
2437 3395 2791 3449 comminatus
2840 3405 2924 3451 est
2970 3396 3078 3451 illis
3117 3396 3275 3453 Jesus
3316 3397 3532 3454 dicens.
3567 3398 3745 3453 Videte
3774 3410 3832 3449 ne

2253 3468 2373 3534 quis
2401 3467 2554 3520 sciat.
2610 3465 2685 3522 Illi
2726 3477 2927 3522 autem.
2971 3479 3234 3525 exeuntes
3276 3468 3691 3525 dill'amaverunt
3724 3482 3829 3521 cum

2257 3538 2307 3589 in
2342 3549 2449 3592 tom
2496 3548 2633 3591 terra
2670 3540 2776 3592 illa.
2817 3540 3061 3609 Egressis
3091 3551 3268 3595 autem
3313 3540 3419 3595 illis
3469 3557 3598 3597 ecce
3641 3540 3830 3595 obtule-

2257 3617 2380 3661 runt
2422 3609 2469 3663 ei
2520 3610 2791 3665 hominem
2835 3621 3039 3665 mutum
3078 3611 3104 3650 ι)
3135 3612 3482 3667 daemonium
3518 3614 3829 3671 habentem.

2257 3678 2323 3733 Et
2381 3679 2558 3749 ejecto
2608 3682 2892 3735 daemone.
2950 3682 3158 3737 locutus
3214 3694 3295 3738 est
3365 3696 3572 3740 mutus.
3626 3695 3680 3739 et
3746 3682 3832 3735 tui-

2256 3759 2404 3825 ratae
2431 3752 2777 3825 suntturbae
2800 3754 3065 3825 dicentes.
3119 3753 3421 3822 Numquam
3478 3755 3725 3825 apparuit
3763 3754 3831 3806 sic

2259 3822 2312 3897 i_n
2360 3824 2397 3876 S
2447 3832 2469 3860 ε
2495 3820 2682 3897 _rabel.
2726 3823 3001 3897 Pharisaei
3037 3836 3217 3880 autem
3240 3820 3586 3882 dicebautvln
3609 3826 3834 3897 principe

2256 3894 2667 3947 daemoniorum
2697 3895 2822 3949 eicit
2852 3895 3157 3950 daemonia.
3194 3898 3258 3951 Et
3285 3898 3555 3953 circuibat
3583 3894 3739 3953 Iesus
3761 3897 3832 3948 ci-

2258 3964 2451 4019 vitates
2481 3979 2673 4039 omnes
2704 3974 2759 4019 et
2781 3967 3001 4020 castella
3022 3969 3225 4023 docens
3257 3968 3309 4023 in
3340 3972 3634 4039 synagogis
3659 3981 3836 4023 eorum

2258 4044 2313 4109 et
2351 4036 2670 4103 praedicans
2710 4039 3046 4107 evangelium
3090 4042 3261 4109 rcgui.
3308 4036 3385 4095 cf
3408 4036 3611 4095 curans
3636 4052 3835 4094 omnem

2260 4107 2571 4175 languorem
2622 4116 2677 4161 et
2727 4124 2940 4161 onmem
2986 4107 3380 4165 inﬁrmitatem.
3434 4112 3833 4166 V'idensautnm

2259 4178 2442 4230 turbas
2472 4178 2728 4231 misertus
2755 4190 2841 4234 est
2868 4182 2950 4236 eis
2985 4184 3240 4248 Quoniam
3283 4191 3441 4236 erant
3489 4183 3674 4238 vexati
3699 4192 3748 4236 et
3769 4179 3844 4248 ja-

2259 4257 2445 4322 tzetttes
2473 4250 2769 4322 sicutoves
2798 4266 2904 4305 non
2935 4251 3197 4308 habentes
3238 4266 3535 4322 pastorem.

2330 4319 2489 4395 Tunc
2527 4320 3128 4395 dixitdiscipttlisisuis
3173 4319 3362 4379 Messis
3407 4326 3630 4395 quidem
3684 4322 3836 4377 multa

2258 4392 2492 4472 operarii
2533 4402 2720 4472 autem
2764 4395 2937 4472 pauci.
2986 4394 3193 4472 Bogate
3225 4410 3356 4465 ergo
3390 4392 3683 4452 Dominum
3716 4409 3847 4449 mes-

2259 4466 2355 4515 sis.
2390 4470 2447 4514 ttt
2476 4466 2650 4516 mittat
2680 4466 2961 4531 Operarios
2988 4467 3040 4521 in
3070 4483 3302 4523 messem
3331 4482 3512 4522 suam.

2338 4531 2407 4585 Et
2432 4548 2738 4607 convocans
2759 4534 3045 4591 duodecim
3070 4538 3367 4607 discipulos
3393 4555 3544 4594 suos.
3574 4538 3724 4592 dedit
3748 4535 3845 4588 illis

2264 4610 2607 4672 potestatem.
2640 4606 2925 4675 spirituum
2971 4606 3373 4665 immundorum
3404 4622 3458 4664 ut
3491 4612 3737 4666 eicerent—
3760 4620 3847 4661 eos

2260 4682 2317 4727 ct
2340 4686 2593 4751 curarent
2622 4692 2836 4751 omnem
2860 4679 3173 4751 languorem
3218 4689 3274 4738 et
3300 4696 3524 4737 omnem
3568 4680 3847 4735 inﬁrmita-

2261 4755 2388 4822 tem.
2446 4746 2742 4822 Quodecim
2785 4746 2974 4806 autem
3024 4754 3409 4822 Apostolorum
3454 4756 3683 4808 nomina
3717 4754 3848 4822 sunt

2257 4816 2411 4873 haec.
2453 4818 2666 4875 Primus
2690 4820 2879 4877 Simon
2908 4823 2999 4893 qui
3032 4816 3235 4881 dieitur
3273 4824 3489 4881 Petrus;
3523 4834 3583 4881 et
3609 4820 3848 4880 Andreas

1255 4974 1653 5034 VARIANTES
1678 4973 2061 5036 LECTIONES
2095 4975 2365 5037 CODICIS
2408 4975 2518 5033 MS.
2550 4976 2610 5034 S.
2650 4977 3165 5039 GERMANENSIS.

620 5098 640 5169 ξ
673 5103 824 5169 totam
848 5101 1034 5169 terram
1057 5093 1611 5169 illam._i§gredientibus

619 5162 641 5191 ¹
676 5167 730 5210 et
753 5159 973 5221 surdum,
1000 5158 1311 5208 daemonium

617 5222 639 5253 ⁸
672 5222 906 5271 Belzebul
933 5222 1241 5283 principem.
1261 5220 1513 5283 daemonia
1539 5220 1585 5266 ⁸.

621 5236 639 5253 ·
672 5236 906 5271 uetzenut
933 5236 1236 5285 pﬂnClpe....
1261 5236 1513 5269 daemonia
1539 5236 1585 5266 ν.

621 5284 643 5315 δ
676 5284 1006 5336 inﬁmitatem
1030 5286 1080 5334 in
1103 5282 1309 5348 populo:
1334 5290 1385 5334 et
1407 5282 1545 5333 multi
1568 5283 1724 5333 secuti
1755 5286 1869 5332 sunt
1892 5292 2024 5331 eum.
2050 5279 2141 5332 Vi-

2249 5094 2375 5145 dens
2396 5104 2566 5149 autem
2588 5093 2616 5144 J
2622 5106 2738 5146 esus

2311 5159 2333 5190 ⁸
2369 5164 2537 5208 essent

2312 5220 2333 5283 ξ
2368 5220 2598 5283 ejiciendi
2622 5222 2821 5283 spiritus
2843 5220 3144 5283 immundos,
3170 5226 3223 5271 et
3244 5220 3447 5283 curanti
3479 5235 3691 5276 omnem
3722 5219 3851 5272 vale-

2249 5282 2489 5347 tudinem,
2517 5291 2569 5334 ct
2585 5282 2781 5334 omnem
2804 5282 3134 5336 inﬁrmitatem
3158 5285 3210 5334 in
3232 5282 3427 5348 papula.

1912 5372 2277 5444 BLANCHINI
2307 5385 2537 5445 NOTAE.

633 5496 659 5524 ι
698 5483 948 5540 Belzebub
969 5524 984 5549 ,
1013 5497 1123 5553 non
1155 5480 1394 5537 Belzebul
1417 5524 1431 5548 ,
1456 5444 1750 5553 legendum
1791 5489 1976 5553 monet
2016 5480 2143 5536 Hie-

561 5572 818 5631 ronymus
968 5550 1637 5638 decNomin.‘Heb_rai.'.Ex
1664 5550 1929 5638 .Iqltanne.
1952 5550 2017 5605 In
2043 5553 2146 5638 ﬁne

558 5621 682 5701 ergo
722 5628 942 5684 nominis
966 5666 982 5691 ,
1036 5626 1238 5696 inquit,
1282 5626 1311 5680 b
1342 5626 1510 5680 littera
1549 5621 1766 5696 legenda
1805 5631 1877 5677 est
1900 5663 1915 5691 ,
1947 5638 2049 5676 non
2089 5624 2141 5687 ι.

561 5717 741 5757 musca
768 5697 905 5754 enim
926 5694 1080 5754 sebub
1103 5704 1333 5753 vocatur.
1365 5694 1531 5768 Igitur
1558 5700 1804 5765 tempore
1836 5691 2147 5765 Hieronymi

2246 5481 2513 5557 Beelzebul
2538 5483 2819 5557 legebatur
2848 5485 2901 5539 in
2929 5487 3327 5557 exemplaribus
3353 5487 3589 5545 Latinis.

2250 5552 2384 5696 ap?”
2401 5552 2617 5680 Ettrita'
2655 5566 2738 5612 est
2780 5570 3013 5628 sequens
3059 5552 3162 5615 vox
3188 5599 3203 5628 ,
3234 5560 3475 5630 surdum,
3509 5576 3661 5633 quae
3686 5563 3859 5621 adhuc

2392 5642 2448 5681 re
2478 5667 2492 5681 .

2392 5642 2492 5681 fel.

2329 5694 2353 5735 δ
2392 5694 2602 5756 Extrita
2626 5706 2709 5756 est
2733 5698 2787 5754 ἄ.
