1990 3096
107 94 149 128 Μ

276 154 394 184 ωθει
410 153 614 184 VERCELLBN
618 156 679 184 SiS.

105 212 132 231 as
143 203 215 231 inter
225 202 287 237 eius.
495 207 522 230 te
531 223 538 235 ,
554 207 678 230 mortuos
692 209 753 230 sus-

106 240 131 267 5.
148 239 245 267 Jacobus
255 237 341 266 hbe-
494 238 596 271 citate,
614 238 703 273 lepro-

105 275 154 308 dei,
166 279 189 302 et
199 274 287 301 Johan-
494 281 542 301 sus
554 281 630 302 man.
654 294 660 300 .
682 278 725 302 ate
736 295 744 307 ,

105 312 142 338 nis
153 310 222 337 frater
232 309 299 344 ejus.
494 309 620 337 daemon.
643 329 651 336 .
673 329 680 336 .

105 346 239 381 Philippus.
251 349 278 372 et
289 344 356 372 Bar-
493 345 574 372 eicite
586 366 594 377 .
608 345 691 379 gratis

105 380 250 409 tholo’maeus
258 402 265 411 .
494 380 639 414 accepistis
649 402 658 415 ,
674 388 734 416 gra-

103 422 126 444 et
136 416 243 444 Matthe.
259 423 282 443 ι.
495 417 530 443 tis
540 416 612 444 date.

101 452 240 488 publicanus
250 472 259 484 ,
324 487 330 488 γ
495 451 522 479 9.
543 451 633 479 Nolite
644 451 765 487 posside-

102 487 108 514 ;
126 507 133 515 .
152 508 158 514 .
175 487 285 515 Jacobus
298 487 348 514 Al-

100 523 163 558 phei,
174 527 199 551 et
210 523 290 550 ludas
304 522 360 550 leo

99 556 168 591 iotes.
179 564 204 586 et
214 557 330 586 Thomas
340 572 348 591 δ
366 556 405 593 (α)

494 494 526 514 re
537 495 633 514 aurum
643 508 651 521 ,
666 495 714 515 ne-

494 530 549 556 que
561 527 714 558 argentum,

495 565 583 599 neque
596 558 704 599 pecuni-

98 594 121 621 ι.
138 594 267 629 ενι-εἰπε,
291 614 298 620 .
321 615 327 621 .
413 592 461 620 ba-
495 592 576 622 am’in
592 592 669 621 iouis

99 628 217 663 nanaeus,
228 634 256 657 et
269 629 316 657 lu-
498 628 542 657 i0.
562 629 661 657 vestris
677 637 684 656 :
699 636 753 657 non

98 666 121 693 d.
140 686 146 693 .
165 686 171 693 .
191 684 198 692 .
219 687 225 693 .
249 686 255 692 .
276 665 367 698 rioth,
496 672 587 699 peram
604 666 629 692 in
644 665 732 698 viam,

99 722 105 727 .
124 722 130 728 .
147 702 171 729 ui
184 705 210 729 et
220 701 331 729 indidit
496 708 586 736 neque
598 700 667 728 duas
680 704 724 728 tu-

96 744 157 764 eum.
495 737 571 764 nicas
578 757 585 768 ,
601 743 688 771 neque

495 772 671 799 calciamenta
684 793 692 805 ,

493 815 582 843 neque
595 808 686 842 virgas

493 844 520 870 in
538 843 663 870 manibus

493 880 591 906 vestris
605 888 612 906 :
627 878 725 914 dignus

493 919 536 942 est
550 915 621 942 enim
635 921 732 949 opem-

494 951 552 978 rius
564 949 601 986 (ε)
617 950 769 978 mercedem
781 949 802 984 -ιι

495 993 543 1014 sua
547 994 571 1012 m
575 1005 582 1012 .

496 1022 541 1049 it.
562 1021 591 1048 In
604 1027 772 1055 quacumque
786 1020 823 1048 ci-

494 1057 606 1084 vitatem
621 1057 707 1084 intra-

494 1093 600 1126 ret-itis,
616 1091 704 1120 inter-

95 773 117 800 5.
135 772 183 800 llos
197 780 245 799 xu.
258 772 331 800 misit

94 808 173 840 Jesus;
184 808 314 843 praecipi-

93 851 133 872 ens
144 845 180 906 riis
192 864 199 876 .
208 843 251 885 _(t)
266 847 295 871 et
307 843 328 879 1-
340 843 436 871 dicens
449 851 456 870 :

162 888 177 906 n
190 888 227 906 Vi-

162 888 177 906 n
190 888 227 906 Vi-

91 921 127 941 am
140 915 251 950 gentium

90 958 120 978 ne
132 951 264 982 abieritis;

89 991 112 1013 et
125 986 148 1012 in
162 987 277 1013 civitati-

88 1021 132 1049 bus
146 1021 285 1049 Samarita-

87 1065 176 1084 norum
188 1066 220 1084 ne
234 1058 277 1084 in-

88 1092 110 1120 6.
129 1093 261 1121 traveritis
277 1100 284 1119 :
298 1092 345 1120 sed

87 1129 166 1163 potius
184 1129 221 1156 ite
233 1128 268 1156 ad
283 1135 314 1156 ο-
495 1133 600 1163 rogate,
617 1128 678 1162 quis
690 1127 717 1154 in

86 1171 127 1191 ves
140 1165 254 1199 perditas
494 1171 525 1191 ea
547 1184 554 1190 .
577 1184 584 1190 .
608 1184 614 1190 .
635 1170 704 1198 gnus
716 1167 781 1190 est:

88 1200 173 1226 domus
183 1199 267 1227 istra—
493 1204 522 1227 et
535 1199 571 1227 ibi
585 1203 692 1226 manete

88 1235 110 1262 'l.
127 1235 178 1262 hei.
190 1235 297 1263 Euntes
310 1242 360 1262 au-
493 1235 581 1263 donec
593 1234 708 1262 exeatis.

89 1275 134 1298 tem
151 1271 292 1305 praedica-
494 1270 539 1298 12.
558 1270 693 1298 Intrantes
712 1274 801 1297 autem

89 1311 119 1339 te,
132 1306 247 1334 dicentes
261 1316 270 1333 :
285 1306 354 1341 Quia
494 1307 521 1333 in
533 1306 644 1334 domum
653 1327 661 1339 ,
676 1313 718 1333 sa-

88 1342 277 1382 adpropinqua-
494 1342 579 1383 lntate
592 1349 653 1383 eam
665 1341 707 1383 di:
735 1376 742 1383 ι

87 1376 233 1413 ritregnum
495 1382 587 1405 centes
603 1388 609 1403 :
625 1377 681 1419 Pax
695 1376 760 1418 huic

87 1412 109 1455 ξ.
127 1414 271 1441 caelorum.
288 1413 335 1441 ln-
497 1413 541 1455 is.
554 1413 714 1455 _d0mUI:“El
729 1420 753 1440 st
762 1411 820 1440 fue~

87 1448 168 1477 ﬁrmos
180 1457 260 1477 cura-
496 1450 532 1476 rit
545 1448 644 1476 domus
658 1448 705 1476 illa

293 1495 412 1534 CODEX
423 1505 659 1534 GORBEIENSIS.

87 1553 159 1581 frater
168 1554 236 1588 ejus.
248 1553 373 1581 Jacobus
384 1553 526 1586 Zebedaei,
536 1559 562 1581 et
570 1553 710 1581 Johanues
717 1552 800 1580 frater
808 1552 876 1586 ejus,

87 1589 223 1625 Philippus,
234 1594 263 1617 et
288 1589 519 1622 ihirtliolomac‘us,
538 1589 673 1622 Thomas,
688 1594 716 1616 et
729 1588 879 1625 Matthaeus

84 1624 245 1660 publicanus,
259 1624 567 1658 JacobusAlphaei,ct‘
584 1625 746 1652 Thaddacus
760 1645 767 1656 ,
779 1624 878 1660 Simon

85 1661 265 1693 Chauanaeus.
275 1660 393 1687 etiudas
404 1660 543 1692 Scarioth,
557 1662 601 1695 qui
615 1668 676 1688 eum
687 1659 808 1687 tradidit.
825 1659 880 1687 Hos

86 1696 216 1725 duodecim
227 1697 310 1725 misit
321 1696 419 1728 Iesus;
436 1696 605 1731 praecipiens
619 1697 670 1728 eis,
691 1697 701 1711 ¹
723 1696 835 1723 dicens:
852 1696 880 1722 in

86 1734 146 1759 viam
158 1734 289 1768 gentium
302 1740 337 1759 ne
350 1732 483 1764 abieritis,
500 1738 527 1768 et
540 1733 567 1759 in
580 1732 716 1759 civitatem
733 1731 881 1768 Samarita—

88 1766 172 1795 norum
196 1776 232 1796 ne
246 1769 258 1784 ³
277 1768 440 1795 introieritis
456 1775 463 1793 :
478 1767 526 1795 sed
552 1768 588 1795 ite
613 1768 702 1802 potius
723 1767 756 1794 ad
782 1775 846 1794 oves
869 1766 881 1782 ’⁸

88 1804 194 1837 perditas
207 1804 315 1831 domus
329 1802 422 1830 lsrael.
438 1803 542 1830 Euntes
553 1809 643 1830 autem
655 1803 808 1836 praedicate
817 1824 824 1835 ,
840 1802 883 1829 di-

88 1839 199 1867 diceutes
225 1848 233 1866 :
257 1839 332 1872 Quia
354 1839 579 1874 appropinquavit
599 1846 711 1872 regnum
730 1839 880 1865 coelorum.

88 1874 201 1903 infirmos
228 1879 331 1903 curate
345 1895 352 1906 ,
369 1878 491 1901 mortuos
504 1875 652 1904 suscitata.
670 1875 792 1908 leprosos
806 1882 883 1901 mun-

85 1911 148 1942 date,
163 1911 173 1926 '
187 1911 346 1938 daemones
366 1910 456 1944 ejicite
472 1930 480 1943 ,
506 1911 590 1945 gratis
610 1910 756 1944 accepistis
768 1931 775 1941 .
799 1910 884 1944 gratis

86 1946 148 1974 date.
169 1946 262 1974 Nolite
282 1945 424 1979 possidere
435 1953 532 1972 aurum
543 1967 549 1977 ,
567 1953 656 1981 neque
670 1951 821 1980 argentum,
837 1952 885 1972 ne-

86 1989 130 2015 que
151 1983 303 2017 pecuniam
325 1981 351 2008 in
367 1981 441 2008 zonis
455 1980 574 2008 ves‘tris:
595 1989 649 2008 non
670 1988 762 2015 peram
778 1981 804 2007 in
820 1981 862 2008 via
875 2001 883 2014 ,

86 2025 163 2052 neque
178 2018 249 2045 duas
263 2018 377 2044 tunicas
389 2037 396 2048 ,
418 2024 504 2052 neque
519 2017 695 2044 calciamenta
708 2038 716 2049 ,
730 2024 816 2051 neque
830 2017 885 2043 vir-

85 2060 138 2087 gam
153 2054 164 2068 ⁸
178 2062 185 2080 :
199 2054 307 2088 dignus
322 2053 394 2080 enim
405 2056 447 2079 est
466 2053 606 2086 operarius
625 2052 750 2080 mercede
770 2059 828 2079 sua.
855 2052 884 2080 in

85 2093 412 2125 quamquumqueantetn
428 2088 563 2125 civitatem
581 2089 591 2104 ⁷
606 2088 765 2125 introieritis
777 2109 785 2121 ,
802 2088 886 2125 inter-

86 2123 189 2158 rogate,
204 2123 271 2160 quis
289 2123 348 2151 Ilibi
369 2124 466 2158 dignus
486 2123 539 2160 sit:
556 2129 583 2151 et
602 2123 660 2151 illic
676 2129 783 2150 manete
798 2123 886 2160 donec

89 2161 191 2187 exeatis.
208 2159 353 2188 intrantes
366 2164 457 2186 autem
472 2159 499 2186 in
510 2159 632 2192 domum,
642 2160 760 2186 salutate
773 2167 832 2186 eam
846 2159 888 2186 di-

87 2201 169 2257 tantes
183 2206 191 2224 :
204 2196 266 2224 Pax
284 2196 297 2212 ⁹
310 2195 404 2222 domui
424 2195 496 2222 huic.
511 2195 541 2223 Si
558 2195 666 2230 quidem
686 2195 768 2223 fuerit
790 2195 887 2222 domus

89 2238 95 2256 i
113 2238 126 2257 a

89 2230 126 2258 illa

557 92 782 127 BVANGSLIUII
801 95 989 127 SECUNDUM
1008 91 1229 126 MATTHJEUM:

1677 99 1729 128 198

1142 153 1260 184 GODSX
1279 154 1507 184 VERONENSIS.

928 203 954 230 3.
976 202 1059 230 frater
1074 202 1142 237 ejus.
1161 202 1242 230 Jaco-
1349 207 1416 235 tate,
1430 203 1554 237 leprosus

927 237 978 266 bus
992 238 1124 266 Zebedaei
1135 257 1141 264 .
1347 239 1487 269 mundule,
1503 238 1568 266 dae-

927 278 956 301 et
968 273 1109 301 Jobannes
1346 274 1437 301 monia
1452 274 1549 306 eicite,

927 308 1012 345 frater
1028 310 1104 345 ejus,
1121 308 1187 337 Phi-
1344 310 1429 344 gratis
1442 309 1601 344 accepistis,

927 344 1017 379 lippus
1028 365 1036 378 ,
1050 349 1078 372 et
1097 344 1164 372 BIF
1344 345 1430 379 gratis
1445 345 1517 372 date.

928 379 1098 408 tholomaeus
1111 401 1119 414 ,

927 420 955 442 et
965 415 1101 444 Mattheus

927 451 1086 485 publicanus
1096 467 1103 484 ε

926 491 954 513 et
965 486 1083 514 Jacobus

926 522 1035 556 Alphei,
1046 529 1072 549 et
1084 523 1166 550 Jmlas

926 557 1034 585 Zelutes
1044 580 1050 587 .
1068 563 1093 585 et
1107 558 1181 585 Thu—

927 601 995 622 Inas.
1012 593 1050 628 (a)
1065 599 1090 621 et
1104 594 1123 628 ῒ

927 629 955 657 ι.
978 629 1070 656 Simon
1087 629 1237 661 Cananens,

927 669 952 691 et
968 664 1052 692 Judas
1064 664 1190 698 Cariotb;

927 699 972 736 qui
985 699 1098 727 tradidit

927 743 1000 762 eum.

927 771 955 798 5.
976 770 1032 798 Hos
1048 779 1095 798 xu;
1111 771 1186 798 misit

926 805 1016 842 Jesus,
1030 807 1201 842 praecipiens

1343 381 1370 408 9.
1392 380 1481 408 Nolite
1497 380 1637 415 possidere

1344 423 1451 446 aurum.
1469 424 1556 451 neque

1344 457 1497 486 argentum,
1513 458 1601 487 neque

1344 487 1489 522 pecuniam
1505 488 1532 515 in

1345 523 1421 550 zonis
1435 523 1533 550 vestris
1546 531 1555 550 τ

1345 558 1390 599 19.
1412 566 1465 586 non
1482 566 1573 593 peram
1587 558 1614 586 in

1346 601 1427 627 vtam,
1442 602 1529 628 neque

1345 628 1413 657 duas
1429 629 1545 665 tunicas,

1345 673 1434 705 neque
1445 665 1501 693 cal-

1345 707 1490 733 clamenta,

1346 744 1435 772 neque
1448 737 1548 772 virgam

1346 772 1373 799 in
1387 773 1510 800 manibus

1345 808 1444 835 vestris
1458 817 1464 834 :
1480 808 1578 843 dignus

926 841 977 880 eis,
995 842 1032 877 (b)
1047 846 1074 880 e_t
1086 842 1107 877 1-
1345 848 1387 871 est
1398 843 1469 871 enim
1482 841 1548 880 ope-

926 878 1020 914 dicens
1033 887 1040 905 :
1054 878 1082 906 in
1345 879 1434 906 rarius
1452 880 1488 914 (c)
1502 878 1607 907 inet-ce-

927 913 997 940 viam
1012 914 1133 950 gentium
1345 914 1406 942 detn
1421 914 1442 950 1'
1457 922 1545 942 suam.

927 956 961 977 ne
976 949 1107 980 abieritis.
1125 954 1151 977 et

926 984 953 1011 in
967 985 1121 1012 civitatibus

926 1020 1158 1048 Samaritanorum

926 1063 961 1084 ne
973 1056 1138 1083 intraveritis
1151 1065 1159 1082 τ

927 1091 954 1119 6.
975 1091 1023 1119 sed
1039 1091 1129 1126 potius
1146 1093 1183 1120 ite

926 1127 959 1154 ad
974 1134 1050 1160 oves,
1065 1135 1125 1162 quae

945 1162 1066 1190 erierunt
1080 1163 1178 1191 domus

942 1197 1056 1225 strabel.

931 1234 957 1262 7.
980 1234 1080 1261 Euntes
1091 1238 1182 1261 autem

927 1269 1093 1304 praedicata,
1109 1269 1231 1298 dicentes
1246 1278 1254 1297 :

927 1305 996 1339 Quia
1008 1305 1205 1341 adpropinqua-

927 1342 966 1368 vit
980 1349 1092 1376 regnum
1107 1344 1169 1369 cae-

929 1377 1028 1404 iorntn.

929 1413 957 1440 8.
978 1412 1105 1440 inﬁrmos
1119 1417 1224 1447 curate,

929 1452 1053 1475 mortuos
1063 1449 1149 1476 susci-

1346 951 1389 978 H.
1414 950 1616 992 |n_quamcum-

1345 994 1398 1020 que
1412 994 1483 1013 entm
1497 993 1566 1013 οινι-

1346 1026 1401 1049 tate
1415 1022 1590 1054 intraveritis.

1345 1057 1512 1091 interrogate
1522 1078 1528 1087 .

1345 1093 1407 1127 quis
1424 1093 1450 1120 in
1465 1100 1497 1120 ea
1510 1092 1608 1128 dignus

1345 1129 1382 1156 sit
1395 1137 1402 1156 :
1418 1132 1446 1155 et
1458 1128 1495 1156 ibi
1511 1134 1567 1156 ml-

1346 1168 1410 1191 nete
1424 1164 1513 1191 donec

1348 1199 1393 1227 12.
1414 1200 1528 1227 exeatis.
1542 1200 1585 1227 in-

1349 1240 1452 1263 trantes
1463 1241 1552 1262 autem

1346 1271 1372 1298 in
1389 1271 1511 1304 domum,
1526 1278 1570 1298 sa-

1347 1306 1430 1334 lulate
1444 1314 1504 1334 eam

1346 1341 1470 1370 dicentes
1484 1351 1491 1368 :
1506 1342 1561 1370 Pax

1346 1377 1410 1405 huic
1420 1378 1524 1405 domui.

1348 1414 1391 1441 i3.
1413 1413 1447 1441 Et
1462 1414 1484 1440 si
1500 1414 1581 1442 fuerit

1347 1448 1446 1476 domus
1461 1449 1507 1476 illa

1164 1498 1280 1534 conati
1299 1506 1495 1535 BRIXIANUS.

933 1553 1016 1590 frater
1029 1553 1100 1588 ejus.
1111 1553 1229 1590 lacubus
1237 1554 1364 1582 Zebedei.
1377 1559 1405 1582 et
1415 1554 1552 1582 Iohannes
1563 1554 1648 1582 frater
1660 1555 1729 1590 ejus.

932 1589 1112 1626 Philippnsiet
1128 1589 1345 1626 Bartholomeus.
1362 1590 1480 1626 Thomas
1494 1595 1521 1618 et
1535 1589 1730 1626 Matthenspu-

931 1625 1188 1652 blicauusJacobus
1201 1625 1306 1658 Alphei.
1320 1630 1346 1653 et
1363 1625 1499 1654 Lebbeus.
1519 1627 1563 1660 qui
1578 1627 1732 1654 nominatur

931 1660 1067 1688 Taddeus.
1083 1661 1176 1688 Simon
1189 1661 1364 1697 Chananeus.
1380 1666 1406 1689 et
1421 1661 1504 1689 Judas
1518 1662 1667 1690 Scariotes.
1687 1662 1732 1697 qui

932 1697 1076 1724 ettratlialit
1091 1704 1163 1723 eum.
1177 1696 1377 1724 Hosduodecim
1387 1698 1460 1724 misit
1470 1697 1550 1725 Jesus
1564 1696 1733 1732 praecipiens

932 1732 1053 1769 eis_(b)et
1068 1732 1087 1767 ἦ
1102 1733 1204 1759 dicens.
1219 1733 1244 1759 in
1260 1734 1331 1760 Viam
1346 1734 1466 1768 gentium
1477 1742 1510 1760 ue
1519 1734 1650 1761 abieritis.
1660 1739 1686 1761 et
1705 1734 1732 1760 in

932 1767 1056 1796 uiritatcs
1071 1769 1301 1795 Samaritanorum
1317 1767 1524 1796 neiintroirritis
1536 1770 1582 1796 scd
1601 1770 1733 1803 potiusitc

934 1804 967 1830 ad
990 1812 1054 1831 ores
1077 1812 1144 1837 quae
1161 1805 1298 1838 perierunt
1321 1804 1418 1831 domus
1433 1805 1545 1832 Israhel.
1564 1805 1666 1832 Euntes
1687 1812 1734 1831 an-

934 1843 998 1866 tem.
1016 1840 1169 1873 piaethcatc
1194 1840 1325 1867 dicentes.
1350 1840 1416 1874 Quia
1442 1840 1666 1875 adpropinquavit
1693 1848 1734 1867 re-

934 1882 1015 1937 gnum
1032 1876 1179 1902 caelorum.
1195 1875 1320 1903 [inﬁrmos
1341 1880 1434 1902 curate
1459 1877 1581 1910 loproms
1595 1877 1733 1902 mumlate.

954 1910 1077 1937 aemonia
1100 1911 1180 1937 eicite
1202 1912 1286 1937 stratis
1305 1911 1449 1937 accepistis
1465 1912 1547 1937 eratis
1561 1912 1632 1937 date.
1645 1911 1733 1937 Nolite

954 1910 1077 1938 aemonia
1100 1911 1180 1938 eicite
1202 1912 1286 1946 gratis
1305 1911 1449 1945 accepistis
1465 1912 1547 1946 gratis
1561 1912 1632 1938 date.
1645 1911 1735 1939 Nolite

935 1946 1076 1987 possidere
1096 1954 1305 1987 attrttml'neque
1324 1951 1477 1987 argentum.
1493 1955 1579 1982 neque
1593 1947 1734 1987 pecuniam

935 1982 962 2008 in
977 1982 1053 2009 zonis
1067 1983 1176 2010 vestris.
1190 1982 1247 2010 Non
1263 1989 1353 2016 peram
1370 1983 1396 2008 in
1412 1982 1492 2009 viam.
1510 1990 1598 2017 neque
1612 1982 1679 2009 duas
1693 1987 1737 2009 ttt-

937 2018 1023 2044 nicas.
1039 2025 1128 2053 neque
1141 2019 1338 2053 calciamenta.
1350 2025 1439 2052 neque
1453 2019 1565 2053 virgam.
1582 2018 1680 2053 dignus
1695 2022 1737 2045 est

936 2053 1008 2081 enim
1024 2052 1166 2087 operarius
1181 2053 1215 2089 (ε)
1233 2052 1386 2080 mercedem
1402 2053 1422 2088 1-
1434 2052 1522 2081 suam.

973 2088 1001 2115 ln
1026 2096 1195 2124 quacumque
1213 2094 1303 2116 autem
1319 2088 1456 2115 civitatem
1472 2094 1518 2116 aut
1539 2089 1678 2116 castellum
1693 2089 1735 2116 in-

939 2124 1079 2152 troieritis.
1096 2126 1272 2160 interrogate.
1293 2124 1354 2159 quis
1369 2124 1396 2151 in
1412 2132 1442 2152 ea
1457 2124 1555 2159 dignus
1578 2130 1629 2151 cst.
1650 2129 1678 2152 et
1701 2124 1738 2152 ibi

939 2164 1059 2187 manete.
1069 2161 1157 2188 donec
1168 2160 1280 2189 exeatis.
1293 2160 1465 2187 introeuntes
1476 2164 1565 2187 autem
1578 2161 1602 2187 in
1616 2161 1736 2188 tlonmm.

938 2196 1142 2258 lsialutate'lfam.
1155 2196 1287 2225 dicentes.
1299 2195 1354 2223 Pax
1370 2195 1432 2224 huic
1453 2196 1545 2224 domui
1559 2195 1591 2223 Et
1612 2197 1634 2223 si
1657 2196 1740 2224 fuerit

958 2239 1058 2258 omns:
1082 2239 1097 2258 a

958 2239 1036 2259 OmllS
1051 2239 1097 2259 Illa

444 2287 640 2317 VARIANTES
654 2286 848 2316 LECTIONES
865 2285 999 2316 CODlCiS
1014 2287 1069 2316 MS.
1085 2287 1114 2315 S.
1135 2287 1392 2317 GERMANENSIS.

116 2336 126 2382 ς
224 2336 343 2368 Zelotes,
356 2337 383 2361 et
393 2335 479 2361 Simon
491 2335 514 2360 ι.

115 2398 125 2414 ³
140 2400 298 2425 intraveritis
307 2405 313 2422 :

115 2429 357 2488 iussam

972 2334 983 2350 ⁸
1001 2334 1026 2358 in
1037 2335 1149 2359 manibus
1161 2335 1250 2360 vestris
1262 2342 1268 2360 :

972 2366 983 2397 ἶ
1001 2369 1043 2390 aut
1051 2366 1180 2391 castellum
1191 2366 1351 2397 intraveritis,

971 2395 985 2412 ³
1002 2397 1028 2428 in
1040 2402 1070 2421 ea
1081 2396 1171 2428 dignus
1181 2401 1221 2423 est
1231 2405 1238 2423 :
1247 2402 1273 2423 et
1283 2397 1319 2422 ibi

973 2428 984 2443 '
1001 2427 1060 2453 huic
1070 2427 1162 2455 domui.
1173 2428 1205 2456 Et
1215 2430 1237 2456 si
1248 2429 1325 2455 fuerit
1335 2429 1421 2456 domus

765 2504 950 2542 BLANCHINI
963 2512 1080 2542 nom.

122 2566 134 2581 ι
151 2562 225 2591 Nihil
240 2562 334 2591 simile
348 2560 472 2597 reperire
491 2561 566 2597 potui
587 2562 659 2591 inter
673 2563 809 2591 variantes
829 2562 889 2590 iee—

91 2597 173 2626 tiones
192 2599 311 2627 Grtecas
337 2602 384 2625 aut
407 2597 515 2624 Latinas
535 2597 605 2625 Novi
631 2598 818 2631 'l‘estamenti;
840 2597 888 2625 scd

92 2641 172 2669 neque
185 2634 263 2667 apud
279 2633 462 2669 Augustinum
475 2654 483 2666 ,
499 2634 544 2668 qui
559 2634 628 2661 libro
642 2634 760 2662 secundo
771 2634 804 2662 de
817 2634 889 2661 Con-

90 2668 164 2710 sensu
180 2668 508 2710 lavatigelistarum_dicit_
530 2669 630 2710 Lucam
655 2677 707 2697 non
731 2669 889 2710 discrepare

90 2712 104 2731 a
116 2705 251 2746 statutam
269 2704 301 2733 in
322 2704 482 2746 nominibus
494 2704 705 2768 Aﬁostoiorutn,
722 2705 776 2739 nisi
799 2706 826 2732 in
841 2713 890 2732 no-

92 2747 159 2768 mtne
173 2740 258 2768 Iuda
283 2739 374 2768 Jacobi
385 2760 394 2768 .
408 2747 489 2768 ouem
541 2740 657 2768 atthaeus
672 2739 831 2768 Eudamum
840 2748 890 2768 ao-

92 2740 159 2769 mine
173 2738 258 2769 ludat
283 2739 374 2768 Jacobi
385 2760 394 2775 ,
408 2747 489 2777 quem
515 2738 657 2770 Mattheus
672 2739 831 2769 Iliadde
840 2748 890 2776 ap-

960 2563 1041 2597 ellat;
1068 2563 1193 2591 nonnulli
1219 2568 1309 2592 autem
1333 2564 1443 2593 codices
1465 2564 1567 2592 habent
1592 2563 1739 2593 Lebedum.

967 2599 1019 2627 nde
1034 2607 1098 2635 ergo
1111 2600 1262 2628 derivatum
1275 2601 1311 2628 sit
1331 2600 1360 2628 in
1373 2600 1497 2628 ‘co’didem
1512 2599 1674 2629 Sail-Genti.
1691 2608 1741 2628 no-

942 2642 1004 2662 men
1017 2635 1088 2664 istud
1101 2635 1185 2662 Judas
1197 2635 1316 2667 Zeloles.
1329 2635 1421 2663 minus
1433 2635 1521 2663 adhuc
1538 2637 1601 2663 mihi
1615 2637 1742 2670 'cdtnper-

942 2674 1010 2697 tnm.
1024 2669 1182 2698 f'rmsertim
1197 2679 1258 2699 cuin
1281 2672 1373 2699 Simon
1383 2671 1490 2699 dicatur
1505 2671 1605 2698 Zeloles
1617 2669 1687 2699 Luc.
1696 2678 1741 2705 vt,

944 2706 989 2734 15.
1001 2713 1055 2734 non
1069 2706 1153 2734 ludas
1163 2707 1262 2743 aliquis
1273 2715 1289 2735 e
1303 2715 1417 2736 numen
1425 2707 1635 2742 discipulorum.

122 2812 160 2848 (a)
180 2812 313 2844 Addunt,
324 2817 358 2849 et,
371 2816 401 2841 ut
410 2810 472 2840 cod.
482 2810 561 2840 Cant.
584 2812 635 2840 καὶ.
646 2825 683 2833 -—
693 2811 730 2848 (b)
742 2811 791 2839 Hic
810 2816 919 2847 quoque
932 2809 1040 2839 additur
1053 2815 1087 2845 et,
1101 2809 1182 2839 etiam
1205 2809 1232 2837 in
1255 2809 1317 2838 cod.
1330 2808 1399 2837 Cant
1425 2809 1476 2839 reti.
1489 2820 1524 2826 -—
1539 2805 1574 2841 (ι)
1589 2806 1627 2835 ita
1640 2798 1668 2832 et
1682 2805 1748 2834 cod.

91 2844 163 2879 Gabi.
177 2849 294 2886 piceos,
