1990 3096
77 137 120 163 Sol
535 132 759 163 EVANGELIUM
778 133 963 163 SECUNDUM
984 133 1202 163 MATTll/EUM.

254 190 373 220 CODEX
392 190 659 220 VERCEILENSIS.

79 242 255 273 persequentur
477 238 579 270 nebris,
596 238 678 266 dicite

80 281 125 301 vos
137 274 160 301 in
172 273 254 302 civita—
477 274 504 301 in
520 273 621 301 lumine
636 282 643 300 :
660 278 688 302 et

81 314 131 337 lem
143 309 222 341 istam,
234 308 275 336 fu-
477 309 547 344 quod
562 308 589 336 in
604 316 670 336 aure

80 345 131 379 gite
139 345 162 371 in
173 344 254 371 aliam.
270 344 312 379 (a)
477 344 600 377 audistis,
615 352 693 379 prae-

80 379 149 413 Quod
159 379 178 406 si
191 380 214 406 in
228 380 299 408 alte-
477 379 566 407 dicate
578 387 661 414 super

78 423 129 443 ram
144 422 294 450 persequen—
476 414 522 443 28.
544 419 623 443 tecta.
637 415 672 443 Et
682 415 751 443 noli-

79 456 118 478 tur
127 458 179 483 vos,
191 450 272 486 fugite
479 456 505 478 te
518 451 614 478 limere
629 458 688 485 eos,

78 487 102 513 in
113 486 193 513 aliam.
207 486 227 521 ’ξ-
478 486 523 521 qui
540 486 669 514 occidunt

78 522 152 549 Amen
164 521 222 549 dico
234 521 321 554 vobis,
478 529 594 557 corpus;
611 522 729 549 animam

79 565 124 584 non
137 564 249 584 consum-
478 561 568 585 autem
581 565 634 584 non
648 564 709 592 p05-

77 593 173 620 mabitis
185 592 250 620 civi-
479 597 543 621 sunt
556 592 663 620 occide-

79 633 138 655 tates
145 628 260 661 Istrahel,

77 663 153 691 donec
164 664 251 691 veniat

77 700 139 726 ﬁlius
151 700 273 727 hominis.

76 734 115 762 2i.
132 734 186 762 Non
198 740 241 762 est
252 734 373 770 discipu-

77 770 112 798 lus
124 778 200 805 supra
215 778 275 798 ma-

77 806 189 841 gistrum,
200 813 292 840 neque

267 875 317 918 (lt).
325 875 399 904 Satis
405 879 448 904 est

77 912 206 947 discipulo,
222 917 253 940 ut
267 912 304 939 sit

77 948 139 975 sicut
151 948 250 983 magis.

77 988 113 1011 ter
124 983 192 1018 ejus;
207 988 234 1011 et
245 991 306 1011 ser-

76 1026 119 1046 vus
132 1020 198 1047 sicut
211 1019 341 1047 dominus

76 1054 135 1090 ejus.
148 1055 176 1090 Si
187 1062 233 1089 pa-

77 1096 137 1118 trem
153 1089 253 1117 famili-

79 1133 103 1152 as
114 1125 252 1153 Beelzebul

77 1165 231 1189 vocaverunt
242 1170 249 1188 :

78 1201 168 1231 quanto
181 1204 241 1232 mag
265 1215 274 1223 .
296 1215 304 1223 .
327 1216 334 1222 .

80 1233 173 1260 domest
191 1252 198 1258 .
220 1252 228 1259 .
253 1252 260 1258 .
283 1239 315 1259 os

78 1267 115 1295 26.
134 1268 204 1303 ejus?
217 1267 258 1295 Ne
275 1274 341 1303 ergo

81 1303 208 1331 timueritis
222 1311 286 1331 eos.

80 1337 141 1366 Nihil
154 1340 223 1367 enim
237 1345 322 1374 oper-

81 1379 128 1401 tum
141 1379 188 1407 est,
200 1373 279 1410 quod

82 1416 221 1438 nonreve.
244 1430 252 1436 .
278 1425 286 1435 ο
308 1430 316 1437 .

81 1444 156 1478 biuir;
169 1445 255 1474 occul-

83 1481 246 1516 tum,quodn
271 1500 280 1507 .
304 1501 311 1508 .
333 1499 342 1516 ε

83 1515 120 1542 27.
137 1515 242 1544 scietur.
258 1515 343 1550 Quod

83 1552 309 1581 dicovobis...

287 1607 404 1637 CODEX
414 1606 656 1636 CORBEIENSIS.

83 1661 158 1685 autem
178 1661 382 1720 persancntur
401 1661 449 1682 vos
471 1655 497 1681 in
518 1654 629 1682 civitate
648 1654 717 1687 ista,
738 1654 823 1689 fugite
837 1653 872 1695 'in

85 1692 161 1719 aliam.
174 1697 186 1711 ι
199 1693 239 1720 Ou
304 1692 326 1718 si
350 1691 377 1718 in
397 1691 478 1717 aliam
494 1695 692 1720 persequentur
710 1697 772 1720 vos.
789 1689 872 1720 fugite

85 1692 161 1719 aliam.
174 1689 187 1711 ί
199 1689 281 1726 Quod
304 1692 326 1718 si
350 1691 377 1718 in
397 1691 478 1717 aliam
494 1695 692 1725 perseqneutttr
710 1689 874 1726 vos,7fugite

479 636 508 656 re
521 637 528 654 :
545 628 593 655 sed
609 628 699 663 potius

478 671 541 692 eum
556 663 665 697 timete,

478 699 524 735 qui
539 704 629 734 potest
649 719 657 726 .
679 718 687 726 .
710 720 716 726 .
740 719 747 725 .

481 740 553 762 mam
569 738 606 761 ct.
631 755 637 761 .
660 755 667 762 .
692 754 698 761 .

481 777 532 805 pus
546 770 663 805 perdere
675 770 701 797 in

498 806 646 833 ehennam.

499 841 526 869 9.
547 840 642 869 Nonne
656 840 709 868 duo
724 847 784 874 pas-

483 883 558 904 seres
571 883 632 904 asse
643 884 690 904 ve-

486 932 492 938 .
512 932 519 940 .
536 931 544 939 .
561 916 590 939 nt
604 920 611 939 :
627 915 655 939 et
667 919 737 939 unus

488 948 761 975 .....isnonca-

487 1003 494 1010 .
512 1003 518 1010 .
538 1003 545 1009 .
563 990 664 1018 .super
679 987 735 1011 ter-

486 1037 494 1046 .
513 1039 520 1045 .
537 1026 574 1045 .m
590 1018 650 1045 sine
664 1025 713 1045 vo-

487 1074 494 1080 .
513 1074 520 1081 .
537 1074 544 1081 .
561 1074 568 1080 .
583 1058 636 1081 tate
650 1053 738 1081 Patris

485 1089 531 1117 50.
553 1107 561 1116 .
579 1110 586 1117 .
606 1110 612 1115 .
631 1088 752 1124 .tri?(c)
766 1087 855 1116 sedet

485 1124 576 1161 capilli
587 1124 687 1161 capitis

488 1180 495 1186 .
515 1159 528 1187 ξ
538 1179 546 1187 .
564 1181 571 1188 .
585 1160 619 1188 tri
629 1159 651 1195 τ
665 1167 759 1188 nume-

489 1200 745 1223 .....suntom-

487 1231 532 1259 51.
554 1238 614 1259 nes.
631 1230 720 1258 Nolite
733 1238 779 1258 er-

490 1287 498 1294 .
516 1286 523 1293 .
540 1286 547 1292 .
566 1286 572 1292 .
591 1286 599 1294 .
615 1274 708 1294 .ntere
723 1275 730 1293 :
745 1265 815 1293 mul-

488 1310 496 1318 ·
513 1322 520 1329 .
538 1322 546 1329 .
564 1322 572 1330 .
588 1321 595 1329 .
608 1302 706 1329 melio-

86 1728 107 1755 in
117 1725 232 1756 alteram.
249 1730 343 1756 Amen
357 1726 419 1754 dico
429 1726 519 1758 vobis,
535 1734 589 1753 non
602 1725 825 1753 consummabilis
836 1725 875 1752 ci—

86 1764 168 1792 vitales
186 1764 272 1792 Israel
283 1783 293 1795 ,
306 1762 394 1790 donec
407 1762 499 1788 veniat
520 1761 591 1788 ﬁlius
613 1762 741 1789 hominis.
756 1761 814 1788 Non
833 1764 876 1788 est

87 1798 220 1834 discipulus
235 1798 573 1834 superrmagistrum._ncc
586 1804 686 1834 servus
694 1804 775 1831 super
789 1796 876 1834 domi-

88 1842 138 1862 num
146 1832 237 1863 suum.
256 1835 264 1850 ¹
275 1832 392 1861 Suflicit
407 1832 551 1867 discipulo,
568 1837 597 1859 ut
615 1833 651 1859 sit
665 1832 736 1859 sicut
749 1832 877 1866 magister

88 1870 149 1903 ejus;
159 1876 186 1898 et
197 1872 208 1886 ²
222 1876 321 1900 servo,
336 1873 365 1895 ut
380 1868 415 1895 sit
427 1869 497 1895 sicut
507 1867 634 1895 dominus
647 1868 714 1902 ejus.
731 1867 758 1895 Si
773 1873 876 1902 patrem

90 1904 188 1933 familias
209 1904 361 1933 Bcelzebul
381 1908 546 1931 vocaverunt
567 1911 573 1930 :
598 1908 698 1937 quntth
724 1903 808 1936 magis
830 1902 878 1928 do-

91 1941 201 1969 mesticos
215 1940 300 1976 eius?
310 1939 353 1976 Ne
365 1946 429 1976 ergo
439 1938 586 1976 timueritis
595 1946 652 1965 ρος.
671 1939 742 1976 Nihil
754 1943 794 1965 est
806 1938 878 1976 enini

91 1981 199 2010 opertum
210 1998 218 2009 ,
232 1972 318 2011 ἐιυοὰ
338 1983 390 2011 non
398 1972 417 1989 ’³
432 1974 627 2011 [θγβιειυτλριν
639 1974 788 2011 occultum,
807 1972 879 2011 quod

92 2009 358 2040 nbn‘maniféstetur.
372 2009 449 2043 Quod
459 2009 521 2036 dico
534 2010 609 2037 vobis
622 2010 648 2036 in
661 2009 791 2039 tenebris.
800 2009 880 2035 dicite

92 2047 113 2073 iu
128 2047 224 2075 lumine
246 2056 253 2073 :
279 2050 310 2074 et
333 2045 404 2081 quod
430 2046 456 2072 in
479 2052 545 2081 aure
564 2045 575 2060 ⁸
597 2045 706 2077 auditis,
728 2044 882 2081 praedicate

94 2089 161 2116 super
186 2088 266 2110 tecta.
297 2078 349 2109 ΕΓ
364 2081 447 2108 nolite
476 2079 572 2108 timere
597 2087 665 2113 eos,
688 2078 735 2115 qui
756 2078 883 2116 occidunt

95 2114 193 2151 corpus;
240 2117 364 2145 animam
405 2120 494 2143 autem
540 2124 593 2144 non
637 2114 751 2150 possunt
772 2114 880 2151 occide-

96 2160 119 2179 re
132 2150 139 2179 ἑ
152 2155 161 2169 ⁶
179 2155 275 2182 timete
291 2160 356 2188 ergo
376 2152 459 2186 magis
480 2158 559 2188 eum,
589 2152 634 2187 qui
658 2154 749 2188 potest
772 2155 800 2178 et
826 2150 884 2188 ani-

98 2195 154 2215 tuam
177 2193 203 2217 et
216 2185 335 2224 corpus'
345 2185 458 2222 perdere
479 2187 506 2213 in
522 2185 685 2224 gehennam.
710 2185 805 2214 Nonne
827 2186 884 2224 duo

99 2230 206 2257 passeres
226 2220 293 2252 asse
310 2220 445 2250 vaeneunt
458 2230 464 2248 :
480 2227 507 2249 et
518 2229 587 2249 unus
600 2230 634 2249 cx
648 2222 700 2249 illis
717 2229 770 2249 non
785 2220 882 2257 cadet.7

100 2256 121 2285 in
131 2264 221 2287 terram
236 2261 302 2288 sine
317 2259 455 2286 voluntate
468 2257 556 2284 Patris
571 2257 672 2291 vestri,
693 2257 739 2291 qni
755 2257 781 2284 in
799 2256 883 2283 coelis

101 2296 149 2321 est?
159 2295 204 2323 sed
217 2300 245 2323 et
257 2294 352 2329 capilli
365 2293 462 2327 capitis
472 2300 568 2320 omnes
576 2293 586 2308 ⁸
599 2296 730 2329 numerati
741 2298 813 2320 sunt.
826 2291 881 2329 No-

103 2330 139 2357 lite
150 2339 210 2366 ergo
224 2327 326 2358 timere
338 2337 345 2355 :
357 2330 367 2345 ³
381 2329 474 2356 multis
493 2328 648 2366 passeribus
666 2328 795 2366 meliores
814 2327 882 2366 estis

104 2371 149 2393 vos.
161 2362 251 2394 Οἶιιηίς
265 2372 334 2401 ergo
346 2365 391 2400 qui
399 2371 443 2392 me
451 2363 591 2391 confessus
605 2363 686 2391 fuerit
696 2363 717 2378 ¹⁰
730 2370 823 2391 coram
834 2362 883 2390 lto-

1648 137 1702 164 202

1119 192 1233 220 CODEX
1248 192 1475 221 VERONENSIS.

1323 240 1365 267 bis
1379 240 1405 267 in
1422 240 1540 268 tenebris
1550 259 1558 271 ,

1323 276 1405 303 dicite
1421 276 1447 303 in
1463 276 1564 303 lumine
1578 280 1585 300 ε

1323 316 1350 338 ct
1362 311 1436 346 quod
1448 312 1476 338 in
1488 317 1554 339 aurc

1323 347 1423 382 auditis
1431 367 1439 379 ,
1455 347 1611 382 praedicatis

1325 381 1370 409 28.
1392 380 1475 416 super
1488 387 1569 410 tecta.
1584 380 1619 407 Et

1326 417 1411 445 nolite
1427 418 1523 446 timere

908 243 1104 275 persequentur

908 283 955 302 vos
971 275 997 302 in
1013 275 1092 302 istam

908 310 1044 338 civitatem
1056 331 1064 343 ,
1079 311 1120 338 fu-

908 346 963 381 gite
977 346 1004 373 in
1020 346 1114 374 aliam.
1131 345 1169 382 (a)

908 381 986 414 Quod
1002 381 1025 409 si
1038 382 1066 409 in

909 417 990 444 aliam
1004 424 1168 453 persequen-

910 457 953 480 tur
963 459 1026 484 vos,
1040 453 1122 487 fugite
1325 460 1387 486 eos,
1405 453 1451 487 qtti
1464 454 1535 481 occi-

910 488 937 515 in
951 487 1042 515 aliam.
1059 488 1080 523 1-
1326 488 1393 515 dunt
1406 495 1505 523 corpus
1515 510 1522 522 ,

911 523 996 551 Amen
1011 523 1073 551 dico
1327 524 1444 552 animam
1458 531 1505 550 att-

911 559 1004 592 vobis,
1018 566 1070 586 non
1082 566 1148 587 cou-
1329 564 1382 586 tem
1398 566 1452 586 non
1468 567 1529 594 pos-

911 595 1081 622 summabitis
1329 599 1393 621 sunt
1406 595 1530 623 occidere
1545 605 1552 623 :

911 630 1037 657 civitates
1049 629 1131 658 Istra—

912 665 972 699 hel,
987 665 1073 693 donec
1086 673 1131 694 ve-

913 701 970 728 niat
985 701 1056 728 ﬁlius
1071 701 1121 729 ho-
1330 701 1376 735 qui
1392 707 1481 735 potest
1495 702 1554 728 ani-

913 735 1004 772 minis.
1332 743 1404 772 mam
1420 741 1446 763 et
1459 744 1559 772 corpus

912 772 959 799 24.
980 771 1038 799 Νοη
1054 776 1096 800 est
1111 772 1153 800 di-
1332 771 1447 807 perdere
1459 772 1485 799 in
1498 771 1546 807 ge-

914 779 959 799 u.
980 779 1038 799 non
1054 779 1096 800 est
1111 779 1153 800 αι-
1332 779 1463 834 perderet

914 807 1034 842 scipulus
1050 815 1133 843 super
1336 814 1463 843 fiennam.

916 842 1091 878 magistrum,
1107 850 1152 871 ne-
1332 842 1377 869 29.
1399 842 1495 870 Nomte
1509 842 1563 871 duo

915 885 970 913 que
982 885 1078 906 servus
1091 887 1139 906 su-
1332 885 1460 913 passeres
1472 885 1535 906 asse

916 920 965 975 per
979 913 1118 955 dominum
1135 913 1184 958 (ό).
1332 913 1465 954 veniunt:
1480 919 1507 941 et
1519 921 1588 942 unus

936 949 963 975 5.
982 948 1054 975 Satis
1067 955 1108 975 est
1119 951 1158 975 dt-
1333 955 1367 975 ex
1383 948 1437 975 Illis
1449 956 1501 975 non

936 949 963 977 5.
982 948 1054 977 Satis
1067 955 1108 978 est
1119 948 1167 978 di-V
1333 955 1367 975 ex
1383 948 1437 976 illis
1449 956 1501 976 non

916 985 1022 1019 scipulo
1034 1005 1042 1018 ,
1058 990 1086 1012 ut
1101 986 1135 1013 sit
1333 983 1407 1011 cadit
1421 991 1503 1019 super
1519 988 1574 1012 lcr-

1334 1026 1393 1046 ram
1405 1019 1464 1046 sine
1481 1019 1576 1047 volun-

1335 1058 1391 1081 tate
1407 1054 1495 1082 Patris
1510 1063 1556 1082 ve-

1335 1090 1394 1122 stri,
1414 1090 1460 1124 qui
1476 1095 1518 1117 est
1530 1091 1556 1118 in

1337 1124 1383 1152 30.
1404 1125 1507 1161 caelis?
1521 1126 1557 1161 (ε)
1568 1127 1616 1155 sed

1338 1164 1367 1187 et
1376 1160 1467 1195 capilli
1483 1163 1580 1195 capitis

1339 1197 1421 1223 vestri
1437 1195 1457 1230 -ι-
1471 1197 1605 1224 numerati

1339 1236 1403 1258 sunt
1417 1239 1522 1259 omnes.

1340 1266 1386 1294 51.
1407 1266 1497 1295 Nolite
1510 1275 1576 1302 ergo

1342 1302 1438 1330 timere
1454 1310 1461 1328 :
1476 1303 1563 1331 multo

1330 629 1377 657 sed
1393 630 1483 670 pqlius

1331 673 1393 693 eum
1408 670 1514 699 timete,

917 1019 987 1047 sicut
1001 1021 1130 1055 magister

917 1055 995 1089 ejus;
1011 1060 1038 1083 et
1052 1063 1133 1084 servo
1145 1056 1217 1084 sicut

917 1090 1045 1126 dominus
1058 1091 1127 1126 ejus.

917 1125 946 1154 Si
963 1125 1078 1161 patrem'
1089 1127 1130 1153 fa-

919 1161 1010 1189 milias
1024 1161 1152 1190 Velzebul

919 1197 1087 1225 vocaberuut
1101 1206 1107 1224 :
1124 1204 1211 1233 quan-

921 1236 953 1268 to
964 1233 1050 1268 magis
1063 1233 1161 1261 dome—

920 1267 967 1295 26.
989 1267 1073 1296 sticos
1086 1268 1166 1303 ejus?
1180 1268 1220 1296 Ne

921 1310 987 1338 ergo
1003 1304 1146 1332 timueritis
1193 1303 1200 1309 “

921 1345 970 1366 eos
973 1358 979 1365 .

922 1373 996 1402 Nihil
1008 1375 1082 1403 enim
1093 1382 1174 1411 oper-

924 1414 997 1443 tum,
1011 1411 1083 1445 quod
1098 1419 1152 1438 non
1169 1418 1214 1438 re-

925 1445 1059 1473 velabitur
1067 1467 1074 1479 ,
1091 1451 1119 1473 et
1134 1453 1181 1473 oc-

925 1480 1027 1508 cultum
1039 1501 1047 1513 ,
1062 1481 1135 1516 quod

925 1523 979 1543 non
997 1515 1110 1544 scietur.
1345 1521 1389 1541 me
1402 1521 1495 1541 coram
1509 1515 1560 1542 ho-

925 1550 972 1577 27.
990 1551 1069 1585 Quod
1085 1551 1147 1578 dico
1158 1558 1207 1578 vo-
1345 1549 1481 1583 minibus,
1497 1551 1582 1578 conti-

1160 1607 1280 1637 CODEX
1296 1606 1496 1636 BRIXIANUS.

943 1660 1043 1684 uentur
1052 1663 1100 1683 vos
1112 1656 1139 1683 in
1151 1655 1262 1683 civitate
1273 1653 1286 1673 ιι
1299 1654 1390 1681 istam.
1405 1654 1488 1688 fugite
1499 1654 1526 1681 in
1539 1654 1629 1682 aliam.
1640 1655 1726 1684 Amen

943 1663 1043 1684 uentur
1052 1663 1100 1683 VOS
1112 1663 1139 1683 Ill
1151 1663 1262 1683 ClVllale
1273 1663 1286 1673 υ
1299 1663 1390 1681 ΙδιὶΙΙΠ.
1405 1663 1488 1688 ιυειιθ
1499 1663 1526 1681 In
1539 1663 1629 1682 altam.
1640 1663 1726 1684 AlllCll

923 1663 987 1719 ﬂico
1005 1692 1082 1719 vobis
1098 1699 1151 1719 non
1164 1689 1388 1719 consummabilis
1400 1690 1524 1718 civitates
1537 1690 1562 1718 is
1575 1696 1586 1709 ε
1597 1692 1664 1718 rael.
1678 1692 1727 1718 do-

926 1735 976 1755 nec
989 1728 1081 1755 veniat
1097 1727 1169 1754 ﬁlius
1182 1726 1312 1753 hominis.

1341 1345 1390 1365 vos
1401 1338 1532 1366 meliores

1342 1374 1409 1401 estis
1425 1381 1517 1408 passe-

1343 1408 1430 1436 ribus.

1344 1443 1389 1471 32.
1403 1444 1505 1480 Omnis
1515 1452 1581 1480 ergo
1591 1445 1636 1480 qui

1344 1479 1518 1506 confitebitur

963 1763 1021 1790 Non
1040 1767 1082 1790 est
1102 1762 1252 1798 discipulus
1270 1769 1352 1796 super
1372 1761 1541 1797 magistrum.
1563 1769 1613 1790 nec
1633 1770 1728 1789 servus

927 1805 1010 1832 super
1031 1798 1170 1825 dominum
1190 1805 1278 1824 suum.
1294 1798 1403 1825 Suflicit
1416 1797 1553 1833 discipulo
1564 1802 1593 1824 ut
1608 1798 1643 1825 sit
1658 1800 1729 1825 sirut

928 1833 1058 1868 magister
1068 1835 1127 1864 eius
1142 1839 1169 1861 et
1181 1840 1261 1860 servo
1274 1834 1344 1860 sicut
1356 1833 1482 1860 dominus
1496 1833 1565 1867 ejus.
1579 1834 1607 1860 Si
1623 1839 1727 1867 patrem

928 1868 1047 1896 familias
1064 1868 1205 1896 Beelzebul
1221 1874 1385 1896 vocaverunt
1397 1874 1499 1903 quanto
1515 1869 1600 1902 magis
1619 1869 1729 1896 domes-

929 1905 998 1932 ticos
1008 1904 1067 1939 ejus
1077 1904 1115 1931 Ne
1127 1912 1193 1939 ergo
1205 1903 1350 1931 timueritis
1362 1911 1420 1931 eos.
1433 1904 1504 1931 Nihil
1517 1908 1557 1930 est
1567 1905 1639 1930 enim
1651 1912 1729 1938 oper-

930 1944 987 1966 tum
1007 1940 1081 1974 quod
1107 1947 1160 1967 non
1181 1940 1354 1966 revelabitur.
1374 1944 1402 1966 ct
1421 1939 1558 1966 occultum
1581 1939 1653 1973 quod
1675 1947 1728 1966 non

930 1975 1041 2002 scietur.
1051 1975 1129 2009 Quod
1142 1975 1204 2002 dico
1215 1975 1291 2002 vobis
1303 1975 1330 2001 in
1344 1975 1473 2002 tenebris.
1486 1974 1567 2001 dicite
1578 1974 1605 2000 in
1617 1974 1728 2001 lumine.

931 2016 958 2037 et
970 2010 1042 2045 quod
1066 2011 1094 2038 in
1108 2018 1173 2037 aure
1192 2009 1301 2037 auditis.
1322 2009 1479 2044 praedicata
1498 2017 1579 2043 super
1597 2014 1678 2036 tecta.
1699 2010 1731 2036 lit

933 2044 1017 2073 nolite
1026 2047 1121 2073 timere
1135 2053 1183 2072 eos
1193 2046 1238 2080 qui
1249 2045 1377 2072 occidunt
1386 2052 1495 2079 corpus.
1510 2044 1627 2071 animam
1639 2048 1730 2072 autem

933 2089 987 2109 non
1002 2086 1114 2116 possunt
1128 2079 1263 2108 occidere.
1276 2080 1324 2107 sed
1340 2080 1430 2116 potius
1441 2080 1535 2116 timete
1549 2087 1610 2106 eum
1624 2079 1730 2116 quipu—

934 2122 986 2144 test
1001 2115 1028 2144 et
1041 2118 1158 2144 animam
1169 2121 1197 2143 et
1210 2123 1310 2150 corpus
1317 2115 1431 2150 perdere
1445 2116 1471 2142 in
1481 2115 1644 2150 gehennam.
1658 2115 1731 2142 Non—

935 2160 982 2188 ne
996 2152 1065 2180 duos
1080 2159 1207 2188 passeres
1222 2158 1284 2179 asse
1297 2151 1423 2188 veniunt.
1436 2155 1463 2177 ct
1476 2158 1545 2188 unus
1560 2158 1598 2188 ex_
1609 2151 1662 2177 illis
1678 2159 1731 2178 non

935 2187 1015 2215 cadet
1043 2185 1126 2223 super
1147 2191 1265 2223 terram.
1285 2185 1509 2223 sinevoluntate
1527 2186 1615 2212 Patris
1632 2188 1731 2223 vestri.

936 2224 1020 2250 vestri
1031 2221 1121 2251 autem
1136 2227 1164 2250 et
1177 2222 1269 2257 capilli
1280 2221 1376 2257 capitis
1388 2228 1484 2248 omnes
1503 2221 1638 2248 numerati
1658 2227 1732 2250 sunt.

936 2258 1026 2286 Nolite
1049 2266 1114 2293 ergo
1139 2256 1234 2285 timere
1248 2256 1342 2285 multis
1358 2257 1515 2293 passeribus
1527 2256 1654 2285 meliores
1667 2258 1735 2286 estis

935 2302 993 2321 vos.
1021 2291 1116 2321 Omnis
1137 2301 1202 2327 ergo
1212 2293 1257 2328 qui
1269 2300 1313 2321 me
1327 2291 1468 2320 confessus
1479 2291 1561 2320 fuerit
1573 2300 1666 2320 coram
1682 2294 1730 2321 ho—

936 2329 1066 2357 minibus.
1089 2329 1176 2358 conli-

440 2411 637 2444 VARIANTES
649 2413 842 2443 LECTIONES
860 2412 994 2443 CODICIS
1007 2412 1065 2441 MS.
1079 2412 1109 2440 S.
1130 2410 1380 2440 GERMANENSIS.

131 2465 138 2479 '
152 2465 206 2490 satis
216 2467 258 2490 est.

130 2495 140 2510 ²
154 2499 177 2520 et
187 2502 273 2521 servus
279 2496 346 2521 sicut

131 2526 141 2558 ξ
154 2526 312 2557 revelabitur,
321 2532 407 2558 neque

132 2556 141 2571 ⁸
154 2558 247 2582 sciatur.

133 2588 142 2602 ι
155 2589 290 2620 audieritis,

974 2459 985 2475 ⁶
1001 2459 1046 2485 sed
1058 2460 1138 2490 potius
1149 2464 1206 2484 cum
1217 2459 1305 2484 timete
1332 2483 1337 2489 ,

972 2491 983 2507 ⁷
999 2497 1076 2522 super

973 2522 985 2538 ⁸
1001 2522 1150 2548 dinumerati

942 2557 946 2562 ’
974 2554 985 2569 '
1001 2553 1079 2579 multo
1091 2554 1157 2578 enim
1165 2559 1209 2578 vos
1219 2551 1338 2579 mellores
1349 2552 1410 2577 estis
1420 2552 1569 2583 passeribus.
1588 2560 1603 2577 ·,

945 2586 969 2614 l5.
977 2585 1000 2601 ίο
1012 2584 1096 2615 fuerit,
1108 2584 1244 2610 confitebor
1252 2588 1278 2609 et
1291 2590 1340 2616 ego
1352 2590 1411 2609 eum

765 2627 949 2657 BLANCHINI
966 2626 1083 2656 NOTAE.

138 2681 150 2695 ⁸
165 2677 345 2706 Consentium
365 2677 461 2706 Graeca
484 2684 561 2705 exem

583 2677 648 2705 laria
671 2684 725 2705 non
741 2683 844 2712 pauca,
868 2680 896 2712 et

138 2684 150 2695 ·
165 2684 345 2706 consentiunt
365 2684 461 2706 urteca
484 2684 561 2705 exem
583 2684 648 2705 lana
671 2684 725 2705 non
741 2684 844 2712 pauca,
868 2684 896 2703 et

110 2714 224 2741 nonnulla
237 2713 336 2742 Latina
349 2712 545 2741 vetustissima.
561 2684 628 2741 eide
643 2713 731 2741 Lucae
750 2711 896 2745 Brugensis

111 2748 233 2778 variantes
245 2749 378 2778 lectiones
393 2748 460 2776 Novi
473 2748 639 2777 Testamenti
649 2750 676 2777 in
688 2756 750 2783 cap.
767 2755 786 2775 χ
800 2746 895 2776 Matth.

982 2674 997 2694 ’³
1010 2675 1098 2703 littera
1113 2682 1138 2701 m
1151 2678 1243 2702 notata
1262 2678 1305 2702 est
1318 2674 1399 2702 litura
1409 2673 1443 2702 ab
1455 2673 1633 2709 exscriptore.
1667 2695 1669 2700 .

985 2715 998 2730 ο
1017 2714 1151 2746 expuncta
1163 2714 1205 2738 est
1219 2710 1308 2738 littera
1321 2710 1350 2737 ά.
1655 2714 1673 2743 ί

141 2807 175 2842 (a)
188 2807 319 2840 Addunt,
332 2807 434 2840 quodsi
450 2810 502 2835 etc.
519 2814 618 2842 usque,
640 2806 668 2833 in
693 2804 783 2842 aliam.
804 2804 838 2842 Et
855 2803 880 2842 it:

933 2801 972 2842 “.1-
987 2801 1065 2842 Cam-
1083 2800 1213 2842 θςπεμε»
1227 2800 1269 2827 εάν
1279 2799 1377 2842 ῥέεν.
1392 2804 1429 2842 τῇ.
1446 2799 1507 2842 ait?!
1526 2795 1747 2842 δεὼκουκῖενὲέιτὲῖ

115 2830 603 2879 ,s-Zéér'IFES-Jiniiiniieéééﬁ
862 2839 927 2879 Fest
938 2837 1088 2871 Dominum,
1099 2830 1267 2864 decslstium.
1278 2835 1312 2862 Et.
1323 2834 1358 2862 ita
1370 2834 1397 2861 in
1409 2830 1600 2862 Cod.Caut.——
1614 2831 1649 2866 (ε)
1663 2830 1699 2856 lla
1716 2838 1749 2860 et.

116 2874 166 2906 Μ.
180 2880 257 2907 Cant.
273 2879 338 2907 ἀλλὰ
353 2874 437 2906 καὶαῖ
449 2882 542 2916 τρῖχις
552 2882 598 2908 τῆς
610 2878 717 2915 κεφαλῆς
735 2874 818 2913 diem,
834 2882 850 2903 e
862 2874 945 2902 Luca.

366 2923 550 2965 Puncta}
556 2923 596 2953 ΙΙ.

1505 2913 1525 2942 7
