1990 3096
451 167 567 196 CODEX
585 165 855 207 VEBCELQENSIS.

668 218 711 241 tur
725 221 782 246 me,
800 220 854 240 non

667 254 708 276 est
722 257 766 276 me
781 248 888 284 dignus.

667 284 712 312 59.
734 285 785 318 Qui
805 286 903 311 invene
924 303 930 310 .
954 302 961 309 .

252 253 297 280 55.
318 252 399 280 Patre
413 258 474 279 meo
484 272 491 284 ,
505 249 550 286 qui

252 292 296 316 est
309 288 336 315 in
349 287 430 315 caelis
444 296 451 313 :

253 323 305 357 Qui
318 327 407 350 autem
420 329 469 349 ne-
668 321 797 357 animam,
820 339 826 345 .
850 339 856 346 .
879 339 886 346 .
910 325 954 357 ._r-

252 354 355 393 Eaverit
366 365 410 385 me
669 356 713 383 del
727 356 802 393 illam
818 363 825 382 :
843 358 870 381 et
880 354 927 390 qui

253 391 345 421 coram
360 393 447 420 homi—
671 391 826 427 perdideri.
851 410 857 417 .
882 411 887 416 .
911 409 919 417 .
942 409 949 417 .
972 409 980 416 .
1002 407 1009 415 .

255 430 349 462 nibus,
366 428 469 464 negabo
482 432 509 456 et
522 434 573 463 ego
669 427 761 454 anima
782 445 789 452 .
812 446 818 452 .
842 445 848 452 .
871 446 877 452 .
902 445 908 452 .
932 446 938 451 .

254 472 316 492 eum
329 471 422 492 coram
670 470 712 489 am
727 470 758 497 PI‘
779 482 785 488 .
810 482 817 488 .
840 482 847 488 .
870 482 876 488 .
900 481 906 487 .
931 481 936 487 .

669 505 725 531 me,
740 497 861 524 inveniet

669 534 713 561 40.
734 540 805 560 eam.
817 532 867 566 Qui
877 532 943 560 reci-

670 569 709 604 pit
719 575 778 601 vos,
794 575 839 595 me
849 575 893 604 re-

669 603 735 638 cipit
753 614 760 631 :
772 609 799 631 et
813 603 859 638 qui
871 610 915 631 re-

669 639 735 675 cipit
748 646 801 672 me,
818 639 887 666 reci-

670 676 794 716 piteum,
809 682 844 709 qu
866 695 872 701 .
896 693 903 700 .

670 715 755 738 misit.

670 746 716 773 M.
738 745 790 779 Qui
813 745 909 780 recipit
929 765 936 772 .
960 764 967 772 .
991 764 996 771 .

670 781 780 816 phetam
797 782 824 808 in
846 801 852 807 .
875 801 882 808 .
905 799 912 807 .

669 817 741 844 mine
754 824 804 851 pro
826 837 832 842 .
855 835 862 843 .
885 835 892 842 .

671 857 724 885 tae,
738 851 891 879 mercedem

670 888 830 923 prophetae,
842 894 888 914 ac—

670 922 772 958 cipiet:
786 922 822 958 (ε)
837 926 864 950 et
878 922 923 958 qui
939 929 982 950 re-

670 959 735 993 cipit
746 959 848 993 justum

669 994 697 1022 in
708 994 816 1022 nomine

254 500 336 527 Patre
350 507 411 527 meo
421 520 428 533 ,
443 499 490 535 qui

253 540 296 562 est
309 535 336 562 in
351 535 444 563 caelis.

254 569 300 598 54.
320 569 410 598 Nolite
422 569 537 598 arbitra-

254 613 285 633 re
300 605 363 640 quia
374 606 434 633 veni

255 641 364 669 mittere
379 648 471 676 pacem

256 677 283 704 in
298 681 395 704 terram
414 685 420 703 :
435 683 488 704 non

255 712 318 739 veni
333 719 426 747 pacem

256 747 365 783 mittere
374 768 383 781 ,
398 747 451 775 sede
459 747 515 783 gla-

254 783 299 811 35.
320 782 406 811 dium.
420 782 488 811 Veni

254 818 327 846 enim
340 826 450 854 separa-

257 853 500 881 .....'...ad-

257 893 531 923 .......patrem

219 923 505 951 ,........ﬁli-

256 980 263 987 .
280 980 286 986 .
304 979 310 986 .
328 959 478 987 .adversus

255 999 369 1023 matrem
383 1003 459 1023 suam
469 1016 476 1027 ,

255 1038 498 1058 ........um
667 1030 903 1065 justi,mer...

256 1073 505 1094 ......susso-
669 1065 788 1100 demjus

253 1109 328 1129 crum
342 1109 419 1129 suam
432 1110 438 1127 :
667 1100 759 1135 cipiet.
772 1100 793 1135 -ι-

251 1137 297 1165 56.
318 1143 344 1165 et
359 1136 458 1164 inimici
475 1136 524 1163 ho-
666 1135 712 1163 4‘2.
733 1136 766 1163 Et
787 1135 834 1171 qui

253 1172 477 1204 minis,domes-
669 1192 676 1198 .
716 1192 723 1198 .
769 1191 775 1198 .
821 1192 828 1198 .
877 1191 883 1197 .
931 1190 938 1197 .
983 1191 990 1198 .
1036 1189 1043 1197 .

252 1207 383 1241 ticiejus.
668 1227 675 1233 .
718 1227 724 1233 .
772 1226 779 1233 .
823 1226 830 1234 .
878 1228 885 1235 .
930 1227 937 1233 .
983 1226 990 1234 .
1035 1224 1043 1233 .

251 1243 296 1270 37.
317 1243 368 1277 Qui
381 1242 467 1278 diligit
479 1245 582 1277 patrem
668 1261 676 1268 .
717 1262 724 1268 .
771 1262 778 1268 .
826 1263 832 1269 .
879 1262 885 1268 .
932 1263 937 1268 .
983 1262 989 1268 .
1036 1261 1044 1268 .

251 1282 425 1306 autmatrem
669 1298 675 1305 .
716 1298 722 1304 .
770 1298 776 1304 .
822 1298 828 1304 .
875 1297 883 1304 .
928 1299 934 1306 .
984 1298 990 1304 .
1035 1296 1043 1304 .

250 1314 467 1349 plusquamme.
669 1333 674 1339 .
716 1334 722 1340 .
875 1333 882 1339 .
929 1333 934 1340 .
982 1333 989 1340 .
1036 1331 1042 1339 .

249 1356 303 1377 non
318 1348 360 1377 est
370 1357 416 1384 me
430 1348 488 1384 dig-
505 1382 521 1384 η
666 1353 771 1376 tantum
783 1348 809 1375 in
826 1356 876 1376 uo-

248 1392 300 1412 nus
316 1393 324 1417 ;
342 1383 380 1420 (b)
396 1388 423 1412 et
435 1382 482 1419 qui
496 1382 538 1411 di-
666 1384 740 1420 mine
750 1383 866 1419 discipu-

664 1419 682 1447 li
700 1428 707 1447 :
719 1427 798 1447 amen

664 1455 726 1483 dico
739 1455 827 1488 vobis,
839 1455 902 1491 quia
913 1455 953 1491 (ά)

665 1499 720 1518 non
732 1491 829 1526 perivit

664 1534 768 1555 merces
783 1528 843 1562 ejus
854 1527 886 1562 1-.

249 1420 308 1455 ligit
322 1420 405 1447 ﬁlium

248 1460 295 1483 aut
311 1456 393 1483 tiliam
408 1455 468 1490 plus

247 1498 328 1526 quam
342 1498 385 1518 me
396 1512 403 1524 ,
421 1497 474 1518 non

246 1525 289 1554 est
303 1534 346 1554 me
357 1526 464 1561 dignus.
478 1525 499 1560 1-

245 1561 471 1632 ῗξίιῗὶἓὲέηῗπ
483 1567 530 1588 π’
702 1631 707 1632 γ
748 1561 873 1632 _caPU'r
888 1584 935 1611 x1.

245 1630 336 1666 suam,
352 1637 379 1660 et
390 1632 480 1668 sequi-
698 1631 725 1658 l.
748 1630 783 1658 Et
793 1630 893 1658 factum
907 1634 966 1662 est,

459 1678 575 1706 CODEX
593 1677 826 1707 CORBEIENSIS.

244 1714 378 1747 minibus,
398 1719 426 1741 et
445 1721 495 1748 ego
514 1714 664 1740 conﬁtebor
678 1721 740 1741 eum
757 1721 847 1740 coram
862 1713 942 1740 Patre
956 1720 1017 1740 meo
1031 1733 1038 1747 ,

244 1750 290 1784 qui
303 1754 345 1777 est
358 1750 384 1777 in
397 1750 481 1776 coelis
495 1758 501 1775 :
514 1749 559 1784 qui
572 1752 661 1775 autem
676 1749 817 1783 negaverit
830 1756 874 1775 me
883 1755 974 1776 coram
990 1748 1039 1776 ho-

244 1784 377 1817 minibus,
391 1785 399 1800 ¹
413 1789 441 1812 et
462 1792 513 1819 ego
535 1784 639 1819 negabo
662 1791 724 1811 eum
746 1791 838 1811 coram
859 1784 937 1812 Patre
958 1792 1036 1818 meo,

243 1821 289 1854 qui
304 1825 346 1847 est
359 1819 385 1847 iu
400 1820 493 1847 coelis.
509 1819 597 1847 Nolite
611 1824 704 1854 putare
716 1820 776 1854 quia
792 1819 852 1847 veni
868 1827 960 1854 pacem
975 1820 1038 1847 mit-

244 1860 301 1882 tere
316 1863 397 1890 super
412 1860 509 1882 terram
533 1864 540 1881 ε
561 1862 613 1882 ιιοη
638 1855 698 1882 veni
722 1862 815 1889 pacem
837 1856 963 1888 mittere,
987 1855 1036 1882 sed

243 1890 371 1925 gladium.
386 1891 452 1918 Veni
464 1891 535 1918 enim
547 1891 556 1906 ²
567 1891 688 1918 dividere
699 1890 780 1918 ﬁlium
792 1891 922 1918 adversus
932 1896 1035 1925 patrem

242 1933 320 1954 suum
333 1947 340 1960 ,
357 1932 383 1954 et
397 1927 477 1953 ﬁliam
490 1927 619 1954 adversus
631 1931 743 1954 matrem
759 1934 834 1953 suam
846 1947 853 1955 .
867 1926 877 1942 ³
889 1931 915 1954 et
927 1934 1035 1953 socrum

243 1962 374 1990 adversus
396 1969 493 1990 nurum
507 1969 583 1988 suam
601 1970 607 1988 :
622 1967 648 1989 et
663 1961 764 1989 inimici
779 1962 911 1995 hominis,
928 1961 1036 1989 domes-

243 1997 288 2025 tici
300 1998 367 2032 ejus.
376 1997 522 2032 Qui‘amat
535 2002 635 2032 patrem
646 2002 693 2024 aut
705 2001 816 2025 matrem
830 2005 912 2032 super
923 2005 1034 2028 me,non

242 2038 282 2060 est
293 2041 336 2060 me
348 2033 443 2069 dignus
460 2042 465 2059 :
479 2037 510 2069 et
522 2033 567 2068 qui
582 2037 653 2069 ainat
669 2033 752 2060 lilium
768 2037 813 2060 aut
836 2033 917 2060 ﬁliam
929 2033 939 2048 ⁸
953 2040 1037 2067 superi

241 2076 294 2102 me,
304 2076 357 2097 non
367 2068 408 2097 est
419 2068 575 2103 mediguus.
585 2068 620 2095 Et
630 2069 675 2103 qui
690 2077 743 2096 non
756 2069 765 2083 ⁶
780 2069 916 2103 acceperit
926 2076 1033 2096 crucem

240 2110 327 2140 suam,
343 2110 370 2132 et
384 2109 515 2140 sequutus
540 2112 583 2131 me
599 2104 695 2137 fuerit,
719 2112 772 2131 non
794 2111 835 2131 est
856 2112 900 2132 me
924 2105 1032 2138 dignus.

240 2139 290 2172 Qui
302 2141 312 2155 ⁷
327 2145 399 2173 amat
409 2140 526 2168 animam
539 2147 625 2173 suam,
639 2140 733 2174 perdet
747 2140 819 2167 illam
835 2150 842 2166 :
861 2144 889 2167 et
911 2140 956 2174 qui
974 2147 1033 2174 per—

240 2174 341 2204 diderit
353 2176 470 2203 animam
482 2183 558 2203 suam
575 2179 684 2209 propter
706 2183 758 2208 me,
776 2175 896 2203 inveniet
907 2177 917 2191 ⁸
946 2175 1031 2202 illam.

240 2210 290 2243 Qui
303 2212 416 2246 suscipit
427 2218 487 2244 vos,
505 2218 548 2238 me
560 2210 694 2245 suscipit:
717 2216 743 2238 et
769 2211 813 2245 qui
841 2219 884 2238 me
907 2211 1030 2245 suscipit,

240 2246 354 2280 suscipit
368 2245 441 2280 eum,
458 2247 503 2281 qui
517 2254 561 2274 me
574 2245 656 2273 misit.
675 2246 726 2279 Qui
740 2246 854 2280 suscipit
871 2245 1031 2281 prophetam

239 2281 266 2308 in
282 2282 391 2310 nomine
403 2283 560 2316 prophetae,
578 2282 729 2309 mercedem
746 2281 892 2316 prophetae
906 2281 1031 2315 accipiet:

238 2321 266 2344 et
280 2317 325 2351 qui
342 2317 545 2351 recipitjti’stum
559 2318 583 2343 in
597 2317 705 2344 nomine
713 2316 791 2351 justi,
804 2317 957 2345 mercedem
967 2317 1030 2352 justi

238 2352 362 2386 accipiet.
379 2352 605 2387 thuiquumque
617 2356 708 2386 potum
721 2352 828 2379 dederit
842 2353 887 2380 uni
902 2360 935 2380 ex
949 2353 1030 2380 mini-

237 2387 289 2414 mis
301 2388 359 2415 istis
371 2389 481 2415 calicem
494 2395 578 2422 aquae
591 2387 705 2423 frigidae
734 2393 837 2416 tantum
865 2388 891 2416 in
921 2388 1032 2416 nomine

236 2430 319 2450 meo:
344 2431 423 2451 amen
450 2422 512 2450 dico
535 2424 611 2451 vobis
623 2422 637 2457 ί
656 2431 709 2450 non
725 2425 734 2440 ³
755 2424 849 2459 perdet
876 2424 1030 2453 mercedem

235 2464 322 2486 suam.

233 2524 237 2528 ,
270 2493 317 2521 XI.
330 2493 365 2521 Et
383 2493 482 2522 factum
503 2499 554 2521 est.

533 107 670 140 EUSEBII
684 107 853 137 VERCELL.
876 103 1101 136 EVANGELIU“
1120 103 1191 135 CUM
1204 102 1318 139 VARIIS
1331 104 1410 134 COD.
1425 100 1623 135 COLLATUM.

985 1153 992 1160 .
1036 1152 1045 1161 .
1097 1132 1143 1160 56.
1164 1136 1191 1160 et
1206 1131 1404 1161 inimioibomi-

1307 161 1423 190 CODEX
1434 161 1658 192 VERONENSIS.

1097 209 1175 237 tehor
1187 214 1278 244 et-ego
1513 217 1602 243 suam,
1616 214 1643 237 et
1655 213 1769 238 secum

1096 245 1141 272 55.
1164 253 1225 273 eum
1238 252 1331 273 coram
1342 245 1394 274 Pa-

1097 285 1139 308 tre
1154 288 1225 313 meo,
1238 280 1283 313 qui

1097 321 1139 343 est
1153 317 1179 343 in
1195 317 1278 346 caelis
1290 325 1296 343 :

1096 351 1148 384 Qui
1163 356 1253 379 autem

1097 387 1239 422 negaberit

1097 430 1142 450 me
1156 430 1248 450 coram
1264 422 1315 451 ho-

1098 458 1226 492 minibus,
1241 457 1347 494 negabo

1098 498 1126 521 et
1138 501 1188 528 ego
1199 501 1260 521 eum

1098 536 1190 556 coram
1205 529 1283 557 Patre

1099 572 1170 597 meo,
1187 564 1232 599 qui
1244 569 1284 593 est
1296 564 1323 592 in

1098 600 1192 627 caelis.

1098 635 1144 662 54.
1164 634 1253 663 Nolite
1263 634 1392 663 arbitrari

1099 671 1161 706 quia
1177 671 1237 698 veni
1257 671 1319 698 mit-

1100 711 1157 734 tere
1169 713 1262 741 pacem
1275 707 1302 734 in

1099 746 1199 769 terram
1214 750 1220 768 Ζ
1232 749 1287 769 non

1099 777 1160 805 veni
1174 784 1266 812 pacem

1098 813 1217 845 mittere,
1231 812 1279 841 sed

1098 848 1143 876 55.
1164 847 1294 883 gladium.
1310 848 1379 876 Veni

1099 884 1172 919 enim
1188 890 1316 918 separare
1330 883 1370 919 (α)

1099 918 1184 946 ﬁlium
1198 918 1218 954 ἰ-
1233 918 1363 947 adversus

1101 959 1205 989 patrem
1218 962 1295 982 suum
1310 975 1317 987 ,

1100 994 1128 1018 et
1143 989 1225 1017 ﬁliam
1237 990 1370 1018 adversus

1100 1030 1214 1053 matrem
1230 1033 1318 1058 suam.

1098 1067 1126 1089 et
1138 1069 1236 1089 nurum
1251 1061 1380 1089 adversus

1098 1103 1205 1124 socrum
1218 1104 1296 1124 suum
1309 1105 1315 1123 Ζ

1512 246 1596 273 fuerit
1610 253 1668 278 me,
1684 253 1740 273 non

1512 285 1556 308 est
1567 288 1609 309 me
1621 281 1726 316 dignus.

1512 317 1558 345 '59.
1579 316 1630 351 Qui
1643 317 1747 345 invenit

1512 353 1630 380 animam
1646 360 1733 385 suam,

1511 387 1605 423 perdet
1617 388 1690 415 illam
1703 397 1709 415 :

1511 428 1543 465 et
1550 423 1601 465 qui
1611 423 1736 458 perdide-

1512 464 1546 486 l'll
1556 464 1675 486 animam
1688 466 1770 487 suam-

1514 499 1624 530 propter
1638 502 1692 527 me,
1706 495 1747 522 in—

1513 530 1604 558 veniet
1619 537 1689 558 eam.

1513 565 1560 593 40.
1581 566 1632 599 Qui
1648 565 1744 607 recipit

1514 608 1573 635 vos,
1591 608 1634 629 me
1646 606 1744 636 l'eCle.‘
1758 610 1766 628 :

1514 641 1540 663 et
1555 637 1600 671 qui
1615 644 1659 664 me
1672 636 1744 664 reci-

1515 672 1563 706 pit.
1581 672 1678 706 recipit
1693 679 1767 705 eum,

1513 708 1557 742 qui
1570 715 1614 735 me
1629 707 1711 735 misit.

1513 744 1558 770 Μ.
1581 743 1631 776 Qui
1647 743 1745 777 recipit

1513 778 1669 813 prophetam
1686 779 1712 805 in

1514 814 1623 841 nomine
1638 814 1756 848 prophe-

1514 854 1565 882 tae,
1580 850 1734 877 mercedem

1513 885 1663 920 prophetae
1680 885 1751 912 acci-

1514 921 1569 955 piet
1588 930 1594 947 :
1612 920 1648 956 (r)
1665 926 1691 948 et
1701 921 1748 955 qui

1514 956 1609 990 recipit
1622 957 1724 989 justum

1513 992 1540 1018 in
1557 993 1666 1018 nomine
1677 992 1743 1026 justi
1755 1011 1764 1024 ,

1513 1027 1666 1054 mercedem
1686 1026 1752 1061 justi

1513 1063 1638 1097 accipiet.
1653 1063 1673 1097 ’ξ’

1513 1098 1557 1125 42.
1581 1098 1614 1124 Et
1625 1099 1784 1133 quicunque

1514 1138 1606 1174 potum
1621 1133 1729 1174 dederit

1514 1177 1558 1195 υηι
1571 1176 1603 1196 ex
1619 1176 1740 1197 ῐῐιιηιιηιε

1514 1204 1572 1231 istis
1586 1205 1698 1232 calicem

1512 1247 1600 1275 aquae
1613 1239 1735 1275 frigidae-

1513 1279 1617 1303 tantum
1632 1275 1658 1302 in
1671 1283 1720 1303 no-

1513 1311 1585 1338 mine
1599 1318 1682 1338 meo:

1511 1354 1591 1373 amen
1605 1347 1665 1373 dico
1681 1354 1729 1374 vo-

1510 1381 1562 1414 bis,
1577 1382 1638 1415 quia
1653 1382 1692 1418 (ά)
1706 1390 1761 1410 non

1511 1417 1610 1451 peribit
1623 1425 1727 1446 merces

1483 1478 1485 1480 ,
1510 1460 1568 1480 sua.
1582 1452 1602 1488 1‘

1098 1168 1149 1199 nis,
1167 1168 1322 1196 domestici.

1097 1203 1166 1237 ejus.

1097 1239 1140 1266 37.
1162 1238 1213 1271 Qui
1228 1238 1316 1273 diligit

1096 1279 1213 1308 patrem,
1228 1279 1274 1301 aut
1289 1281 1344 1300 ma-

1096 1314 1165 1337 trem
1181 1309 1238 1343 plus
1252 1317 1332 1345 quam

1096 1353 1151 1378 me,
1165 1352 1217 1372 non
1230 1349 1272 1371 851

1096 1388 1139 1407 me
1151 1380 1247 1415 dignus
1266 1389 1271 1406 ε
1289 1380 1326 1414 (b)

1095 1421 1122 1443 et
1136 1417 1179 1451 qui
1197 1420 1270 1442 amat

1095 1452 1180 1478 ﬁlium
1194 1456 1239 1477 aut
1254 1451 1337 1477 ﬁliam

1094 1494 1170 1515 suam
1187 1487 1248 1521 plus
1262 1493 1342 1521 quam

1094 1530 1149 1556 me,
1166 1520 1221 1549 nan
1236 1520 1279 1550 esi
1293 1528 1342 1553 me,
1352 1520 1392 1553 di:

1093 1558 1139 1586 58.
1160 1565 1228 1593 gnus
1242 1557 1273 1592 1‘.
1298 1590 1301 1592 ⁴

1093 1593 1128 1621 Ει
1140 1594 1185 1628 qui
1201 1601 1255 1620 non

1092 1626 1232 1664 acceperit
1244 1635 1353 1657 crucem
1547 1628 1574 1656 l.
1593 1626 1743 1656 Ethelum
1757 1632 1817 1662 est,

1325 1677 1442 1705 CODEX
1455 1676 1653 1705 BRIXIANUS.

1092 1712 1169 1740 tehor
1192 1716 1285 1748 etiego
1296 1713 1369 1740 illum
1393 1721 1483 1741 coram
1507 1713 1587 1740 Patre
1602 1721 1663 1741 meo
1683 1712 1729 1748 qui
1753 1713 1780 1740 in
1806 1713 1896 1741 caelis

1090 1752 1143 1776 est.
1159 1749 1204 1784 qui
1217 1754 1307 1776 autem
1333 1749 1471 1784 negaverit
1484 1756 1527 1776 me
1542 1756 1633 1776 coram
1659 1748 1818 1776 hominibus
1844 1757 1897 1777 ne-

1089 1784 1159 1820 gabo
1169 1790 1196 1812 et
1206 1792 1256 1820 ego
1275 1792 1336 1812 eum
1352 1792 1444 1813 coram
1469 1785 1548 1820 Patre
1567 1792 1628 1812 meo
1638 1784 1683 1819 qui
1697 1789 1739 1812 est
1753 1784 1778 1810 in
1793 1784 1894 1812 caelis.

1125 1819 1359 1848 Nolite'arhitrari
1383 1821 1445 1855 quia
1467 1819 1529 1847 veni
1553 1820 1662 1847 mittere
1684 1827 1790 1854 pacem'
1807 1827 1897 1854 super

1090 1860 1202 1882 terram.
1221 1864 1273 1882 non
1291 1857 1349 1883 veni
1365 1864 1455 1890 pacein
1478 1856 1585 1882 mittere
1598 1855 1643 1882 sed
1666 1856 1794 1890 gladium.
1822 1855 1909 1884 Veni.

1089 1892 1161 1917 cnim
1174 1899 1300 1925 separare
1317 1892 1450 1918 hominem
1468 1891 1599 1918 adversus
1616 1896 1719 1926 patrem
1744 1897 1833 1917 suum.
1864 1896 1895 1918 et

1088 1926 1170 1952 tiliam
1187 1927 1315 1954 adversus
1329 1933 1440 1954 matrem
1453 1934 1540 1953 suam.
1555 1931 1581 1954 et
1596 1927 1696 1953 inimici
1707 1926 1825 1953 hominis
1837 1926 1896 1955 do—

1087 1962 1193 1988 mestici
1205 1963 1274 1994 ejus.

1123 1999 1172 2031 Qui
1189 1999 1275 2033 diligit
1303 2003 1405 2032 patrem
1433 2003 1478 2023 aut
1500 2003 1615 2024 matrem
1642 1998 1701 2031 plus
1726 2004 1806 2032 quam
1829 2005 1893 2025 me.

1088 2041 1140 2059 nou
1156 2040 1193 2059 cst
1210 2043 1252 2060 me
1264 2034 1368 2068 (lignus.
1386 2033 1424 2068 (b)
1439 2038 1465 2060 et
1480 2034 1523 2067 qui
1539 2032 1719 2068 diligitﬁlium
1736 2038 1782 2060 aut
1802 2033 1893 2061 ﬁliam

1087 2069 1145 2102 plus
1160 2078 1237 2103 quam
1255 2078 1306 2096 me.
1324 2077 1376 2095 non
1393 2074 1433 2095 est
1454 2070 1612 2103 mcdiguus.
1626 2068 1646 2103 ές
1659 2069 1692 2095 Et
1702 2069 1746 2103 qui
1770 2075 1823 2096 non
1836 2076 1890 2096 ac-

1086 2104 1150 2138 cipit
1175 2112 1283 2131 crucem
1303 2112 1376 2131 suam
1401 2109 1427 2131 et
1450 2106 1571 2138 sequitur
1596 2113 1649 2131 me.
1664 2111 1716 2131 non
1731 2108 1773 2131 est
1783 2111 1826 2131 me
1839 2104 1891 2132 di-

1085 2147 1164 2174 gnus.
1178 2141 1227 2172 Qui
1253 2140 1354 2167 invenit
1377 2140 1494 2166 animam
1509 2148 1583 2166 suam
1603 2139 1696 2174 perdet
1708 2139 1781 2166 illam
1795 2144 1823 2166 et
1836 2148 1889 2174 qtn

1088 2176 1237 2209 perdiderit
1255 2176 1372 2202 animam
1389 2184 1462 2202 suam
1480 2181 1590 2210 propter
1606 2183 1648 2202 me
1664 2175 1781 2202 inveniet
1797 2183 1874 2203 eain.

1121 2211 1171 2244 Qui
1187 2212 1284 2245 recipit
1304 2219 1361 2238 vos.
1379 2219 1421 2237 me
1437 2211 1535 2245 recipit
1548 2216 1575 2238 et
1595 2212 1640 2246 qui
1664 2219 1706 2237 me
1722 2211 1820 2245 recipit
1839 2219 1890 2239 re-

1085 2247 1150 2280 cipit
1165 2255 1225 2273 enm
1241 2247 1285 2280 qui
1298 2256 1341 2273 uie
1354 2247 1438 2273 misit.
1452 2247 1501 2279 Qui
1514 2247 1610 2280 recipit
1621 2246 1779 2281 prophetam
1795 2246 1821 2273 in
1834 2254 1890 2275 no—

1085 2283 1157 2309 mine
1174 2284 1321 2316 prophetae
1333 2282 1485 2309 mercedem
1500 2282 1647 2316 prophetae
1660 2282 1785 2316 accipiet.
1803 2281 1840 2317 (ε)
1857 2287 1888 2311 et

1084 2318 1128 2352 qui
1143 2318 1351 2351 recipitjuslum
1369 2318 1394 2344 iu
1421 2317 1529 2345 nomine
1550 2318 1615 2352 justi
1636 2317 1791 2346 mercedem
1814 2317 1887 2352 justi

1083 2353 1207 2387 accipiet.
1223 2353 1243 2387 1'-

1120 2389 1153 2415 Et
1166 2389 1319 2423 quicunque
1342 2393 1434 2421 potum
1448 2388 1555 2416 dederit
1567 2389 1611 2415 uni
1628 2397 1661 2415 cx
1679 2388 1797 2415 minimis
1819 2388 1883 2416 istis

1083 2424 1194 2450 calicem
1217 2432 1301 2459 aquae
1316 2424 1438 2458 frigidae.
1465 2429 1568 2451 tantum
1584 2424 1609 2450 iu
1625 2425 1735 2451 nomine
1753 2423 1886 2460 discipuli

1082 2466 1160 2486 amen
1174 2460 1233 2486 dico
1248 2460 1332 2486 vobis.
1351 2468 1403 2487 non
1421 2459 1516 2494 perdet
1530 2460 1688 2488 mercedem
1696 2466 1787 2487 suam.

1121 2495 1153 2521 Et
1175 2495 1273 2521 factum
1295 2500 1345 2522 est.

1609 1545 1725 1574 CAPUT
1737 1544 1786 1574 XI.

391 2563 405 2575 ,
585 2540 783 2570 VARIANTES
794 2540 1133 2571 LECTlONES'CODlCIS
1147 2542 1203 2570 MS.
1225 2543 1254 2570 S.
1272 2542 1526 2571 GERMANENSIS.

262 2589 271 2604 ι
290 2587 386 2620 negabo
398 2589 424 2613 et
436 2593 484 2619 ego
495 2593 552 2612 eum

261 2620 271 2635 ’
288 2626 405 2651 separare

260 2652 271 2667 ³
287 2650 400 2675 ειῖιυτυε
412 2650 530 2675 adversus
542 2656 639 2676 socrum
651 2657 719 2676 suam
732 2658 737 2675 :

260 2681 271 2697 ⁸
287 2681 407 2713 diligit....
418 2681 545 2713 plusquam

258 2713 268 2728 ¹¹
285 2713 413 2745 plusquam

1111 2589 1121 2604 ⁸
1137 2589 1254 2620 accipit...
1265 2592 1292 2614 et
1300 2590 1413 2621 sequitur
1424 2596 1474 2620 me,

1110 2620 1120 2636 ⁷
1138 2621 1232 2645 invenit

1110 2651 1121 2684 ξ
1138 2658 1201 2684 eam.
1211 2651 1261 2684 Qui
1273 2650 1419 2684 recipitisic
1426 2652 1607 2684 War)
1617 2666 1625 2674 --

1110 2682 1121 2697 '
1138 2683 1229 2714 peribit
1239 2682 1337 2708 merces
1348 2682 1411 2714 ejus.

261 2778 302 2842 in)
318 2779 357 2807 lla
366 2784 393 2808 et
406 2779 467 2807 cod.
479 2778 557 2807 Cant.
570 2780 635 2821 υἰὸγ,
648 2787 664 2807 e
774 2795 809 2799 —
822 2780 860 2816 (b)

286 2820 322 2842 at.
338 2830 373 2836 —
384 2814 420 2842 (cl
437 2815 501 2842 Haec
512 2836 520 2842 .
536 2820 559 2842 et
574 2824 617 2842 aut
631 2820 739 2842 recmu.
754 2820 819 2842 etc..
835 2823 920 2842 usuue
937 2814 990 2842 ad.
1004 2824 1034 2842 ac

1094 2745 1232 2817 ἓῗτυξιίιε
1255 2781 1294 2822 adi
1314 2789 1354 2810 me
1367 2782 1481 2819 dignust,
1497 2782 1597 2812 desunt
1608 2782 1717 2811 in'icod:
1728 2783 1811 2812 Cum.
1827 2784 1876 2812 Gr.

1094 2821 1129 2842 at.
1144 2817 1243 2842 desunt
1266 2826 1292 2842 tn
1306 2817 1385 2842 Cant.
1398 2818 1446 2842 Gr.
1463 2818 1561 2842 tat-Lat.
1579 2834 1615 2840 —
1628 2819 1683 2842 (dli
1696 2819 1735 2842 Ita
1757 2824 1789 2842 ιλι
1811 2821 1875 2842 rml.

220 2819 250 2855 et
264 2814 322 2843 Lat.
334 2814 501 2855 _—(c)_H;1_ec
512 2836 520 2848 ,
536 2816 617 2855 et‘qui
631 2816 739 2855 recipit,
754 2814 920 2855 etc.,'u'sque
937 2814 990 2850 ad,
1004 2814 1129 2853 accipiet,
1144 2814 1243 2845 desunt
1266 2818 1294 2848 in
1306 2817 1385 2847 Cant.
1395 2814 1446 2848 "Gr.
1463 2814 1561 2848 et-Lat.
1579 2834 1615 2840 —
1628 2819 1683 2855 (ἢκ
1696 2819 1735 2847 lta
1757 2824 1789 2848 et
1811 2821 1875 2849 cod.

219 2849 297 2878 Cant.
315 2852 344 2878 οὐ
365 2849 399 2886 μὴ
412 2849 546 2880 ’ἀπόληται
564 2849 585 2878 6’
591 2850 683 2887 μισθός
701 2851 791 2879 αὐτοῦ.
