3980 6192
224 219 306 276 209

550 340 785 396 CODEX
819 340 1352 398 VERCELLENSIS.

218 434 297 491 9.3.
332 432 390 488 Et
409 442 456 486 tu
488 432 723 504 Caphar-
994 435 1084 490 27.
1127 435 1315 490 Omnia
1352 433 1486 490 mihi

221 520 354 560 naum
367 545 380 569 ,
404 520 535 559 nnm-
993 507 1188 561 tradita
1229 517 1356 561 sunt

221 577 326 646 quid
349 589 486 645 usque
504 576 554 646 in
992 591 1022 631 a
1052 577 1214 632 Patre
1242 593 1388 633 meo.

220 645 387 700 caelum
411 645 541 701 exal—
990 657 1046 703 et
1067 665 1227 703 nemo
1257 664 1354 704 no.

219 717 412 772 taveris?
431 715 499 787 (a)
521 725 613 771 aut
632 716 674 786 -ί-
988 721 1064 774 vit
1087 719 1278 775 Filium
1301 762 1316 786 ,

215 803 355 856 usque
374 787 416 841 in
440 787 603 844 infer-
992 790 1095 844 nisi
1122 790 1284 846 Pater
1317 809 1331 844 :
1370 807 1466 848 nc-

215 874 315 932 num
332 857 565 932 descenig
990 876 1095 932 que
1120 861 1337 917 Patrem

210 929 304 1001 des.
323 929 457 1001 Quia,
478 931 521 986 si
551 929 606 986 in
990 929 1110 1001 quis
1139 933 1324 1000 novit,

210 999 418 1054 Sodomis
435 1000 539 1058 lac-
989 999 1093 1058 nisi
1126 1003 1294 1058 Filius
1312 999 1328 1070 ,

211 1081 278 1124 tae
296 1071 490 1126 inissent
990 1081 1046 1128 et
1073 1075 1157 1129 cui
1183 1075 1368 1132 volue-

205 1142 410 1214 virtutes,
433 1159 570 1214 quae
990 1145 1062 1199 rit
1089 1145 1258 1201 Filius
1304 1165 1391 1204 re-

205 1212 346 1267 iectae
367 1212 479 1269 sunt
985 1216 1189 1272 velare.

205 1283 250 1338 in
275 1293 342 1364 te,_
358 1282 514 1344 fortae
984 1287 1076 1343 28.
1116 1287 1316 1364 Venite
1332 1293 1401 1364 ad
1431 1308 1520 1350 me

202 1356 483 1432 mansissent
502 1375 594 1413 ns-
986 1373 1200 1432 omnes,
1231 1362 1323 1432 qui

201 1440 285 1494 que
301 1424 577 1500 in_hodier—
987 1429 1037 1484 la
1044 1424 1278 1500 boratis',

201 1511 300 1551 num
330 1497 488 1553 diem.
990 1511 1044 1556 et
1075 1497 1285 1558 onerati

197 1567 270 1622 Ἃ.
305 1567 496 1625 Tamen
528 1571 647 1628 dico
673 1587 774 1629 v0-

200 1638 283 1704 bis,
307 1641 420 1708 quia
437 1649 614 1699 terrae

197 1709 515 1768 Sodomorum

197 1780 437 1837 remissius
461 1785 570 1839 erit

198 1851 243 1905 in
265 1852 341 1906 die
361 1854 537 1923 judicii
559 1897 576 1923 ,

195 1937 328 1989 quam
366 1927 527 1981 vobis.

196 1995 272 2045 25.
307 1993 359 2048 ln
383 1996 475 2070 illo
502 2008 749 2070 tempore

194 2066 497 2133 respondens

193 2133 332 2190 Jesns
355 2138 480 2193 dixit
504 2158 518 2194 :
549 2140 685 2197 Con-

193 2205 334 2262 liteor
361 2209 474 2277 tibi,
503 2210 608 2266 Pa-

193 2285 280 2339 ter,
304 2279 516 2337 Domine
543 2298 668 2340 cae-

193 2347 224 2400 li
244 2358 291 2401 et
311 2358 492 2418 terrae,

989 1573 1123 1627 estis
1141 1613 1155 1637 ,
1179 1582 1358 1646 etego

990 1657 1088 1698 vos
1111 1642 1293 1699 reﬁci-

989 1713 1081 1797 es.
1123 1729 1230 1768 am.
1264 1717 1466 1775 Tollite

989 1801 1176 1855 jngum
1203 1801 1317 1844 me-

995 1872 1085 1910 um
1119 1872 1284 1926 super

994 1943 1109 1993 vos,
1138 1937 1194 1982 et
1221 1927 1382 1987 disci~

997 2007 1111 2072 tea
1139 2014 1225 2053 me
1248 2042 1264 2067 ,
1286 2005 1415 2072 quia

997 2070 1146 2124 mitis
1168 2070 1311 2137 sum,

997 2149 1055 2194 et
1081 2139 1301 2198 humilis

997 2210 1162 2267 corde
1186 2228 1199 2263 :
1228 2221 1285 2268 et
1309 2217 1391 2271 in~

997 2283 1228 2339 venietis
1249 2300 1340 2340 re-

999 2355 1181 2424 quiem
1211 2357 1332 2410 ani-

194 2418 296 2486 quia
324 2422 540 2480 abscon-
998 2418 1102 2479 mis
1125 2428 1338 2483 vestris.

194 2489 300 2546 disti
325 2493 448 2570 haec
1000 2497 1090 2552 '50.
1129 2495 1324 2566 Jugnm
1357 2499 1503 2557 enim

197 2567 474 2632 asapienti-
1000 2581 1184 2623 meum
1211 2582 1335 2624 sna-

340 2644 392 2690 et
417 2653 544 2708 pru—
1003 2654 1068 2693 ve
1089 2648 1193 2705 est,
1226 2651 1280 2695 et
1311 2658 1450 2698 onus

196 2701 448 2773 dentibus}
1003 2701 1189 2768 meum
1212 2712 1333 2768 leve
1446 2743 1466 2768 κ

195 2783 238 2826 et
258 2779 470 2835 revelas-
1199 2783 1428 2841 CAPUT
1453 2783 1571 2841 XII.

195 2844 500 2930 tinea'parvu-
533 2924 572 2930 _
1075 2855 1130 2908 1.
1171 2864 1273 2908 est.
1300 2857 1357 2911 In
1385 2857 1478 2911 illo

194 2915 268 2970 26.
302 2915 380 2994 lis.
411 2922 748 2994 ltajPater:
1005 2935 1251 2993 tempore
1292 2967 1305 2979 .
1353 2963 1368 2981 .
1413 2967 1426 2981 .
1471 2965 1486 2981 .
1534 2968 1548 2983 .

194 2990 412 3066 ‘lPOPiam
498 2990 508 2994 ’
1005 2996 1046 3051 it
1067 2990 1228 3052 Jesns
1269 3037 1282 3052 .
1332 3039 1344 3052 .
1389 3035 1406 3052 .
1450 3040 1465 3054 .
1513 3038 1525 3051 .
1573 3036 1585 3050 .
1632 3035 1646 3050 .

193 3061 259 3142 sic
282 3061 315 3115 t’.
354 3105 367 3118 .
411 3106 426 3120 .
461 3077 482 3123 t
512 3069 636 3140 pla-
1004 3083 1070 3142 eo
1112 3107 1128 3142 τ
1171 3107 1184 3120 .
1227 3107 1260 3142 ._
1413 3069 1490 3142 (ὸ)

192 3137 330 3212 citum
363 3151 456 3194 an-
515 3137 530 3140 ⁷
1005 3140 1072 3194 tis
1102 3137 1144 3210 -ι-
1173 3156 1184 3192 :
1210 3137 1459 3212 discipuli

193 3207 236 3255 te
259 3211 322 3260 te.
1004 3207 1183 3265 autem
1207 3210 1326 3280 ejus

602 3325 837 3382 CODEX
861 3324 1332 3382 CORBEIENSIS.

189 3406 243 3462 Et
277 3415 771 3489 _tu_Capharnaum
797 3459 814 3482 ,
853 3419 870 3448 ¹
922 3418 1180 3488 numquid
1213 3434 1388 3489 usque
1430 3419 1498 3474 ad
1548 3419 1760 3475 coelum

189 3483 486 3559 exaltaberis
507 3488 534 3541 ’ἒ
565 3506 740 3559 usque
763 3489 833 3543 ad
873 3483 1140 3544 infernum
1179 3483 1500 3546 descendes.
1530 3491 1686 3556 Quia,
1719 3491 1766 3546 si

192 3552 234 3630 in
261 3552 504 3630 Sodomis
537 3552 718 3615 factae
749 3570 936 3616 essent
961 3562 1189 3615 virtutes
1213 3601 1227 3623 ,
1260 3578 1399 3630 quae
1437 3552 1613 3616 fact-ae
1641 3552 1768 3617 sunt

191 3628 234 3675 in
263 3636 329 3691 te,
360 3630 378 3658 '
404 3628 646 3686 forsitan
678 3633 1008 3687 mansissent
1031 3646 1200 3701 usque
1228 3628 1284 3686 in
1310 3632 1452 3686 hunc
1472 3633 1635 3688 diem.
1665 3633 1768 3688 Ve-

190 3705 464 3773 futlttameri
498 3701 634 3756 dico
651 3703 828 3770 vobis,
859 3703 980 3773 quia
1011 3703 1031 3732 ³
1063 3703 1333 3757 Sodomae
1355 3704 1636 3758 remissius
1664 3704 1768 3758 erit

191 3767 234 3816 in
261 3767 557 3844 diejndicii
589 3813 605 3836 ,
639 3767 1002 3844 quam'vobis.
1049 3775 1103 3828 ln
1136 3774 1227 3827 illo
1259 3784 1504 3843 tempore
1529 3775 1550 3806 ⁸
1580 3776 1654 3829 ait
1680 3775 1770 3830 Je-

191 3850 267 3890 sns
295 3857 311 3892 :
338 3843 669 3899 Conﬁtebor’
701 3845 795 3900 tibi
823 3887 838 3908 ,
865 3845 1012 3900 Dens
1034 3887 1049 3909 ,
1099 3846 1260 3899 Pater
1287 3847 1424 3900 coeli
1454 3855 1506 3900 et
1551 3857 1725 3900 terrae
1752 3887 1766 3910 ,

191 3910 296 3985 quia
325 3913 666 3970 abscondisti
718 3917 851 3971 haec
888 3931 917 3970 a
966 3917 1339 3984 sapientibus,
1392 3929 1446 3970 et
1495 3916 1772 3985 prudenti-

191 3978 277 4056 ltlts
299 4025 314 4050 ,
340 3996 393 4038 et
423 3987 689 4041 revelasti
736 4003 798 4041 ea
846 3978 1105 4055 parvulis.
1136 3987 1209 4040 Ita
1261 3988 1422 4041 Pater
1455 4005 1467 4039 :
1497 3978 1619 4056 quia
1648 3989 1668 4018 ⁵
1696 3989 1775 4041 sic

193 4050 273 4123 tibi
315 4057 536 4123 placuit.
589 4057 783 4112 Omnia
828 4050 956 4111 mihi
989 4059 1182 4112 tradita
1211 4066 1341 4112 sunt
1379 4073 1406 4110 a
1438 4050 1595 4111 Paire
1634 4073 1776 4112 meo.

197 4120 249 4199 fit
274 4120 428 4182 nemo
451 4129 472 4159 ⁸
493 4131 781 4199 cognoscit
803 4130 993 4193 lilium,
1020 4131 1119 4183 nisi
1149 4129 1312 4183 Pater
1336 4147 1348 4183 :
1377 4143 1552 4196 neque
1569 4129 1778 4183 Patrem

197 4191 210 4219 ⁷
235 4200 511 4266 Cognoscit
555 4191 684 4269 quis
707 4243 723 4264 ,
750 4201 852 4254 nisi
903 4191 1074 4255 Filius
1101 4241 1114 4266 ,
1159 4210 1214 4254 ct
1239 4203 1324 4253 cui
1357 4191 1590 4254 voluerit
1616 4199 1782 4254 Filius

197 4270 650 4340 reV_eI:ire.Vettite
673 4273 736 4324 ad
754 4288 841 4325 me
856 4287 1068 4333 omnes.
1083 4271 1171 4340 qui
1189 4271 1465 4336 laboratis,
1485 4280 1540 4326 et
1565 4271 1777 4325 onerati

197 4337 329 4401 estis,
357 4349 413 4394 et
440 4359 548 4413 ego
572 4357 674 4396 vos
702 4341 963 4397 reﬁciam.
1015 4337 1211 4396 Tollite
1245 4343 1430 4410 jugum
1473 4356 1654 4396 meum
1685 4357 1775 4394 su-

200 4420 410 4484 pervos,
435 4426 493 4468 ct
523 4413 723 4468 diseite
762 4431 790 4465 a
822 4429 937 4479 me,
968 4414 1092 4484 quia
1125 4414 1270 4466 mitis
1304 4429 1445 4479 sum,
1477 4424 1532 4466 et
1558 4413 1779 4484 humilis

199 4481 340 4535 corde
374 4500 389 4538 :
416 4496 473 4538 et
506 4485 802 4539 invenietis
845 4481 1088 4553 requiem
1141 4484 1420 4538 animabus
1442 4483 1658 4538 vestris.
1685 4483 1782 4538 Ju-

199 4561 304 4616 gnm
327 4557 471 4608 enim
505 4572 692 4609 ιιιρυιη
723 4570 887 4608 suave
909 4564 993 4609 est
1019 4597 1033 4618 ,
1065 4563 1120 4608 et
1146 4569 1285 4609 onus
1337 4570 1517 4608 meum
1548 4556 1665 4609 leve
1682 4557 1724 4608 ⁸.

258 4621 364 4678 XII.
405 4627 460 4680 In
497 4637 751 4693 tempore
776 4627 871 4681 illo
892 4627 1022 4680 abiit
1045 4625 1204 4682 .Iesus
1229 4628 1248 4658 ο
1272 4626 1550 4682 sabbathis
1575 4641 1672 4696 per
1696 4640 1782 4680 se-

202 4702 356 4758 getem
380 4715 394 4752 :
425 4698 686 4769 discipuli
715 4708 897 4753 autem
925 4697 1044 4767 ejus

1155 222 1609 283 EVANGELIUM
1634 222 2006 286 SECUNDUM
2036 229 2476 291 MATTHA'IUM.

3347 240 3456 297 210

2283 347 2520 405 CODEX
2559 349 3014 412 VERONENSIS.

1855 435 1948 516 :2}.
1973 436 2162 516 _vobis.
2195 439 2264 494 Et
2291 447 2346 496 tu
2689 445 2853 501 Pater
2885 464 2898 500 :
2930 447 3186 516 quoniam

1856 507 2233 591 Caphar_n_aum
2249 551 2266 578 ,
2692 516 2889 591 sicfuit
2911 507 3079 575 bene-
3201 517 3204 520 ’

1855 580 2115 648 numquid
2150 595 2242 636 us-
2691 588 2952 648 placitum
2979 601 3107 646 ante
3133 598 3207 646 te.

1855 665 1962 720 que
1987 651 2052 705 ad
2079 652 2288 707 caelum
2692 651 2784 713 97.
2827 659 3019 715 Omnia
3051 660 3181 715 mihi
3213 671 3324 717 tra-

1857 721 2184 796 exaltaberis
2206 725 2230 778 ?
2255 723 2333 796 (a)
2693 730 2809 785 dita
2837 741 2963 786 sunt
2982 747 3014 787 a
3036 731 3198 788 Patre

1857 792 2201 863 aut-jusque
2265 792 2275 796 “
2695 816 2839 857 meo.

1855 863 1912 916 in
1944 861 2217 919 infernum
2695 872 2766 927 Et
2792 887 2954 928 nemo
2976 874 3127 928 novit

1856 933 2152 1004 discendis.
2696 943 2918 1004 Filium.
2951 945 3054 998 nisi
3083 945 3244 1001 Pater
3270 962 3285 1000 :

1855 1003 2020 1084 Quia,
2052 1006 2097 1084 si
2137 1007 2189 1084 in
2697 1029 2872 1084 neque
2910 1003 3128 1071 Patrem

1857 1075 2107 1131 Sodomis
2135 1078 2308 1137 {actae

1855 1147 2092 1221 fuissent
2108 1146 2129 1220 (
2152 1149 2234 1205 hic
2267 1153 2380 1221 fue—

1855 1228 1972 1271 runt
1994 1220 2182 1274 omissa
2209 1220 2273 1278 ab
2293 1241 2391 1279 an-

1857 1289 2080 1354 tiquaria
2106 1307 2218 1345 ver-

1857 1358 1943 1423 ba,
1973 1361 2142 1414 virtu-

1857 1437 1940 1486 tes
1966 1472 1980 1496 ,
2008 1447 2149 1500 quae
2169 1433 2244 1487 la-

1856 1511 1981 1575 etae
2004 1511 2131 1558 sunt
2155 1503 2174 1575 )
2199 1505 2254 1560 in

1856 1581 1932 1638 te,
1957 1571 2095 1628 forte
2117 1571 2268 1631 man-

1857 1644 2060 1715 sissent
2085 1660 2253 1715 usque
2283 1648 2337 1703 in

1860 1713 2180 1770 hodiernum
2209 1717 2378 1774 diem.

1858 1783 1949 1838 9.4.
1986 1785 2158 1842 Amen
2190 1789 2314 1846 dico

1859 1857 2015 1912 vobis
2035 1899 2049 1924 ,
2085 1860 2208 1925 quia

1862 1936 2038 1983 terrae
2059 1928 2234 1985 Sodo—

1861 2013 2073 2054 morum
2105 2003 2298 2057 remis-

1862 2071 1976 2124 sius
1998 2070 2100 2124 erit
2137 2073 2190 2126 in

1861 2140 1953 2196 die
1989 2141 2175 2210 judicii
2204 2186 2220 2210 ,

1861 2226 2022 2280 quam
2050 2213 2220 2270 vobis.

1861 2281 1955 2337 25.
1997 2282 2056 2337 ln
2082 2284 2176 2340 illo
2198 2295 2336 2341 tem—

1863 2368 1995 2422 pore
2015 2370 2240 2424 respon-

1863 2424 2000 2480 dens
2029 2425 2186 2481 Jesus
2221 2426 2301 2484 di-

1862 2498 1942 2550 xit
1966 2514 1978 2549 :
2004 2496 2242 2555 Conﬁte-

2697 1087 2820 1152 qnis
2848 1089 3015 1154 novit,
3051 1087 3156 1142 nisi

2699 1154 2899 1218 Filius.
2926 1166 2980 1211 et
3007 1157 3093 1211 cui
3123 1158 3314 1212 volue-

2695 1227 2790 1281 28.
2831 1228 2901 1282 rit
2926 1226 3093 1284 Filius
3109 1229 3376 1286 revelare.

2698 1296 2890 1353 Venite
2911 1298 2979 1352 ad
3002 1314 3090 1355 me

2696 1383 2910 1435 omnes,
2941 1370 3035 1439 qui

2697 1439 2974 1506 laboratis,
3007 1451 3063 1495 et

2696 1513 2904 1566 onerati
2934 1512 3066 1566 estis
3079 1551 3097 1577 ,

2696 1591 2752 1637 et
2781 1596 2884 1651 ego
2906 1581 3142 1636 reﬁciam

2693 1653 2785 1707 29.
2816 1667 2934 1707 vos.
2967 1652 3162 1707 Tollite

2692 1725 2877 1793 jugum
2903 1738 3084 1778 meum

2695 1809 2858 1862 super
2883 1809 3000 1860 vos,
3023 1802 3081 1847 et

2695 1865 2890 1919 discite
2914 1880 2945 1918 a
2972 1879 3081 1930 me,

2695 1937 2816 2006 quia
2851 1935 2999 1990 mitis

2695 2005 2837 2071 sum,
2872 2014 2928 2060 et
2953 2005 3173 2060 humilis

2695 2077 2892 2131 corde:
2923 2086 2979 2132 et
2999 2077 3089 2130 in-

2697 2147 2927 2203 venietis
2952 2163 3039 2202 re-

2696 2222 2877 2290 quiem
2904 2219 3099 2290 animis

2697 2289 2784 2346 30.
2830 2290 3041 2344 vestris.
3069 2289 3262 2360 Jugum

2697 2376 2840 2417 enim
2867 2375 3045 2415 meum

2695 2433 2863 2487 suabc
2889 2441 2995 2496 est,
3027 2440 3081 2486 et

2697 2504 2874 2558 honus
2901 2517 3083 2558 meum

1864 2581 1927 2621 or
1949 2568 2076 2633 tibi,
2104 2568 2207 2624 Pa-
2699 2576 2818 2631 leve
2848 2583 2950 2630 est.

1867 2647 1977 2704 ter,
2011 2640 2238 2698 Domine

1867 2709 2008 2797 Deus
2030 2713 2170 2767 caeli
2255 2785 2268 2797 .
2878 2737 3106 2796 CAPUT
3143 2735 3259 2792 XII.

1865 2788 2304 2936 ἓὶὲἓὲῑιῗῧέιῗωθ
2738 2858 2766 2911 1
2778 2899 2792 2911 .
2822 2855 2879 2910 In
2893 2854 2994 2936 illo
3019 2863 3155 2908 tem-

1867 2920 2002 2976 haec
2025 2937 2056 2976 a
2085 2927 2298 2992 sapien-
2703 2942 2834 2992 pore
2858 2924 2991 2978 abiit

1869 2992 2032 3066 tibus,
2062 3004 2118 3050 et
2138 3011 2268 3066 pru-
2701 2992 2858 3053 Jesus
2884 3010 2981 3066 per
2996 3007 3162 3066 sege-

1867 3063 2157 3138 dentibns;
2186 3077 2243 3122 et
2701 3071 2772 3122 tis
2793 3067 2871 3138 (ὸ)
2885 3063 3088 3138 sabba-

1869 3137 2120 3208 revelasti
2149 3152 2210 3192 ea
2704 3139 2773 3194 tis
2803 3135 2884 3208 il":
2917 3135 3084 3190 disci—

1867 3205 1960 3262 26.
2009 3209 2267 3278 parvolis.
2313 3209 2389 3265 Ita
2702 3205 2828 3281 puli
2845 3218 3027 3264 autem

2337 3326 2570 3384 CODEX
2609 3327 3002 3385 BRIXIANUS.

1943 3419 2010 3472 Et
2041 3427 2094 3473 tu
2116 3417 2495 3498 C_ap_hanrnaum
2527 3437 2665 3498 quae
2695 3437 2866 3498 usque
2886 3415 3460 3498 a(l_caelutnl_exaltata

1872 3503 1932 3543 es
1958 3505 2128 3558 usque
2152 3487 2206 3544 in
2229 3489 2497 3546 infernum
2526 3487 2846 3548 descendes.
2876 3493 3013 3560 Quia
3050 3493 3095 3547 si
3125 3491 3180 3544 in
3209 3487 3465 3560 Sodomis

1872 3561 2048 3615 factae
2079 3561 2307 3617 inissent
2332 3565 2561 3619 virtutes
2589 3580 2728 3633 quae
2759 3559 2934 3618 factae
2961 3572 3088 3618 sunt
3131 3565 3182 3616 in
3217 3571 3290 3615 te.
3324 3559 3463 3612 forte

1873 3633 2205 3712 mansissent
2254 3647 2423 3712 usque
2447 3636 2498 3688 in
2524 3636 2848 3712 hodiernum
2874 3635 3039 3689 diem.
3071 3634 3461 3712 Yernmtamen

1872 3703 1994 3758 dico
2019 3704 2174 3758 vobis
2204 3705 2329 3771 quia
2354 3705 2940 3761 terraeSodomorum.
2977 3705 3257 3760 remissius
3284 3703 3390 3756 erit
3409 3703 3464 3754 in

1877 3775 1966 3853 die
1999 3774 2190 3853 judicii
2219 3791 2404 3853 quam”
2430 3777 2544 3853 tibi.
2583 3777 2792 3853 ln_illo_
2830 3787 3074 3853 tempore
3109 3773 3466 3853 _reSpont_iens
3499 3799 3501 3806 η

1878 3845 2036 3900 Jesns
2081 3845 2216 3899 dixit
2240 3843 2569 3902 ’Contitebor
2618 3848 2712 3902 tibi
2762 3843 3376 3902 Pater—Domine'caeli
3414 3851 3471 3894 et.

1885 3926 2081 3994 terrae.
2111 3916 2204 3986 qui
2232 3916 2260 3954 ιι
2288 3919 2620 3994 abscondisti
2653 3917 2847 3994 haeca
2879 3918 3213 3994 sapientibus
3239 3926 3292 3970 et
3343 3929 3468 3994 pru—

1883 3987 2169 4064 dentibus._
2188 3997 2243 4041 et
2266 3991 2517 4064 revelasti
2541 4005 2602 4043 ea
2625 3989 2992 4064 parvulisslta
3026 3987 3470 4064 Paterquoniam

1885 4062 1964 4112 sic
1994 4059 2320 4126 complacuit
2343 4061 2394 4113 in
2420 4053 2711 4129 conspectu
2744 4069 2856 4114 tuo.
2888 4060 3077 4113 Omnia
3113 4057 3244 4111 mihi
3273 4053 3470 4129 tradita

1886 4137 2013 4183 sunt
2035 4144 2062 4181 a
2087 4129 2253 4206 fatre
2277 4146 2421 4206 meo.
2449 4131 2518 4184 Et
2539 4128 2698 4206 nemo
2734 4129 3131 4206 novitli‘ilium.
3157 4130 3260 4206 nisi
3289 4128 3466 4206 Pater.

1887 4215 2065 4277 neque
2086 4200 2302 4277 Patrem
2331 4201 2453 4277 qu_i_s
2493 4201 2666 4277 novit.
2695 4202 2801 4255 nisi
2832 4199 3022 4254 Filius.
3058 4210 3111 4254 et
3131 4199 3228 4277 cui
3243 4197 3478 4277 voluerit

1890 4271 2056 4326 Filius
2085 4272 2354 4326 revelare.
2391 4271 2582 4326 Venite
2602 4272 2668 4326 ad
2696 4287 2784 4326 me
2836 4286 3026 4324 omnes
3072 4271 3165 4340 qui
3217 4271 3474 4340 laboratis

1885 4352 1941 4422 et
1967 4343 2175 4422 onerati
2200 4343 2354 4407 estis,
2404 4351 2459 4397 et
2485 4358 2588 4410 ego
2612 4359 2707 4397 vos
2738 4336 3320 4422 requiesceretaciam.
3349 4336 3479 4422 Tol.-

1886 4413 1981 4467 lite
2005 4413 2192 4481 jugum
2214 4429 2389 4468 meum
2420 4430 2584 4484 super
2612 4429 2739 4480 vos,
2770 4424 2824 4468 et
2845 4413 3038 4468 discite
3066 4428 3095 4466 a
3120 4427 3207 4467 me
3233 4413 3356 4481 quia
3374 4413 3480 4484 7mi-

1891 4486 1958 4538 tis
1979 4500 2118 4538 sum.
2177 4494 2232 4539 et
2280 4485 2498 4539 humilis
2553 4485 2737 4540 corde.
2782 4496 2836 4538 et
2893 4485 3178 4539 invenietis
3233 4483 3478 4552 requiem
3565 4509 3572 4516 -

1889 4555 2172 4609 animabus
2217 4559 2432 4610 vestris.
2498 4555 2692 4625 Jugum
2746 4557 2888 4611 enim
2917 4570 3093 4610 meum
3125 4569 3287 4608 suave
3317 4561 3482 4625 estet

1891 4639 2030 4697 onus
2055 4641 2234 4697 meum
2268 4627 2384 4681 leve
2410 4638 2512 4681 est.
2548 4622 2606 4682 1n
2634 4628 2727 4682 illo
2755 4637 2996 4697 tempore
3023 4626 3152 4681 abiit
3205 4625 3362 4681 Jesus
3403 4622 3481 4694 (ὁ)

1893 4696 2130 4751 sabbatis
2163 4696 2205 4767 -ι-
2225 4713 2321 4767 per
2351 4708 2584 4768 segetes.
2637 4696 2884 4769 discipuli
2913 4707 3095 4754 autem
3127 4697 3245 4768 ejus

905 4810 1302 4868 VARIANTES
1333 4809 1721 4868 LECTIONES
1756 4809 2026 4868 CODICIS
2057 4811 2171 4867 MS.
2201 4810 2258 4867 S.
2303 4811 2809 4871 GERMANENSIS.

259 4902 272 4930 ¹
300 4915 428 5014 ἦσθε
450 4915 621 4976 usque
647 4905 698 4952 in
719 4902 912 4975 coelum
937 4901 1257 4976 exaltaberis,
1283 4915 1441 4966 usque
1465 4902 1517 4952 in
1540 4903 1568 4931 ⁸

259 4965 272 4994 ¹
348 4973 424 5014 rte
447 4973 756 5014 mansussent
777 4979 826 5013 in
849 4965 1139 5014 hodiernum
1159 4966 1292 5014 diem

255 4965 272 4994 ²
300 4965 424 5016 forte
447 4965 756 5016 mansissent
777 4966 826 5013 in
849 4965 1139 5016 hodiernum
1159 4966 1292 5015 diem

256 5026 274 5056 ³
305 5034 470 5078 terrae
495 5031 827 5078 Sodomorum

257 5088 274 5152 ξ
305 5093 618 5152 respondens
636 5090 666 5138 J
673 5103 790 5140 esus
807 5090 967 5152 dixit;
987 5087 1232 5140 Confiteor
1255 5090 1345 5140 tibi
1368 5088 1536 5151 Pater,
1558 5088 1789 5151 Domine,

257 5151 277 5182 ⁸
305 5151 544 5215 quamam
565 5154 639 5204 sic
661 5153 754 5202 fuit
775 5151 1139 5216 beneplacitnm
1163 5159 1280 5203 ante
1303 5157 1373 5202 te.

1961 4901 1983 4931 ⁸
2017 4903 2151 4952 novit

1958 4964 1980 5056 ζ
2013 4967 2124 5077 qutis
2146 4965 2340 5018 novit...
2366 4971 2419 5016 et
2439 4969 2483 5017 si
2499 4968 2578 5018 cui

2016 5041 2071 5077 es
2097 5063 2111 5076 .

1959 5089 1980 5120 ⁹
2133 5095 2339 5154 segetes
2355 5091 2606 5143 sabbathis

1575 5258 1945 5317 BLANCHINI
1981 5260 2212 5318 NOTAE.

275 5394 300 5423 ι
327 5385 480 5441 Hanc
504 5384 804 5440 lectionem
828 5379 1031 5437 codicis
1053 5379 1582 5452 San-Germanensis
1606 5380 1812 5452 reperit
1912 5381 2107 5452 duplex
2126 5379 2501 5452 intelligentia,
2516 5387 2628 5452 etc.
2659 5376 3151 5449 Consuleejusdem
3171 5375 3510 5437 Comment.,

214 5455 264 5510 S.
297 5457 670 5533 Hieronymus
690 5453 864 5533 ,Idicit
886 5453 1029 5508 enim
1064 5470 1079 5509 :
1109 5449 1177 5505 In
1219 5451 1381 5506 altera
1411 5451 1693 5533 emaplari
1731 5467 1813 5505 re-
1912 5449 2008 5533 lib}
2042 5468 2101 5533 LI,
2135 5453 2192 5506 in
2222 5449 2344 5522 cap.
2377 5466 2457 5506 XI.
2484 5450 2673 5508 Matth.

213 5529 432 5594 perimus
464 5544 479 5581 ε
509 5535 570 5580 et
597 5536 686 5590 tu,
719 5524 1127 5593 Capharnanm.
1192 5537 1320 5594 qua:
1370 5538 1542 5591 usque
1603 5524 1813 5594 ἰπὶ-(ιω-

213 5590 312 5654 lum
343 5599 588 5656 exaltata
611 5611 704 5663 es,
739 5590 909 5666 usque
935 5594 1003 5651 ad
1050 5590 1259 5650 inferna
1290 5590 1607 5649 descendes.
1641 5590 1710 5646 Et
1739 5601 1812 5647 est

1986 5521 2014 5561 δ
2043 5523 2153 5579 Sic.

275 5737 355 5808 (a)
398 5736 660 5802 Addunt,
691 5736 800 5789 a'nt.
834 5733 903 5788 Et
930 5731 999 5786 ita
1022 5731 1150 5790 cod.
1181 5729 1337 5787 Cant.
1371 5731 1488 5786 Lat.
1519 5741 1571 5785 et
1595 5730 1690 5785 Gr.
1721 5731 1773 5788 ἥ.
1813 5728 1962 5800 -(b)
2002 5727 2077 5784 Ita
2109 5735 2164 5781 et
2191 5735 2366 5783 textus
2395 5725 2614 5779 Graecus
2637 5763 2653 5788 ,
2677 5729 2784 5778 τοῖς
2810 5717 3055 5773 σάϐϐασι.
