1990 3096
112 133 162 161 215

310 185 430 217 CODEX
441 184 710 217 VEBCELL'ENSIS.

114 235 154 263 bit
168 243 228 263 eam
242 241 268 263 et
282 235 320 262 le-
530 239 583 267 tus,
600 234 626 261 in
638 242 691 269 quo

113 271 160 299 12.
175 271 265 298 vavit?
276 269 384 304 Quanto
530 271 600 298 bene
612 271 703 305 placu—

114 307 199 342 magis
212 306 307 342 melior

114 307 199 342 magis
212 306 307 334 melior
530 306 552 333 it
566 305 605 341 (ιτ)
620 306 709 334 anima
722 311 786 335 mea
799 307 830 343 -j-.

113 347 155 370 est
171 342 250 369 homo
261 340 324 369 ovi?
531 341 631 369 Ponam
645 342 768 370 Spiritum

531 341 631 369 Ponam
645 342 768 376 spiritum

114 377 206 412 Itaque
217 377 282 405 licet
293 376 356 412 sab-
531 384 619 404 meum
631 384 678 404 su-

114 432 121 440 .
132 432 140 440 .
158 411 209 453 aiis
223 411 336 440 benefa-
532 419 668 453 peream,
679 417 707 440 et

113 455 176 475 cere
186 448 198 475 ?
321 482 325 483 ν
531 447 662 483 judicium

110 484 153 512 15.
170 503 178 510 .
188 503 195 510 .
209 502 217 510 .
227 503 235 510 .
246 502 271 510 ..
284 504 291 510 .
301 502 309 510 .
319 482 408 510 homi—
532 483 658 518 gentibus
671 483 719 511 ad-

111 540 118 547 .
129 540 136 546 .
149 539 156 546 .
168 539 176 546 .
186 538 194 546 .
206 518 306 546 xtende
531 518 674 547 nuntiavit.

189 562 253 582 num
269 559 352 581 tuam.
530 554 574 581 19.
590 554 648 581 Non
666 562 732 583 con-

111 610 119 617 .
132 611 139 617 .
149 611 157 618 .
169 610 177 618 .
187 609 194 617 .
205 610 212 617 .
225 609 233 616 .
243 608 251 616 .
267 589 353 617 tendit
531 589 632 622 tendet,
649 598 692 618 ne-

110 644 135 653 ..
145 646 153 653 .
163 646 170 652 .
183 646 190 652 .
201 646 208 653 .
225 633 251 652 m
264 629 353 658 Suam,
530 632 582 659 que
594 625 696 653 clama-

111 682 118 689 .
130 682 138 689 .
153 682 159 688 .
173 682 180 688 .
192 680 199 688 .
216 661 295 688 lituta
531 660 580 692 vit,
594 668 683 695 neque

146 716 154 724 .
163 717 171 724 .
187 696 259 724 sicut
271 700 300 724 et
531 695 623 723 audiet
635 696 684 724 ali-

108 732 207 760 altera.
394 765 397 766 ν
531 731 590 765 quis
604 731 630 758 in
649 732 705 766 pla-

108 768 152 795 “.
168 767 204 795 Et
219 771 355 795 exeuntes
370 765 441 794 Pha—
534 767 586 794 teis
599 765 694 795 vocem

107 803 199 836 risaei,
217 803 309 830 consi-
532 801 577 830 20.
591 802 667 837 ejus:
684 803 785 832 harun—

107 839 174 866 lium
191 837 327 865 faciebant
530 836 621 865 dinem
635 845 715 872 quas-

108 874 241 902 adversus
256 880 329 907 eum,
532 879 617 900 satam
634 880 687 901 non

107 915 139 936 ut
152 917 215 937 eum
230 908 328 944 perde—
531 908 651 935 confrin—

108 945 155 972 15.
170 949 242 972 rent.
255 944 336 971 iesus
344 947 439 972 autem
530 948 584 976 get,
601 948 628 971 et
641 944 725 973 linum

108 980 201 1008 sciens
214 987 319 1008 semes-
532 979 665 1014 fumigant-

108 1016 144 1043 sit
159 1015 243 1043 inde:
257 1019 284 1043 et
295 1022 339 1043 se-
530 1019 585 1042 tem
600 1022 654 1042 non
667 1024 715 1044 ex-

107 1050 268 1086 quebantur
532 1050 644 1086 tinguet,
660 1052 708 1079 do—

107 1085 175 1114 éum
191 1085 281 1118 multi,
295 1090 321 1113 et
532 1092 583 1113 nec
598 1085 679 1114 eiciat

533 1121 559 1147 in
569 1120 678 1150 victoria

533 1155 663 1190 judicium
677 1167 684 1185 :

533 1191 578 1218 2L
594 1195 622 1218 et
633 1192 659 1219 in
676 1193 762 1221 nomi-

533 1234 567 1254 nc
580 1226 638 1262 ejus
652 1236 716 1263 gen.

108 1120 340 1185 ἓῖιξῗιέἒᾝέηῳ

109 1162 212 1185 Omnes
226 1162 315 1184 autem

109 1200 181 1227 quos
195 1192 298 1220 curavit
310 1192 332 1227 1-

109 1229 155 1255 16.
173 1228 312 1263 praecepit
318 1227 369 1262 eis,

110 1271 146 1291 ne
157 1263 278 1298 divulga—
532 1266 572 1298 tes
583 1269 645 1297 sper
650 1271 678 1291 a-

110 1303 174 1327 rent
189 1297 277 1326 illum.
532 1297 608 1325 bunt.

112 1335 157 1362 1'1.
174 1334 211 1362 Ut
225 1334 386 1369 adimplere-
530 1332 575 1359 22.
590 1333 666 1362 Tunc
681 1334 790 1364 obiatus

112 1376 156 1397 tur
171 1370 244 1405 quod
257 1370 314 1397 dic-
530 1373 572 1396 est
584 1369 607 1396 ei
621 1371 700 1397 homo
710 1371 774 1400 dae-

113 1410 171 1432 tum
186 1410 228 1433 est
238 1412 289 1441 per
300 1405 337 1432 Ε-
531 1405 652 1441 tnonium
667 1405 715 1433 hae

111 1444 201 1468 sciam
214 1439 329 1476 prbphe-
531 1439 609 1472 heus,
624 1448 731 1473 caecus,

112 1481 182 1509 lam,
197 1476 329 1505 dicentem
341 1484 352 1504 :
533 1479 560 1502 et
573 1481 676 1508 mutus,
693 1481 720 1504 et
732 1485 779 1505 cu-

111 1512 159 1539 18.
178 1512 249 1539 Ecce
259 1516 323 1546 puer
532 1511 601 1537 ravit
614 1519 677 1539 eum
689 1512 725 1539 ita

112 1555 206 1579 meus,
219 1554 298 1581 quem

532 1550 561 1572 ut
575 1546 743 1582 loqueretur,

111 1582 199 1618 elegi,
215 1582 298 1611 dilec-

532 1581 578 1609 25.
594 1581 622 1610 et
637 1583 751 1612 videret.
769 1582 804 1611 Et

328 1640 449 1669 CODEX
461 1640 697 1670 CORBEIENSlS.

109 1687 242 1716 hendens
255 1687 370 1715 elevabit
383 1688 454 1715 illam
466 1688 478 1715 ?
500 1688 634 1721 Quantum
649 1693 714 1723 ergo
729 1687 818 1715 diﬂert
832 1687 914 1715 homo

107 1724 146 1751 ab
161 1730 217 1751 ove
229 1723 241 1750 .'
256 1723 345 1758 Itaque
356 1723 420 1750 licet
434 1723 573 1751 sabbathis
586 1723 746 1751 benefacere
759 1744 766 1755 ,
778 1728 824 1750 aut
838 1731 891 1750 non
903 1723 915 1750 ?

108 1760 195 1786 Tunc
210 1759 247 1786 ait
270 1759 302 1786 ad
323 1759 480 1786 hominem:
504 1759 615 1792 Porrige
638 1767 746 1786 manum
771 1764 855 1786 luam.
880 1759 914 1786 Et

108 1794 261 1826 extendit,
281 1796 290 1809 ¹
306 1799 334 1821 et
356 1794 425 1821 facta
449 1799 490 1821 est
505 1795 576 1822 sicut
588 1795 683 1821 altera.
708 1794 762 1822 Et‘
785 1799 915 1822 exeuntes

108 1831 180 1858 inde
199 1829 336 1861 Pharisaei,
353 1831 494 1857 consilium
510 1832 632 1857 fecerunt
647 1830 776 1858 adversus
791 1838 851 1857 eum
865 1851 872 1863 ,
886 1835 915 1857 ut

109 1866 121 1882 ³
137 1865 290 1902 perderent
305 1866 389 1892 illum.
399 1865 410 1880 ⁸
424 1866 483 1899 Quo
498 1865 607 1900 cognito
619 1866 698 1893 .lesus
712 1866 914 1902 secessitjnde:

108 1900 145 1929 et‘
154 1901 247 1929 secuti
261 1905 323 1928 sunt
334 1908 396 1928 eum
414 1901 487 1928 muiti
501 1921 509 1934 ,
523 1905 552 1928 et
574 1901 584 1916 ⁵
604 1902 708 1928 curavit
725 1902 795 1928 illos.
816 1900 917 1928 Omnes

108 1942 212 1965 autem
241 1943 308 1971 quos
330 1936 433 1964 curavit
456 1937 636 1964 comminatus
664 1941 705 1964 est
731 1938 781 1968 eis,
807 1944 840 1963 ne
854 1944 916 1965 eum

108 1971 336 2000 manifestarent.
370 1971 407 2001 Ut.
442 1972 600 2007 impleretur
632 1972 703 2007 quod
739 1972 840 1999 dictum
876 1976 918 1999 est

108 2014 164 2044 per
195 2007 299 2034 Esaiam
336 2007 516 2044 prophetam,
553 2008 688 2044 dicentem
716 2016 723 2034 :
749 2008 816 2044 Ecce
851 2014 919 2042 puer

108 2042 201 2072 incus
214 2064 222 2075 ,
238 2049 315 2077 quem
331 2043 399 2078 elegi
415 2064 422 2076 ,
444 2042 560 2070 dilectus
576 2043 586 2059 ⁸
599 2050 680 2078 quem
696 2042 814 2078 suscepit
830 2044 919 2070 anima

111 2087 196 2107 mea.
213 2078 312 2106 Ponam
326 2079 448 2113 spiritum
463 2086 553 2105 metnn
565 2085 648 2113 super
660 2087 733 2112 eum,
750 2083 777 2106 et
789 2078 919 2113 judicium

111 2114 251 2149 gentibus
264 2114 442 2141 adnuntiabit.
464 2114 522 2141 Non
537 2115 684 2141 contendet
697 2135 704 2146 ,
718 2121 807 2148 neque
819 2114 921 2141 clama-

111 2151 168 2182 bit,
186 2156 276 2184 neque
289 2150 380 2177 audiet
391 2150 401 2165 ⁷
421 2150 563 2185 quisquam
581 2157 672 2177 vocem
688 2150 748 2183 ejus
763 2150 789 2176 in
806 2150 918 2183 plateis:

113 2187 259 2213 calamum
278 2184 437 2220 quassatum
446 2184 499 2212 non
511 2184 673 2220 confringet,
694 2191 721 2213 et
736 2185 819 2212 linum
842 2185 922 2212 fumi-

113 2228 190 2257 gans
205 2228 261 2247 non
274 2221 422 2256 extinguet,
438 2221 449 2237 ³
468 2221 555 2248 donec
569 2225 651 2255 ponat
670 2221 801 2255 judicium
816 2221 921 2257 adAvin-

113 2255 240 2284 uetulum
258 2276 263 2282 .
279 2261 307 2283 et
319 2257 346 2283 in
360 2256 470 2284 nomine
483 2257 541 2291 ejus
555 2262 649 2291 gentes
663 2256 821 2290 s‘pcraliunt.
846 2255 923 2283 Tunc

115 2293 231 2320 oblatus
237 2296 279 2319 est
290 2291 316 2319 ei
325 2293 335 2308 ⁹
348 2292 429 2319 homo
437 2292 545 2326 quidam
556 2292 725 2319 daemonium
738 2292 851 2324 habens,
863 2298 924 2318 cac-

113 2336 182 2359 cus,
192 2328 290 2354 surdus
302 2331 329 2354 et
341 2331 441 2360 mutus,
458 2331 486 2355 et
495 2328 600 2354 sanavit
614 2328 689 2355 illum
701 2328 738 2354 ita
753 2332 781 2354 ut
795 2327 816 2343 ‘°
825 2327 924 2355 surdus

115 2363 241 2396 audiret,
256 2362 409 2397 strideret,
425 2366 452 2391 et
462 2363 627 2399 loqueretur.
642 2363 677 2390 Et

606 124 832 162 EVANGELIUM
850 131 1037 162 SECUNDUM
1055 127 1274 161 Mummii.

1708 134 1760 163 ‘iM

1182 186 1299 218 conm
1319 183 1546 220 mortuusis.

965 244 1025 272 eam
1034 240 1067 272 ret
1081 235 1203 263 levabit?
1382 238 1462 272 elegi,
1478 238 1591 266 dilectus

967 271 1227 309 l2.rQuanto»magis
1383 271 1468 305 meus,
1487 274 1512 300 in
1528 282 1581 309 quo

966 308 1063 344 melior
1083 312 1123 333 est
1138 307 1220 334 homo
1382 309 1452 336 bene
1463 307 1561 343 placuit
1576 309 1614 344 (ὁ)

965 343 1033 379 ove?
1048 342 1139 379 Itaque
1382 342 1470 371 anima
1486 353 1543 371 mea
1559 342 1589 379 1-.

966 378 1029 405 licet
1045 378 1164 414 sabbatis
1384 380 1485 407 Ponant
1500 378 1623 414 spiritum

966 414 1010 449 13.
1025 413 1203 441 benefacere?
1383 423 1473 442 meum
1491 413 1571 449 super

964 448 1042 476 Tunc
1383 457 1456 483 eum,
1471 455 1498 478 et

966 484 1003 511 ait
1020 483 1139 511 homini:
1155 483 1212 512 Ex-

965 519 1045 547 tende
1061 526 1170 547 manum

965 560 1050 582 tuam.
1064 554 1098 582 Et
1108 559 1203 582 exten-

965 590 1004 617 dit
1019 597 1128 617 manum
1141 598 1231 625 suam,

965 630 993 653 et
1007 626 1131 653 restituta

966 666 1008 688 est
1022 660 1048 688 ei
1059 661 1130 688 sicut

966 696 1061 723 altera.

1382 485 1515 520 judicium

1383 521 1509 555 gentibus
1521 520 1628 549 adnun-

1385 556 1429 583 19.
1452 556 1538 583 tiabit.
1553 556 1614 584 Non

1383 592 1541 624 contendet,
1554 600 1599 620 ne—

1382 635 1435 662 que
1446 627 1586 661 clamabit,

1382 670 1471 698 neque
1483 663 1573 690 audiet

1384 698 1481 733 aliquis
1495 699 1522 725 in
1533 698 1590 733 pla-

968 730 1012 758 14.
1025 731 1058 758 Et
1070 736 1202 760 exeuntes
1384 730 1437 760 teis'
1450 730 1543 761 voceni

966 766 1109 802 Pharisaei,
1125 774 1190 795 con-
1383 768 1429 797 20.
1441 768 1500 802 ejus
1513 778 1520 795 :

966 802 1058 830 silium
1072 801 1208 831 faciebant
1383 801 1494 831 arundi-

967 838 1096 865 adversus
1109 846 1182 872 eum,

967 877 997 900 ut
1009 881 1071 901 eum
1083 880 1143 908 per-

966 908 1071 935 derent.

967 943 1011 971 l5.
1024 943 1103 972 Jesus
1115 948 1206 972 autem

965 980 1055 1007 sciens
1071 981 1184 1007 secessit

964 1014 1027 1042 inde
1037 1023 1045 1041 ε

966 1049 1001 1077 Et
1015 1051 1197 1085 sequebantur

966 1092 1027 1112 eum
1041 1086 1117 1113 multi
1130 1106 1138 1119 ,
1152 1090 1180 1113 et

1386 847 1446 866 nem
1463 845 1616 873 quassatam

1384 882 1438 902 non
1452 875 1619 910 confringet,

1384 916 1411 938 et
1427 911 1511 937 linum
1524 910 1564 938 fu-

1384 946 1529 981 migantem

1383 989 1437 1008 non
1451 981 1601 1016 extinguet,

1383 1017 1471 1044 donec
1486 1017 1566 1044 eiciat

1382 1052 1522 1088 victoriam
1534 1052 1568 1080 ad

1381 1087 1428 1114 2t.
1447 1087 1600 1122 judicium:
1621 1092 1648 1115 et

964 1121 1068 1148 curavit
1084 1127 1140 1148 eos.
1158 1121 1195 1157 (α)
1212 1120 1277 1150 Om-
1384 1123 1410 1150 in
1419 1120 1529 1150 nomine

966 1163 1014 1183 nes
1029 1160 1118 1194 autem
1129 1164 1197 1192 quos
1383 1158 1441 1193 ejus
1454 1164 1549 1193 gentes
1561 1166 1623 1194 spe-

964 1191 1095 1227 cnravit-j-
1107 1191 1184 1226 prae-
1382 1191 1491 1221 rabunt.

966 1227 1009 1254 16.
1019 1227 1090 1262 cepit
1101 1228 1151 1261 eis,
1382 1229 1427 1256 22.
1448 1228 1524 1257 Tunc

965 1269 1000 1290 ne
1011 1263 1119 1297 pervul~
1381 1264 1488 1292 oblatus

965 1302 1061 1333 garent
1076 1298 1111 1325 il-
1382 1305 1424 1327 est
1434 1300 1458 1327 ei
1474 1300 1556 1328 homo

966 1334 999 1360 17
1020 1333 1085 1360 lum.
1102 1333 1137 1362 Ut
1152 1334 1200 1362 ad-
1383 1335 1555 1363 daemonium

964 1369 1123 1403 impleretur
1384 1370 1497 1403 habens,
1512 1373 1584 1399 cae-'

965 1404 1035 1438 quod
1051 1404 1152 1432 dictum
1385 1413 1443 1439 cus,
1458 1411 1485 1433 et
1498 1408 1588 1434 mutus

966 1442 1008 1475 est
1019 1446 1066 1473 per
1078 1440 1140 1467 Ese-
1383 1445 1411 1468 et
1423 1440 1532 1475 surdus,
1547 1447 1575 1469 et

967 1474 1020 1501 iam
1037 1475 1154 1509 prophe-

967 1514 1032 1541 tam,
1044 1510 1178 1537 dicentem
1192 1519 1199 1537 :

966 1544 1011 1572 18.
1034 1545 1103 1572 Ecce
1115 1553 1181 1579 puer

967 1587 1054 1613 meus,
1069 1587 1149 1615 quem

1384 1477 1489 1503 curarit
1502 1478 1565 1504 eum

1386 1511 1423 1538 ita
1437 1516 1466 1538 ut.
1479 1512 1518 1537 lo-

1385 1550 1524 1580 queretur,
1540 1550 1567 1574 et

1384 1581 1501 1615 videret,
1513 1586 1544 1610 et

1197 1638 1314 1667 CODEX
1333 1638 1527 1666 BRlXIANUS.

966 1692 1035 1714 eam.
1045 1685 1177 1714 etlevabit
1184 1685 1218 1713 de
1228 1684 1315 1713 fovea.
1323 1685 1430 1720 ‘Quanto
1436 1686 1520 1721 magis
1528 1685 1625 1713 melior
1631 1684 1674 1713 εει
1683 1681 1767 1721 homd

969 1729 1028 1749 ove.
1043 1722 1133 1757 Itaque
1143 1721 1206 1749 licet
1222 1717 1519 1757 sabbatisbenefacefe.
1532 1721 1607 1748 Tunc
1618 1721 1654 1748 ait
1665 1717 1767 1748 homini

969 1757 1090 1784 Extende
1103 1765 1211 1784 manuni
1226 1761 1309 1783 tuam.
1325 1756 1359 1784 Et
1371 1757 1503 1784 extendit.
1519 1762 1546 1784 et
1559 1758 1626 1784 facta
1640 1761 1682 1784 cst
1701 1760 1768 1783 sana

967 1794 1038 1820 sicut
1052 1797 1078 1819 et
1089 1793 1184 1820 altera.
1200 1792 1232 1819 Et
1243 1792 1372 1820 exeuntes
1387 1793 1448 1820 inde
1459 1792 1607 1820 Pharisaei.
1623 1790 1766 1819 consilium

967 1828 1090 1865 fecerunt
1103 1828 1232 1855 adversus
1247 1833 1350 1865 eumrut
1364 1829 1509 1863 perderent
1522 1835 1594 1856 eum.
1616 1827 1695 1856 Iesus
1718 1835 1767 1854 att-

969 1869 1022 1892 tem
1038 1864 1137 1891 sciens.
1154 1864 1266 1891 secessit
1280 1864 1350 1890 inde.

1006 1911 1037 1938 Et
1048 1915 1156 1938 secutae
1169 1915 1298 1937 suntcum
1313 1909 1407 1937 turbae
1422 1911 1533 1937 multae.
1549 1913 1576 1937 et
1589 1910 1770 1937 comminatus

969 1951 1011 1975 est
1025 1946 1064 1974 eis
1080 1955 1113 1973 ne
1129 1945 1334 1973 manifestarcnt
1347 1952 1419 1973 eum.
1440 1945 1472 1973 Ut
1483 1941 1686 1979 aditnpleretur.
1697 1945 1771 1979 quod

970 1982 1072 2009 dictum
1086 1986 1127 2009 est
1138 1989 1185 2016 per
1192 1981 1298 2008 Esaiam
1311 1981 1470 2016 prophetam
1478 1981 1697 2016 dicetitetn.Ecce
1705 1987 1772 2014 puer

971 2025 1047 2044 meus
1059 2015 1143 2052 quem
1154 2017 1233 2051 elegi.
1254 2015 1369 2044 dilectus
1394 2025 1469 2043 mens
1486 2017 1510 2043 in
1527 2024 1580 2051 quo
1605 2015 1675 2043 bene
1693 2023 1772 2042 com-

972 2053 1190 2089 placuitanitnae
1205 2060 1291 2079 meae.
1309 2052 1410 2089 Ponam
1423 2052 1555 2089 spiritum
1569 2059 1661 2089 meum
1688 2058 1772 2086 super

972 2086 1044 2118 eum.
1071 2088 1240 2122 ctjudicium
1269 2087 1395 2122 gentibus
1418 2086 1598 2114 adtmntiabit.
1624 2086 1683 2114 Non
1707 2093 1774 2117 cott-

973 2124 1066 2151 teudet
1081 2131 1167 2159 neque
1186 2123 1323 2159 clamabit.
1351 2130 1439 2159 neque
1462 2122 1555 2149 audiet
1577 2122 1720 2156 quisquam
1745 2122 1773 2149 in

975 2159 1070 2194 plateis
1087 2156 1179 2186 vocem
1194 2159 1263 2194 ejus.
1277 2156 1455 2185 harundinem
1467 2162 1621 2193 quassatam
1636 2164 1773 2194 noncon-

973 2192 1081 2231 fringet.
1096 2192 1219 2231 etlinnm
1231 2193 1406 2231 fumigantem
1423 2192 1482 2231 non
1503 2194 1654 2231 extinguet.
1684 2192 1773 2221 donec

973 2228 1053 2258 eiciat
1067 2230 1092 2257 in
1107 2230 1245 2257 victoriam
1257 2229 1398 2264 judicium.
1417 2230 1479 2256 etin
1490 2229 1599 2256 nomine
1611 2228 1669 2263 ejus
1676 2233 1773 2264 gentes

975 2266 1130 2301 sperabunt.

1012 2312 1088 2339 Tunc
1108 2311 1215 2339 oblatus
1243 2315 1284 2338 est
1313 2311 1338 2338 ei
1366 2311 1447 2338 homo
1474 2310 1647 2338 daemonium
1669 2309 1774 2337 habens

976 2355 1073 2411 caecgs
1088 2352 1114 2375 et
1128 2350 1219 2374 mutus
1233 2351 1260 2374 et
1273 2354 1306 2374 cu
1321 2351 1334 2365 ει
1353 2347 1422 2374 ravit
1437 2354 1510 2375 eum.
1526 2347 1562 2374 ita
1578 2350 1607 2374 ut
1615 2346 1774 2381 loqueretur

977 2388 1003 2411 et
1013 2391 1039 2411 vt
1059 2387 1126 2411 eret.

484 2446 682 2482 VARIANTES
703 2452 894 2482 LECTIONES
907 2450 1040 2481 CODICIS
1057 2450 1113 2478 MS.
1128 2450 1147 2479 S
1167 2449 1419 2478 GERMANENSIS.

155 2504 164 2518 ι
186 2505 213 2527 et
223 2502 339 2526 restituta

154 2534 166 2549 ²
187 2536 312 2557 exeuntes
323 2531 480 2557 Pharisaei...
493 2531 615 2557 faciebant

157 2566 168 2581 ³
187 2570 246 2588 eum
257 2563 397 2594 perderent.

155 2597 168 2611 ⁸
188 2593 264 2619 Iesus
274 2598 356 2619 autem
367 2595 477 2619 sciens...
488 2596 514 2618 et
525 2593 701 2625 sequebantur.

158 2627 169 2642 ι
188 2615 701 2657 astare};amisissemus
710 2620 743 2650 fre
753 2615 929 2656 p'r'ov‘t‘tigarent

121 2664 197 2683 eum.
210 2657 243 2682 ιέι
256 2656 432 2688 adimpleretur

1010 2497 1020 2513 ⁸
1037 2503 1118 2528 meus,
1131 2497 1156 2521 in
1168 2503 1216 2529 quo
1226 2497 1293 2522 bene
1306 2496 1558 2529 complacuitanimae
1568 2501 1650 2529 meae.

1009 2529 1018 2544 ⁷
1039 2526 1127 2560 aliquis
1137 2529 1161 2553 in
1175 2526 1262 2560 plateis
1275 2526 1597 2560 vocem‘ejusnArundinem
1609 2526 1746 2558 quassatam

1008 2560 1019 2575 ⁸
1037 2558 1116 2584 donec
1128 2558 1210 2590 ejiciat
1222 2560 1346 2584 victoriam
1362 2558 1393 2584 ad
1402 2558 1518 2590 judicium
1530 2558 1544 2578 b

1009 2592 1019 2607 ³
1038 2582 1114 2615 tibia};
1121 2582 1411 2615 daéiiikiniiiiiﬁfmea;
1418 2582 1449 2614 ret
1458 2582 1550 2621 mulus,
1562 2593 1587 2614 et
1598 2582 1691 2614 curavii
1702 2594 1759 2613 eum

1013 2623 1033 2638 ιο
1052 2625 1134 2647 mutus
1145 2622 1297 2653 loqueretur,
1311 2625 1337 2646 et
1348 2621 1454 2646 videret.
1466 2620 1498 2646 Et
1508 2620 1643 2652 stupebant
1654 2622 1679 2644 in
1692 2626 1748 2644 eum

808 2688 992 2725 nunerum
1011 2694 1125 2723 Nom.

170 2752 182 2766 ³
196 2748 302 2776 abrasas
316 2752 379 2776 sunt
390 2747 497 2783 penitus
511 2746 572 2775 duae
583 2746 691 2775 litterte.

978 2744 1030 2806 d":
1042 2742 1070 2771 S.
1086 2742 1222 2770 Hilarius:
1248 2741 1336 2769 Donec
1349 2750 1407 2769 cum
1422 2741 1509 2776 ejiciat
1533 2741 1665 2768 victoriam
1684 2740 1719 2767 ad
1733 2736 1779 2776 ju-

997 2784 1083 2806 ictum.

997 2784 1083 2806 ictum.

179 2841 207 2875 ιι)
219 2840 362 2872 Adduntur
374 2839 457 2869 verba
492 2847 579 2866 omnes
593 2843 677 2866 autem
690 2859 697 2870 ,
713 2846 775 2874 quos
788 2838 903 2873 curarit,

122 2842 208 2919 -αξη
218 2876 259 2912 Μ
270 2878 298 2907 εὶ
307 2875 398 2913 textus
408 2859 523 2911 cuius
536 2874 551 2907 ή
564 2875 640 2915 ψυχῆ
654 2885 714 2913 μου.

977 2838 1000 2866 in
1013 2837 1074 2866 cod.
1098 2834 1176 2866 Cant.
1191 2836 1251 2865 Lat.
1274 2840 1302 2864 et
1315 2834 1362 2863 Gr.
1376 2835 1475 2863 πάντας
1500 2832 1527 2860 δὲ
1542 2831 1586 2863 οὓς
1605 2832 1789 2872 ἐθεράπευσεν.

218 2876 259 2912 Μ
270 2878 298 2907 εὶ
307 2875 398 2913 textus
408 2873 523 2911 Gratus
536 2874 551 2907 ή
564 2875 640 2915 ψυχῆ
654 2885 714 2913 μου.
