1990 3096
236 104 289 131 215

438 162 555 190 CODEX
575 160 845 190 VERCELLENSIS.

243 209 391 243 stupebant
404 216 464 235 om-
664 208 709 235 28.
732 207 830 243 vestri:
837 206 865 234 Si
876 211 967 234 autem

245 242 407 277 nis'turbae,
419 248 448 271 et
664 244 691 270 in
710 243 806 278 spiritu
817 242 864 269 Dei
879 249 929 277 ego

243 280 370 307 dicebant
385 289 391 305 :
408 279 490 307 Num—
662 278 732 306 eicio
750 278 861 305 daemo-

244 314 309 349 quid
325 314 369 341 hic
379 319 420 342 est
433 314 465 341 fi-
663 315 719 346 nia,
735 314 827 348 utique
841 313 939 349 adpro-

245 350 299 377 lius
316 349 418 376 David?
663 350 746 384 piavit
761 350 787 376 in
801 357 852 379 vos

243 386 289 413 tu.
304 385 441 413 Pharisaei
454 393 501 413 au—
662 393 775 420 regnum
787 384 845 412 Dei.

245 426 300 448 tem
313 420 427 448 audien-
661 420 707 448 29.
729 422 783 448 Aut
794 420 931 455 quomodo

242 461 295 488 tes,
309 456 436 483 dixerunt
447 466 453 484 :

244 492 294 519 llic
314 498 366 518 n0u
381 491 446 519 eicit

244 527 386 554 daemonia

244 563 295 589 nisi
312 563 338 589 in
354 562 393 598 (a)
408 564 518 591 Beelze-

246 598 291 625 bnl
306 597 326 632 1
342 597 492 633 principem

245 633 463 661 daemoniorum.

245 670 290 696 2:3.
305 668 383 695 Jcsus
396 675 485 699 autem
502 673 554 700 sci-

244 712 293 731 ens
307 705 449 738 cogitatio-

246 747 295 766 nes
309 747 415 773 eorum.

245 775 313 802 dixit
328 775 369 803 eis
385 785 392 803 :
408 776 473 806 0m—

247 819 309 838 nem
320 819 433 845 regnum

245 846 362 873 divisum
382 855 447 875 con—

246 889 287 908 tra
303 889 344 913 se,
359 882 465 911 desola—

663 460 755 490 polest
764 456 823 489 quis
836 456 876 483 in-

663 496 736 518 trare
752 492 778 518 in
793 491 844 518 do-

663 535 736 554 mum
753 527 841 558 fortis,

662 566 690 590 et
705 569 767 589 vasa
783 561 842 596 ejus

661 597 789 632 diripere,
802 597 852 624 nisi

663 634 738 667 prius
753 633 865 667 alliguve
874 649 883 653 —

663 669 699 696 rit
712 668 831 695 fortem?
845 674 872 696 et

662 708 726 731 tunc
737 703 848 730 domum

662 739 734 766 illius
746 739 842 774 diripi—

662 774 707 802 50.
729 780 766 802 et.
776 774 827 807 Qui
842 782 896 802 non

662 815 705 837 est
718 818 835 841 mecum.

661 851 756 873 contra
775 853 818 872 me
832 850 875 872 est
889 854 898 871 ἱ

662 885 691 909 et
702 881 747 916 qui
760 887 812 908 nou
825 888 889 907 con-

246 917 319 943 bitur
332 926 339 944 :
351 922 379 943 et
392 926 451 946 om-
661 920 756 951 gregat
765 923 884 949 mecum,

247 953 289 979 nis
299 952 411 987 civitas,
662 952 819 987 dispargit,
842 972 850 979 .
872 970 881 979 .
903 972 910 978 .
933 971 941 980 .
964 972 970 978 .

247 988 290 1015 vel
305 986 456 1017 domus'di-
662 986 713 1015 3i.
729 987 781 1015 deo
794 986 856 1015 dico
871 994 904 1015 vo
925 1006 932 1014 .
955 1006 962 1013 .
980 997 986 1014 :

247 1024 305 1050 visa
315 1029 410 1052 contra
661 1023 749 1051 Omne

664 1030 902 1101 nemo...

663 1101 718 1121 mia
731 1099 853 1121 remitte-

664 1134 708 1156 tur
720 1129 886 1157 hominibus.

247 1066 288 1090 se.
304 1067 360 1086 non
370 1061 462 1088 stavit.

246 1094 294 1121 26.
313 1094 340 1122 Si
356 1095 471 1136 Satanas
481 1097 530 1125 Sa-

247 1136 329 1157 tanan
344 1136 419 1166 elctt,

247 1167 391 1193 adversum
412 1164 416 1166 ’
663 1164 710 1193 52.
731 1165 766 1192 Et
777 1165 940 1201 quicumque

249 1208 279 1228 se
293 1201 396 1229 divisus
409 1207 452 1231 est
466 1212 473 1229 :
664 1201 765 1228 dixerit
780 1208 840 1227 ver—

248 1237 386 1270 quomodo
396 1246 441 1265 er-
666 1237 730 1263 bum
744 1240 840 1263 contra

248 1279 284 1307 go
294 1273 375 1309 stavit
386 1281 447 1309 reg-
665 1271 751 1309 ﬁlium
765 1271 852 1309 homi-

251 1306 317 1335 num
328 1308 387 1342 ejus
397 1309 409 1336 ?
419 1306 431 1309 '
666 1308 720 1340 nis,
735 1306 856 1334 remitte-

248 1343 296 1371 27.
316 1344 393 1376 Quod
409 1344 432 1372 si
454 1351 505 1376 ego
530 1344 558 1371 in
579 1343 630 1372 Be-
666 1347 711 1370 tur
724 1342 750 1370 ei
765 1343 831 1376 :qui
846 1346 937 1370 autem

250 1351 296 1371 ΖΙ.
316 1351 393 1376 υιιοα
409 1351 432 1372 SI
488 1351 505 1372 ο
530 1351 558 1371 In
580 1351 630 1372 I50-
666 1351 711 1370 tur
724 1351 750 1370 Cl
765 1351 831 1376 qull
846 1351 871 1369 al

250 1378 357 1406 elzebul
372 1380 442 1408 eicio
454 1351 497 1414 ῗξ)
666 1378 766 1405 dixerit
778 1382 872 1405 contra

247 1414 391 1450 daemonia
405 1415 437 1450 1-,
454 1413 491 1442 li?
667 1413 799 1450 Spiritum
815 1418 950 1446 sanctum,

248 1449 278 1486 lii
289 1450 371 1486 vestri
388 1449 417 1478 in
428 1458 484 1486 quo
665 1457 720 1476 non
732 1449 855 1486 remitte-

247 1485 370 1513 eiciunt?
384 1484 448 1514 Ideo
664 1489 709 1512 tur
722 1484 758 1517 ei,
774 1491 824 1511 nec
840 1485 867 1512 in

248 1520 300 1556 ipsi
310 1520 411 1556 judicis
424 1526 506 1550 erunt
664 1520 717 1549 hoc
729 1520 855 1554 saeculo,
868 1527 917 1548 ue-

463 1579 579 1608 CODEX
598 1579 834 1607 CORBEIENSIS.

251 1624 419 1652 mirabantur
429 1633 525 1653 omnes
538 1625 641 1658 turbae,
652 1630 681 1653 et
692 1625 821 1653 dicebant
839 1633 846 1651 :
861 1624 994 1660 Numquid
1006 1624 1051 1652 hic

252 1664 294 1686 est
304 1660 373 1687 [ilius
382 1660 625 1688 David?Pharisaei
634 1665 724 1688 autem
732 1661 740 1676 ¹
748 1660 890 1687 audientes
905 1660 966 1692 hoc,
974 1660 1051 1687 dixe-

251 1699 329 1722 runt:
342 1694 446 1721 Hicnon
460 1695 534 1729 ejicit
542 1695 684 1723 daemonia
697 1696 748 1723 nisi
760 1696 786 1723 in
796 1697 806 1711 '
816 1695 968 1723 Beelzebub
978 1695 1051 1730 prin-

251 1730 339 1763 cipem
355 1730 590 1757 daemoniorum.‘
599 1730 700 1758 Videns
711 1735 801 1758 autem
816 1730 896 1758 Jesus
910 1731 1049 1766 cogitatio-

251 1772 300 1792 nes
325 1772 435 1798 eorum,
463 1765 534 1792 dixit
548 1766 581 1792 δε
601 1766 688 1793 Omne
709 1773 822 1800 regnum
842 1766 960 1793 divisum
976 1767 987 1782 ⁵
1000 1766 1048 1793 ad-

250 1807 359 1827 versum
375 1807 418 1831 se,
429 1800 593 1828 destituetur
609 1810 615 1827 :
632 1806 659 1828 et
672 1802 761 1828 omnis
773 1801 878 1834 civitas,
894 1802 936 1829 vel
951 1802 1048 1829 domus

250 1835 359 1872 divisa'
369 1835 511 1864 adversum
527 1844 567 1867 se,
580 1844 633 1863 non
656 1837 746 1864 stabit.
760 1837 769 1852 ⁷
797 1837 824 1865 Si
843 1844 907 1872 ergo
934 1837 1048 1865 Satanas

251 1870 380 1898 Satanam
391 1871 481 1905 ejicit,
496 1872 640 1899 adversum
655 1879 685 1899 se
698 1871 802 1899 divisus
822 1870 886 1900 est':
912 1873 1049 1907 quomodo

252 1913 319 1943 ergo
330 1906 411 1943 stabit
422 1914 533 1942 regnum
548 1907 627 1942 ejus?
641 1907 721 1941 Quod
732 1908 754 1934 si
766 1915 817 1943 ego
831 1908 857 1935 in
870 1909 881 1923 ⁸
892 1906 1048 1936 Beelzebub

252 1942 334 1978 ejicio
356 1941 498 1970 daemonia
513 1963 521 1975 ,
553 1943 600 1969 lilii
620 1944 703 1970 vestri
726 1943 754 1970 in
780 1941 834 1976 quo
853 1943 985 1978 ’ejicient
999 1943 1012 1969 i
1026 1944 1048 1959 "

251 1977 370 2014 [deoque
387 1978 494 2012 judices
506 1983 587 2006 erunt
612 1979 706 2006 vestri.
732 1979 760 2006 Si
784 1983 874 2005 autent
890 1977 928 2006 Vin
952 1979 1046 2014 spiritu

254 2012 302 2040 Dei
321 2020 372 2047 ego
385 2014 465 2048 ejicio
487 2014 641 2045 daemonia,
668 2014 760 2048 utique
780 2012 1009 2049 adpropinquavit
1025 2016 1045 2031 “

252 2055 336 2088 super
349 2056 397 2088 vos
409 2056 521 2088 regnum
536 2049 653 2088 Deiﬁut
663 2049 799 2088 quomodo
814 2054 902 2088 potest
914 2051 935 2066 "
951 2050 1048 2088 aliquis

252 2084 366 2111 introire
379 2085 405 2111 in
416 2084 531 2120 domum
547 2084 635 2117 fortis,
650 2089 679 2112 et
691 2092 754 2112 vasa
769 2085 828 2119 ejus
841 2085 978 2120 diripere,
996 2084 1047 2113 nisi

251 2120 327 2159 prius
342 2119 365 2159 ‘_’_
374 2119 527 2159 alligaverit
554 2120 642 2155 ipsum
668 2120 786 2148 fortem?
799 2126 839 2159 “et
859 2119 916 2159 tum
936 2121 1046 2148 domum

252 2154 326 2181 illius
340 2154 457 2190 diripiet.
472 2156 522 2189 Qui
536 2154 590 2183 non
606 2161 648 2183 est
667 2163 784 2190 mecum,
798 2156 820 2171 “
833 2156 977 2183 adversum
1004 2164 1048 2184 me

253 2195 295 2226 est
311 2195 358 2217 :et
369 2191 414 2225 qui
429 2199 483 2218 non
496 2197 642 2226 congregat
653 2199 759 2219 mecum
773 2212 781 2224 ,
797 2192 820 2207 "
846 2193 957 2226 spargit.
984 2191 1047 2219 Ideo

253 2225 315 2252 dico
326 2225 404 2253 vobis
418 2234 426 2252 :
440 2227 527 2254 Omne
541 2225 679 2261 peccatum
695 2232 724 2254 et
735 2225 941 2261 blasphemia“
954 2229 1048 2255 remil-

253 2264 348 2296 tuntur
362 2261 531 2294 hominibus;
548 2263 593 2296 qui
608 2266 697 2290 autem
715 2263 742 2289 in
755 2262 886 2296 Spiritum
913 2263 959 2291 Dei
991 2264 1047 2290 bla-

250 2294 434 2334 sphemaverit
441 2305 493 2324 non
502 2294 651 2334 remittitur
659 2299 695 2325 ei.
705 2297 739 2325 Et
748 2294 933 2334 quiquumque
946 2298 1047 2326 dixerit

252 2330 365 2358 verbum
379 2331 508 2359 adversus
530 2333 615 2360 lilium
640 2330 779 2366 hominis',
805 2330 959 2361 remittetur
984 2335 1045 2361 illi:

251 2366 298 2400 qui
314 2370 403 2405 autem
418 2367 517 2405 dixerit
529 2373 623 2405 contra
638 2369 770 2405 Spiritum
790 2375 929 2403 sanctum,
954 2378 1008 2397 non
1025 2370 1045 2384 ⁸⁷

252 2402 401 2429 remittitur
410 2403 446 2437 ei,
460 2411 549 2438 neque
562 2404 590 2431 iu
605 2402 791 2437 hoc'saeculo,
801 2413 849 2432 ne-

504 103 637 133 EUSEBII
658 103 827 131 VERCELL.
848 101 1072 131 EVANGELIUM
1090 102 1163 131 CUM
1184 103 1298 132 VARIIS
1316 103 1394 132 COD.
1414 104 1611 133 COLLATUM.

1824 102 1877 130 216

1303 161 1419 190 CODEX
1438 161 1665 191 VERONENSIS.

1503 211 1585 235 erunt
1596 207 1689 235 vestri.

1502 244 1548 271 28.
1569 243 1599 271 Si
1610 248 1698 270 autem
1710 243 1736 270 in

1089 207 1205 234 audiret.

1088 243 1135 270 25.
1157 243 1190 270 Et
1201 243 1347 277 stupebant

1090 286 1186 306 omnes
1198 279 1302 311 turbae,
1504 279 1601 313 spiritu
1612 278 1658 306 Dei

1091 319 1118 340 et
1132 314 1259 341 dicebant
1272 323 1279 340 :
1503 314 1573 342 eicio
1584 314 1737 346 daemonia,

1090 349 1224 383 Numquid
1243 349 1288 377 hic
1504 349 1596 384 utique
1606 349 1766 384 adpripiavit

1091 389 1133 412 est
1146 384 1218 412 ﬁlius
1504 385 1530 412 in
1543 392 1590 412 vos
1601 393 1712 420 regnum
1724 385 1780 412 Dei.

1092 420 1174 447 David
1186 420 1198 446 2
1502 421 1547 448 29.
1568 422 1621 448 Aut
1631 421 1766 455 quomodo

1090 455 1135 483 9.6.
1152 454 1290 482 Pharisaei

1091 497 1181 518 autem
1194 490 1304 518 audien-

1092 532 1144 559 tes,
1159 526 1303 553 dixerunt‘:

1092 562 1142 589 ilic
1150 569 1204 588 non
1217 562 1257 589 ei-

1091 597 1130 624 cit
1143 597 1289 624 daemones

1093 633 1143 659 nisi
1160 633 1185 659 in
1203 632 1242 667 (η)
1254 632 1346 660 Belze—

1093 668 1138 695 bul
1153 668 1174 703 1-
1188 668 1336 702 principem

1093 705 1307 731 daemoniorum.

1091 739 1137 766 25.
1153 738 1232 766 Jesus
1246 744 1336 767 autem

1092 775 1183 801 sciens
1196 774 1340 809 cogitatio-

1093 817 1142 837 nes
1155 817 1260 842 eorum,
1274 810 1343 837 dixit

1093 846 1134 872 eis
1146 853 1153 872 :
1168 845 1255 872 Omne
1265 853 1377 880 regnum

1094 881 1209 907 divisum
1224 885 1319 907 contra

1092 924 1133 948 se,
1144 915 1327 944 desolabitur:

1091 957 1119 978 et
1130 952 1219 978 omnis
1231 951 1299 978 civi-

1093 993 1145 1017 tas,
1157 987 1199 1013 vel
1213 986 1310 1015 domus

1092 1022 1177 1050 divisa
1188 1027 1283 1049 contra

1092 1065 1132 1090 se,
1147 1065 1200 1084 non
1210 1058 1301 1085 stabit.

1092 1093 1139 1120 ΞΘ.
1160 1093 1188 1120 Si
1203 1093 1276 1120 enim
1288 1093 1340 1121 Sa-

1092 1133 1170 1156 tanas
1181 1128 1298 1156 Satanan

1093 1164 1166 1196 eicit,
1179 1164 1309 1192 adversus

1094 1206 1125 1226 se
1134 1200 1237 1226 divisus
1250 1205 1306 1227 est:

1504 461 1593 491 potest
1605 457 1665 491 quis
1678 456 1718 483 in-

1504 497 1577 518 trare
1591 491 1617 518 in
1629 492 1739 518 domum

1504 526 1592 558 fortis,
1607 531 1635 555 et
1650 534 1714 554 vasa

1504 563 1563 595 ejus
1574 563 1703 598 diripere.

1504 598 1555 625 nisi
1568 598 1642 632 prius
1653 598 1741 630 ipsum

1504 633 1655 668 alliguberit
1667 633 1723 660 for-

1508 669 1583 696 tem?
1597 674 1624 696 et
1638 673 1702 696 tunc

1509 704 1618 731 domum
1632 705 1703 731 illius
1713 702 1833 737 diripiet.

1507 740 1554 767 30.
1573 740 1623 774 Qui
1639 747 1693 767 non
1704 744 1747 767 est
1759 746 1818 765 me-

1508 782 1581 808 eum,
1596 780 1691 803 contra
1705 782 1749 802 me

1509 816 1551 837 est
1562 819 1569 837 :
1580 816 1607 838 et
1617 811 1663 846 qui
1678 817 1731 837 non

1512 851 1660 881 congregat
1674 852 1782 874 mecum

1513 882 1654 917 dispargit.

1511 917 1556 944 5|.
1576 916 1640 944 Ideo
1654 917 1716 944 dico
1726 916 1822 944 vobis:

1511 953 1599 980 Omne
1612 957 1750 987 peccatum

1511 993 1540 1016 et
1553 988 1719 1022 blasphemia
1734 995 1780 1014 re-

1511 1024 1634 1051 mittetur
1649 1022 1765 1050 homini-

1511 1059 1577 1090 bus;
1589 1059 1635 1094 qui
1649 1063 1739 1086 autem

1512 1094 1539 1121 in
1554 1094 1687 1129 Spiritum
1701 1101 1766 1121 sau-

1511 1135 1584 1157 ctum
1595 1129 1771 1165 blasphema-

1511 1165 1584 1192 berit
1599 1172 1652 1192 non
1661 1164 1765 1192 remit-

1511 1205 1586 1228 tetur
1600 1201 1638 1228 illi
1649 1204 1807 1236 peccatum.

1093 1235 1232 1271 quomodo
1245 1242 1311 1269 ergo
1511 1236 1558 1263 3%.
1578 1236 1612 1263 Et
1624 1235 1791 1271 quicumque

1094 1270 1176 1297 Stabit
1190 1277 1302 1304 regnum
1512 1271 1613 1298 dixerit
1627 1270 1740 1299 verbum

1092 1304 1139 1347 2:1.
1161 1306 1220 1346 ejus
1227 1305 1327 1348 {Quod
1513 1310 1608 1348 contra
1624 1306 1711 1348 ﬁliuni
1723 1305 1775 1348 ho-

1094 1341 1118 1368 si
1129 1348 1180 1376 ego
1195 1341 1298 1382 in_Bel-
1514 1342 1780 1383 ministremittelttr

1094 1376 1173 1417 z_ebul
1186 1376 1304 1417 eicio_(b)
1513 1385 1539 1404 ei
1549 1386 1556 1404 ι
1565 1385 1620 1417 _qut
1633 1382 1723 1417 autem
1734 1376 1781 1417 ᾳιτ

1095 1412 1238 1439 daemonia
1253 1412 1275 1447 1-
1289 1432 1298 1446 ,
1513 1413 1585 1440 xerit
1598 1418 1692 1441 contra
1699 1412 1789 1447 Spiri-

1095 1447 1134 1475 ﬁli
1149 1448 1231 1475 vestri
1245 1448 1271 1475 in
1285 1454 1340 1482 quo

1095 1483 1213 1511 eiciunt?
1228 1483 1292 1511 Ideo

1096 1519 1148 1554 ipsi
1161 1518 1268 1555 iudices

1515 1453 1721 1489 tum_sanctum,
1735 1454 1792 1475 non

1516 1488 1670 1511 remittetur
1681 1491 1717 1515 el,
1726 1490 1776 1509 ue-

1515 1526 1569 1554 que
1583 1519 1610 1547 in
1623 1519 1675 1547 hoc
1689 1518 1810 1552 saeculo,

1280 1573 1283 1575 ’
1335 1575 1451 1604 CODEX
1466 1576 1665 1605 BRIXIANUS.

1139 1623 1174 1650 Et
1187 1622 1332 1657 stupebant
1343 1629 1440 1658 omnes
1466 1622 1560 1650 turbae
1570 1627 1598 1651 et
1611 1623 1748 1651 dicebant.
1764 1622 1895 1658 Numquid

1103 1658 1148 1686 hic
1160 1663 1203 1686 est
1212 1658 1283 1685 [ilius
1296 1657 1393 1685 David.

1139 1694 1277 1721 Pharisaei
1290 1699 1380 1721 autem
1391 1693 1544 1722 audientes.
1561 1694 1697 1722 dixerunt.
1709 1694 1757 1722 Hic
1769 1703 1823 1722 non
1837 1693 1897 1722 eicit

1101 1729 1254 1757 daemonia.
1274 1729 1326 1756 nisi
1345 1729 1373 1756 in
1394 1729 1547 1757 Beelzebul.
1568 1730 1718 1765 principem
1739 1729 1897 1758 daemonio-

1103 1773 1173 1792 rum.
1199 1765 1278 1792 .Iesus
1296 1768 1400 1792 ‘autem
1444 1765 1534 1793 sciens
1577 1765 1756 1799 cogitationes
1795 1773 1894 1793 eorum.

1099 1801 1168 1828 dixit
1203 1801 1242 1828 eis
1276 1800 1363 1828 Omne
1398 1808 1510 1835 regnum
1535 1801 1651 1828 divisum
1685 1801 1832 1829 adversum
1855 1808 1896 1828 se-

1099 1837 1199 1870 ipsum.
1234 1835 1412 1863 desolabitur.
1442 1840 1469 1863 et
1494 1837 1584 1863 omnis
1610 1837 1705 1863 civitas
1736 1837 1781 1864 vel
1805 1837 1898 1864 domus

1098 1871 1184 1899 divisa
1210 1871 1340 1899 adversus
1363 1879 1403 1898 se.
1429 1879 1481 1899 non
1502 1872 1595 1899 stabit.
1622 1872 1655 1899 Et
1674 1872 1698 1899 si
1722 1871 1840 1899 Satanas
1852 1872 1897 1899 Sa-

1100 1912 1181 1935 tanan
1203 1907 1280 1935 eicit.
1304 1907 1434 1934 adversus
1448 1908 1625 1942 semetipsum
1649 1907 1753 1934 divisus
1764 1913 1813 1934 est
1833 1914 1896 1942 quo-

1099 1943 1182 1971 modo
1192 1950 1256 1978 ergo
1271 1942 1355 1970 stabit
1369 1949 1481 1977 regnum
1494 1943 1563 1978 ejus.
1577 1943 1653 1976 Quod
1669 1943 1692 1969 si
1710 1950 1761 1977 ego
1778 1944 1805 1970 in
1822 1942 1893 1970 Beel-

1099 1979 1176 2006 zebul
1187 1977 1256 2005 eicio
1273 1978 1310 2013 (b)
1324 1978 1475 2005 daemonia.
1486 1977 1507 2013 1-
1519 1978 1568 2005 lilii
1581 1978 1663 2006 vestri
1684 1979 1710 2005 in
1729 1986 1785 2013 quo
1800 1979 1896 2006 eiciunt

1100 2014 1172 2041 Ideo.
1186 2014 1236 2048 ipsi
1249 2013 1357 2047 iudices
1374 2018 1454 2041 erunt
1466 2015 1559 2041 vestri.
1575 2014 1604 2041 Si
1626 2019 1716 2040 autem
1731 2021 1783 2048 ego
1805 2016 1830 2041 iu
1844 2013 1897 2048 spi-

1099 2051 1152 2076 ritu
1173 2050 1220 2077 Dei
1235 2050 1304 2076 eicio
1317 2048 1469 2076 daemonia.
1486 2050 1579 2083 utique
1595 2050 1733 2084 praevenit
1747 2050 1774 2076 in
1797 2057 1844 2076 vos
1858 2056 1897 2075 re-

1098 2092 1182 2120 gnum
1206 2085 1263 2111 Dei.
1286 2084 1339 2111 Aut
1353 2084 1489 2120 quomodo
1504 2089 1604 2118 potest.
1625 2085 1686 2119 quis
1696 2085 1800 2112 intrare
1814 2086 1839 2112 in
1853 2084 1897 2111 do-

1099 2119 1172 2148 mum
1188 2120 1266 2147 fortis
1279 2124 1308 2147 et
1319 2119 1449 2154 vasaejus
1465 2119 1595 2154 diripere.
1606 2120 1656 2147 nisi
1665 2121 1738 2154 prius
1751 2120 1898 2155 alligaverit

1100 2155 1198 2183 fortem
1212 2159 1240 2182 et
1255 2160 1318 2182 tunc
1333 2155 1443 2185 domum
1456 2155 1517 2189 ejus
1528 2155 1638 2190 diripict
1652 2156 1702 2189 Qui
1718 2162 1771 2182 non
1787 2160 1830 2183 est
1844 2162 1896 2182 me-

1099 2199 1172 2218 cum.
1193 2197 1287 2217 contra
1314 2198 1358 2217 me
1380 2195 1433 2217 est.
1449 2196 1476 2217 et
1499 2191 1545 2226 qui
1561 2199 1615 2218 non
1634 2195 1781 2226 congregat
1795 2198 1898 2218 mecum

1099 2227 1211 2261 spargit.
1225 2226 1289 2253 Ideo
1304 2226 1365 2253 dico
1380 2225 1457 2252 vobis
1471 2225 1559 2253 omne
1575 2225 1714 2260 peccatum
1730 2231 1757 2253 et
1773 2226 1899 2261 blasphe-

1100 2263 1165 2290 mia.
1183 2262 1338 2289 remittetur
1352 2261 1517 2288 hominibus.
1535 2261 1652 2296 Spiritus
1666 2266 1756 2288 autem
1774 2261 1899 2296 blasphe-

1100 2298 1152 2325 mia
1165 2305 1218 2324 non
1236 2297 1391 2325 remittetur
1401 2296 1566 2324 hominibus.
1583 2297 1614 2324 Et
1628 2296 1791 2331 quicumque
1804 2296 1901 2324 dixerit

1100 2333 1210 2360 verbum
1222 2333 1353 2360 adversus
1364 2332 1449 2359 filium
1465 2332 1596 2360 hominis.
1616 2333 1770 2360 remittetur
1794 2333 1831 2360 ei.
1854 2331 1899 2366 qui

1100 2373 1189 2396 autem
1204 2368 1305 2395 dixerit
1319 2367 1451 2394 adversus
1471 2367 1603 2402 Spiritum
1626 2374 1761 2396 sanctum.
1785 2375 1839 2395 non
1859 2374 1900 2394 re-

1100 2405 1222 2432 mittetur
1235 2404 1272 2431 ei.
1288 2410 1376 2438 neque
1392 2403 1418 2429 in
1434 2403 1486 2431 hoc
1505 2403 1616 2431 sacculo

592 2450 790 2479 VARIANTES
810 2451 1005 2480 LECTIONES
1023 2449 1156 2479 CODICIS
1176 2449 1233 2477 MS.
1254 2449 1283 2477 S.
1304 2448 1563 2477 GERMANENSIS.

283 2497 293 2511 ί
311 2494 449 2521 audientes.
461 2495 580 2521 dixerunt
591 2504 596 2520 :

282 2528 294 2543 -
312 2516 451 2551 ῐέἑῆιῖιῖἱ

282 2561 294 2576 ι
309 2556 397 2582 Sciens

281 2589 367 2613 ‘eis:

281 2623 293 2638 ι
310 2623 393 2645 contra
404 2626 433 2644 se
444 2619 597 2646 desolabitur
609 2628 615 2645 :

280 2653 292 2668 ⁸
308 2654 392 2676 contra

280 2685 290 2700 "
309 2682 336 2706 Si
348 2681 415 2706 enim

279 2716 291 2731 ³
307 2712 440 2737 Beelzebul

277 2748 288 2763 ι
307 2744 424 2776 ejiciunt‘?

1137 2496 1159 2512 ³ο
1177 2495 1236 2519 Ideo
1246 2496 1292 2526 ipsi

1136 2528 1158 2543 ¹ι
1169 2527 1318 2557 adpropiavit
1329 2526 1354 2550 in
1367 2526 1435 2550 vobis

1136 2558 1158 2573 “
1175 2559 1231 2581 ouis
1244 2559 1337 2581 intrare

1136 2565 1158 2573 "
1175 2565 1231 2589 quts
1244 2565 1337 2581 iuuare

1135 2589 1159 2604 ¹⁸
1175 2589 1312 2619 alligaverit
1324 2588 1428 2613 fortem?

1134 2620 1158 2635 “
1173 2624 1257 2645 contra

1132 2651 1155 2668 ¹⁸
1172 2651 1301 2682 dispargit.

1131 2682 1155 2698 ιι
1171 2679 1330 2707 remittuntur
1338 2681 1485 2706 hominibus.
1494 2679 1525 2706 Et
1535 2680 1684 2712 quicumque
1693 2680 1785 2706 dixerit
1796 2680 1898 2706 verbum

1098 2717 1183 2739 contra

1130 2745 1151 2761 ιτ
1170 2745 1312 2770 remiuetur

918 2797 1104 2828 BLANCHINI
1122 2797 1228 2826 NOTAE
1234 2818 1240 2824 .

279 2847 317 2882 (a)
330 2847 432 2875 Textus
442 2846 555 2874 Graecus
569 2846 759 2880 Βεελζεϐούλιη
770 2845 856 2874 codex
865 2844 1097 2878 Vercell.;Veron.
1112 2852 1165 2874 n0u
1176 2842 1403 2880 geminate.—(b)
1413 2843 1451 2871 lta
1461 2848 1489 2871 et
1501 2846 1592 2872 textus
1600 2841 1755 2877 Graecumve}
1768 2840 1896 2878 δαιμόνια.
