3980 6192
152 249 247 305 ΞΠ

1073 243 1524 302 EVANGELIUM
1563 242 1936 302 SECUNDUM
1974 243 2412 303 ΜΛΤΤΗᾹΞΗΜ.

491 359 710 416 cousx
766 331 1312 417 VERCELLENSIS.

150 473 247 527 que
274 457 324 512 in
349 457 526 512 futuro.

152 523 236 587 55.
274 531 370 586 Aut
393 528 534 583 facile
564 566 576 578 .
613 564 626 578 .
664 567 678 580 .
704 523 803 581 bo-

157 642 169 654 .
206 639 220 652 .
251 640 264 653 .
293 616 337 653 m
367 600 572 664 bonam,

152 681 203 726 et
228 669 406 726 fructus
423 670 528 738 ejus

150 744 302 798 bonos
326 760 337 794 ε
363 751 444 795 aut
467 739 595 796 faci-

151 824 200 868 te
224 813 440 867 arborem
467 826 580 866 ma-

151 883 263 949 lam,
295 893 341 938 et
363 882 556 937 fructus

150 955 251 1023 ejus
275 955 460 1008 malos:
488 969 552 1010 ex

153 1025 299 1079 fructu
338 1027 469 1079 enim

150 1097 287 1151 arbor
300 1110 506 1168 cognos—

149 1177 296 1222 cetur.

149 1238 226 1293 54.
262 1237 526 1308 Progenies
564 1236 719 1310 ripe:

148 1325 318 1372 rarum,
341 1325 558 1378 quomo-

147 1381 206 1434 do
230 1382 426 1450 potestis
453 1383 547 1438 bo-

148 1466 203 1505 na
222 1451 366 1520 loqui,
384 1466 506 1506 cum

149 1523 244 1576 silis
263 1523 414 1577 mali?
443 1523 521 1578 Ex
547 1539 603 1579 a-

147 1592 397 1647 bundantia

145 1663 263 1718 enim
287 1663 455 1718 cordis

145 1749 196 1789 os
217 1736 444 1804 loquitur.

145 1805 219 1859 55.
255 1805 416 1860 Bonus
437 1807 598 1862 homo

145 1875 200 1931 de
223 1877 350 1932 bono
379 1878 524 1931 then-

146 1962 276 2016 sauro
293 1949 420 2003 bona
451 1965 570 2016 pro-

145 2015 256 2073 feret
285 2037 295 2072 :
325 2029 375 2073 et
403 2015 572 2077 malus

932 454 1296 510 detnnabitur.

931 526 1022 583 38.
1061 525 1216 580 Tunc
1255 522 1550 594 responde-

932 605 1060 652 runt
1088 597 1136 652 ei
1157 594 1374 666 quidam

934 668 1264 730 Scribarum,

932 748 988 795 et
1013 738 1454 805 Pharisaeorum,

933 810 1178 866 dicentes
1203 827 1217 864 :
1252 809 1364 862 Ma-

934 882 1120 953 gister,
1151 880 1303 953 volu-

935 951 1054 1008 inus
1081 961 1187 1007 ate
1212 951 1426 1022 signum

937 1025 1632 1080 59.........au-

935 1103 1044 1150 tem
1070 1110 1292 1165 respon—

936 1167 1071 1222 dens
1097 1167 1170 1220 ait
1202 1165 1306 1219 illis
1329 1181 1344 1216 :

937 1236 1224 1293 Generatio
1253 1250 1366 1290 ma-

938 1309 986 1363 la
1009 1318 1065 1363 et
1092 1307 1331 1361 adultera
1359 1305 1466 1376 sig-

937 1395 1064 1434 num
1089 1379 1339 1448 quaerit:
1371 1388 1429 1432 et

934 1451 1145 1519 signum
1170 1464 1277 1504 non

935 1521 1151 1576 dabitttr
1171 1521 1242 1584 ei,
1273 1520 1358 1574 tti-

935 1593 980 1646 si
1002 1593 1221 1662 signum,
1235 1591 1326 1646 Jo-

936 1678 1036 1718 nae
1059 1661 1374 1733 ’PrOphetaa.

937 1738 1030 1791 40.
1069 1733 1390 1790 δίουι’ρηίιιι
1415 1733 1497 1788 ftt—

937 1806 976 1860 it
1003 1805 1171 1861 Jonas
1201 1805 1252 1859 iu
1278 1820 1408 1861 ven-

937 1887 1018 1932 tre
1038 1878 1142 1931 ceti
1166 1875 1338 1930 tribus

935 1947 1149 2014 diebus;
1175 1956 1230 2002 et
1258 1948 1426 2003 tribus

936 2019 1220 2074 noctibus:
1265 2019 1334 2072 ita

2227 360 2462 420 CODEX
2504 362 2961 424 VERONENSIS.

1799 468 1978 525 neque
2002 454 2055 509 in
2085 454 2287 511 futuro.

1799 525 1888 582 53.
1930 526 2039 581 Aut
2051 525 2208 583 facile

1796 598 2049 652 arborem
2077 597 2294 664 bonam,

1799 679 1854 724 et
1879 668 2112 724 fructum
2139 669 2258 739 ejus

1799 740 2000 795 bonum
2027 761 2041 794 ;
2065 750 2157 795 aut
2177 741 2256 795 fa-

1799 811 1908 866 cite
1935 812 2186 867 arborem
2215 826 2331 867 ma-

1800 881 1904 936 lam
1930 923 1946 949 ,
1976 892 2031 938 et
2059 883 2290 938 fructum

1798 952 1918 1023 ejus
1943 953 2142 1008 malum
2170 972 2184 1009 :
2216 969 2342 1010 nam

1800 1022 1864 1080 ex
1898 1022 2076 1079 fructu
2105 1024 2268 1081 arbor

1800 1096 2169 1166 cognoscitur.

1799 1165 1888 1222 54.
1908 1165 2202 1238 Progenies
2231 1168 2383 1238 vipe-

1800 1253 1981 1293 rarum
2004 1280 2019 1302 ,
2053 1241 2326 1306 quomodo

1802 1310 2030 1432 Potestis
2057 1309 2198 1364 bona

1824 1395 1947 1432 oaut
1976 1423 1991 1432 .
2019 1395 2142 1432 cum
2171 1400 2195 1432 s

1824 1381 1947 1450 oqui
1976 1423 1991 1445 ,
2019 1395 2142 1435 cum
2171 1381 2289 1438 sitis

1801 1450 1972 1505 ntali?
1997 1451 2085 1506 Ex
2117 1451 2290 1507 abun-

1800 1521 1982 1578 dantia
2014 1522 2158 1578 enim
2185 1539 2307 1578 cor-

1800 1591 1885 1647 dis
1915 1608 1978 1648 os
2003 1594 2261 1663 loquitur.

1799 1665 1891 1719 55.
1926 1665 2107 1718 Bonus
2131 1667 2276 1722 enim
2303 1666 2398 1723 lto-

1801 1751 1889 1791 tno
1911 1736 1979 1791 de
2002 1737 2144 1790 bono

1803 1807 2096 1862 thensauro
2125 1809 2328 1878 profert

1803 1879 1943 1932 bona
1976 1897 1988 1932 :
2013 1888 2070 1934 et
2097 1881 2268 1935 malus

1801 1948 1966 2004 homo
1997 1950 2066 2005 de
2094 1953 2240 2005 malo

1801 2023 2096 2076 thensauro
2119 2022 2326 2093 profert

2635 461 2704 516 de
2723 460 2928 516 Scribis
2950 501 2966 528 ,
2991 470 3046 516 et

2636 529 2932 600 Farisaeis,

2635 602 2881 657 dicentes
2903 619 2919 657 :

2631 672 2907 744 Magister.
2930 689 3026 730 vo-

2633 743 2812 800 lumus
2833 745 3035 816 aliquid

2633 831 2663 869 a
2697 825 2750 871 te
2779 817 2994 886 signum

2635 885 2836 942 videre.

2630 957 2723 1013 59.
2762 957 2920 1012 Jesus
2945 967 3126 1016 autem

2631 1028 2968 1099 respondens
2993 1032 3069 1086 ait

2634 1098 2740 1154 illis
2772 1117 2786 1153 :
2817 1098 3026 1156 Genera
3037 1103 3114 1158 tio

2634 1171 2777 1226 mala
2812 1181 2866 1226 et
2895 1173 3138 1229 adultera

2635 1244 2848 1312 signum
2875 1245 3090 1313 quaerit
3125 1265 3138 1300 :

2634 1323 2690 1369 et
2717 1314 2932 1381 signum
2961 1330 3066 1369 non

2631 1383 2848 1439 dabitur
2876 1384 2929 1438 ei
2950 1425 2966 1448 ,
2998 1387 3100 1441 nisi

2631 1455 2843 1524 signum
2865 1455 3036 1511 Jonae

2630 1525 2956 1596 Prophetae.

2628 1597 2717 1650 40.
2760 1598 2911 1653 Sicut
2929 1599 3074 1655 enim

2629 1666 2728 1722 fuit
2748 1667 2918 1725 Jonas

2630 1739 2682 1794 in
2707 1750 2896 1796 ventre

2628 1811 2732 1866 ceti
2762 1811 2934 1867 tribus

2629 1881 2819 1936 diebus
2841 1924 2854 1947 ,
2882 1895 2942 1939 et

2632 1953 2806 2008 tribus
2837 1956 3014 2010 nocti-

2631 2023 2768 2099 bus:
2786 2024 2882 2099 sic
2897 2029 3004 2083 erit
3022 2026 3101 2099 (a)

3284 243 3394 300 218

146 2089 280 2144 homo
297 2089 362 2144 de
387 2090 522 2144 malo

147 2159 408 2215 thensauro

147 2231 259 2303 mala
283 2231 497 2303 profert.

144 2301 218 2356 56.
253 2301 372 2357 Dico
392 2312 568 2361 autem
597 2319 695 2359 vo.

148 2371 232 2437 bis,
253 2375 486 2444 quoniam

146 2456 277 2499 omne
288 2446 492 2501 verbum

147 2517 358 2586 otiosum,
383 2518 521 2586 quod

150 2583 276 2640 locuti
301 2583 484 2643 fuerint

151 2653 376 2724 homines,
401 2659 525 2715 red-

149 2725 250 2781 dent
271 2729 330 2784 de
347 2745 410 2785 eo
437 2746 527 2786 ra-

152 2797 310 2853 tionem
330 2801 378 2855 in
397 2802 484 2857 die

935 2091 1040 2144 erit
1071 2087 1148 2160 (a)
1185 2098 1240 2143 et
1264 2089 1304 2160 οξ·
1335 2089 1502 2145 Filius

936 2160 1175 2216 hominis
1205 2161 1257 2214 in
1288 2177 1410 2216 cor-

936 2232 1005 2287 de
1032 2240 1212 2286 terrae
1237 2233 1330 2287 tri-

937 2303 1038 2358 bus
1059 2303 1272 2366 diebus,
1304 2312 1359 2358 et

937 2375 1110 2431 tribus
1142 2375 1316 2428 nocti-

935 2443 1026 2499 41.
1071 2446 1192 2500 bus.
1233 2444 1340 2500 Viri
1371 2445 1464 2500 Ni-

935 2517 1150 2572 nevitae
1177 2532 1357 2572 resur—

935 2596 1068 2656 gent
1089 2589 1141 2642 in
1171 2587 1317 2656 judi-

937 2660 1022 2714 cio
1043 2675 1163 2714 cum
1194 2674 1358 2730 gene-

937 2731 1146 2785 ratione
1174 2731 1274 2786 ista
1301 2773 1316 2799 ,

935 2811 989 2856 et
1013 2801 1273 2856 condem-

937 2873 1143 2928 nabunt
1167 2889 1287 2928 eam
1318 2893 1331 2930 :

937 2943 1058 3014 quia
1091 2946 1376 3014 paeniten-

939 3017 1064 3069 tiam
1096 3027 1326 3085 egerunt

939 3086 990 3139 in
1023 3087 1302 3156 praedicas

937 3158 1083 3213 tione
1105 3158 1279 3214 Jonae.

511 3273 757 3332 CODEX
794 3273 1268 3332 CORBEIENSIS.

143 3380 223 3435 que
263 3369 311 3422 in
353 3369 558 3428 futuro.
608 3373 714 3426 Aut
769 3369 926 3426 facite
1003 3372 1260 3426 arhorent’
1343 3371 1562 3433 bonam,
1641 3379 1698 3426 et

142 3440 330 3512 fructum
381 3443 494 3512 ejus
551 3444 750 3498 bonum
799 3460 812 3496 :
870 3450 964 3496 ant
993 3442 1151 3497 facite
1179 3443 1430 3496 arborem
1473 3442 1694 3509 malam,

143 3518 182 3584 ct
203 3509 556 3584 fructum'ejus
599 3515 798 3568 malum
828 3531 840 3567 :
872 3529 938 3568 ex
967 3513 1141 3567 fructu
1174 3516 1190 3544 ³
1219 3515 1364 3568 enim
1405 3514 1580 3568 omnis
1608 3529 1698 3568 ar-

144 3577 562 3654 boriagnoscit'ur.
614 3585 905 3654 Progenies
936 3586 1264 3652 viperarum,
1299 3584 1574 3654 quomodo
1601 3601 1699 3653 po-

143 3653 258 3729 testis
282 3658 407 3729 bona
433 3656 613 3727 loqui,
641 3653 805 3726 quum
830 3655 944 3729 sitis
970 3656 1131 3729 mali?
1155 3658 1178 3729 ξ
1200 3653 1332 3710 Nam
1347 3671 1410 3710 ex
1426 3656 1705 3729 abundan-

143 3726 196 3798 [Ia
227 3726 387 3798 cordis
436 3726 815 3798 unusquisque
857 3727 1092 3798 loquitur
1135 3727 1203 3781 de
1253 3744 1348 3781 ore
1392 3741 1492 3782 suo
1542 3727 1702 3780 mala.

141 3789 279 3865 Bonus
305 3796 463 3852 homo
488 3797 573 3853 de
602 3789 743 3852 bono
788 3789 1042 3853 thesauro
1076 3798 1279 3865 profert
1303 3799 1477 3852 bona:
1509 3807 1564 3852 et
1592 3812 1705 3852 tua-

141 3862 362 3938 Iustinum
386 3870 454 3923 de
475 3869 635 3924 malo
662 3869 915 3922 thesauro
945 3862 1148 3938 profert
1175 3871 1336 3925 tttala.
1365 3869 1497 3922 Dico
1524 3879 1704 3923 autern

141 3935 278 4009 vobis,
303 3943 568 4008 quoniam
593 3953 754 3994 Omne
779 3935 1005 3994 verbum
1031 3941 1287 4007 otiosum,
1320 3939 1463 4009 quod
1495 3939 1704 4009 loquuti

141 4003 298 4083 iuerint
322 4003 603 4083 homines,
633 4011 864 4083 reddent
893 4010 914 4041 ³
944 4012 1010 4064 de
1037 4025 1103 4066 eo
1129 4003 1395 4066 rationein
1428 4013 1479 4064 itt
1506 4003 1593 4064 tlié
1615 4010 1703 4077 ju-

140 4076 253 4155 dicii.
275 4080 300 4155 _"
333 4083 405 4135 Ex
434 4080 630 4155 verbis
655 4082 801 4155 enim
831 4083 936 4155 tuis
964 4083 1376 4155 justilicaberis,
1409 4091 1462 4155 et
1489 4097 1556 4155 ett
1586 4076 1705 4155 ver-

143 4143 204 4222 bis
223 4151 314 4204 tuis
336 4154 816 4208 condemnaberis.
841 4143 995 4207 Tune
1022 4143 1421 4222 reSpontlerunt
1443 4154 1465 4183 ⁸
1488 4153 1558 4206 illi
1589 4153 1704 4221 qui-

139 4215 232 4293 dam
257 4237 314 4275 ex
361 4222 581 4279 Scribis
607 4223 1046 4288 Pharisaeorum,
1095 4215 1376 4279 dicentes:
1429 4215 1703 4293 Magister,

143 4290 342 4368 ~{ptumus
365 4313 392 4346 ει
418 4306 472 4349 te
504 4295 725 4368 signum
755 4293 959 4368 videre.
991 4304 1011 4333 ο
1039 4297 1104 4348 At
1135 4296 1224 4368 ille
1267 4290 1603 4364 respondens
1632 4294 1708 4348 ait

144 4357 249 4436 illis:
276 4357 744 4436 Generatio'tnala
773 4376 827 4420 et
849 4366 1096 4420 adultera
1127 4367 1338 4436 signum
1360 4357 1580 4434 'quaerit
1610 4383 1622 4418 :
1653 4375 1709 4421 et

143 4435 309 4506 {Ianum
333 4451 438 4490 nOn
462 4435 696 4506 dabitur
717 4439 786 4500 ei,
815 4437 916 4490 nisi
938 4436 1150 4506 signqu
1179 4435 1351 4492 Jonae
1373 4437 1702 4504 Prophetae.

144 4496 260 4578 Sicut
282 4509 419 4561 enim
450 4506 565 4562 fuit
588 4505 753 4560 Jonas
775 4496 835 4561 in
861 4496 1054 4561 ventre
1079 4507 1184 4560 ceti
1215 4508 1383 4561 tribus
1413 4496 1626 4572 diebus,
1653 4516 1707 4562 et

142 4576 275 4627 tribus
301 4579 558 4634 noctibus
585 4593 598 4642 ;
629 4579 707 4633 sic
730 4578 748 4608 ⁷
779 4590 832 4634 et
863 4578 1032 4632 Filius
1060 4577 1295 4632 hominis
1331 4579 1430 4632 erit
1461 4581 1511 4631 in
1543 4579 1708 4635 corde

143 4647 280 4719 lenae
304 4649 469 4704 tribus
495 4649 712 4712 diebus,
745 4659 799 4704 et
828 4649 998 4704 tribus
1028 4651 1295 4703 noctibus.
1328 4649 1440 4703 Viri
1489 4651 1511 4681 ⁸
1556 4648 1707 4704 Nini-

144 4723 236 4790 utze
277 4731 496 4789 surgent
545 4719 598 4774 in
641 4720 848 4790 judicio
888 4722 1053 4775 cumo
1100 4721 1202 4774 hac
1223 4721 1594 4790 generatione,
1649 4730 1704 4776 et

144 4781 431 4863 damnabunt
475 4781 688 4863 illam':
735 4792 856 4862 quia
909 4781 1300 4863 poenitetttiam
1360 4781 1591 4863 egerunt
1651 4792 1706 4847 in

145 4859 499 4919 Praedicatione
547 4861 737 4918 Jonae.

147 2869 216 2922 57.
244 2870 428 2938 judicii.
460 2873 649 2929 Unus-

147 2939 331 3008 quisque
351 2945 486 3000 enim

146 3025 196 3064 ex
221 3014 377 3068 verbis
403 3029 489 3070 su-

146 3083 181 3133 is
200 3083 471 3151 justiﬁcabi-

146 3161 228 3222 tur,
254 3166 333 3211 aut
355 3171 476 3213 con—

1802 2094 1964 2147 mala.

1799 2164 1891 2218 56.
1934 2167 2104 2218 Arnen
2133 2163 2256 2220 dico
2287 2178 2383 2220 vo-

1803 2235 1886 2290 bis
1903 2277 1918 2298 ,
1946 2235 2202 2306 quoniam

1800 2321 1962 2362 omne
1989 2307 2213 2362 verbum

1801 2380 2036 2433 otiosum
2059 2418 2075 2446 ,
2108 2377 2252 2448 quod

2632 2102 2687 2167 et
2715 2094 2757 2167 ἰ·
2785 2093 2954 2153 Filius

2636 2165 2874 2220 hominis
2896 2170 2948 2223 in

2635 2236 2801 2292 corde
2822 2247 2998 2294 terrae

2637 2308 2815 2363 tribus
2840 2311 3032 2366 diebus

2636 2388 2692 2432 et
2713 2379 2886 2434 tribus
2909 2382 3082 2438 noeti-

1714 2501 1719 2504 _
1801 2449 1965 2504 locuti
1995 2448 2200 2504 fuerint
2634 2451 2759 2506 bus.

2632 2521 2723 2576 41.
2759 2523 2867 2578 Viri
2892 2524 3174 2582 Ninevitae

2635 2607 2860 2666 surgent
2885 2596 2936 2650 itt
2961 2595 3042 2666 jn-

2635 2665 2781 2720 dicio
2807 2681 2927 2722 cum
2950 2665 3043 2737 ge-

2633 2737 2914 2793 neratione
2942 2739 3016 2792 is-

2633 2816 2718 2873 ta,
2748 2818 2802 2863 et
2831 2809 3091 2864 condem-

1804 2520 2053 2576 hnmines
2077 2563 2092 2585 ,
2126 2519 2358 2577 reddent

1800 2593 1916 2662 ejus
1948 2592 2214 2647 rationem

1802 2664 1854 2718 in
1884 2665 1972 2718 die
1997 2662 2209 2732 judicii.

1800 2735 1891 2789 57.
1933 2734 2316 2806 Unusquisque

1805 2806 1949 2862 enim
1977 2807 2157 2862 verbis

1803 2879 1916 2931 suis
1933 2877 2342 2945 justifieabitur,
2634 2880 2839 2934 nahunt
2863 2895 2983 2935 eam
3017 2897 3032 2934 :

1802 2956 1860 3002 et
1881 2948 2063 3019 verbis
2089 2949 2202 3019 suis
2632 2950 2755 3019 quia
2780 2951 3057 3019 paeniten-

1803 3017 2279 3088 condemnabitur.
2636 3017 2765 3073 tiam
2782 3017 3027 3088 egerunt;

1803 3089 1893 3144 58.
1935 3088 2086 3143 Tunc
2103 3087 2351 3145 adierunt
2637 3089 2690 3144 in
2717 3087 3072 3156 praedicatioo

1803 3175 1926 3218 eum
1953 3159 2172 3231 quidam
2636 3175 2760 3215 nem
2783 3160 2975 3216 Jonae.

2262 3273 2496 3332 CODEX
2534 3275 2930 3333 BRIXIANUS.

1799 3385 1976 3442 neque
2038 3370 2092 3425 in
2126 3370 2345 3442 futuro.
2384 3370 2488 3424 Aut
2553 3368 2712 3425 facite
2752 3371 3010 3442 arborem
3068 3368 3289 3442 bonam.
3346 3377 3404 3422 et

1799 3440 2030 3496 fructum
2087 3441 2205 3511 ejus
2257 3441 2480 3496 bonum.
2523 3449 2615 3494 aut
2661 3441 2822 3496 facite
2875 3442 3128 3496 arborem
3177 3440 3395 3511 malam.

1801 3522 1858 3568 et
1879 3510 2128 3568 fructum
2148 3514 2267 3581 ejus
2297 3515 2519 3566 malum.
2553 3528 2616 3566 ex
2645 3511 2820 3566 fructu
2847 3513 2989 3566 enim
3011 3511 3174 3566 arbor
3215 3510 3403 3565 dinos-

1807 3586 1967 3638 citur.
2019 3584 2320 3653 Progenies
2351 3582 2655 3652 viperarum
2689 3583 2964 3653 quomodo
2992 3583 3231 3652 potestis
3260 3583 3400 3636 bona

1809 3655 1954 3724 loqui
1986 3670 2108 3710 cum
2141 3656 2258 3709 sitis
2287 3655 2412 3708 mali
2461 3655 2538 3708 Ex
2564 3655 2900 3711 abundantia
2933 3656 3077 3708 enim
3107 3655 3310 3707 cordis.
3338 3668 3404 3708 os

1810 3727 2071 3796 loquitur.
2111 3725 2292 3780 Bonus
2325 3726 2488 3780 Itonto
2531 3727 2602 3796 de
2645 3726 2787 3780 bono
2830 3729 3124 3796 thensauro
3159 3733 3183 3759 α
3224 3724 3406 3778 enrdis

1809 3794 2015 3868 profert
2041 3799 2202 3852 bona.
2245 3810 2298 3850 et
2339 3797 2510 3850 malus
2555 3795 2739 3850 homo.
2766 3797 2854 3868 Vde
2906 3796 3048 3849 malo
3088 3794 3401 3848 thensauro.

1809 3867 2011 3939 profert
2069 3869 2233 3923 mala.
2273 3869 2401 3922 Dico
2443 3878 2629 3939 autem
2675 3867 3174 3939 Ambisaqnoniam
3239 3879 3404 3939 onttie

1809 3934 2032 3994 verbum
2061 3941 2294 3994 otiosum
2312 3938 2453 4009 qttod
2479 3939 2639 4009 locuti
2666 3937 2867 3993 fuerint
2889 3934 3136 4009 homines
3175 3934 3406 4009 reddent

1809 4013 1876 4066 de
1902 4026 1969 4065 eo
1997 4012 2263 4065 rationein
2316 4006 2367 4065 in
2395 4011 2484 4064 die
2512 4008 2722 4079 judicii.
2777 4010 2852 4063 Ex
2897 4008 3075 4062 verbis
3105 4006 3252 4079 enim
3297 4008 3402 4079 tuis

1804 4081 2038 4153 jnstifica
2067 4080 2095 4119 ιι
2127 4081 2290 4153 veris.
2321 4091 2375 4135 et
2402 4096 2466 4135 ex
2491 4075 2796 4153 verbistuis
2825 4081 3126 4153 condenuta
3175 4075 3204 4115 δ
3235 4076 3399 4153 veris.

1881 4153 2030 4207 Tune
2058 4152 2458 4221 reSpondernnt
2485 4152 2534 4206 ei
2565 4151 2807 4220 quidam.
2849 4150 2916 4205 de
2945 4149 3148 4221 Scribis
3179 4156 3234 4201 et
3261 4147 3404 4221 Pha-

1813 4225 2029 4278 risaeis.
2060 4220 2325 4279 dicentes.
2357 4223 2628 4291 Magister.
2663 4221 2916 4275 volumus
2946 4238 2971 4270 a
2999 4231 3048 4272 te
3079 4220 3290 4291 signum
3323 4220 3405 4271 vi-

1808 4295 1962 4350 dere.
2008 4295 2170 4351 Jesus
2211 4304 2390 4350 autern
2436 4289 2773 4361 respondens
2824 4296 2899 4345 ait
2951 4291 3077 4344 illis.
3111 4289 3406 4344 Geueratio

1809 4367 1969 4420 tnala.
2018 4377 2074 4421 et
2124 4365 2394 4420 adultera.
2437 4365 2646 4434 signum
2690 4363 2904 4434 quazrit.
2935 4372 2990 4416 ct
3034 4361 3248 4434 signum
3298 4374 3404 4434 non

1807 4437 2026 4508 dabitur
2047 4439 2119 4492 ei.
2154 4437 2256 4491 nisi
2287 4431 2503 4508 signuni
2527 4431 3046 4508 Jonae'l’rophetae.
3081 4431 3234 4488 Sient
3260 4431 3402 4508 enim

1811 4508 1910 4562 fuit
1934 4507 2122 4564 Jonas.
2150 4511 2201 4562 in
2246 4502 2436 4562 ven'tre
2466 4517 2486 4544 ο
2513 4507 2674 4561 coeti.
2709 4505 2880 4559 tribus
2907 4503 3101 4558 diebus
3139 4513 3192 4557 et
3226 4502 3403 4557 tribus

1810 4579 2080 4634 noctibus.
2112 4579 2191 4634 sic
2218 4581 2315 4634 erit
2344 4578 2513 4633 Filius
2545 4576 2780 4631 hominis
2804 4577 2854 4629 in
2885 4575 3050 4629 corde
3082 4583 3262 4628 terrae
3309 4573 3405 4627 tri-

1810 4649 1910 4705 bus
1939 4650 2131 4706 diebus
2159 4659 2212 4705 et
2243 4650 2416 4704 tribus
2440 4649 2711 4703 noctibus.
2747 4645 2857 4700 Viri
2879 4645 3153 4702 Ninivitae
3181 4652 3408 4713 surgent

1809 4719 1866 4776 in
1894 4721 2120 4791 judicio.
2151 4736 2272 4775 eum
2303 4720 2653 4790 generatione
2704 4719 2828 4773 ista.
2877 4729 2931 4791 et
2965 4717 3408 4791 condeu‘mahunt

1809 4787 1949 4919 (iam.
2009 4793 2136 4864 quia
2182 4787 2568 4862 paenitentiam
2597 4799 2844 4862 egerunt.
2904 4789 2958 4844 in
3003 4787 3407 4860 praedicatione

1844 4877 2003 4917 onae.

1844 4877 2003 4917 onae.

783 4974 1185 5033 VABIANTES
1223 4975 1609 5032 LECTIONES
1646 4975 1912 5035 CODICIS
1953 4977 2066 5034 MS.
2109 4977 2168 5034 S.
2210 4975 2720 5034 GERMANENSIS.

192 5063 207 5133 ξ
234 5069 351 5117 enim
369 5070 517 5120 arbor
539 5074 886 5133 cognoscetur.

190 5126 209 5216 ξ
233 5126 762 5249 ἳοιὲιὲωωιίδέιιὶω
786 5131 951 5183 cordis
968 5144 1025 5183 os
1047 5131 1277 5198 loquitur.
1303 5131 1486 5195 Bonus,
1508 5139 1604 5184 etc.

190 5249 557 5322 ‘_uuusquisque
582 5260 805 5322 eutrnex
828 5255 994 5308 verbis
1013 5258 1131 5320 suis,
1147 5256 1512 5322 justiticabitur,
1531 5261 1616 5308 aut
1633 5268 1698 5307 ex

145 5312 277 5365 Verbis
293 5312 390 5367 suis
409 5312 833 5371 eohdemnabitur.

1869 5073 1891 5134 εξ
1925 5071 1985 5134 ad
2007 5069 2037 5120 Ι
2041 5083 2182 5122 esum
2204 5072 2399 5134 quidam
2422 5072 2488 5122 de
2510 5071 2698 5123 Scribis
2718 5077 2770 5123 et
2792 5069 3092 5125 Pharisaeis.

1872 5133 1895 5164 ο
1927 5133 2076 5184 Jesus
2095 5133 2259 5186 autem

1867 5196 1888 5226 ⁷
1925 5198 2020 5246 erit
2043 5205 2097 5248 et

1865 5257 1888 5287 ⁸
1918 5257 2178 5310 Ninetritae

1866 5319 1889 5350 ⁹
1922 5326 2248 5383 generatione
2273 5323 2382 5385 ista,
2410 5327 2463 5373 et
2485 5320 2877 5373 eondemnabunt
2901 5332 3010 5370 eam
3030 5334 3040 5368 :

1440 5425 1808 5485 BLANCHINI
1843 5426 2076 5485 ΝΟΤΕ.

146 5512 500 5642 “(gaudeam
531 5521 618 5578 illa
643 5521 818 5578 cordis
845 5519 1043 5578 abrasa
1087 5529 1214 5590 est,
1245 5521 1343 5579 sed
1373 5520 1554 5580 adhuc
1575 5535 1689 5576 ma-

209 5723 274 5795 (η)
295 5728 514 5786 Addunt
555 5739 600 5786 et
622 5769 639 5800 ,
669 5738 733 5786 ut
753 5730 879 5788 cod.
910 5729 1067 5787 Cant.
1093 5733 1176 5786 καί
1199 5771 1213 5796 ,

1866 5518 1896 5559 1)
1925 5535 1956 5574 υ
1982 5535 2083 5590 pro
2117 5521 2147 5574 b
2179 5530 2455 5593 usurpata.

1871 5602 1894 5629 ο
1927 5608 1958 5646 ο
1988 5593 2044 5648 in
2066 5594 2193 5649 coeti
2221 5602 2305 5650 est
2335 5593 2552 5650 abrasa.
