1990 3096
286 114 340 142 2|)
538 115 673 144 EUSEBII
695 113 862 143 VERCELL.
883 88 1109 143 EVANGf‘JLIUM
1134 113 1207 143 CUM
1235 114 1345 147 VARIIS
1361 114 1441 142 COD.
1459 112 1656 143 COLLATUM.
1857 112 1898 141 320

480 172 594 201 CODEX
622 171 889 201 VEBCELLENSIS.

289 215 324 247 Et
332 226 396 247 ecce
406 220 466 255 plus
478 219 521 247 hic

290 263 371 290 qttam
386 255 478 283 Jonas.
494 255 543 283 Sa-

291 291 336 319 ιε.
357 291 391 319 ba
402 291 501 326 Regina

290 328 373 353 austri
384 334 474 353 resur-

290 367 335 397 get
346 362 372 389 in
392 369 506 397 genera-

291 399 363 424 tione
377 397 425 424 ista
439 398 465 425 in

288 432 391 468 judicio
404 453 411 465 ,
428 438 454 460 et
468 441 534 462 con-

291 468 429 496 demnabit
438 476 498 497 eam
512 479 519 497 :

291 503 354 539 quia
367 505 442 531 venit
457 505 492 533 ab

292 539 395 566 ultimis
408 541 494 575 parti-

292 575 342 602 bus
351 577 444 603 terrae
456 583 501 604 au-

293 608 352 638 dire
363 611 492 644 sapienti-

293 653 336 673 am
353 646 505 675 Solomonis
515 668 523 681 ,

296 686 324 709 et
337 689 401 709 ecce
413 682 477 716 plus.
484 684 529 712 hic

295 725 375 752 quant
391 716 532 747 Solomon.

295 753 340 780 45.
362 753 428 780 Cum
440 760 529 782 autent
543 755 594 783 im-

294 788 412 816 mundus
426 790 539 824 spiritus

294 824 392 852 exierit
403 825 437 851 ab
451 826 498 853 ho-

295 860 382 892 mine,
398 860 488 888 ambu-

295 895 333 922 lat
348 903 396 929 per
408 895 467 923 loca

295 930 371 971 arida
389 938 513 964 quterens

296 973 415 1000 requiem
427 986 435 999 ,
447 972 475 994 et
565 992 567 994 _

295 1001 341 1028 44.
363 1008 415 1029 non
436 1002 548 1032 invenit.
563 1003 639 1032 Tunc

296 1037 361 1064 dicit
376 1046 382 1064 :
399 1037 501 1066 Rever-

297 1077 338 1099 tar
349 1073 375 1100 in
386 1073 497 1101 domum

296 1115 384 1135 meam
397 1130 405 1142 ,
422 1109 494 1137 unde

297 1143 390 1171 exiiet.
410 1144 444 1171 Et
457 1145 568 1174 veniens

298 1179 400 1206 invenit
414 1187 510 1208 vacan-

297 1219 371 1248 tem,
384 1220 412 1242 et
426 1223 502 1243 mun-

296 1250 387 1277 datam
397 1271 405 1283 ,
419 1255 447 1278 et
459 1259 505 1279 or-

295 1286 343 1313 45.
364 1290 464 1313 natam.
482 1287 558 1317 Tunc

298 1321 386 1353 vadit,
399 1326 427 1348 et
440 1322 520 1350 adsu-

297 1357 346 1384 mit
356 1364 448 1385 secum
465 1358 521 1386 lltl.

296 1393 408 1427 spiritus
423 1393 491 1421 alios
503 1394 598 1431 nequi-

295 1435 358 1456 ores
373 1436 452 1463 quam
462 1436 510 1462 se;

297 1467 324 1491 et
337 1464 470 1492 intrantes

296 1498 419 1527 habitant
433 1500 459 1527 in
472 1508 503 1529 ea
517 1511 524 1530 :

704 227 732 246 ra
747 217 831 253 magis
846 226 925 253 quant

706 255 803 289 priora.
820 255 864 281 Sic
880 254 932 280 erit

704 289 872 324 generationi

706 326 767 352 huic
783 326 925 358 pessimae.

705 361 750 388 46.
771 362 835 389 liae.
860 380 866 387 .
890 380 896 386 .
920 380 926 387 .
943 367 1046 395 oque..

706 401 809 424 te..a.
833 416 840 424 .
864 416 871 424 .
893 396 1017 429 .urbas,

706 439 747 459 ec.
770 452 777 459 .
799 453 806 459 .
829 452 836 459 .
857 450 865 458 ι
887 436 974 459 mater

706 469 765 502 ejus
777 473 804 495 et
816 468 913 495 fratres

707 503 814 531 stabant
825 503 905 537 foris,

706 544 851 572 querentes

711 574 784 610 loqui
801 582 861 602 cum
878 582 922 602 eo.

709 608 754 637 47.
778 610 849 638 Dixit
860 614 951 638 autem

710 653 778 673 unus
794 646 833 673 illi
847 655 854 674 :
870 653 934 674 ecce

708 687 796 709 mater
807 687 867 715 tua,
881 687 909 709 et

708 716 805 744 fratres
820 718 857 745 tui

709 757 782 780 stant
794 753 860 780 foris

709 793 872 822 quaerentes

709 828 737 851 te
749 824 853 852 videre.

709 858 755 886 48.
777 859 953 894 Respondeas

709 900 799 922 autem
811 895 890 923 .Iesus
901 917 908 930 ,
920 897 961 925 di-

711 930 753 957 xit
767 931 805 958 illi
819 952 827 964 ,
845 932 890 965 qui
904 940 947 961 se-

710 973 771 993 cum
784 967 911 1001 loqueba-

711 1004 754 1028 tur
770 1011 777 1028 :
789 1002 855 1036 Qum
870 1008 912 1031 est

712 1042 800 1065 mater
810 1045 870 1066 mea
883 1059 891 1072 ,

713 1078 759 1108 aut
773 1074 819 1108 qui
834 1078 898 1101 sunt

711 1107 809 1136 fratres
823 1109 898 1137 mei?

710 1143 757 1171 49.
779 1164 786 1170 .
810 1165 816 1171 .
834 1145 983 1174 extendens

711 1186 819 1207 manum
834 1180 867 1207 ad

711 1215 856 1250 discipulos

711 1257 792 1284 suos,
807 1251 876 1278 dixit
891 1261 898 1279 :

712 1285 784 1313 Ecce
797 1291 884 1315 mater

712 1329 773 1348 mea
785 1342 792 1354 ,
804 1327 831 1349 et
846 1321 944 1351 fratres

711 1357 756 1384 50.
779 1357 842 1385 tnei.
858 1358 986 1392 Quicum-

711 1400 764 1428 que
777 1392 849 1421 enim
865 1394 937 1423 fece-

711 1429 747 1455 rit
762 1428 887 1457 volunta-

712 1468 766 1491 tem
780 1464 868 1493 Patris
880 1466 949 1499 mei,

712 1500 759 1534 qui
774 1500 799 1526 in
815 1501 898 1529 caelis
907 1507 960 1536 est,

1347 171 1466 201 CODEX
1486 171 1707 201 VERONENSIS.

1134 221 1167 248 Et
1181 228 1244 249 ecce
1256 221 1315 255 plus

1134 255 1179 284 hic
1194 263 1273 284 uuam
1288 256 1380 284 Jonas.

1133 292 1178 319 42.
1201 290 1303 325 Regina
1316 292 1401 319 austri

1134 331 1258 363 resurget
1271 328 1298 355 in

1132 363 1234 398 judicio
1254 371 1316 391 cum

1135 399 1312 433 generatione

1136 434 1201 467 ista,
1218 439 1245 461 et
1258 441 1323 461 con-

1136 469 1273 499 demnabit
1286 477 1346 498 eam
1363 479 1370 496 τ

1136 505 1197 540 quia
1209 505 1283 532 venit

1136 541 1170 568 ab
1185 541 1287 568 ultimis

1136 576 1257 611 partibus
1267 582 1354 604 terrae

1137 612 1232 639 audire
1246 613 1407 647 sapientiam

1137 647 1292 675 Solomonis
1303 669 1312 680 ,

1138 687 1165 710 et
1178 691 1242 710 ecce
1257 684 1316 717 plus

1137 718 1182 745 hic
1197 726 1276 753 quam
1290 719 1340 747 So-

1139 755 1240 781 lomon.

1139 791 1184 817 45.
1205 789 1272 816 Cum
1287 795 1378 818 autem

1139 825 1364 866 imtnund'usspi-

1140 861 1208 887 ritus
1223 861 1320 888 exierit

1140 896 1174 922 ab
1189 896 1297 923 homine
1308 916 1315 928 ,

1140 931 1261 958 ambulat
1276 939 1324 966 per

1142 966 1201 994 loca
1215 967 1291 994 arida
1306 971 1333 994 et

1139 1002 1247 1029 deserta
1260 1009 1393 1037 quaerens

1140 1039 1260 1073 requiem
1270 1058 1277 1069 ,
1291 1043 1318 1065 et
1331 1045 1383 1065 non

1139 1072 1185 1100 44.
1207 1073 1335 1101 inveniet.
1349 1074 1425 1103 Tune

1141 1108 1207 1136 dicit
1221 1117 1230 1136 :
1246 1109 1377 1137 Revertar

1142 1144 1167 1171 in
1185 1144 1295 1172 domum
1304 1166 1312 1177 ,
1327 1152 1376 1172 uu-

1141 1179 1175 1206 de
1189 1180 1271 1207 exivi.
1286 1181 1318 1207 Et

1141 1215 1254 1243 veniens
1264 1215 1287 1242 si
1303 1216 1378 1242 inve-

1142 1251 1215 1278 nerit
1229 1256 1368 1287 vacentem
1379 1276 1387 1287 ,

1142 1287 1232 1320 scopis
1244 1286 1400 1316 mundatam
1411 1310 1418 1321 ,

1142 1322 1188 1349 45.
1209 1326 1237 1349 et
1248 1326 1382 1352 ornatam.
1398 1325 1474 1353 Tunc

1142 1357 1215 1384 vadit
1225 1378 1233 1389 ,
1249 1361 1277 1384 et
1289 1357 1407 1388 adSUmit

1142 1399 1234 1420 secum
1243 1393 1309 1431 alios
1317 1400 1379 1431 sep-

1143 1432 1197 1455 tem
1210 1428 1321 1463 spiritus

1143 1465 1288 1498 ncquiores
1301 1472 1381 1499 quam

1143 1506 1188 1530 se;
1205 1504 1232 1526 et
1244 1499 1376 1529 intrantes

1543 220 1594 248 lius
1610 220 1698 255 pejora
1712 227 1766 248 ma-

1547 256 1588 292 gis
1602 264 1680 290 quam

1550 291 1649 327 priora.
1664 291 1707 319 sic

1548 327 1602 354 erit
1615 327 1778 362 generationi

1550 362 1613 390 huic
1625 363 1761 397 pessimae.

1549 398 1594 426 46.
1617 398 1679 425 Haec
1690 405 1721 425 eo
1730 398 1769 425 lo-

1549 438 1649 468 quente
1662 433 1695 460 ad
1708 437 1764 460 tur-

1550 469 1598 496 bas
1608 490 1615 502 ,
1631 475 1693 496 ecce
1706 474 1788 497 mater

1550 505 1608 539 ejus
1623 509 1650 532 et
1664 505 1755 532 fratres

1550 540 1659 568 stabant
1674 539 1737 567 foris
1746 560 1753 572 ,

1550 582 1711 611 quaerentes
1725 575 1763 602 lo-

1551 612 1597 646 qui
1611 618 1674 638 cum
1687 618 1728 638 eo.

1587 646 1632 673 47.
1649 646 1720 674 Dixit
1732 650 1816 674 autem
1827 646 1850 674 ei

1552 682 1660 718 quidam
1678 691 1685 708 :
1696 689 1758 710 ecce

1554 721 1641 746 mater
1658 722 1713 751 tua,
1724 723 1751 745 et

1553 753 1651 782 fratres
1667 754 1703 780 tui
1719 753 1780 780 foris

1554 794 1626 816 stant
1639 794 1795 823 quaerentes

1558 824 1631 859 loqui
1642 829 1739 851 tecum.

1554 861 1598 888 48.
1614 859 1657 887 Ad
1677 859 1733 894 ipse

1556 903 1670 930 respon-

1556 931 1634 964 dens,
1652 930 1750 959 dicenti

1557 966 1617 999 sibi,
1630 966 1670 993 ait
1687 975 1693 993 :
1709 968 1781 1001 Quae

1556 1008 1598 1030 est
1611 1002 1679 1029 mihi
1692 1008 1776 1030 mater

1557 1045 1627 1069 mea,
1645 1042 1674 1065 et
1688 1038 1779 1067 fratres

1558 1074 1603 1100 49.
1628 1075 1682 1101 mei
1694 1075 1706 1102 ?

1559 1108 1594 1136 Et
1609 1114 1706 1137 exten-

1558 1144 1625 1172 dens
1641 1152 1749 1173 manum

1558 1179 1585 1207 in
1602 1180 1751 1215 discipulos

1557 1222 1631 1247 suos,
1651 1216 1732 1244 dixit:

1557 1251 1627 1278 Ecce
1641 1256 1729 1280 mater

1557 1294 1628 1320 mea,
1641 1291 1671 1314 et
1689 1289 1781 1315 fratres

1557 1322 1603 1350 50.
1633 1323 1699 1350 mei.
1715 1323 1835 1357 Quicum-

1557 1365 1610 1392 que
1623 1360 1697 1386 euim
1712 1360 1780 1386 fece—

1558 1393 1593 1421 rit
1606 1393 1771 1421 voluntatem

1559 1428 1650 1456 Patris
1663 1431 1727 1462 mei,

1559 1464 1604 1499 qtti
1617 1464 1645 1491 in
1662 1465 1744 1493 caelis

1560 1503 1613 1532 est,
1627 1500 1686 1533 ipse
1702 1508 1775 1529 meus

294 1540 322 1562 et
338 1535 405 1562 fiunt
418 1537 508 1565 novis-

294 1571 363 1598 sima
380 1572 468 1599 homi-

295 1606 337 1634 nis
348 1606 420 1634 illius
436 1608 512 1643 pejo—

711 1535 770 1571 ipse
785 1543 862 1563 meus
878 1538 931 1565 fra-

712 1577 764 1605 ter,
780 1576 808 1599 et
821 1579 910 1606 soror,

711 1613 739 1635 et
752 1612 838 1635 mater
853 1613 905 1636 est.

507 1674 623 1701 CODEX
638 1673 875 1702 CORBEIENSlS.

296 1725 327 1752 Et
340 1732 403 1761 ecce
414 1725 553 1760 pIuSquam
564 1726 571 1741 ¹
582 1725 664 1752 Jonas
678 1725 730 1752 hic.
743 1725 842 1759 Regina
851 1725 934 1752 austri
943 1725 953 1740 ¹
962 1731 1089 1761 exsurget

295 1761 320 1787 in
330 1760 431 1796 judicio
438 1769 497 1787 Cllltl
507 1761 556 1787 hae
563 1762 737 1796 generatiOne
747 1782 754 1794 ,
766 1766 792 1787 et
799 1760 936 1787 damnabit
944 1768 1001 1787 eam
1012 1770 1017 1787 :
1026 1760 1087 1795 quia

295 1797 368 1823 venit
382 1795 408 1822 in
424 1796 518 1823 finibus
534 1802 621 1824 terrae
634 1796 726 1823 audire
741 1796 898 1830 sapientiam
915 1796 1067 1824 Salomonis
1079 1818 1086 1830 ,

295 1836 321 1858 et
333 1839 396 1859 ecce
414 1831 473 1865 plus
484 1840 563 1867 quam
575 1832 704 1858 Salonmu
721 1831 775 1858 hic.
800 1831 886 1865 Quum
903 1836 992 1858 autem
1008 1833 1088 1866 spiri-

295 1871 336 1894 tus
352 1867 506 1894 immundus
519 1868 616 1894 exierit
637 1868 670 1893 ah
687 1867 810 1898 homine,
834 1867 843 1882 ³
861 1866 1028 1902 perambttlat
1040 1876 1089 1901 per

295 1903 353 1929 inea
369 1902 442 1930 arida
459 1908 484 1929 et
500 1903 610 1930 deserta
628 1903 639 1918 ⁸
655 1903 811 1929 desiderans
827 1903 966 1937 requiem,
982 1908 1008 1930 et
1034 1911 1087 1930 non

293 1937 443 1965 inveniens.
461 1938 537 1966 Tunc
551 1939 617 1966 dicit
634 1947 640 1965 Ζ
658 1939 788 1965 Revertar
802 1938 826 1964 in
842 1938 852 1953 ⁵
866 1938 974 1965 domum
988 1945 1086 1970 meum,

294 1974 365 2001 unde
374 1973 455 2001 exivi.
474 1974 508 2001 Et
524 1975 634 2001 veniens
656 1973 680 2000 si
700 1974 710 1989 ⁸
734 1974 866 2000 invenerit
883 1978 1043 2002 vacantem.
1062 1979 1088 2000 et

294 2009 459 2037 mundatzun.
475 2010 484 2025 ⁷
497 2009 572 2037 Tunc
598 2009 696 2042 vadet,
712 2014 738 2036 et
760 2014 879 2036 assumet
895 2014 999 2043 septem
1021 2009 1089 2036 alios

293 2044 403 2080 spiritus
419 2045 562 2080 nequiores
577 2053 605 2072 se
619 2046 692 2079 ipso;
706 2045 837 2071 intrantes
854 2045 1013 2071 habitahunt
1031 2044 1067 2072 ibi
1080 2053 1087 2071 :

293 2087 319 2108 et
334 2080 401 2108 fiunt
416 2083 563 2108 novissima
580 2081 696 2108 hominis
709 2080 781 2107 illius
809 2080 899 2115 pt-jura
919 2081 929 2095 '
943 2080 1086 2114 prioribus.

293 2116 338 2143 Sic
353 2117 404 2143 erit
417 2121 443 2144 et
453 2117 620 2151 generatiuni
636 2116 696 2143 huic
708 2115 852 2151 pessimae.
870 2117 880 2132 ⁹
900 2115 1040 2149 Loquente
1056 2123 1089 2143 eo

292 2152 325 2179 ad
343 2150 530 2185 turlias.’ecce
543 2157 628 2179 mater
645 2150 716 2179 illius
731 2156 758 2178 et
771 2151 868 2179 fratres
884 2151 992 2179 stabant
1010 2150 1089 2184 foris,

294 2187 515 2215 “desiderantes
540 2187 613 2222 loqui
637 2195 698 2214 cum
725 2194 767 2214 eo.
797 2188 832 2214 At
853 2187 898 2214 ille
922 2186 1089 2220 respondens

293 2223 360 2250 dixit
372 2224 411 2250 eis
427 2224 471 2258 qui
484 2231 574 2251 secum
587 2222 852 2258 loqueliautuerum
864 2227 905 2250 est
919 2227 1005 2249 mater
1016 2229 1088 2255 mea,

295 2258 316 2273 ¹¹
328 2263 374 2285 aut
385 2257 508 2293 qui’sunt
520 2259 615 2286 fratres
629 2258 693 2285 mei?
704 2258 890 2285 Etextendens
901 2265 1010 2285 manum
1020 2258 1042 2273 ¹¹
1056 2257 1088 2284 ad

294 2293 441 2329 discipulos
455 2302 518 2321 suos
530 2315 538 2328 ,
559 2294 645 2321 dixit:
663 2294 732 2321 Ecce
744 2297 830 2320 tuater
852 2301 926 2325 mea,
938 2301 976 2329 ret
992 2293 1089 2329 fratres

294 2328 358 2357 mei.
368 2329 557 2364 Quiquumque
569 2331 640 2357 enim
652 2330 746 2357 fecerit
755 2330 919 2356 voluntatem
930 2328 1016 2355 Patris
1026 2328 1088 2361 mei,

294 2364 340 2400 qui
355 2365 381 2392 in
392 2366 476 2394 coelis
490 2370 552 2400 est,
569 2366 591 2381 ¹¹
604 2365 648 2393 hic
664 2364 729 2393 mihi
754 2369 781 2392 et
804 2365 899 2398 frater,
913 2370 940 2393 et
959 2371 1047 2398 sorOr,
1063 2369 1090 2392 et

294 2406 381 2428 mater
393 2406 444 2428 est.

1143 1534 1264 1562 habitant
1277 1536 1302 1562 in
1319 1544 1352 1564 eo
1368 1545 1375 1564 :
1560 1539 1587 1563 et
1599 1535 1692 1570 frater,
1709 1541 1735 1564 et

1143 1575 1172 1598 et
1184 1570 1253 1597 fiunt
1268 1572 1385 1600 novissi—
1560 1578 1652 1605 soror,
1666 1576 1694 1600 et
1706 1574 1790 1600 mater

1144 1614 1186 1632 ma
1204 1606 1321 1634 hominis
1333 1608 1364 1635 il-
1559 1611 1612 1636 est.

1380 1674 1495 1704 CODEX
1516 1676 1714 1705 BRIXIANUS.

1144 1725 1185 1762 Et
1198 1733 1260 1762 crcc
1284 1726 1424 1760 plusquam
1440 1725 1506 1753 Jona
1519 1725 1573 1762 hic.
1590 1725 1693 1762 Regina
1706 1724 1796 1753 austri.
1808 1726 1889 1762 surget
1898 1721 1918 1747 in

1139 1761 1251 1796 judicio.
1266 1759 1327 1788 cum
1339 1763 1513 1795 generatione
1527 1761 1578 1788 ista
1592 1766 1620 1789 et
1632 1759 1779 1789 Eondemna
1789 1764 1801 1777 ἰ
1815 1759 1848 1786 vit
1860 1764 1918 1796 euul-

1140 1792 1202 1832 quia
1227 1796 1299 1823 venit
1313 1804 1326 1822 a
1340 1792 1442 1824 iinihus
1458 1801 1555 1825 terrae.
1571 1798 1666 1825 audire
1686 1796 1836 1832 sapientiam
1858 1792 1920 1821 Salo-

1141 1832 1238 1859 monis.
1255 1837 1282 1859 ct
1306 1840 1368 1859 ecce
1386 1833 1444 1866 plus
1458 1832 1603 1860 Salumuue
1619 1832 1673 1860 hic.
1792 1835 1802 1868 _'
1827 1865 1834 1868 η
1886 1863 1891 1868 ,

1175 1868 1241 1895 Cum
1255 1872 1344 1895 autem
1362 1865 1505 1895 inmundus
1524 1868 1633 1903 spiritus
1662 1868 1757 1896 exierit
1776 1865 1808 1894 ab
1827 1865 1921 1892 homine

1141 1903 1259 1930 ambulat
1279 1912 1330 1939 per
1354 1903 1410 1930 lora
1424 1904 1509 1930 arida.
1539 1912 1672 1939 quaerens
1701 1903 1816 1939 requiem
1840 1904 1921 1939 etuti."

1141 1938 1254 1966 invenit.
1270 1938 1345 1966 TUIIC
1356 1939 1429 1966 dicit.
1442 1933 1572 1966 Revertar
1587 1941 1613 1966 in
1636 1933 1747 1967 domuui
1760 1944 1851 1965 meam.
1864 1933 1922 1961 unde

1141 1975 1221 2002 exiri.
1240 1975 1271 2001 l-Lt
1295 1974 1405 2001 veniens
1430 1975 1683 2002 invenitwcantem
1711 1974 1799 2009 scopis
1818 1970 1923 2009 inunda-

1141 2015 1207 2036 tam.
1230 2015 1256 2046 et
1280 2016 1414 2036 ornatam.
1431 2010 1507 2046 'func
1522 2010 1596 2037 vadit
1620 2015 1647 2038 et
1662 2008 1777 2038 adsumit
1801 2008 1924 2046 alittsfel‘j

1143 2050 1195 2072 tem
1210 2045 1330 2080 spiritus.
1349 2046 1426 2080 nequi
1439 2045 1454 2064 ι’
1470 2046 1553 2073 liores
1569 2055 1609 2073 se.
1627 2052 1654 2073 et
1668 2048 1796 2074 intrantes
1820 2042 1924 2081 habitant

1142 2081 1188 2117 ibi.
1204 2086 1233 2117 et
1246 2081 1312 2107 tittnt
1327 2082 1471 2108 novissima
1485 2081 1602 2109 hominis
1620 2082 1705 2109 illius.
1729 2080 1819 2117 pejora
1830 2080 1925 2117 ⁸ρι’ἰοίι-

1143 2116 1203 2143 btts.
1221 2116 1266 2143 Sic
1277 2117 1329 2144 erit
1342 2122 1365 2143 et
1383 2117 1547 2150 uenerationi
1563 2116 1626 2144 huic
1643 2113 1787 2152 pessimae.
1801 2113 1885 2152 Adhtu:
1898 2118 1925 2152 cu

1142 2152 1266 2188 loquente
1274 2152 1306 2178 ad
1319 2147 1419 2178 turbas.
1432 2158 1588 2180 eccemaler
1600 2147 1658 2188 eju's
1675 2159 1701 2180 et
1716 2152 1819 2179 fratres.
1833 2147 1925 2176 stabant

1141 2186 1206 2214 foris
1213 2191 1373 2221 quaerentes
1382 2188 1451 2222 loqui
1460 2188 1494 2214 ei.
1502 2186 1666 2215 Dixitauiem
1674 2189 1698 2215 ei
1706 2188 1810 2223 quidam
1818 2191 1875 2223 ecce
1883 2190 1926 2207 tun-

1143 2227 1182 2259 ler
1191 2228 1244 2249 ttta.
1254 2228 1280 2250 ct
1288 2223 1384 2250 fratres
1392 2224 1508 2251 tui.foris
1515 2222 1756 2259 stantquaerentcs
1763 2222 1831 2255 loqui
1840 2223 1925 2246 tecum-

1142 2258 1236 2285 Atlille
1247 2259 1424 2293 respondens,
1434 2259 1574 2286 aitdiceuti
1588 2258 1648 2286 sibi.
1659 2259 1717 2293 Que
1728 2264 1768 2286 est
1784 2260 1864 2284 mater
1878 2258 1926 2280 Im“a

1142 2299 1167 2320 et
1183 2293 1227 2328 qui
1239 2298 1301 2320 sunt
1313 2294 1409 2322 fratres
1428 2295 1490 2322 tnei.
1521 2294 1552 2322 Et
1573 2296 1723 2322 extcmlens
1740 2294 1927 2328 tnanutn_su:m|

1142 2325 1378 2367 sttp‘erfiiscipulos
1390 2337 1453 2367 suos
1460 2330 1537 2367 dixit.
1548 2330 1616 2357 Ecce
1630 2335 1717 2367 mater
1731 2332 1828 2367 mea‘et
1842 2325 1927 2367 fratres

1142 2365 1206 2392 mei.
1217 2363 1385 2399 Quicumque
1396 2365 1467 2393 enim
1489 2366 1581 2393 fecerit
1600 2366 1768 2393 voluntatem
1785 2363 1866 2391 Patris
1884 2365 1928 2386 mc!

1142 2402 1186 2435 qui
1196 2401 1221 2428 in
1229 2398 1311 2428 caelis
1321 2398 1362 2428 est
1377 2401 1434 2436 ipse
1444 2408 1519 2429 meus
1533 2401 1616 2430 frater
1628 2406 1657 2431 et
1670 2409 1748 2429 soror
1759 2404 1786 2429 et
1796 2403 1875 2427 mater
1884 2398 1927 2423 est-

632 2470 832 2500 VARlANTES
850 2468 1044 2499 LECTIONES
1062 2468 1195 2498 CODICIS
1215 2469 1270 2498 IIS.
1292 2469 1322 2498 S.
1341 2468 1598 2497 GERMANENSIS.

326 2532 335 2547 ί
353 2530 414 2555 Jona
425 2529 464 2554 hic
477 2532 523 2554 est.

326 2563 336 2578 ³
353 2564 471 2592 surget...
484 2561 540 2591 ista,
553 2562 580 2585 et
590 2560 793 2585 condemnabit...
804 2566 818 2584 a
830 2559 919 2584 ﬁnibus

327 2593 338 2609 ³
355 2593 463 2617 ambulat

326 2624 337 2639 ⁵
372 2630 478 2648 uaerens
489 2623 612 2654 requiem,
628 2626 654 2648 et
666 2628 715 2647 non
727 2622 830 2647 invenit.

326 2656 337 2671 ⁸
354 2631 460 2679 genium.
475 2654 540 2679 unde

328 2660 337 2671 ·
354 2660 460 2684 domum,
475 2660 540 2679 unae

328 2686 339 2701 ⁸
356 2686 451 2711 invenit
462 2689 600 2716 vacantem,
610 2685 691 2716 secpis
702 2684 849 2715 mundatam,
862 2688 888 2709 et
897 2686 1020 2709 ornatam.

328 2718 337 2734 "
356 2716 425 2742 Tunc
435 2717 511 2749 vadit,
524 2720 550 2741 et
557 2711 661 2742 adsumii
669 2722 783 2742 secum...
792 2711 926 2748 nequiores
935 2720 1007 2746 quam
1014 2719 1051 2739 se.
1062 2711 1094 2738 Et

1145 2527 1264 2551 intrantes
1275 2526 1420 2551 babitabttnt
1431 2527 1455 2551 in
1468 2532 1525 2551 eum
1538 2534 1543 2551 :

1175 2557 1187 2573 ⁸
1202 2558 1364 2589 magisquam
1376 2558 1465 2589 [it-fora.

1175 2589 1185 2604 '
1202 2588 1270 2613 Haec
1283 2588 1399 2620 loqui-nte
1410 2589 1441 2613 ad
1624 2618 1628 2620 λ
1793 2617 1806 2620 ,,
1855 2615 1870 2620 _.
1893 2611 1920 2620 ,ιι

1177 2620 1199 2635 η
1216 2612 1370 2651 quaerentes
1376 2612 1459 2676 istim,
1470 2623 1529 2651 etc.,
1540 2623 1566 2645 tu
1582 2618 1686 2651 Nam
1697 2623 1774 2650 usque
1784 2615 1871 2642 dicenti
1880 2612 1928 2637 sibi.

1178 2650 1198 2666 ιι
1218 2655 1244 2675 et
1255 2651 1344 2675 fratres
1357 2653 1406 2676 mei

1339 2658 1344 2675 ἓ
1357 2658 1406 2677 met

1178 2683 1199 2714 ff
1218 2683 1241 2706 in
1255 2682 1381 2714 discipulis
1391 2683 1452 2714 suis,

1177 2709 1200 2729 υ
1215 2714 1270 2744 ipse
1282 2709 1353 2738 meus
1368 2709 1455 2744 frater;

959 2767 1143 2810 BLAivcutNt
1163 2769 1279 2809 hom.

342 2839 355 2854 ι
370 2833 557 2861 condemnavit.
573 2840 588 2860 υ
600 2838 650 2868 pro
664 2831 678 2859 ὁ
690 2833 827 2868 usurpata.

343 2872 358 2897 δ
371 2870 390 2900 ti
404 2870 430 2899 in
444 2863 615 2907 ’πωμάτων-ιη’1
631 2867 678 2897 lita
697 2871 738 2897 est
752 2863 768 2896 ἑ
783 2864 892 2897 librario
906 2863 1003 2897 lineola
1028 2867 1190 2895 transversa.
