1990 3096
91 103 143 131 ἳέὶ

287 164 406 192 MK
431 162 699 192 VERCELLENSIS.

179 211 378 240 (ΣΑΡΗΤΧΠΙ.

94 246 474 286 l.Eodie(a)exiit'l-Jesus(b)
513 267 527 286 ._
560 266 572 286 ._
602 265 614 286 _.
636 265 662 286 _.
703 264 711 273 .
750 265 804 286 .__.
845 264 854 272 .

91 280 253 313 essedebet
266 290 309 310 se:
338 280 343 282 ⁷
440 280 468 283 ”
511 284 539 310 6.
565 282 701 309 habebant
715 280 788 309 radi-

92 317 121 347 2.
143 327 190 347 cus
201 326 283 346 mare.
295 318 331 346 Et
512 325 582 350 cem,
593 322 734 345 emerunt.

92 359 269 391 congregatae
512 354 538 381 7.
567 353 627 394 Alia
641 357 730 394 autem
743 351 815 380 ceci-

92 396 156 419 sunt
165 391 259 418 turbae
511 389 609 417 derunt
619 396 649 416 ιιι
663 396 719 423 spi-

511 432 560 452 nas
577 433 584 451 Ξ
598 428 626 452 et
637 431 733 451 εγενε-

507 464 575 488 runt
585 460 690 494 spinae,

509 500 537 524 et
547 496 700 523 satiricave-

510 532 536 559 8.
566 536 681 559 runtea.
697 531 755 558 Alia

510 574 575 595 vero
589 567 695 594 cecide~

509 608 572 630 runt
587 603 614 630 in
628 607 680 630 ter-

91 427 125 454 ad
140 434 217 458 eum,
231 426 270 453 ita
283 430 314 453 ut

93 463 120 490 in
137 461 270 490 navicula.
294 480 303 488 .

91 506 104 525 a
109 498 252 526 scanderet
263 517 271 529 ,

90 540 118 561 et
129 541 224 561 omnes
235 537 293 560 tur-

92 570 142 598 bae
157 570 265 597 stabant

93 625 100 633 ο
141 625 149 632 ι
188 624 196 632 ι
237 623 244 632 ι
285 623 292 632 δ
334 625 341 632 ι
382 622 389 633 δ
433 626 439 633 δ

127 639 155 669 5.
175 644 254 668 cutus
267 643 311 668 est
323 640 359 668 ad
509 646 566 665 ram
580 638 678 666 laenam
691 647 699 665 :

90 684 139 705 eos
157 676 222 704 mul.
245 694 252 702 .
275 697 282 703 .
305 696 312 703 .
337 696 344 703 .
368 696 376 704 .
509 678 537 701 et
551 674 651 702 dabant
664 673 737 702 fruc-

89 713 201 747 parabo.
224 731 233 739 .
256 731 264 740 .
289 733 295 739 .
320 733 327 740 .
351 734 358 739 .
510 709 729 744 tum.quaedam

88 755 155 776 cens
169 756 176 774 Ζ
507 752 556 773 ceu
561 751 697 776 testmum,

507 781 573 808 aliut
587 780 643 808 LX.
656 780 723 808 aliut

507 816 535 844 9.
562 816 646 844 xxx.
662 816 730 850 Quia
745 816 792 844 tia-

508 851 552 879 bet
568 859 657 884 aures.
674 859 725 879 au-

509 887 890 920 lo........Etac-

508 923 636 951 cedentes
648 922 703 950 dis-

508 959 589 993 cipuli
614 958 674 993 ejus
687 959 728 986 di-

508 998 607 1021 xerunt
619 994 643 1021 ei
660 1002 667 1020 :
682 994 753 1028 Qua-

88 784 159 811 Ecce
172 783 242 810 exiit
255 784 304 819 qui

88 819 205 847 seminat
219 820 305 847 semi-

88 855 117 882 4.
141 862 217 882 nare.
231 855 266 882 Et
276 862 339 882 cum

89 891 220 921 seminat.
236 897 318 924 quae-

87 928 154 954 dam
166 925 271 954 cecide—

86 970 119 989 I'Il
123 965 155 988 nt
165 968 246 989 secus

86 998 161 1024 viam
171 1018 179 1030 ,
190 1002 219 1024 et
233 1003 315 1024 vene-

86 1037 154 1060 runt
169 1033 274 1060 volucr.
295 1051 303 1060 .
325 1050 333 1060 .
348 1053 358 1068 ,
509 1037 539 1057 re
554 1029 581 1057 in
598 1030 714 1068 parabo-

86 1074 114 1096 et
129 1068 259 1096 comede-
348 1065 356 1068 ⁷
512 1080 518 1091 ι
545 1087 550 1093 .
580 1085 587 1092 .
616 1065 736 1100 loqueris

86 1109 152 1132 runt
165 1111 211 1131 ea.
233 1123 241 1131 .
263 1119 270 1132 ε
293 1124 301 1132 .
322 1123 330 1132 .
352 1126 359 1131 .
509 1100 542 1128 ad
556 1100 628 1129 eos?

141 1160 148 1167 .
189 1159 198 1166 .
238 1160 244 1167 .
285 1160 291 1166 .
333 1162 340 1167 .
381 1161 388 1167 .
431 1159 438 1165 .
509 1136 554 1174 tt.
583 1136 824 1174 Adipserespon-

509 1172 576 1199 dens
587 1172 625 1199 ait
638 1172 692 1200 illis
708 1181 715 1200 :

509 1207 578 1241 Quia
591 1208 667 1236 vobis
686 1209 730 1237 da-

510 1248 564 1270 tum
579 1247 622 1271 est
633 1251 695 1271 nos-

509 1286 538 1306 se
553 1279 709 1314 mysterium

508 1316 585 1350 regni
601 1322 611 1342 :
628 1315 681 1343 illis
697 1322 744 1344 an-

510 1355 563 1378 tem
577 1357 631 1378 uon
647 1356 688 1379 est

509 1387 554 1423 η.
581 1386 684 1414 datum.
701 1388 751 1423 Qui
763 1388 835 1417 enim

509 1421 599 1455 habet,
610 1421 717 1451 davitur

88 1196 95 1203 ο
139 1196 146 1201 .
188 1196 195 1202 .
235 1195 243 1204 ο
282 1196 290 1203 .
333 1197 339 1202 -
382 1198 387 1203 .
430 1197 437 1203 .

88 1233 94 1239 .
141 1233 147 1239 .
191 1231 198 1237 -
235 1231 244 1238 ι
285 1232 292 1238 υ
332 1231 340 1239 ι
382 1231 389 1238 ι
431 1232 438 1239 ο

89 1267 96 1275 ο
139 1266 147 1274 ο
187 1266 196 1275 ο
234 1260 242 1274 ’o
283 1267 290 1274 .
331 1267 339 1274 .
381 1265 389 1274 υ
430 1268 437 1275 .

89 1303 96 1310 ι
138 1303 145 1309 .
187 1303 195 1309 .
235 1304 241 1309 .
281 1302 289 1310 σ
330 1304 336 1309 .
378 1302 385 1309 α
426 1303 433 1311 ,

507 1458 543 1499 ei,
558 1463 587 1486 et
598 1458 716 1498 abunda-

507 1498 544 1521 vit
558 1503 565 1520 :
579 1502 624 1529 qut
639 1499 729 1522 autem

507 1532 559 1559 noti
572 1531 693 1564 babet,et
701 1531 771 1567 quod
781 1531 916 1560 babetau—

86 1518 93 1525 ι
138 1517 145 1524 α
187 1517 194 1524 ι
233 1518 240 1525 .
281 1518 289 1525 .
330 1518 336 1525 ι
376 1517 385 1526 ι
424 1516 434 1525 ι

300 1601 421 1631 CODEX
433 1600 561 1630 CORBEI
566 1600 671 1629 ENSlS.

120 1660 195 1688 Xlll.
211 1660 240 1688 ln
254 1660 297 1688 illa
316 1659 361 1688 die
376 1661 383 1676 ‘
398 1667 525 1695 egressus
550 1664 593 1688 est
611 1659 709 1693 Jesus,
735 1664 762 1688 ει
775 1660 887 1689 sedebat

83 1696 161 1731 juxta
172 1704 260 1723 mare.
277 1696 311 1724 Et
325 1700 503 1731 congregatae
513 1700 576 1722 sunt
595 1696 627 1722 ad
642 1704 703 1723 eunt
719 1696 803 1723 turba:
817 1697 886 1724 mtil-

86 1738 139 1764 ωε,
151 1734 162 1747 ²
178 1732 215 1759 ita
237 1738 266 1758 nt
277 1732 437 1759 ascenderet
453 1732 479 1758 in
506 1738 601 1758 navem
617 1735 645 1758 et
667 1732 702 1758 ibi
718 1732 842 1764 sederet.
858 1738 885 1761 et

84 1770 172 1795 omnis
187 1768 269 1795 turba
281 1768 306 1794 in
320 1767 411 1796 littore
425 1767 513 1794 stabat
528 1776 534 1794 :
550 1772 577 1794 et
588 1767 715 1802 loquutus
734 1772 776 1794 est
793 1768 825 1794 ad
838 1776 885 1796 eos

84 1806 164 1830 multa
179 1805 207 1830 in
225 1803 381 1837 parabolis,
397 1803 488 1830 dicens
505 1810 511 1829 :
530 1803 600 1829 Exiit
612 1800 632 1817 ’ἡ
645 1805 791 1830 seminator
804 1804 884 1831 scuti-

83 1847 146 1866 πει-υ
158 1847 256 1867 semen
270 1845 361 1866 suum.
374 1840 406 1865 Et
417 1838 480 1866 dum
493 1839 619 1869 seminat.
632 1839 763 1873 quaedam
779 1840 886 1867 cecide-

82 1877 143 1902 runt
156 1882 240 1902 secus
255 1875 341 1905 viam,
354 1879 382 1902 et
396 1878 526 1902 venerunt
554 1874 676 1901 volucres
698 1874 782 1907 coeli,
797 1880 824 1902 et
838 1882 885 1903 co-

80 1911 228 1937 mederunt
252 1918 295 1937 ea.
309 1910 319 1925 δ
330 1911 389 1938 Alia
406 1916 470 1937 vero
496 1909 654 1937 ceciderunt
670 1918 751 1942 super
773 1916 882 1945 petrusa

81 1946 138 1972 loca
155 1946 204 1973 ubi
233 1954 288 1973 non
310 1951 369 1973 erat
395 1947 503 1980 copiosa
523 1950 593 1972 terra
622 1954 628 1972 :
654 1949 682 1973 et
703 1946 714 1961 ⁵
741 1945 883 1974 confestim

82 1986 142 2008 naut
168 1986 244 2008 sunt.
270 1981 336 2009 Orto
364 1987 453 2009 autem
480 1980 537 2008 sole
566 1985 719 2008 aestuantes
755 1987 884 2010 arueruttt

81 2025 112 2044 eo
141 2018 217 2052 quod
246 2025 300 2045 non
329 2017 460 2044 haberent
483 2016 610 2044 radicem.
633 2016 693 2044 Alia
725 2022 814 2044 autem
840 2025 885 2045 ce-

80 2053 209 2080 ciderunt
238 2054 265 2079 in
289 2053 374 2086 spinis
402 2063 408 2079 :
435 2057 462 2079 et
487 2052 497 2067 ‘
529 2052 710 2080 ascenderunt
741 2053 885 2087 spimc,et

81 2088 288 2116 sutrina-nerunt
303 2088 357 2116 illa.
373 2088 432 2116 Alia
447 2092 536 2114 autem
553 2088 710 2115 ceciderunt
734 2089 760 2115 in
784 2094 882 2116 terram

84 2124 181 2151 bonam
200 2133 207 2151 :
223 2129 254 2152 et
283 2125 292 2139 ⁷
311 2123 563 2157 ederuntl‘ructum,
581 2124 652 2150 aliud
664 2124 855 2157 centesimum,
872 2125 883 2141 ⁸

79 2160 150 2186 aliud
163 2159 384 2194 sexagesimum,
398 2159 470 2186 aliud
486 2167 551 2186 vero
565 2159 740 2187 tricesimum.
762 2160 814 2194 Qui
836 2161 884 2187 ha-

81 2194 125 2221 bet
136 2203 220 2223 aures
234 2198 257 2227 ν,
279 2196 380 2222 audiat.
391 2195 424 2222 Et
437 2194 598 2222 accedentes
617 2195 741 2230 discipuli
756 2196 883 2224 dixerunt

81 2230 124 2256 ei:
141 2231 233 2265 Quare
258 2231 285 2258 in
305 2231 440 2266 parabolis
463 2231 581 2266 loqueris
601 2231 634 2258 ad
648 2232 716 2258 eos?
737 2231 757 2246 ¹⁰
780 2231 883 2264 Quibus

82 2268 254 2300 respondens
273 2268 312 2294 ait
327 2276 333 2293 :
349 2266 481 2300 Quoniam
501 2266 577 2293 vobis
597 2265 689 2293 datum
711 2271 752 2294 est
776 2268 796 2282 “
811 2267 883 2294 scire

80 2306 180 2329 arcana
196 2303 243 2330 Dei
260 2311 267 2329 :
283 2301 336 2330 illis
347 2307 437 2330 autem
450 2309 503 2329 non
519 2300 561 2329 est
572 2302 675 2330 datum.
686 2302 738 2335 Qui
751 2303 824 2330 enim
837 2303 884 2330 ha-

83 2335 136 2371 bet,
150 2338 260 2365 dabitur
274 2338 324 2371 illi,
334 2342 362 2365 et
373 2337 539 2366 abundabit:
553 2337 600 2372 qui
613 2342 705 2365 autem
718 2346 771 2366 non
788 2338 881 2372 habet,

576 103 802 134 EVANGELIUM
821 102 1007 134 SECUNDUM
1026 102 1244 136 MATTHM.

1688 102 1741 136 222

1153 163 1271 193 CDDEX
1289 162 1515 194 VERONKNSIS.

1035 207 1150 240 CAPUT
1165 209 1234 239 Xlﬂ.
1362 213 1388 240 6.
1415 215 1512 240 terrae.
1523 209 1589 241 Sole

944 248 971 275 ί.
1001 246 1103 275 Eodem
1115 248 1161 274 die
1171 248 1210 317 Sa)
1361 254 1451 276 autem
1465 253 1525 276 orto

944 283 1012 311 exiit
1026 283 1047 317 -ι-
1060 283 1138 310 .lcsus
1148 282 1177 317 (ι
1360 288 1525 312 aestuaveru:

944 283 1012 311 exiit
1026 283 1047 319 -ζ-
1060 283 1138 310 .lcsus
1148 282 1187 318 (ι)
1360 288 1553 312 aestuaverunt

1360 325 1388 347 et
1399 319 1461 354 quia
1475 327 1529 347 non
1545 319 1629 349 liabe-

1361 354 1426 382 bant
1439 355 1558 382 radicem
1572 363 1651 384 arue-

1360 390 1386 418 7.
1408 395 1481 418 runt.
1497 390 1557 418 Alia
1571 397 1661 420 autem

1359 426 1516 454 ceciderunt
1531 427 1557 454 in
1571 427 1627 462 spi-

1360 462 1401 489 nis
1416 471 1423 489 :
1439 465 1468 489 et
1481 467 1626 490 creverunt

1357 496 1462 533 spinae,
1478 502 1505 525 et
1519 498 1668 527 suﬂ’ocave-

1359 533 1392 561 8."
1405 537 1470 560 runt
1484 540 1527 562 ea.
1678 551 1682 553 λ

1359 567 1418 596 Alia
1432 573 1499 596 Vero

1357 604 1515 632 ceciderunt
1528 605 1555 633 in
1568 609 1624 634 ter-

1356 647 1414 667 ram
1428 640 1525 667 bonam
1541 650 1549 668 :
1563 641 1650 669 etda‘

1356 674 1421 711 bant
1434 675 1560 707 fructum.
1575 684 1657 711 quae-

943 325 1023 347 secus
1037 326 1122 352 utare,

943 360 970 381 et
986 354 1106 382 sedebat.

943 389 969 417 2.
989 390 1023 417 Et
1032 394 1211 425 congregatae

942 425 1049 453 suntad
1064 433 1126 453 eum

942 462 1046 493 turbae,
1059 461 1094 488 ita

943 501 971 524 ut
986 497 1012 524 in
1028 497 1134 524 navicu-

942 533 993 559 lam
1010 532 1177 566 ascenderet;

941 573 968 596 et
980 567 1097 602 sederet,

941 607 969 631 et
981 611 1075 631 omnes
1095 608 1153 631 tur-

942 639 991 666 bae
1006 639 1113 667 Stabant

940 675 967 703 5.
985 675 1011 701 in
1024 674 1115 703 littore
1132 684 1138 703 :
1154 679 1182 703 et

940 710 1046 737 locutus
1059 714 1101 737 est
1356 710 1417 738 dam
1433 710 1643 743 centensinuini,

940 746 974 773 ad
987 753 1034 773 eos
1046 747 1130 774 multa
1356 747 1428 774 aliud
1444 749 1676 781 sexagensimum,

940 781 966 809 in
982 781 1117 816 parabolis
1357 782 1424 809 aliut
1440 791 1502 809 vero
1516 785 1615 810 tricen-

942 817 1037 844 dicens
1051 825 1058 843 :
1357 817 1385 845 9.
1409 818 1518 846 simum.
1534 819 1584 851 Qui
1601 818 1682 846 habet

943 853 1013 894 Ecce
1023 853 1087 880 exiit
1101 860 1146 894 se:

944 889 1061 916 minator
1075 889 1211 917 seminare

1357 861 1436 881 aures
1447 854 1585 889 audiendi,

1357 889 1457 916 audiat.

1359 925 1402 952 to.
1411 924 1444 952 Et
1458 933 1536 954 acce-

1355 960 1451 987 dentes
1465 961 1520 988 dis-

1356 996 1438 1030 cipuli
1452 997 1511 1031 ejus
1521 997 1598 1025 dixe~

1356 1036 1419 1058 runt
1431 1032 1454 1059 ei
1471 1041 1477 1058 :
1492 1033 1581 1067 Quare

1356 1066 1382 1094 in
1397 1066 1532 1101 parabolis
1544 1068 1584 1095 los

1357 1103 1449 1137 queris
1462 1104 1495 1130 ad
1511 1104 1577 1131 eos?

1358 1138 1402 1165 ll.
1418 1138 1458 1165 Ad
1474 1140 1532 1173 ipse
1546 1144 1660 1174 respon—

1356 1174 1423 1201 deos
1437 1174 1474 1201 ait
1488 1175 1541 1202 illis
1556 1182 1562 1201 :

1356 1209 1425 1243 Quia
1440 1210 1517 1237 vobis
1531 1211 1623 1237 datum

1356 1250 1398 1272 est
1411 1253 1491 1273 nosse
1502 1246 1621 1273 mlsteria

1356 1281 1432 1316 regni
1445 1290 1450 1308 :
1467 1281 1522 1309 illis
1536 1285 1626 1308 autem

1356 1324 1409 1344 non
1424 1321 1468 1344 est
1483 1317 1587 1344 datum.

1356 1352 1540 1386 l2.Quienim

1352 1388 1442 1420 habet,
1452 1388 1559 1416 dabitur

1352 1425 1376 1451 ei
1386 1445 1394 1457 ,
1407 1428 1435 1451 et
1446 1423 1594 1452 abundabit
1608 1431 1616 1451 :

1352 1460 1398 1493 qui
1410 1463 1500 1486 autem
1516 1465 1570 1486 non

1353 1494 1445 1530 habet,
1458 1499 1486 1522 et
1497 1493 1571 1530 quod

1353 1529 1434 1557 habet

1173 1598 1290 1628 CODEX
1305 1596 1503 1629 BRIXIANUS.

939 1660 967 1689 ln
993 1660 1039 1688 illo
1067 1664 1157 1688 autem
1176 1660 1220 1688 die
1241 1661 1333 1689 exiens
1353 1661 1431 1688 Jesus
1453 1660 1487 1688 de
1506 1659 1598 1687 domo.
1625 1659 1737 1687 sedebat

939 1704 1017 1724 secus
1033 1704 1117 1724 mare.
1135 1697 1167 1723 Et
1182 1702 1367 1724 convenerunt
1384 1696 1417 1724 ad
1436 1704 1497 1723 eum
1513 1696 1607 1724 turbae
1624 1695 1735 1723 inultae.

939 1733 974 1759 ita
991 1737 1020 1759 ut
1042 1732 1192 1760 naviculam
1206 1733 1364 1760 ascenderet
1386 1732 1481 1759 sedere
1502 1736 1529 1759 et
1546 1732 1633 1759 omnis
1659 1732 1735 1759 turba

937 1768 1024 1802 stabat
1040 1768 1065 1795 in
1082 1768 1171 1796 litore.
1185 1774 1213 1794 et
1228 1767 1332 1795 locutus
1346 1772 1388 1795 est
1402 1768 1442 1795 eis
1456 1768 1538 1795 multa
1560 1768 1586 1794 in
1601 1768 1735 1802 parabolis

937 1800 1039 1831 dicens.
1066 1801 1136 1831 Ecce
1145 1804 1211 1831 exiit
1222 1804 1265 1837 qui
1281 1804 1396 1830 seminat
1406 1803 1552 1831 seminare.
1566 1800 1680 1830 Et'dum
1694 1812 1736 1830 se-

937 1840 1030 1866 minat.
1044 1840 1174 1874 quaedam
1185 1846 1200 1866 c
1215 1845 1228 1857 ε·
1242 1839 1399 1867 acciderunt
1419 1846 1497 1866 secus
1515 1840 1595 1866 viain.
1613 1843 1640 1866 et
1655 1846 1736 1865 vene-

937 1876 1130 1902 runtvolucres
1142 1879 1168 1902 et
1187 1875 1363 1902 comederunt
1374 1882 1418 1901 ea.
1431 1874 1491 1902 Alia
1506 1879 1593 1902 autem
1608 1881 1623 1899 c
1637 1878 1650 1892 ι
1664 1875 1735 1900 aet-i-

935 1910 1033 1938 derunt
1046 1910 1072 1937 iit
1089 1915 1206 1945 petrosa.
1222 1910 1266 1938 ubi
1282 1919 1335 1937 non
1349 1910 1464 1937 habebat
1479 1914 1577 1936 terram
1585 1909 1699 1945 inultam
1709 1914 1736 1936 ct

935 1947 1064 1973 continuo
1078 1944 1172 1973 exorta
1186 1951 1249 1973 sunt
1262 1947 1324 1980 quia
1338 1954 1391 1973 non
1409 1945 1545 1972 habebant
1567 1944 1734 1971 altitudinem

936 1986 1034 2009 terrae.
1048 1981 1111 2010 Sole
1125 1986 1216 2009 autem
1237 1986 1307 2008 orto.
1333 1984 1518 2008 estuaverunt.
1540 1985 1568 2007 et
1590 1981 1652 2014 quia
1681 1988 1733 2007 non

935 2016 1073 2045 habebant
1084 2018 1202 2044 radicem
1220 2021 1360 2044 aruerunt.
1378 2016 1435 2043 Alia
1462 2023 1552 2044 autem
1575 2016 1735 2042 ceciderunt

936 2052 964 2080 itt
974 2053 1071 2088 spinis.
1088 2060 1116 2080 et
1131 2053 1314 2080 ascenderunt
1328 2053 1421 2087 spinae
1432 2057 1459 2079 et
1471 2051 1675 2088 rsutl'ocaverunt
1691 2059 1733 2077 ea.

935 2086 997 2115 Alia
1012 2096 1076 2116 vero
1089 2096 1105 2116 c
1117 2088 1131 2107 ιι
1149 2089 1292 2116 eoiderunt
1309 2089 1334 2115 in
1345 2086 1455 2115 terram
1470 2087 1578 2116 bonam.
1594 2092 1620 2114 et
1635 2086 1735 2113 dabant

935 2123 1065 2152 fructum.
1090 2124 1162 2151 aliud
1191 2125 1380 2151 centesimum.
1414 2121 1485 2149 aliud
1520 2122 1732 2157 sexagesimum.

934 2160 1007 2186 aliud
1023 2165 1041 2187 tt
1049 2160 1202 2187 icesimum.
1215 2159 1264 2192 Qui
1278 2159 1357 2186 habet
1368 2166 1449 2186 attres
1469 2157 1597 2185 audiendi
1613 2158 1705 2184 audiat
1721 2163 1732 2176 ε

935 2195 971 2222 Et
985 2196 1148 2223 accedentes
1159 2196 1284 2230 discipuli
1297 2197 1357 2229 ejus
1367 2193 1675 2230 dixeruntciQuarein
1689 2200 1735 2230 pa-

936 2229 1038 2258 rabolis
1065 2232 1184 2266 loqueris
1211 2229 1262 2258 eis.
1289 2232 1328 2258 Ad
1355 2230 1401 2258 ille
1426 2229 1594 2266 respondens
1618 2229 1655 2266 ait
1671 2229 1732 2256 illis.

934 2266 1002 2299 Quia
1019 2265 1204 2294 vobisrdatum
1225 2273 1267 2294 est
1286 2274 1368 2294 nosse
1380 2265 1536 2301 mysterium
1554 2265 1629 2300 regni
1643 2266 1734 2301 caelo-

935 2309 1006 2329 rum.
1035 2302 1092 2330 illis
1116 2307 1205 2330 autem
1222 2310 1275 2330 non
1296 2308 1338 2330 est
1350 2300 1455 2330 datum.
1479 2300 1529 2334 Qui
1556 2302 1628 2328 enim
1655 2300 1736 2328 habet

934 2337 1043 2366 dabitur
1057 2339 1094 2367 ei.
1118 2344 1144 2366 et
1165 2338 1322 2367 abundabit.
1343 2338 1389 2374 qui
1413 2341 1503 2364 autetu
1527 2344 1582 2364 non
1599 2336 1689 2364 habet.
1708 2339 1736 2363 et

943 931 1036 952 semen
1049 931 1137 952 suum.

942 958 968 986 4.
991 959 1025 986 Et
1038 966 1098 986 cum
1114 961 1196 988 seml-

943 1000 999 1027 nat,
1015 995 1146 1030 quaedam

941 1030 1098 1058 ceciderunt
1110 1039 1156 1059 se-

941 1073 989 1094 cus
1009 1066 1088 1100 viam,
1103 1070 1131 1094 et

940 1106 1072 1129 venerunt
1083 1102 1158 1129 volu-

940 1145 1001 1165 cres
1016 1138 1094 1171 caeli,
1110 1143 1137 1165 ct

939 1173 1115 1200 comederunt
1128 1179 1170 1201 ea.

941 1208 968 1235 5.
995 1209 1132 1242 Quaedam
1149 1214 1239 1237 autem

939 1244 1096 1271 ceciderunt
1110 1245 1136 1272 in

941 1285 1047 1314 petros:t
1063 1281 1131 1313 loca;

938 1315 982 1343 ubi
998 1323 1050 1343 non
1066 1316 1147 1344 habe-

938 1350 1003 1379 bant
1019 1355 1118 1379 terram

937 1387 1048 1414 multam
1063 1394 1071 1419 ;
1086 1391 1113 1415 et
1126 1395 1192 1416 eou-

938 1423 1013 1449 tinno
1025 1423 1138 1451 exhorta

937 1462 1009 1490 sunt,
1026 1458 1088 1493 quia
1098 1466 1152 1486 non

938 1493 1072 1521 habebant

937 1529 1106 1558 altitudinem

434 2404 630 2443 VARIANTlElS
650 2409 841 2446 LEC’l‘lUNES
856 2416 990 2448 CODICIS
1008 2411 1066 2448 MS.
1085 2415 1113 2448 S.
1135 2413 1391 2448 GERMANENSIS.

114 2477 122 2491 ¹
141 2476 233 2501 exiit...
247 2481 320 2500 secus
548 2498 549 2501 η
583 2497 587 2501 .
641 2496 644 2500 .

112 2507 122 2522 ²
141 2509 176 2532 ita
189 2511 215 2532 ut
226 2508 251 2531 in
264 2506 398 2531 naviculam
410 2506 556 2532 ascenderet
568 2507 594 2531 et
605 2505 734 2532 sederet...

113 2537 124 2554 ³
140 2538 185 2569 qui
197 2539 300 2562 semimt
316 2538 449 2569 seminare.
462 2537 494 2562 Et
527 2568 530 2569 ν
561 2559 566 2569 ί

110 2570 121 2601 ξ
139 2568 267 2601 Quaedam
279 2572 361 2593 autem
370 2568 514 2593 ceciderunt
525 2568 550 2601 i_n
559 2568 611 2595 loca
622 2572 731 2601 petrosa,
743 2569 786 2595 ubi

111 2600 121 2632 ξ
139 2600 256 2624 continuo
266 2603 363 2631 exorta,
376 2602 436 2630 etc.,
446 2602 472 2624 tu
486 2599 598 2632 Vulgata.

111 2630 121 2645 ‘
139 2635 276 2656 creverunt

907 2501 917 2506 _
967 2477 977 2494 τ
994 2477 1083 2503 dabant
1093 2477 1208 2509 fructum,
1221 2477 1342 2509 quaedam

966 2509 977 2525 Β

966 2540 976 2556 ⁹
994 2512 1110 2565 :t'idlendi
1120 2557 1127 2571 ,
1140 2541 1232 2566 audiet.

967 2572 988 2588 ⁸ο
1005 2571 1038 2597 At
1050 2573 1105 2603 ipse
1117 2572 1271 2603 respondens
1281 2573 1316 2597 ait
1326 2571 1375 2597 illis
1388 2571 1467 2602 :Qula

952 2603 986 2619 ἰι
1005 2609 1077 2629 nosse
1089 2604 1232 2637 mysterium
1243 2604 1332 2635 regni:
1343 2604 1392 2629 illis

743 2663 929 2713 BLANcutNt
947 2684 1077 2715 ΝοτιΕι.

115 2729 129 2761 9
145 2734 163 2752 α
173 2725 201 2753 in
212 2726 386 2760 caeciderunl,
401 2727 510 2761 extrita,
524 2728 563 2756 uti
579 2731 606 2756 et
620 2727 699 2756 intra.

116 2760 132 2779 δ
148 2770 166 2788 a
180 2762 288 2790 extrita.

123 2803 134 2817 ε
152 2796 240 2826 [mea
258 2798 312 2828 iste
333 2801 376 2826 est
392 2802 492 2828 vacuus
504 2799 534 2827 in
543 2799 650 2834 codice;
663 2804 692 2829 et
707 2799 814 2829 videtur
824 2801 884 2845 qui;

935 2732 996 2760 dem
1014 2734 1049 2763 ibi
1066 2734 1173 2762 litteras
1186 2714 1281 2766 luisse,
1296 2732 1344 2761 sed
1358 2733 1458 2762 deletae
1476 2730 1585 2767 penitus
1599 2730 1672 2757 sntit.
1686 2733 1736 2755 nec

934 2769 1077 2804 vestigium
1093 2771 1176 2800 ullum
1192 2774 1326 2814 superest.

939 2819 943 2833 l
1143 2820 1145 2825 ι
1226 2826 1228 2829 ,

120 2857 162 2907 (Α)
184 2857 220 2898 ita
234 2875 262 2899 et
286 2870 347 2900 cod.
364 2855 443 2900 ea...
459 2852 576 2907 me...
586 2887 622 2894 -
639 2872 678 2911 (b)
697 2854 777 2903 Deest
790 2874 822 2903 de
833 2858 882 2914 itali

935 2873 996 2921 tiam
1008 2873 1034 2913 in
1047 2872 1107 2903 cod.
1121 2872 1198 2902 (iam.

987 2963 1054 2983 Α..
