3980 6192
580 158 686 215 225

961 282 1193 339 CODEX
1244 278 1793 338 VERCELLENSIS.

582 375 790 433 leretur
813 376 880 431 ab
900 391 987 432 eo.
1412 372 1725 428 audierunt.

584 448 673 503 15.
727 448 852 504 Ideo
882 448 932 502 in
962 461 1188 517 paravo-
1416 444 1504 499 18.
1539 444 1648 517 Vos
1672 458 1802 517 ergo
1830 443 1984 500 audi—

586 519 655 575 lis
683 519 873 590 loquor
903 515 1009 576 illis
1032 536 1047 574 :
1417 525 1467 570 te
1495 515 1808 590 parabolam

584 600 644 646 ut
673 586 918 646 videntes
1414 586 1754 641 seminantis.

584 675 692 717 non
718 660 959 727 videant,
1416 656 1505 730 19.
1549 658 1735 730 omnis
1758 658 1849 730 qui
1873 673 1969 714 au-

583 742 637 787 et
657 732 938 788 audientes
1415 728 1498 782 dit
1527 729 1752 783 verbum

583 818 691 858 non
722 801 961 858 audiant.
1412 800 1589 869 regni,
1610 808 1665 855 et
1695 815 1803 855 non

582 873 672 930 14.
729 873 795 930 Et
823 883 954 930 tunc
978 872 1150 944 inple-
1414 869 1700 944 intellegit,
1730 886 1823 926 ve-

582 953 672 1001 tur
701 946 934 1017 prephe-
974 1016 979 1017 γ
1035 941 1051 944 “
1419 941 1498 995 nit
1520 942 1731 1017 _malns_,
1763 951 1819 996 et

586 1056 603 1071 .
660 1056 675 1071 .
703 1015 716 1017 ⁷
740 1058 752 1070 .
802 1015 833 1069 a
860 1015 1053 1072 Eseiae
1078 1017 1263 1074 dicen-

586 1087 696 1158 tis:
724 1086 802 1158 (b)
830 1086 975 1142 Vade
1004 1086 1091 1142 dic
1123 1104 1219 1158 po-

584 1157 713 1227 pqu
743 1157 866 1212 huic
886 1158 928 1228 ἰ-
958 1175 973 1220 ;
1014 1157 1145 1215 aure

583 1228 836 1293 audietis,
870 1240 924 1283 et
950 1245 1057 1285 non

584 1300 675 1354 15.
728 1300 1070 1371 intellegetis.
1104 1298 1189 1357 ln-

584 1384 765 1425 crassa
796 1386 892 1426 COI‘

584 1441 767 1511 populi
794 1442 983 1512 hujus,

582 1527 761 1579 aures,
786 1522 840 1568 et
861 1528 990 1569 ocu-

581 1583 663 1638 los
691 1599 880 1639 eorum

580 1669 743 1723 grava
777 1674 790 1708 :
820 1670 890 1711 ne
917 1670 1088 1725 quan-

581 1724 652 1779 do
677 1735 998 1781 convertan-

582 1806 692 1863 tur,
715 1804 771 1851 et
795 1810 983 1851 sanem

583 1865 674 1921 16.
715 1881 829 1922 eos.
865 1867 1053 1922 Vestri

582 1947 760 1992 autem
793 1938 933 1993 beati
960 1952 1022 1993 o-

579 2007 687 2063 culi
714 2008 806 2078 qui
827 2009 1032 2076 vident,

581 2088 637 2135 et
665 2094 822 2151 aures
845 2095 985 2151 quae

578 2150 822 2206 audiunt.

581 2223 670 2275 17.
704 2224 876 2277 Amen
904 2221 1025 2277 dico
1051 2236 1148 2279 vo-

580 2292 685 2358 bis,
716 2294 859 2365 quod
892 2295 1032 2349 mul-

580 2365 617 2417 tl
649 2365 941 2434 prophetae

577 2443 633 2490 et
652 2435 783 2505 justi
813 2436 999 2506 cupie—

577 2516 701 2561 runt
725 2507 910 2562 videre

577 2592 716 2645 quae
744 2577 958 2642 videtis,

575 2658 631 2703 et
658 2662 763 2702 non
796 2649 983 2703 audie-

576 2728 735 2785 runt;
770 2730 825 2774 et
851 2736 950 2774 au-

575 2790 696 2845 dire
723 2806 863 2861 quae
885 2806 983 2845 au-

575 2860 705 2917 ditis
728 2860 753 2928 ,
772 2872 827 2917 et
855 2878 965 2917 non

1415 1014 1557 1082 rapit
1581 1012 1726 1083 quod
1750 1027 1838 1067 se-

1417 1086 1682 1138 minatum
1709 1093 1794 1138 est

1418 1154 1470 1209 in
1498 1153 1665 1210 corde
1690 1154 1795 1209 illi-

1421 1240 1484 1280 us
1514 1243 1527 1280 :
1557 1224 1648 1279 hic
1673 1225 1868 1295 estqui

1418 1310 1578 1351 secus
1607 1296 1747 1351 viam

1420 1368 1718 1422 seminatus

1416 1437 1508 1494 20.
1538 1447 1639 1493 est.
1671 1437 1777 1507 Qui
1816 1446 1997 1494 autem

1417 1522 1575 1579 supra
1601 1519 1751 1579 petra

1417 1581 1712 1636 seminatus

1417 1661 1523 1717 est,
1550 1653 1637 1707 hic
1655 1661 1760 1717 est,
1785 1654 1875 1722 qui

1417 1724 1642 1778 verbum
1667 1740 1762 1779 au«

1416 1794 1518 1860 dit,
1550 1803 1607 1850 et
1634 1796 1807 1850 conti-

1418 1881 1527 1920 nuo
1556 1882 1677 1921 cum
1700 1882 1832 1937 gau—

1416 1938 1507 1991 dio
1532 1939 1729 2008 accipit
1758 1937 1821 1992 il-

1415 2009 1505 2062 21.
1537 2009 1646 2062 lum
1676 2026 1688 2062 :
1714 2009 1811 2065 sed
1839 2025 1946 2066 non

1324 2142 1329 2145 τ
1414 2078 1579 2135 habet
1608 2081 1659 2134 in
1689 2097 1748 2135 se
1769 2096 1855 2134 ra—

1413 2150 1613 2223 dicem,
1642 2152 1736 2206 sed
1758 2162 1843 2208 est

1413 2223 1747 2293 temporalis.

1414 2292 1577 2347 Facta
1608 2301 1789 2349 autem
1822 2292 1919 2349 tri-

1411 2363 1687 2420 bulatione
1721 2366 1792 2436 (c)
1814 2365 1903 2420 vel
1927 2364 1969 2435 -ι-

1411 2436 1790 2505 persecutione

1412 2516 1634 2576 propter
1661 2523 1784 2562 ver-

1414 2578 1562 2641 bum,
1592 2578 1851 2634 continuo

1412 2649 1833 2703 scandalizatur.

1410 2719 1501 2773 22.
1545 2720 1649 2785 Qui
1671 2728 1849 2774 autem
1878 2720 1932 2774 in

1409 2792 1584 2861 spinis
1612 2790 1848 2846 semina-

1411 2871 1518 2930 tur,
1551 2861 1638 2918 hic
1661 2871 1768 2930 est,
1790 2862 1881 2934 qui

1003 2981 1237 3039 CODEX
1264 2980 1735 3039 CORBEIENSIS.

576 3082 631 3129 et
659 3074 801 3146 qttod
826 3074 987 3131 habet
1006 3075 1282 3131 auferetur
1308 3076 1377 3129 ab
1403 3090 1488 3132 eo.
1547 3075 1562 3106 ¹
1613 3074 1843 3145 Propter
1870 3072 1975 3128 hoc
1998 3072 2052 3127 in
2085 3086 2172 3141 pa-

577 3146 778 3201 rabolis
805 3147 996 3216 loquor
1024 3148 1130 3203 illis
1160 3166 1172 3200 :
1207 3157 1265 3201 ut
1288 3147 1535 3202 videntes
1568 3162 1674 3202 non
1701 3146 1954 3210 videant,
1985 3152 2042 3199 et
2078 3159 2175 3197 au-

577 3216 789 3271 dientes
844 3220 866 3248 ²
910 3232 1020 3271 non
1076 3219 1334 3281 audiant,
1367 3233 1540 3286 neque
1576 3216 1895 3285 intelligant.
1927 3216 1995 3269 Et
2024 3224 2172 3286 tunc

579 3287 893 3354 implebltur
924 3290 974 3340 in
1008 3288 1112 3341 illis
1156 3284 1674 3357 prepltetia’Esaiae
1713 3284 1949 3340 dicentis
1983 3284 2172 3341 :Vade

584 3365 642 3410 et
660 3357 747 3410 dic
773 3358 969 3425 populo
988 3358 1108 3411 huic
1125 3375 1140 3423 ;
1156 3360 1177 3389 ³
1197 3374 1326 3411 aure
1350 3359 1602 3420 audietis,
1626 3366 1681 3411 et
1702 3371 1806 3411 non
1832 3357 2169 3426 intelligetis:

584 3436 639 3480 et
676 3427 920 3482 videntes
967 3427 989 3457 ’⁵
1042 3444 1146 3482 non
1188 3428 1461 3483 videbitis.
1494 3428 1854 3482 Incrassatum
1896 3437 1980 3481 est
2031 3429 2174 3481 enini

581 3512 678 3550 cor
720 3499 901 3567 populi
935 3498 1125 3566 hujus,
1162 3510 1217 3554 ct
1254 3500 1473 3553 auribus
1540 3499 1775 3568 graviter
1813 3498 2102 3553 audierunt
2133 3500 2175 3563 ⁵,

587 3576 643 3621 et
669 3568 858 3622 oculos
882 3584 1010 3622 suos
1037 3571 1314 3625 cluserunt
1348 3588 1362 3623 :
1391 3570 1677 3637 nequando
1704 3571 1874 3624 oculis
1912 3570 2129 3625 videant
2160 3610 2175 3633 ,

586 3649 642 3691 et
667 3639 887 3694 auribus
914 3640 1135 3695 audiant
1161 3684 1176 3706 ,
1216 3650 1269 3695 et
1306 3641 1473 3695 corde
1500 3641 1837 3710 intelligant,
1870 3650 1925 3695 et
1953 3654 2179 3694 conver-

586 3719 790 3775 tantur,
819 3719 872 3763 et
902 3726 1086 3765 sanem
1120 3727 1232 3766 eos.
1268 3711 1442 3766 Vestri
1472 3722 1651 3765 autent
1704 3712 1843 3765 beati
1878 3712 2018 3765 oculi
2048 3711 2068 3741 ⁸
2089 3712 2177 3778 qui

585 3780 786 3852 vident,
848 3793 902 3835 et
952 3798 1112 3838 aures
1163 3793 1375 3838 vestrae
1425 3798 1562 3852 quae
1589 3782 1831 3836 audiunt.
1854 3782 2028 3837 Amen
2059 3782 2181 3837 dico

584 3851 739 3924 vobis
772 3894 787 3915 ,
829 3854 951 3919 quia
995 3855 1151 3909 inulti
1228 3851 1522 3924 prophetae
1587 3862 1644 3908 et
1706 3853 1839 3922 juSIi
1897 3855 2181 3922 cupierunt

584 3922 771 3978 videre
821 3938 959 3994 quae
998 3927 1017 3955 ⁷
1070 3922 1285 3989 videtis,
1318 3922 1372 3980 et
1421 3940 1525 3979 non
1572 3925 1870 3987 viderunt;
1906 3936 1959 3978 et
1991 3924 2183 3980 audire

584 3997 761 4061 quae"
789 3996 1010 4058 auditis,
1042 4007 1094 4051 et
1126 4013 1230 4050 non
1264 3995 1569 4052 audierunt.
1599 3996 1706 4050 Vos
1732 4011 1863 4065 ergo
1885 3995 2067 4049 audite
2089 4010 2183 4064 pa-

586 4065 833 4120 rabolam
861 4069 1203 4122 seminantis.
1238 4068 1425 4122 Untnis
1454 4069 1544 4136 qui
1582 4067 1731 4120 audit
1754 4068 1980 4120 verbum
2008 4067 2178 4136 regni,

585 4145 640 4191 et
669 4151 776 4191 non
804 4137 1077 4208 intelligit,
1103 4141 1251 4194 venit
1274 4140 1487 4205 malus,
1523 4148 1578 4194 et
1604 4140 1745 4206 rapit
1772 4138 1917 4206 quod
1949 4141 2184 4192 semina-

588 4217 700 4261 tuttt
733 4217 818 4262 est
846 4210 898 4264 in
928 4211 1097 4265 corde
1122 4214 1239 4278 ejus
1271 4227 1285 4263 :
1321 4211 1405 4264 hic
1428 4218 1513 4264 est
1541 4209 1635 4279 qui
1662 4223 1821 4265 secus
1850 4210 1991 4262 viam
2015 4209 2182 4263 senti-

586 4288 747 4351 natus
790 4291 894 4335 est.
951 4281 1052 4348 Qui
1082 4292 1263 4337 autem
1290 4297 1453 4351 super
1481 4292 1698 4349 petrosa
1729 4280 2031 4334 seminatus
2076 4289 2182 4345 est,

587 4348 676 4403 hic
703 4362 809 4416 est,
830 4352 921 4421 qui
949 4353 1172 4408 verbum
1203 4348 1389 4419 audit',
1438 4348 1494 4407 et
1527 4352 1786 4406 continuo
1826 4366 1949 4405 cum
1988 4351 2185 4419 gaudio

588 4423 609 4452 θ
633 4423 839 4490 accepit
868 4423 996 4478 illud
1024 4443 1037 4478 :
1065 4440 1171 4477 non
1200 4424 1360 4478 habet
1383 4425 1434 4478 in
1457 4438 1518 4478 se
1542 4423 1803 4485 radicem,
1826 4421 1924 4476 sed
1949 4429 2034 4476 est
2050 4433 2187 4475 tem-

590 4492 816 4558 poralis.
851 4492 1014 4548 Facta
1046 4508 1225 4550 autem
1261 4495 1612 4549 tribulatione
1656 4501 1710 4547 et
1763 4494 2186 4563 persequutione

592 4571 814 4631 propter
842 4566 1065 4620 verbum
1089 4608 1103 4628 .
1136 4568 1398 4621 continuo
1420 4562 1839 4620 scandalizatur.
1868 4562 1974 4631 Qui
2004 4574 2183 4620 autem

591 4632 635 4665 ¹⁰
661 4643 744 4689 est
764 4636 1061 4691 seminatus
1087 4639 1140 4693 in
1170 4639 1363 4708 spinis,
1385 4637 1473 4693 hic
1498 4645 1613 4699 est,
1639 4635 1733 4707 qui

1108 161 1379 223 EUSEBll
1416 158 1759 218 VERCELL.
1802 157 2253 217 EVANGELIUM
2288 156 2433 218 CUM
2476 158 2702 218 VARIIS
2738 158 2892 217 COD.
2933 159 3328 219 COLLATUM.
3746 160 3829 217 Ἧι

2711 279 2942 335 CODEX
2980 279 3434 337 VERONENSIS.

2275 376 2549 431 auferetur
2577 375 2644 430 ab
2670 389 2759 431 eo.
2986 407 3002 435 ι
3106 386 3161 430 et
3186 376 3315 443 justi
3341 374 3626 443 cupierunt
3644 375 3804 432 videre

2281 447 2368 502 15.
2402 446 2526 501 Ideo
2554 462 2659 501 non
2692 447 2745 501 in
2777 460 2871 515 pa-
2916 514 2923 517 Α
2964 514 2971 517 Α
3111 462 3252 517 quae
3280 445 3505 513 vidistis,
3530 453 3584 501 et
3610 462 3711 502 non

2277 518 2482 590 rabolis
2509 517 2702 589 loquor
2723 518 2830 590 illis
2862 536 2876 572 :
2904 514 2982 588 (a)
3108 514 3394 590 viderunt;
3423 525 3477 590 et
3504 518 3688 575 audire
3721 534 3833 590 quae

2277 600 2335 643 ut
2360 588 2610 644 videntes
2633 602 2740 643 non
2762 588 2841 642 vi—
3111 604 3210 643 vos
3238 588 3486 657 audistis,
3511 597 3566 643 et

2277 659 2461 725 deant,
2490 668 2545 714 et
2566 658 2850 715 audientes
3116 676 3223 715 non
3256 659 3559 714 audierunt.

2278 729 2593 795 audiant,et
2624 746 2728 784 non
2760 732 2842 786 in-
3112 732 3200 789 18.
3234 731 3344 786 Vos
3367 744 3495 798 ergo
3520 745 3615 785 au-

2281 802 2538 871 tellegant
2570 818 2583 853 :
2617 817 2685 856 ne
2712 800 2930 871 quando
3014 870 3021 871 7
3117 802 3227 857 dite
3254 801 3565 871 parabolam

2281 870 3038 940 M.convertatttur.Ettunc-j~
3116 874 3200 926 19.
3227 870 3565 927 seminantis.
3591 871 3711 928 Om-

2281 943 2335 998 in
2359 944 2464 997 illis
2493 959 2674 997 sermo
2702 943 2943 1011 Prophe-
3113 944 3196 998 nis
3219 943 3311 1011 (ιυί
3335 942 3485 997 audit

2282 1024 2371 1069 tae
2385 1013 2632 1086 dicentis
2654 1033 2666 1069 :
2686 1014 2762 1086 (b)
2784 1014 2936 1086 Vade
3113 1015 3340 1086 verbum
3370 1013 3523 1086 regni
3543 1052 3558 1076 ,

2280 1095 2349 1139 et~
2366 1085 2453 1139 dic
2480 1085 2681 1154 populo
2699 1084 2834 1140 huic
2856 1084 2935 1155 νιος
3115 1094 3171 1139 et
3196 1100 3303 1140 non
3331 1084 3631 1153 intellegit,

2279 1170 2409 1209 aure
2437 1156 2767 1219 audietis,et
2793 1172 2899 1210 non
3116 1157 3263 1212 venit
3290 1156 3487 1221 malus,
3516 1164 3571 1211 et

2282 1227 2609 1296 intellegetis
2640 1245 2653 1281 :
2685 1237 2739 1281 et
2782 1227 2971 1282 viden-

2281 1305 2363 1350 tes
2389 1298 2666 1363 videbitis,
2691 1308 2745 1353 et
2772 1313 2881 1353 non

2281 1370 2371 1423 15.
2404 1368 2677 1424 videbitis.
2710 1369 2983 1440 Ingrassa-

2283 1450 2394 1493 tum
2418 1447 2503 1493 est
2527 1441 2674 1495 enim
2704 1455 2800 1496 cor

2282 1511 2465 1580 populi
2494 1510 2682 1581 hujus,
2711 1522 2768 1567 et
2793 1526 2887 1567 au-

2284 1581 2432 1652 ribus
2459 1583 2571 1635 suis
2599 1584 2834 1652 graviter
2861 1598 2955 1637 au-

2281 1651 2519 1716 dierunt,
2550 1651 2816 1709 et’oeulos

2280 1737 2409 1777 suos
2434 1724 2798 1779 trravaberunt
2827 1743 2839 1777 :
2868 1739 2937 1779 ne

2280 1794 2496 1864 quando
2517 1794 2689 1848 oculis
2715 1794 2969 1863 videant,

2280 1875 2334 1918 et
2362 1864 2582 1918 auribus
2607 1865 2868 1933 audiant,

2280 1946 2337 1991 et
2360 1935 2528 1990 corde
2558 1937 2894 2008 intellegant,

2278 2018 2331 2061 οι
2361 2016 2770 2072 convertantur,
2795 2019 2852 2064 et

2279 2093 2463 2132 sanem
2512 2093 2627 2133 eos.
2673 2079 3037 2135 Incrassatum

2278 2158 2362 2219 est
2388 2148 2533 2204 enim
2561 2164 2658 2204 cor
2684 2151 2868 2219 populi

2279 2218 2439 2289 hujus
2467 2261 2480 2284 ,
2530 2230 2585 2274 et
2632 2218 2793 2277 aures
2846 2237 3037 2277 eorum

2276 2291 2523 2356 obstrue,
2553 2300 2608 2345 et
2638 2293 2825 2347 oculos
2853 2308 2945 2347 eo-

2278 2377 2394 2415 rum
2422 2376 2584 2431 grava
2610 2381 2622 2415 :
2653 2379 2720 2419 ne
2748 2363 2963 2432 quando

2275 2440 2686 2498 convertantur,
2716 2443 2771 2488 et
2799 2449 2983 2489 sanem

2276 2504 2398 2559 illos
2425 2503 2558 2559 dicit
2585 2505 2867 2560 Dominus.

2277 2576 2302 2628 1
2313 2575 2366 2629 6.
2380 2574 2553 2629 Vestri
2567 2584 2746 2631 autem
2762 2577 2904 2631 beati
2917 2591 3039 2631 ocu-

2275 2646 2309 2699 li
2333 2646 2424 2715 qui
2452 2645 2669 2712 vident,
2692 2656 2748 2702 et
2771 2662 2932 2703 aures

2275 2732 2414 2787 quae
2428 2718 2674 2772 audiunt.
3109 2720 3201 2773 22.
3242 2719 3346 2787 Qui
3367 2727 3552 2773 autem
3577 2719 3626 2772 in

2276 2789 2365 2843 17.
2396 2787 2569 2843 Amen
2591 2789 2712 2844 dico
2737 2804 2831 2845 νο-
3104 2790 3276 2859 ερὶηἰε
3301 2791 3599 2846 seminatus
3619 2794 3714 2855 est,

2278 2859 2379 2929 bis,
2396 2861 2538 2931 quod
2564 2862 2719 2917 multi
2739 2861 3033 2932 prophetae
3109 2861 3196 2917 hic
3217 2870 3324 2930 est,
3351 2862 3449 2934 qui

2740 2978 2972 3036 CODEX
2999 2978 3400 3036 BRIXIANUS.

2280 3071 2424 3141 quod
2453 3071 2618 3128 habet
2644 3072 2923 3128 auferetur
2950 3074 3019 3129 ab
3048 3088 3136 3128 eo.
3171 3073 3473 3143 Propterea
3511 3073 3562 3128 in
3590 3066 3830 3141 parabolis

2279 3144 2475 3219 loquor
2501 3145 2603 3199 eis.
2624 3144 2749 3219 quia
2776 3146 3022 3219 videntes
3043 3160 3163 3219 non
3172 3145 3357 3219 vident
3383 3154 3445 3219 et
3465 3146 3730 3219 audientes
3749 3153 3834 3219 non

2277 3216 2715 3291 audiuntneque
2735 3215 3079 3291 intellegunt.
3124 3216 3190 3291 Et
3214 3216 3513 3291 adimpleEl
3546 3224 3687 3270 retur
3708 3214 3754 3266 in
3772 3214 3837 3291 eis

2279 3285 2563 3355 prephetia
2594 3286 2768 3340 Esaize
2796 3285 3026 3342 dicentis
3068 3287 3254 3342 auditu
3286 3285 3542 3342 audietis.
3572 3297 3622 3340 et
3649 3298 3742 3338 non
3767 3285 3836 3355 iu-
3918 3323 3919 3329 η

2285 3351 2566 3424 tellegetis.
2598 3367 2652 3411 et
2680 3358 2926 3413 videntes
2947 3358 3219 3413 videbitis.
3254 3368 3307 3413 et
3336 3374 3447 3413 non
3488 3357 3738 3412 videbitis.
3767 3351 3836 3405 ln-

2283 3436 2583 3482 crassatum
2634 3438 2719 3483 est
2765 3430 2908 3484 enim
2969 3444 3064 3484 cor
3096 3429 3277 3499 pepuli
3328 3430 3513 3498 hujus.
3547 3441 3597 3481 et
3644 3424 3839 3480 auribus

2283 3499 2523 3568 graviter
2550 3501 2855 3554 audierunt.
2890 3511 2943 3556 et
2964 3501 3153 3555 oculos
3182 3516 3312 3555 suos
3329 3502 3839 3568 clusertntt.nequat_t-

2284 3564 2355 3623 do
2381 3570 2552 3625 oculis
2585 3571 2800 3625 videant
2830 3584 2884 3626 et
2934 3571 3156 3626 auribus
3185 3572 3429 3625 audiant.
3454 3579 3507 3626 et
3527 3569 3683 3624 corde
3706 3564 3839 3619 intel-

2285 3641 2490 3709 legant.
2524 3650 2579 3695 et
2604 3651 3011 3698 eoatvertantur.
3037 3655 3090 3696 et
3122 3658 3308 3697 sanem
3340 3658 3458 3697 eos.
3490 3641 3661 3696 Vestri
3686 3646 3838 3709 autem

2285 3712 2426 3766 beati
2457 3713 2597 3784 oculi
2618 3714 2740 3784 quia
2764 3715 3036 3769 vident.et
3064 3729 3223 3767 aures
3248 3724 3469 3767 vestrae
3486 3714 3606 3783 quia
3624 3708 3835 3784 audiunt.

2285 3784 2458 3865 Anien
2491 3783 2822 3865 dico‘vnbis.
2854 3786 2979 3855 quia
3010 3784 3167 3865 multi
3205 3784 3491 3865 prophetae
3520 3796 3573 3865 et
3598 3783 3842 3865 jnstizcn:

2286 3854 2506 3924 pierunt
2539 3855 2723 3909 videre
2754 3854 2892 3924 quae
2921 3872 3019 3911 vos
3059 3854 3276 3910 videtis.
3310 3854 3359 3910 et
3388 3873 3497 3909 tton
3524 3855 3758 3908 viderunt
3793 3856 3837 3898 cl

2284 3925 2474 3980 audire
2499 3942 2636 3995 quae
2654 3942 2745 3980 vos
2776 3928 2990 3981 auditis.
3025 3937 3079 3982 et
3111 3944 3217 3981 non
3249 3926 3558 3981 audierunt.
3592 3924 3692 3976 Vos
3711 3931 3840 3986 ergo.

2286 3997 2469 4051 audite
2512 3994 2824 4067 parabolam
2855 3999 3199 4053 seminantis.
3228 4000 3422 4052 Omnis
3456 3999 3545 4065 qui
3575 3994 3716 4049 audit
3744 4004 3845 4067 ver-

2286 4067 2425 4139 bunt
2463 4066 2635 4138 regni.
2684 4080 2737 4123 et
2765 4085 2870 4124 non
2915 4070 3206 4139 intellegit.
3249 4073 3396 4123 venit
3426 4070 3617 4123 malus.
3648 4073 3698 4139 et
3723 4066 3845 4127 rapll

2287 4138 2432 4206 quod
2462 4137 2786 4193 setninatum
2816 4152 2901 4196 est
2929 4144 2982 4196 in
3009 4137 3176 4195 corde
3202 4144 3339 4209 ejus.
3372 4141 3459 4195 hic
3480 4148 3562 4194 est
3589 4137 3672 4207 qui
3705 4144 3839 4210 secus

2287 4209 2428 4262 viam
2457 4212 2757 4266 seminatus
2800 4222 2903 4267 est.
2932 4213 3033 4279 Qui
3063 4223 3241 4266 autem
3277 4226 3441 4280 supra
3466 4219 3673 4280 petrosa
3701 4209 3836 4257 semi-

2290 4289 2449 4347 natus
2474 4291 2577 4336 est.
2612 4283 2700 4336 hic
2720 4294 2803 4337 est
2829 4285 2917 4351 qui
2949 4284 3173 4337 verbum
3202 4282 3233 4321 ι)
3262 4298 3440 4337 meum
3469 4280 3617 4335 audit
3649 4286 3699 4330 et
3737 4286 3845 4352 con—

2288 4353 2595 4425 tinuoicum
2621 4355 2818 4422 gaudio
2849 4356 3045 4423 accipit
3085 4353 3375 4425 illndanon
3402 4353 3563 4407 habet
3592 4357 3769 4425 autem
3797 4358 3840 4395 ιιι

2286 4438 2348 4479 se
2374 4416 2728 4480 radicemsed
2761 4436 2844 4481 est
2868 4416 3200 4494 temporalis.
3227 4424 3360 4479 Cum
3398 4435 3577 4478 autem
3601 4416 3845 4494 lacta_lne—

2288 4496 2359 4549 rit
2404 4496 2684 4569 tribulatio
2714 4498 2794 4569 (ε)
2826 4498 2907 4551 vel
3038 4497 3357 4569 persecutio
3392 4504 3612 4569 propter
3650 4487 3845 4564 verbum

2287 4566 2548 4621 continuo
2568 4566 2988 4623 scandalizatur.
3017 4568 3119 4635 Qui
3142 4576 3323 4623 autem
3347 4567 3398 4623 in
3422 4566 3591 4638 Spinis
3611 4570 3691 4618 est
3708 4570 3849 4612 senu-

2292 4647 2451 4692 natus
2478 4638 2565 4693 hic
2604 4647 2687 4694 est
2710 4640 2803 4709 qui

3114 1228 3254 1297 rapit
3280 1227 3423 1298 quod
3454 1225 3613 1281 semi-

3116 1306 3300 1353 natum
3323 1306 3407 1353 est
3432 1298 3484 1351 in

3112 1369 3279 1426 corde
3301 1369 3483 1424 illius:
3506 1367 3593 1422 hic

3112 1441 3305 1510 estqui
3339 1455 3500 1495 secus

3113 1512 3253 1565 viam
3285 1512 3583 1567 seminatus
3610 1516 3705 1564 est.

3111 1582 3203 1637 ‘20.
3233 1582 3337 1650 Qui
3362 1590 3542 1636 autem
3563 1596 3647 1635 su-

3114 1668 3211 1723 pra
3240 1663 3458 1722 petrosa
3490 1653 3567 1708 lo-

3115 1739 3179 1779 ca
3207 1724 3510 1779 seminatus

3114 1802 3216 1855 est,
3241 1795 3331 1850 hic
3360 1802 3469 1858 est,
3502 1794 3590 1864 qui

3113 1866 3340 1921 verbum
3361 1865 3533 1929 audit,
3559 1874 3611 1921 et

3112 1938 3369 1992 continuo
3406 1950 3532 1991 cum
3571 1934 3745 2007 gaudio

3112 2007 3307 2078 accipit
3338 2007 3473 2063 illud
3500 2026 3512 2061 :

3110 2080 3203 2135 21.
3244 2078 3339 2133 sed
3368 2094 3480 2133 non
3509 2078 3661 2134 habet

3113 2151 3167 2205 in
3195 2165 3255 2205 se
3283 2149 3522 2204 radicem
3548 2190 3561 2212 .

3110 2221 3205 2277 sed
3242 2229 3327 2276 est
3349 2230 3621 2291 tempora-

3111 2293 3195 2347 lis.
3240 2292 3407 2347 Facta
3445 2301 3620 2347 autem

3112 2364 3467 2419 tribulatione
3498 2360 3570 2433 (c)

3113 2436 3198 2490 vel
3243 2434 3284 2505 ἰ-
3314 2435 3646 2503 persecutio-

3112 2521 3181 2576 ne
3219 2515 3447 2576 propter
3472 2520 3589 2559 ver-

3113 2575 3265 2643 bum,
3306 2577 3569 2631 continuo

3110 2648 3571 2704 scandalizantur.

1276 4751 1673 4809 VARIANTES
1709 4750 2097 4809 LECTIONES
2134 4751 2404 4811 CODICIS
2440 4754 2547 4810 MS.
2590 4754 2648 4811 S.
2691 4754 3201 4813 GERMANENSIS.

652 4839 668 4871 1
706 4839 891 4871 Lini-nn
911 4844 924 4871 ἃ

652 4839 668 4871 ,
793 4842 803 4854 .
913 4844 924 4855 .

588 4838 927 5016 Eli-£13313:
932 4857 1000 4955 [et
1032 4917 1131 4955 non
1169 4905 1486 4971 intellegant;
1526 4908 1787 4971 nequando
1809 4912 2177 4960 convertantur.

631 4976 651 5016 t
667 4972 783 5014 tunc

652 5027 675 5058 ⁸
706 5027 874 5077 auditu
898 5028 1113 5079 audietis

652 5088 675 5158 ξ
710 5089 952 5158 videbitis,
979 5098 1145 5142 etnon
1170 5094 1432 5158 aspicietis.
1459 5094 1789 5158 Ingrassatum
1814 5103 1890 5146 est
1910 5106 1997 5146 cor

652 5153 674 5183 ⁸
708 5152 997 5216 audierunt;
1034 5167 1099 5205 ne
1121 5152 1316 5219 quando

2350 4847 2372 4913 ἢ
2404 4849 2520 4910 quia
2543 4848 2740 4913 vident,
2767 4856 2820 4898 et
2841 4862 2989 4913 aures
3012 4862 3140 4913 quae

2347 4911 2370 4975 ’ζ
2409 4922 2497 4975 vos
2510 4910 2715 4975 rvidetis,
2728 4910 2796 4961 et
2814 4910 2987 4961 audire

2350 4972 2373 5003 ⁸
2406 4972 2630 5030 audistis,

2350 5034 2582 5098 {accipit
2604 5035 2720 5085 illud
2744 5035 2860 5086 :sed
2883 5047 2978 5085 non

2354 5096 2398 5127 ⁸ο
2432 5097 2484 5147 in
2504 5096 2659 5161 Spinis
2680 5101 2949 5149 seminatur

1918 5239 2287 5299 BLANCHINI
2323 5243 2556 5302 NOTAE.

665 5337 692 5367 α
726 5330 1004 5410 Duteillae
1029 5332 1227 5391 littera:
1246 5352 1326 5403 re,
1355 5334 1409 5393 in
1439 5338 1832 5410 adimpleretur,
1873 5336 1983 5393 lita:
2008 5343 2137 5393 sunt
2160 5351 2191 5391 a

498 5416 501 5419 λ
598 5398 820 5459 librario
842 5398 1394 5476 lineolatransver'sa.

2367 5340 2395 5379 ιι
2436 5341 2705 5398 Particnla
2735 5341 2848 5410 illa,
2879 5358 3068 5411 meum,
3104 5341 3299 5399 extrita
3326 5350 3431 5398 est.

663 5544 858 5624 (a)]ta
879 5554 935 5624 et
953 5546 1076 5624 cod.
1107 5556 1253 5603 cant.
1280 5550 1662 5624 't'vaﬁlérrov‘rrc
1683 5552 2028 5624 priﬁlémoqt,
2062 5548 2443 5624 zaiﬁxedovrsc
2463 5551 2535 5620 μὴ
2562 5544 2773 5624 zodiaci,
2796 5549 2879 5602 καὶ
2906 5551 2976 5624 μὴ
3003 5549 3260 5624 ,ἁσςυηῶσθ
3286 5551 3355 5619 μή
3382 5540 3852 5624 ποςτεέπισρέψωσγ

600 5615 823 5696 mirere
853 5620 1247 5696 πληρωθήσεται
1268 5615 1731 5696 acui-concinitet
1763 5615 1994 5696 Vercell.
2026 5650 2098 5661 —
2125 5618 2177 5687 (b

2283 5619 2395 5696 dd_it
2421 5615 2549 5672 vitae
2573 5628 2619 5696 et
2664 5618 2746 5671 dic
2776 5615 2966 5688 papula
2993 5618 3140 5684 huic;
3176 5615 3338 5674 etiam
3358 5617 3477 5672 cod.
3507 5615 3663 5673 Cant.
3690 5615 3854 5685 πορεύσ

599 5694 715 5747 θητι
743 5710 831 5743 και
852 5688 971 5744 εἰπὲ
986 5698 1059 5760 τῷ
1080 5692 1186 5760 λαῷ
1213 5692 1381 5762 τούτῳ
1400 5733 1416 5761 ,
1448 5706 1515 5747 ex
1545 5692 1725 5750 Esaia.
1753 5721 1823 5734 -—
1852 5691 1924 5761 (ο)
1950 5690 2026 5748 Ita
2050 5701 2106 5748 et
2134 5700 2179 5747 te

2283 5706 2311 5747 s
2328 5689 2549 5746 Graecus
2569 5688 2620 5747 ἥ.
