3980 6192
137 267 230 322 2'25

456 379 690 438 CODEX
746 377 1283 440 VERCELLENSIS.

135 479 326 535 verbum
348 492 428 532 au-
903 478 1165 534 crevisset
1190 477 1315 533 her-

133 551 216 614 dit,
245 559 294 605 et
315 546 488 604 sollici—
904 548 994 614 ba,
1012 559 1066 604 et
1087 548 1317 604 fructum

135 622 295 676 tudine
315 634 477 674 saecu-
886 619 1140 684 ‘fecisset,
1169 631 1294 674 tunc

902 689 1420 817 iipafiﬁi‘iiigm‘

132 693 184 757 li,
206 702 253 747 et
274 691 481 744 volunta-

132 773 198 819 tes
219 762 485 817 divitiarum
506 800 522 826 ,

130 833 318 889 suﬂ‘ocat
335 847 443 887 ver—
905 841 1094 888 serunt
1126 841 1306 888 autem

130 921 250 971 vum,
269 915 312 959 et
333 901 519 958 infruc—
907 905 1051 959 servi
1081 905 1250 973 patris

131 986 280 1030 tuosus
305 973 374 1028 ﬁt.
907 975 1164 1037 familias,
1193 983 1246 1030 et
1273 974 1357 1029 di-

131 1048 204 1102 23.
226 1046 310 1114 Qui
328 1059 443 1101 vero
469 1044 525 1100 in
560 1052 678 1101 ter-
907 1055 1104 1101 xerunt
1131 1047 1178 1100 ei
1205 1063 1217 1097 :
1251 1045 1478 1101 Domine
1494 1083 1510 1109 ,

128 1134 218 1174 ram
241 1119 408 1172 bonam
904 1133 1086 1172 nonne
1113 1117 1312 1172 bonum

127 1189 374 1245 seminatus
905 1202 1090 1245 semen
1118 1190 1281 1242 semi-

907 1259 1046 1330 nasti
1068 1258 1127 1330 in
1155 1273 1286 1330 agro

909 1329 1034 1384 tuo?
1058 1329 1215 1386 Unde
1242 1345 1330 1385 er-

941 1415 975 1454 o
1002 1401 1167 1456 habet
1198 1402 1341 1455 ziza-

128 1270 208 1327 est,
230 1259 302 1313 hic
323 1268 422 1326 est,
447 1261 539 1329 qui

125 1332 243 1386 audit
260 1331 451 1386 verbum
471 1374 486 1397 ,

127 1413 169 1457 et
191 1402 451 1472 intellegit,
487 1399 568 1470 (a)

127 1481 223 1527 tunc
243 1472 277 1542 -ιν
303 1469 527 1527 fructum
552 1469 557 1470 7
903 1469 994 1526 28.
1039 1472 1172 1526 nia?
1206 1474 1271 1526 Et
1295 1472 1371 1526 ait
1396 1469 1507 1526 illis
1537 1485 1551 1523 :

123 1542 304 1607 adferet,
326 1553 378 1599 et
400 1544 475 1598 fa-
903 1543 1158 1599 Inimicus
1188 1542 1286 1597 ho-

123 1615 180 1668 cit
196 1614 304 1668 aliut
328 1616 440 1683 qui-
905 1629 994 1668 mo
1024 1613 1295 1669 fecithoc.
1329 1611 1402 1683 (c)

120 1685 215 1739 dem
239 1683 289 1739 C.
318 1694 370 1742 et
395 1685 531 1740 aliut
903 1684 1100 1741 Dicunt
1124 1694 1149 1721 ⁸
1180 1694 1235 1740 et
1262 1700 1378 1740 ser-

118 1757 485 1826 sexagesimum,
904 1756 952 1810 vi
995 1755 1036 1826 -ι-
1063 1797 1078 1820 ,
1107 1754 1200 1810 Vis
1221 1797 1237 1822 ,
1267 1756 1407 1811 imus
1427 1798 1441 1821 ,

119 1828 220 1880 aliut
244 1844 336 1882 xxx
903 1835 960 1881 et
983 1827 1288 1896 colligimus

114 1895 183 1950 24.
211 1899 364 1954 Aliam
391 1910 625 1968 paravo-
903 1898 994 1954 29.
1023 1913 1085 1954 ea
1103 1895 1133 1950 ‘f
1153 1898 1300 1952 Dixit
1318 1897 1400 1954 eis
1423 1914 1437 1952 :

115 1968 196 2022 lam
215 1971 469 2040 proposuit
901 1969 1018 2024 Non
1045 1987 1058 2022 :
1092 1985 1160 2024 ne
1185 1969 1324 2025 forte

112 2040 222 2107 illis,
250 2041 456 2096 dicens:
905 2041 1227 2110 colligentes

110 2110 264 2167 Simile
287 2122 366 2184 est
389 2128 511 2184 reg-
905 2111 1130 2184 zizania,
1159 2127 1282 2184 era-7

111 2197 207 2235 num
229 2183 397 2238 caelo-
461 2182 476 2184 ’
904 2183 1096 2238 dicetis
1135 2182 1218 2252 (ά)
1247 2183 1406 2237 simul

108 2268 198 2307 rnm
217 2252 377 2309 homi-
904 2263 957 2308 et
984 2253 1037 2324 ἰι
1051 2255 1307 2308 triticum.

109 2325 176 2387 ni,
199 2325 278 2394 qui
302 2326 458 2382 semi-
904 2324 992 2382 50.
1019 2325 1126 2381 Sed
1155 2325 1317 2381 sinite
1347 2331 1498 2380 utra-

108 2397 222 2450 navit
237 2398 419 2451 bonum
901 2411 1007 2464 qne
1037 2410 1287 2450 crescere

106 2480 252 2537 semen
278 2469 325 2522 in
349 2483 406 2522 a—
784 2516 792 2522 κ
902 2481 1071 2537 usque
1101 2467 1166 2520 ad
1191 2482 1336 2523 mes-

106 2536 173 2589 25.
209 2554 292 2608 gro
317 2554 428 2595 suo.
457 2540 602 2596 Cum
902 2536 1040 2605 sem,
1067 2545 1123 2592 et
1151 2538 1204 2592 in
1237 2547 1375 2594 tem-

109 2617 249 2664 autem
276 2609 467 2666 dormi-
902 2623 1034 2677 pore
1058 2609 1256 2665 messis

104 2691 197 2733 rent
215 2679 372 2736 bomi-
902 2680 1077 2734 dicam
1106 2694 1312 2735 messo-

105 2751 184 2814 nis,
203 2754 328 2806 venit
351 2754 448 2808 ini-
901 2751 1084 2822 ribus:
1105 2751 1331 2822 Colligi-

103 2822 241 2878 iniens
260 2824 371 2894 ejus
393 2866 408 2890 ,
903 2831 952 2894 te
978 2821 1212 2894 primum

101 2902 141 2945 et
159 2892 456 2963 supersemi—
902 2892 1127 2954 zizania,
1156 2901 1210 2948 et
1235 2892 1346 2948 col-

103 2966 216 3018 navit
240 2966 429 3022 zizania
906 2963 1066 3033 Iigate
1105 2979 1170 3018 ea
1209 2964 1369 3019 fasci-

101 3035 140 3105 in
162 3035 368 3093 triticum
393 3081 408 3105 ,
903 3035 1054 3089 culos
1085 3035 1152 3088 ad
1173 3050 1322 3090 com-

99 3104 168 3158 26.
195 3117 243 3163 et
267 3104 408 3164 abiit.
442 3108 559 3166 Sed
584 3120 726 3163 cum
901 3105 1204 3162 hurendum
1229 3148 1245 3173 ,

484 3215 740 3276 CODEX
765 3213 1228 3274 CORBEIENSIS.

98 3330 275 3404 verbum
296 3335 462 3403 audit,
485 3343 546 3391 et
572 3332 870 3389 solicitudo
897 3331 1145 3404 saeculi}
1178 3331 1353 3404 istius,
1376 3339 1428 3387 et
1449 3331 1661 3404 fallacia

97 3402 375 3472 divitiarum,
399 3409 418 3438 ³
446 3402 696 3461 Suﬂ‘ocat
723 3404 968 3466 verbum,
991 3413 1048 3458 et
1069 3402 1190 3458 sine
1209 3403 1380 3458 fructu
1404 3402 1658 3458 efficitur.

96 3474 171 3540 Qui
193 3478 373 3532 veroin
393 3488 614 3533 terram
633 3479 826 3530 bonam
840 3475 1138 3528 seminatus
1151 3484 1256 3539 est,
1285 3475 1374 3528 hic
1401 3484 1518 3540 est,
1568 3475 1661 3544 qui

98 3547 214 3599 audit
231 3548 470 3613 verbum,
492 3557 559 3603 et
595 3546 867 3614 intelligit,
908 3555 962 3599 et
989 3546 1220 3600 fructum
1252 3546 1428 3606 affert,
1459 3555 1514 3600 et
1536 3544 1662 3600 facit

95 3615 206 3670 aliud
227 3620 438 3688 quidem
491 3619 888 3681 centesimum,
927 3616 1086 3688 aliud
1118 3617 1139 3646 ³
1168 3626 1355 3688 autem
1379 3619 1659 3684 sexagesio

94 3700 243 3758 vnum,
294 3705 459 3758 porro
501 3688 668 3743 aliud
713 3703 841 3758 vero
871 3687 1451 3758 tricesimntn.Aliam
1498 3702 1658 3756 para-

98 3755 233 3812 bulam
277 3755 578 3830 [imposuit
633 3759 762 3823 illis,
815 3757 1004 3813 dicens
1051 3775 1065 3812 :
1124 3757 1315 3814 Simile
1345 3757 1546 3812 factum
1578 3767 1659 3812 est

94 3843 272 3895 regnum
297 3834 600 3887 caelorum
630 3831 860 3894 homini,
883 3830 975 3899 qui
1021 3830 1305 3884 seminavit
1338 3830 1537 3884 bonum
1575 3844 1662 3884 se.

96 3913 188 3952 men
220 3905 268 3956 in
292 3919 424 3972 agro
465 3918 608 3956 suo.
637 3901 813 3968 Quum
845 3911 1024 3954 autem
1056 3900 1368 3972 dormirent
1390 3900 1662 3972 homines,

96 3973 207 4043 venit
230 3970 480 4029 inimicus
508 3976 642 4043 ejus
667 4014 683 4037 ,
731 3981 788 4026 et
826 3971 1281 4039 superseminavit
1317 3970 1534 4043 gzizania
1559 3971 1582 4043 ἢ
1609 3971 1663 4025 in

94 4042 233 4096 medio
252 4045 437 4108 tritici,
463 4055 526 4100 et
546 4041 744 4098 'abiit.‘
766 4043 944 4110 Quum
975 4053 1152 4096 autem
1181 4042 1444 4096 crevisset
1471 4041 1658 4107 herba,

96 4121 131 4160 et
153 4111 360 4184 fructum
389 4117 649 4178 fecisset,
681 4122 811 4168 tunc
838 4122 1205 4184 apparuerunt
1224 4123 1279 4168 et
1300 4112 1527 4166 zizania.
1559 4117 1662 4166 Ac-

95 4182 302 4255 tedentes
334 4194 528 4240 autem
576 4187 724 4240 servi
757 4185 778 4214 ⁸
808 4182 1233 4255 patrisfamilias,
1275 4183 1531 4255 dixerunt
1568 4185 1658 4238 ei:

97 4251 297 4326 homine,
322 4273 516 4313 nonne
550 4257 756 4312 bonum
785 4251 969 4310 semen
994 4256 1272 4310 seminasti
1297 4254 1351 4326 in
1377 4269 1508 4323 agro
1532 4255 1660 4309 tuo?

97 4318 214 4398 [nde
234 4318 358 4398 ergo
387 4329 570 4384 habet
600 4327 850 4381 zizania‘!
876 4327 947 4380 Et
973 4329 1052 4380 ait
1090 4326 1239 4379 illis:
1271 4318 1526 4398 inimicus
1559 4327 1656 4378 ho-

94 4406 158 4444 nm
177 4396 262 4453 hoc
282 4396 426 4455 tiecit.
457 4401 478 4430 ⁷
507 4397 675 4453 Servi
699 4406 881 4452 autem
900 4397 1161 4451 dixerunt
1181 4398 1254 4462 ei,
1280 4396 1394 4460 Vis,
1419 4397 1581 4462 imus,
1605 4404 1664 4450 et

93 4468 345 4536 colligimus
371 4471 483 4525 ea?
516 4470 599 4524 Et
617 4469 694 4523 ait
719 4486 732 4521 :
768 4468 884 4522 Non
913 4486 926 4522 :
960 4484 1028 4522 ne
1062 4467 1204 4521 forte
1226 4467 1544 4535 colligentes
1581 4468 1660 4521 zi-

96 4539 226 4603 zanizr,
254 4542 559 4596 eradicetis
598 4539 758 4594 simul
790 4541 812 4570 ⁸
850 4553 974 4593 cum
1007 4539 1086 4593 eis
1111 4549 1168 4592 et
1197 4539 1456 4593 triticum.
1485 4538 1662 4593 Sinite

95 4619 275 4678 utraque
300 4627 572 4668 crescere
603 4625 774 4678 usque
819 4609 888 4664 ad
937 4624 1211 4675 messem,
1249 4620 1306 4664 et
1334 4611 1387 4664 in
1415 4618 1662 4678 tempore

95 4691 246 4752 messis
271 4683 449 4738 dicam
480 4682 830 4752 messoribus
857 4699 869 4733 :
897 4679 1148 4752 Colligite
1172 4681 1402 4750 primum
1429 4680 1658 4744 zizania,

95 4757 133 4798 et
153 4751 346 4823 alligate
370 4758 391 4788 ⁹
424 4769 494 4811 ea
546 4753 607 4808 in
633 4751 923 4808 fasciculos
950 4752 1016 4806 ad
1045 4751 1475 4807 comburendum
1502 4792 1517 4816 ,

1037 259 1492 321 EVANGELIUM
1530 259 1908 319 SECUNDUM
1947 257 2383 318 MATTHAEUM.

3261 261 3369 317 226

2157 357 2164 362 ’
2208 377 2444 437 consx
2485 376 2942 435 venomvsrs.

1773 472 2000 528 verbum
2031 469 2180 526 audit
2193 511 2208 536 ,
2609 470 2899 526 seminavit
2924 468 3067 524 ziza-

1773 554 1832 600 et
1860 559 1956 612 per
1984 540 2304 598 sollicitudi-

1772 629 1895 670 nem
1919 613 2123 670 saeculi
2150 613 2248 668 hu-

1768 686 1882 756 jus,
1905 695 1960 756 et
1985 687 2177 756 volup-

1774 755 1912 812 tates
1936 755 2074 812 divi—

1772 828 1993 895 tiarum,
2021 826 2186 883 suffo-

1772 908 1900 954 cant
1920 899 2166 964 verbum,
2189 909 2246 954 et

1773 969 1893 1025 sine
1913 968 2091 1025 fructu
2120 969 2238 1024 effi-

1772 1042 1931 1096 citur.

1771 1113 1865 1168 23.
1896 1111 1998 1180 Qui
2026 1127 2156 1168 vero
2178 1111 2231 1167 in
2261 1119 2373 1167 ter-

1774 1199 1892 1239 ram
1917 1186 2113 1239 bonam
2143 1198 2232 1238 se-

1774 1255 2011 1310 minatus
2038 1262 2142 1322 est,
2167 1254 2258 1310 hic

1774 1335 1880 1390 est,
1903 1326 1994 1395 qui
2018 1326 2170 1380 audit

1773 1397 2020 1462 verbum,
2047 1405 2102 1452 et
2135 1397 2219 1452 in-

1775 1468 2018 1538 tellegit,
2045 1467 2123 1538 (a)

1777 1549 1905 1610 tunc
1920 1537 1972 1610 ἦ·
1999 1537 2234 1593 fructum

1776 1609 2003 1673 adferet,
2033 1619 2089 1664 et

1774 1680 1906 1736 facit
1931 1681 2095 1735 alium

1773 1751 1991 1821 quidem
2021 1759 2244 1806 centen-

1773 1823 1970 1878 simum
1988 1864 2002 1887 ,
2029 1822 2165 1877 aliut

1773 1895 2193 1964 sexagesimum,

1773 1964 1920 2020 aliud
1952 1979 2086 2020 vero
2116 1967 2213 2019 tri-

1769 2036 2093 2090 censimum.
2125 2035 2230 2102 Qui

1771 2105 1935 2163 habet
1957 2121 2120 2162 aures
2151 2155 2155 2159 .

1770 2178 1976 2232 audiat.

1771 2248 1860 2302 24.
1905 2250 2080 2304 Aliam
2108 2247 2424 2318 parabolam

1770 2320 2057 2390 proposuit
2079 2320 2210 2385 illis,

1771 2391 1960 2447 dicens
1991 2409 2004 2446 :
2039 2391 2230 2447 Simile

1769 2472 1854 2518 est
1881 2477 2106 2533 regnum
2134 2477 2259 2518 cae-

1771 2533 1949 2588 lorum
1972 2534 2204 2599 homini,

1769 2606 1860 2674 qui
1883 2606 2178 2661 seminavit

1768 2677 1970 2732 bonum
1985 2692 2174 2734 semen

1768 2748 1822 2802 in
1845 2764 1976 2819 agro
1996 2763 2115 2806 suo.

1769 2819 1863 2875 25.
1904 2819 2038 2875 Cum
2059 2829 2243 2876 autem

1769 2890 2070 2946 dormirent
2098 2891 2273 2946 homi-

1769 2975 1868 3016 nes
1897 2963 2038 3030 ejus,
2062 2977 2150 3017 ve-

1769 3033 1853 3087 nit
1880 3031 2135 3086 inimicus

1770 3105 1912 3174 ejus,
1940 3114 1996 3159 et
2017 3118 2209 3174 super-

2609 541 2700 595 nia
2728 541 2782 596 in
2815 541 2953 595 triti-

2607 627 2755 674 cum.
2785 623 2840 668 et
2861 611 3011 667 abiit.

2607 683 2700 738 26.
2742 683 2847 740 Sed
2874 699 2998 738 cum
3022 697 3144 740 cre-

2611 753 2781 809 visset
2805 754 2996 821 herba,

2610 833 2668 881 et
2687 824 2921 881 fructum
2945 823 3028 881 fe-

2610 896 2798 963 cisset,
2827 905 2954 952 tunc

2609 977 2977 1041 apparuerunt
3007 967 3085 1041 (b)
3116 969 3343 1026 zizania.

2609 1039 2703 1094 27.
2742 1039 3107 1096 Accesserunt

2610 1119 2793 1166 autem
2831 1112 2976 1167 servi

2607 1181 3049 1252 patrisfamilias,
3071 1191 3126 1240 et

2605 1254 2862 1308 dixerunt
2882 1255 2930 1310 ei
2963 1271 2977 1308 :
3143 1286 3145 1288 -

2611 1325 2859 1389 Domine,
2893 1340 3075 1385 nonne

2613 1396 2814 1451 bonum
2842 1410 3027 1452 semen

2614 1467 2900 1542 seminasti
2926 1468 2978 1523 in
3008 1485 3141 1542 agro

2616 1539 2754 1593 tuo?
2783 1537 2936 1595 Unde
2961 1537 3048 1595 er-é

2611 1624 2682 1676 go
2705 1607 2866 1664 habet
2893 1610 3035 1666 ziza-

2610 1681 2704 1736 28.
2745 1681 2878 1735 nia?
2904 1683 2973 1736 Et
2992 1683 3071 1737 ait
3095 1683 3163 1738 il-

2609 1749 2678 1806 lis
2709 1770 2724 1806 :
2748 1749 3006 1807 Inimicus

2610 1821 2776 1897 homo
2805 1821 2910 1897 hoc
2931 1823 3188 1897 fecit._(c)

2612 1893 2809 1967 Dicunt
2827 1895 2876 1950 ei
2902 1897 3045 1950 servi
3073 1893 3147 1967 1-,

2607 1962 2725 2030 Vis,
2757 1965 2920 2030 imus,
2951 1975 3006 2021 et

2609 2035 2919 2105 colligimus
2940 2051 3006 2093 ea
3028 2038 3054 2092 τ

2608 2105 2701 2162 29.
2743 2107 2825 2164 Ad
2852 2105 2931 2161 ait
2960 2108 3069 2165 illis
3101 2126 3115 2162 :

2607 2176 2786 2233 Nolite
2826 2195 2840 2232 :
2885 2193 2954 2234 ne
2993 2178 3135 2236 forte

2605 2248 2925 2316 colligentes
2952 2251 3099 2306 ziza-

2606 2320 2720 2394 nia,
2747 2321 3038 2394 eradicetis
3074 2321 3156 2394 (ά)

2606 2391 2769 2446 simul
2793 2401 2849 2448 et
2863 2392 2906 2462 -ξ-
2929 2394 3017 2447 tri-

2605 2462 2698 2518 50.
2745 2469 2930 2519 ticum.
2957 2464 3064 2520 Sed
3086 2463 3250 2522 sinite

2608 2543 2836 2606 utraque
2865 2549 3117 2592 crescere

2611 2619 2781 2675 usque
2804 2606 2872 2662 ad
2894 2622 3154 2674 messem,

2609 2685 2665 2732 et
2685 2678 2736 2731 in
2763 2687 3010 2747 tempore

2609 2748 2807 2803 messis
2832 2749 3010 2804 dicam

2607 2819 2943 2876 messoribus
2971 2839 2984 2874 :
3010 2819 3137 2878 Col-

2605 2887 2755 2958 ligite
2783 2890 3014 2958 primum

2604 2960 2831 3026 zizania,
2853 2970 2908 3016 et
2934 2963 3152 3026 alligate

2603 3043 2669 3084 ea
2698 3031 2968 3087 fasciculis
2990 3047 3020 3086 a

2604 3101 3060 3169 comburendum,

2238 3214 2474 3274 CODEX
2512 3216 2908 3275 BRIXIANUS.

1774 3331 1996 3387 verbum
2045 3329 2197 3386 audit
2229 3338 2284 3388 et
2337 3331 2648 3387 sollicitudo
2694 3332 2895 3388 saeculi
2929 3333 3088 3401 hujus
3116 3342 3171 3390 et
3222 3334 3378 3392 falla-

1771 3403 1856 3458 cia
1902 3403 2211 3475 divitiarum
2241 3402 2472 3458 sulfocat
2510 3403 2760 3460 verbum.
2807 3415 2863 3459 et
2912 3404 3031 3462 sine
3060 3405 3238 3475 fructu
3265 3417 3291 3446 ⁸
3320 3425 3374 3464 m

1771 3475 2022 3530 efficitur.
2097 3474 2200 3540 Qui
2262 3489 2392 3529 vero
2413 3475 2464 3529 in
2544 3485 2742 3530 terram
2811 3476 3009 3532 bonam
3077 3474 3375 3536 seminatus

1770 3555 1871 3601 est.
1919 3546 2023 3619 hic
2050 3557 2133 3599 est
2158 3545 2425 3619 qni_andit
2450 3547 2675 3619 verbum
2719 3554 2776 3602 et
2803 3548 3094 3619 intellegit.
3147 3558 3202 3604 et
3259 3551 3376 3606 fru-

1771 3627 1914 3671 ctum
1947 3616 2124 3671 affert.
2166 3625 2221 3670 et
2253 3617 2395 3671 facit.
2431 3617 2574 3672 aliud
2610 3616 3164 3674 centesimumﬁaliud
3197 3632 3376 3677 autem

1774 3688 2194 3761 sexagesimum.
2227 3688 2372 3761 aliud
2412 3690 2804 3761 tricensimum.
2859 3692 3032 3745 Aliam
3067 3692 3377 3761 parabolam

1773 3760 2056 3883 proposuit
2096 3759 2176 3812 eis
2227 3759 2414 3814 dicens
2452 3760 2640 3816 Simile
2675 3773 2760 3815 est
2806 3775 3030 3830 regnum
3068 3759 3371 3817 caelorum.

1815 3829 1982 3883 omini
2031 3829 2124 3883 aui
2154 3831 2358 3883 semina
2391 3828 2418 3866 δ
2452 3829 2528 3883 bit
2559 3833 2756 3883 bonum
2785 3844 2970 3883 semen
3019 3832 3072 3883 in
3099 3847 3229 3883 agro
3254 3849 3371 3883 suo.

1815 3829 1982 3884 omini
2031 3829 2124 3900 qui
2154 3831 2358 3884 semina
2391 3828 2418 3866 ι’
2452 3829 2528 3884 bit
2559 3833 2756 3885 bonum
2785 3828 2970 3886 semen
3019 3832 3072 3885 in
3099 3847 3229 3902 agro
3254 3849 3374 3886 suo.

1776 3902 1910 3954 Cum
1936 3909 2116 3954 autem
2163 3902 2464 3956 dormirent
2492 3902 2741 3956 homines
2789 3903 2941 3956 venit
2983 3903 3231 3957 inimicus
3261 3904 3377 3972 t'jtlS

1777 3981 1832 4025 et
1875 3973 2564 4041 superseminavitzizania
2613 3973 2666 4026 in
2722 3973 2904 4027 medio
2936 3975 3001 4027 tri
3055 3984 3078 4011 ε
3135 3974 3265 4027 ttici.
3321 3983 3379 4029 et

1771 4043 1927 4096 abiit.
1963 4043 2099 4097 Cum
2129 4053 2310 4097 autem
2341 4044 2606 4098 crevisset
2637 4043 2826 4097 herba.
2871 4053 2926 4098 et
2954 4043 3184 4098 fructum
3217 4045 3377 4099 fecis-

1771 4121 1875 4168 set.
1910 4123 2039 4167 tunc
2077 4123 2444 4183 apparuerunt
2468 4123 2521 4167 et
2553 4115 2779 4168 zizania.
2834 4115 3169 4170 Accedentes
3192 4126 3374 4182 autem

1771 4184 1914 4238 servi
1949 4184 2116 4250 patris
2141 4185 2391 4238 familias.
2426 4185 2688 4239 dixerunt
2715 4185 2785 4238 ei.
2818 4184 3047 4241 Domine
3069 4203 3249 4241 nonne
3283 4187 3380 4240 bo-

1773 4271 1900 4308 num
1933 4270 2120 4327 semen
2159 4255 2439 4327 seminasti
2474 4256 2527 4308 in
2555 4271 2687 4327 agro
2719 4266 2828 4327 tuo.
2875 4255 3026 4310 Unde
3057 4272 3187 4327 ergo
3216 4258 3380 4312 habet

1772 4327 1997 4380 zizania.
2033 4325 2115 4380 Ad
2146 4325 2238 4381 ille
2275 4326 2413 4380 dixit
2439 4327 2539 4381 eis.
2594 4325 2851 4381 Inimicus
2899 4330 3063 4389 homo
3093 4325 3194 4381 hoc
3225 4327 3372 4383 fecit.

1773 4395 1926 4451 Servi
1975 4406 2154 4452 autem
2185 4397 2438 4452 dixerunt
2471 4398 2521 4452 ei
2550 4396 2644 4452 Vis
2685 4412 2816 4466 ergo
2845 4405 3038 4452 euntes
3069 4398 3380 4466 colligimus

1773 4483 1858 4522 ea.
1910 4469 1981 4521 At
2021 4468 2112 4523 ille
2140 4469 2217 4522 ait
2241 4469 2320 4524 eis
2366 4468 2506 4524 Non.
2555 4483 2626 4524 ne
2658 4469 2796 4522 forte
2822 4467 3141 4536 colligentes
3173 4471 3379 4525 zizania

1771 4538 2061 4594 eradicetis
2090 4537 2171 4610 (ά)
2198 4539 2361 4614 simul
2392 4548 2448 4595 et
2474 4539 2516 4612 ’ξ-
2548 4540 2615 4594 tri
2647 4537 2672 4577 ἀ
2707 4539 2916 4614 tticum.
2949 4540 3121 4596 Sinite
3153 4552 3381 4614 utraque

1770 4623 2042 4664 crescere.
2071 4625 2243 4680 usque
2268 4610 2339 4680 ad
2361 4610 2617 4666 messem.
2649 4619 2704 4666 et
2731 4611 2784 4664 in
2817 4618 3063 4680 tempore
3086 4610 3382 4669 messis'di-

1771 4695 1905 4756 eam
1921 4679 2256 4756 messoribus
2280 4679 2544 4756 colligite
2557 4683 2794 4752 primum
2830 4679 3037 4737 zizania
3081 4691 3138 4739 et
3161 4685 3382 4756 alligate

1776 4751 2084 4806 fasciculos.
2113 4750 2182 4805 ad
2212 4750 2642 4808 comburendum
2669 4768 2755 4808 ea.

763 4864 1155 4923 VARIANTES
1192 4862 1578 4922 LECTIONES
1613 4861 1881 4920 CODICIS
1918 4861 2031 4919 MS.
2073 4861 2132 4918 S.
2175 4861 2686 4923 GERMANENSIS.

143 4982 153 5048 ξ
185 4985 354 5037 saeculi
379 4994 435 5038 et
460 4984 697 5048 voluptas
713 4981 992 5033 divitiarum

142 5046 156 5073 ²
185 5048 415 5100 suffocant

141 5106 158 5173 ἦ
184 5109 300 5173 aliud
329 5110 735 5173 semesimum,
757 5106 888 5158 aliud

141 5169 158 5198 ⁸
187 5171 231 5220 in
253 5169 473 5223 triticum

137 5231 156 5261 ⁸
183 5234 276 5284 Sed
297 5249 416 5286 cum
435 5232 696 5286 crevisset

1847 4978 1870 5008 ⁶
1906 4977 2058 5038 patris
2081 4973 2317 5039 familiae,
2345 4985 2397 5028 et

1844 5041 1864 5104 ἵ
1899 5039 2085 5104 Dicunt
2107 5041 2155 5090 ei
2175 5043 2337 5103 servi,
2360 5039 2466 5104 Vis,

1842 5101 1866 5134 ⁸
1901 5102 2046 5154 simul
2071 5110 2126 5153 et
2152 5101 2386 5156 triticum.
2407 5101 2512 5156 sed
2532 5104 2683 5157 sinite

1843 5165 1865 5196 ⁹
1901 5177 1964 5216 ea
1984 5165 2240 5218 fasciculos

1464 5307 1830 5368 BLANCHINI
1867 5310 2099 5369 NOTIE.

149 5464 169 5526 ξ
205 5472 251 5510 in
276 5457 329 5512 in
357 5457 619 5526 fructum,
648 5455 843 5512 derasa
871 5463 958 5511 est
982 5467 1013 5510 a
1043 5460 1379 5511 correctore.

148 5523 170 5561 δ
193 5523 512 5597 δεπιὲιὶαὺίε,
550 5523 646 5598 pro
679 5528 967 5583 seminavit.

1864 5463 1887 5492 ο
1928 5451 2046 5509 Una
2075 5465 2143 5508 ex
2173 5449 2385 5510 duabus
2413 5461 2433 5509 t
2458 5450 2652 5511 extrita
2673 5464 2761 5512 est
2782 5471 2813 5512 a
2835 5431 3165 5514 correctore.

1865 5521 1893 5560 ἀ
1923 5523 1994 5580 Et
2023 5525 2112 5580 hic
2136 5539 2352 5597 quoque
2374 5540 2478 5582 una
2509 5541 2578 5582 ex
2603 5525 2814 5584 duabus
2841 5529 3074 5586 textrita
3103 5535 3207 5580 est.

115 5690 222 5782 “(al
237 5691 310 5748 ita
331 5701 392 5749 et
419 5689 1094 5782 eod..‘Cant.jérel;—-‘(b2
1113 5691 1254 5748 Ante
1271 5688 1477 5778 smnia
1505 5685 1660 5746 deest

1775 5697 1834 5746 ut
1862 5689 1916 5745 in
1943 5687 2068 5747 cod.
2086 5688 2246 5748 Cant.
2272 5718 2339 5730 --
2363 5685 2434 5762 (c)
2466 5687 2542 5744 lta
2571 5693 2629 5742 et
2650 5686 2774 5743 cod.
2800 5687 2953 5744 Cant.
2970 5685 3206 5755 λέγουσιν
3255 5685 3396 5763 αὐτῷ

97 5758 298 5821 ἱὶὃὸῦλοι.
324 5795 399 5807 -
420 5764 513 5837 (ά)
539 5762 611 5821 Ita
637 5774 693 5823 et
711 5766 835 5821 cod.
875 5758 1033 5822 Cant.
1061 5758 1171 5837 ἅμα
1196 5767 1301 5822 καί.
