3980 6192
562 278 673 345 227'

951 399 1181 459 CODEX
1222 384 1774 455 VERCELLENSIS.

568 499 807 556 triticum
837 513 930 553 au-
1398 493 1489 548 54.
1536 492 1613 547 Ha
1654 528 1670 544 .
1716 532 1729 545 .
1774 528 1791 544 .
1834 526 1850 567 τ
1896 529 1909 543 .
1956 528 1971 557 .
2021 529 2033 543 .
2075 488 2162 544 nia

568 581 677 627 tem
709 574 932 640 congre-
1403 603 1425 640 ._
1463 604 1478 618 .
1524 606 1536 619 .
1580 604 1596 640 ._
1641 602 1655 616 .
1701 604 1715 616 .
1761 602 1775 618 .
1820 600 1833 615 .
1871 598 1913 640 ε.
1946 568 2032 615 tus
2079 569 2164 616 est

568 624 693 711 irate
718 624 775 697 in
807 624 997 707 hor-re:
1071 708 1079 711 _
1108 707 1138 711 __
1398 634 1557 690 Jesus
1586 636 1637 688 in
1665 624 1959 711 paravojis‘
1988 672 2001 684 .
2046 669 2061 686 .
2081 671 2121 711 _.

569 707 660 769 3i.
692 730 778 767 um
814 726 1019 768 meum.
1040 707 1169 779 Ali-

568 801 653 839 am
684 783 992 852 parabolam
1022 778 1104 853 (a)

567 856 778 912 locutus
799 864 882 910 est
905 854 947 925 ’1-

1402 778 1668 846 quehatur
1693 777 1773 832 eis
1802 793 1823 837 ε,

1403 848 1491 904 55.
1537 856 1594 903 ιιι
1622 846 1943 916 adimplere-

565 928 647 983 eis
675 926 863 983 dicens
893 917 1025 983 :'Si-
1404 930 1491 975 tur
1532 960 1544 973 .
1591 960 1604 973 .
1648 917 1753 974 uod
1775 918 1890 991 di’c-
1994 986 1995 989 η

565 998 696 1054 mile
721 1006 805 1053 est
828 1012 948 1068 reg-
998 1055 1004 1063 ,
1406 1030 1437 1068 ._
1471 1030 1486 1045 .
1533 1032 1545 1045 .
1591 1029 1605 1043 .
1651 1030 1665 1042 .
1706 1002 1798 1044 era
1841 1027 1855 1042 .
1903 1025 1916 1040 .
1960 1002 2055 1057 per

568 1084 697 1124 num
721 1064 995 1125 caelorum
1404 1064 1509 1118 Pro
1552 1102 1564 1114 .
1609 1098 1623 1114 .
1671 1099 1686 1115 .
1730 1097 1745 1112 .
1778 1069 1932 1125 letam

566 1116 995 1215 giago'giamg;
1402 1116 1671 1215 dicentem
1707 1148 1719 1183 :
1754 1116 1899 1200 Ape-

568 1211 711 1280 quod
739 1252 751 1264 .
790 1252 801 1264 .
841 1253 852 1265 .
887 1251 902 1266 .
928 1213 1010 1282 pi-
1402 1211 1539 1282 riam
1571 1211 1624 1258 in
1650 1217 1807 1273 para—

568 1274 668 1337 éns
698 1282 860 1337 homo
881 1274 960 1338 sé-
1403 1274 1544 1330 bolis

569 1354 798 1408 minavit
827 1355 877 1407 in
900 1369 959 1409 a-
1402 1361 1465 1401 os
1495 1360 1697 1411 meum,

568 1440 721 1487 [trum
748 1439 904 1479 suum
935 1443 949 1479 ζ
1403 1428 1653 1472 eructua—

567 1495 658 1549 5‘2.
700 1496 841 1565 quod
868 1495 1035 1551 mini-
1403 1487 1473 1543 bo
1502 1488 1734 1542 abscon-

1404 1574 1460 1613 sa
1490 1566 1616 1613 ante
1642 1552 1843 1613 consti-

1400 1630 1659 1684 tutionem
1690 1645 1845 1683 mun-

1398 1700 1488 1756 36.
1529 1702 1602 1754 di.
1631 1699 1803 1767 Tunc,

1397 1771 1632 1843 dimissis
1660 1780 1801 1843 tur-_
1828 1838 1833 1843 ι

1400 1842 1503 1907 bis,
1535 1842 1665 1897 abiit
1689 1842 1743 1895 in
1772 1841 1869 1896 d0-

1399 1928 1543 1967 mum
1576 1931 1587 1966 :
1618 1922 1673 1985 et
1692 1927 1874 1985 acces-

1397 1992 1586 2055 serunt
1611 1983 1677 2055 ad
1709 2000 1832 2055 eum

1397 2054 1649 2125 discipuli
1677 2053 1817 2125 ejus,

567 1582 713 1621 mum
739 1567 960 1637 quidem

566 1647 651 1693 cst
674 1639 923 1705 omnibus

566 1708 863 1763 seminibus
896 1726 909 1761 :

565 1792 688 1832 cum
717 1788 894 1835 autem

565 1849 822 1915 creverit,
860 1865 963 1903 ma-

560 1919 651 1988 jus
682 1922 739 1973 lit
763 1916 937 1974 omni-

563 1990 666 2045 bus
694 1991 993 2059 holeribus,

564 2071 619 2116 et
652 2061 709 2116 lit
736 2064 898 2117 arbor
928 2116 933 2119 .

565 2133 989 2203 tanta,itaut,
1398 2127 2041 2182 dic...es:....

562 2204 753 2259 volucr
793 2245 807 2257 .
854 2246 866 2259 .
917 2218 1073 2259 .cae-
1399 2237 1413 2250 .
1460 2237 1473 2249 .
1517 2212 1663 2251 rrau
1707 2236 1723 2251 .
1770 2237 1785 2252 .
1824 2211 1851 2253 s

562 2274 599 2349 li
627 2273 862 2349 veniant,
894 2284 949 2331 ct
1398 2268 1602 2349 parabo
1643 2309 1656 2322 .
1702 2306 1719 2349 _.
1766 2309 1789 2345 ._
1826 2308 1839 2321 .
1885 2308 1901 2323 .
1948 2310 1960 2321 .
2007 2307 2021 2320 .

561 2343 808 2402 habitent
838 2339 887 2401 in
914 2363 940 2401 r
983 2384 999 2399 .
1043 2386 1058 2402 .
1397 2339 1559 2395 tritici
1583 2348 1637 2394 et
1668 2339 1812 2394 ziza-

630 2457 644 2471 .
689 2456 703 2470 .
743 2416 790 2472 is
819 2417 959 2488 ejus.
1120 2480 1123 2483 _
1155 2485 1168 2488 _
1236 2474 1239 2477 λ
1396 2411 1611 2488 piorum
1635 2411 1769 2488 agri.

1396 2482 1485 2537 57.
1528 2481 1609 2536 Ad
1635 2474 1792 2537 Jésus
1816 2474 2038 2551 respon-

1396 2554 1532 2627 dens
1567 2553 1642 2607 ait
1670 2570 1681 2605 :
1716 2551 1820 2620 Qui
1852 2610 1877 2627 Α

1396 2624 1568 2680 semin
1615 2665 1627 2677 .
1673 2661 1687 2677 .
1733 2662 1746 2676 .
1792 2662 1807 2675 .
1852 2623 1946 2678 bo-

1398 2710 1976 2762 numse.....,

1396 2766 1570 2821 Filius
1594 2763 1773 2819 honti-
1806 2818 1813 2823 .

1394 2837 1485 2892 58.
1530 2838 1613 2892 nis
1637 2846 1754 2908 est.
1773 2837 1914 2908 Ager

1394 2917 1595 2973 autem,
1630 2915 1714 2964 est
1743 2906 1828 2962 hic

561 2488 653 2544 '55.
700 2529 713 2542 .
760 2530 772 2541 .
815 2474 1251 2569 fliamparabo?

567 2599 581 2613 .
623 2599 637 2613 .
685 2599 697 2612 .
743 2600 758 2615 .
802 2575 853 2614 m
884 2558 1019 2614 dixit
1040 2558 1140 2615 eis.

566 2641 1143 2700 ......estreg-

561 2718 689 2756 num
735 2742 750 2756 .
795 2740 809 2754 .
852 2700 992 2755 aelo-

561 2788 680 2827 rum
713 2776 969 2841 fermen-g

561 2851 636 2907 to,
667 2844 808 2913 quod
841 2858 1022 2914 accep-

561 2922 673 2969 tum
703 2915 917 2983 mulier

556 2985 840 3041 abscondit
870 2980 937 3041 in‘
1394 2980 1648 3035 mundus.
1681 2979 1784 3033 Bo-

554 3053 785 3111 l‘arinam
810 3073 955 3113 men-
1394 3067 1520 3107 num
1553 3067 1584 3107 e
1626 3092 1639 3105 .
1685 3089 1699 3103 .
1745 3089 1760 3104 .
1804 3089 1819 3104 .
1866 3088 1880 3102 .
1927 3090 1941 3105 .
1987 3090 1999 3102 .

553 3130 699 3184 suris
722 3129 914 3191 tribus,
1391 3139 1540 3187 men,
1573 3122 1626 3177 hi
1648 3130 1776 3178 sunt

554 3197 730 3254 donec
758 3199 996 3254 fermen-
1392 3192 1489 3249 lilii
1515 3195 1686 3264 regni.
1711 3192 1863 3247 Ziza-

557 3278 725 3323 tatum
748 3277 833 3325 est
854 3277 936 3324 to-
1391 3265 1480 3319 nia
1508 3276 1716 3329 autem,
1752 3264 1813 3316 li-

556 3345 691 3394 tu'm.
1390 3333 1447 3389 lii
1476 3342 1602 3389 sunt
1635 3333 1824 3404 nequi—

983 3451 1216 3508 CODEX
1255 3449 1731 3507 CORBEIENSIS.

555 3564 795 3622 triticum
845 3574 1023 3622 autem
1091 3572 1417 3637 congregate
1492 3563 1554 3637 in
1627 3563 1881 3619 horreum
1950 3563 2157 3621 meum.

554 3638 732 3707 Aliam
782 3638 1089 3707 parabolam
1162 3634 1446 3706 proposuit
1509 3634 1587 3707 eis
1658 3637 1843 3691 dicens
1894 3655 1907 3690 :
1965 3638 2159 3693 Simile

556 3706 642 3764 est
702 3706 923 3777 regnum
979 3709 1256 3763 coelorum
1315 3721 1483 3777 grano
1532 3706 1756 3774 sinapis,
1812 3707 1953 3778 quod
2009 3710 2153 3762 acci-

557 3782 712 3851 piens
758 3780 921 3834 homo
965 3779 1365 3851 setninavituin
1413 3793 1565 3851 agro,
1599 3793 1698 3851 suo
1748 3795 1761 3831 :
1810 3778 1950 3848 quod
2000 3781 2157 3834 mini-

554 3848 703 3906 inum
748 3851 965 3922 quidem
1007 3863 1089 3906 est
1135 3848 1389 3923 omnibus
1436 3849 1741 3923 seminibus
1778 3866 2012 3923 :“qunlm
2062 3868 2161 3905 au-

556 3933 663 3977 tem
720 3920 983 3990 creverit,
1054 3922 1227 3991 majus
1268 3921 1283 3950 ¹
1312 3930 1395 3975 est
1422 3920 1671 3974 omnibus
1695 3920 1963 3987 oleribus,
2002 3930 2057 3976 ct
2099 3923 2161 3976 ﬁt

554 3996 740 4061 arbor,
792 3994 865 4049 ita
900 4002 957 4047 ut
987 3993 1237 4047 volucres
1266 3992 1402 4046 coeli
1464 3992 1683 4045 veniant
1724 4002 1777 4045 et
1828 3992 2071 4047 habitent
2099 3993 2157 4047 in

554 4066 722 4120 ramis
743 4065 875 4136 ejus.
912 4065 1083 4136 Aliam
1114 4061 1421 4136 parabolam
1451 4062 1703 4136 loquutus
1724 4065 1928 4136 estcis.
1964 4064 2158 4119 Simile

554 4145 641 4191 est
669 4132 890 4205 regnum
941 4132 1217 4191 coelorum
1263 4133 1566 4205 termento,
1615 4134 1633 4163 ²
1675 4132 1829 4201 quod
1870 4144 2153 4205 acceptum

552 4203 752 4263 mulier
778 4205 1063 4262 abscondit
1093 4206 1144 4260 in
1179 4203 1384 4259 farinae
1408 4204 1427 4234 ³
1452 4204 1582 4257 satis
1605 4205 1798 4271 tribus,
1836 4203 2015 4259 donec
2043 4205 2159 4259 fer»

553 4290 849 4334 mentatum
883 4288 966 4334 est
997 4288 1188 4332 totum.
1220 4274 1363 4330 llaec
1388 4275 1568 4328 omnia
1602 4278 1857 4344 loquutus
1883 4283 1968 4330 est
1993 4275 2161 4331 Jesus

553 4351 608 4403 in
638 4351 904 4416 parabolis
935 4349 999 4404 ad
1044 4353 1229 4402 turbas
1259 4364 1270 4399 :
1299 4358 1354 4401 et
1380 4348 1499 4401 sine
1528 4347 1794 4414 parabolis
1823 4363 1926 4400 non
1959 4347 2149 4416 loque-

554 4419 713 4475 batur
739 4420 816 4476 cis
864 4439 876 4475 ε
927 4428 984 4475 ut
1034 4417 1419 4487 adimpleretur
1456 4417 1600 4487 quod
1650 4416 1850 4472 dictum
1897 4426 2013 4471 erat
2059 4434 2162 4487 per

554 4490 879 4559 Prnphetam
938 4491 1255 4546 dicentem:
1298 4488 1552 4555 Aperiunt
1626 4488 1679 4559 in
1745 4487 2016 4557 parabolis
2089 4505 2160 4545 os

552 4554 767 4629 meum,
818 4561 1071 4617 eructabo
1115 4554 1377 4615 absconsa
1420 4574 1449 4612 a
1495 4554 1880 4615 constitutione
1940 4560 2147 4615 mundi.

553 4631 726 4697 Tunc,
757 4632 995 4688 dimissis
1026 4632 1214 4693 turbis,
1246 4630 1395 4686 venit
1426 4632 1478 4683 in
1507 4630 1727 4684 domum
1764 4648 1775 4682 :
1810 4642 1864 4685 et
1899 4646 2150 4686 accesse-

552 4702 680 4758 runt
716 4704 780 4757 ad
832 4720 956 4759 enm
986 4701 1233 4773 discipuli
1264 4703 1401 4773 ejus,
1431 4702 1713 4773 dicentes:
1755 4700 1776 4731 ἰ
1809 4700 2153 4773 Dissereno-

549 4773 637 4829 bis
659 4774 969 4843 parabolam
1022 4771 1350 4828 zizaniorum
1393 4782 1448 4827 et
1496 4771 1628 4843 agri.
1678 4772 1794 4844 Qui
1819 4772 2151 4844 respondens

550 4847 629 4898 ait
656 4836 674 4897 ξ
697 4846 796 4913 Qui
822 4847 842 4875 ⁸
870 4846 1103 4899 seminat
1130 4844 1331 4898 bonum
1354 4836 1562 4905 semen:
1633 4836 1721 4898 est
1760 4836 1924 4897 Filius'
1986 4842 2167 4898 homi-i

549 4916 656 4970 nis.
676 4915 820 4997 Ager
834 4924 1144 4997 aute-mzest
1165 4913 1457 4997 “.mUIldUS.
1484 4915 2066 4997 Bonumvero‘semcn,
2096 4916 2147 4970 hi

549 4995 674 5043 sunt
708 4985 799 5042 lilii
824 4986 993 5057 regni.
1019 4985 1232 5040 Zizania
1280 4996 1486 5051 autem,
1538 4986 1557 5017 ⁷
1592 4986 1687 5041 ﬁlii
1718 4985 1860 5041 su’n‘t'
1892 5001 2155 5055 nequam.

1405 689 1483 761 ί.
1525 747 1538 760 .
1588 748 1601 759 .
1643 689 1912 775 ρ’δτςινοὶῖε
1942 698 2051 758 non
2081 689 2158 757 lo?
2210 762 2220 770 ,

1112 280 1383 345 unseen
1424 276 1765 341 veacecc.
1810 258 2265 335 EVANCELIUM
2301 266 2447 336 CUM
2489 260 2724 335 vitans
2757 258 2912 333 (ποτ).
2954 273 3350 332 comarum.
3715 274 3799 330 ea:

2705 374 2943 449 coocx-
2978 376 3435 449 VERONENSIS‘.

2267 488 2502 543 triticum
2526 484 2715 569 autem
3102 478 3315 569 locutus
3344 495 3426 540 est
3508 552 3511 553 ν

2265 569 2589 630 congregale
2615 559 2668 612 in
3102 558 3263 613 Jesus
3288 558 3339 611 in
3362 570 3513 627 parae

2266 629 2520 709 horreum
2552 630 2779 709 meum,“
2814 698 2847 709 ἠ
3104 629 3242 709 bolis
3270 628 3335 683 ad
3366 626 3541 683 turbas
3574 645 3583 681 :

2267 703 2357 756 51.
2402 696 2579 757 Aliam
2610 696 2921 770 pjarab'olam
2951 697 3029 770 (α)
3102 712 3157 755 et
3186 702 3302 754 sine
3329 714 3481 770 para-

2267 773 2477 828 locutus
2503 780 2588 827 est
2610 766 2657 841 rl-
2960 766 2969 770 ’
3009 766 3016 770 ⁷
3101 771 3241 826 bolis
3264 766 3366 825 non
3397 769 3472 825 lo-

2266 844 2372 898 illis
2400 844 2584 898 dicens
2615 861 2627 897 :
3099 843 3366 912 qnebatnr
3393 844 3471 905 eis
3496 861 3508 897 :

2268 914 2456 971 Simile
2488 923 2570 970 est
2626 978 2653 983 __
3100 908 3191 969 55.
3222 923 3279 967 ut
3304 908 3607 982 impleretur

2266 1002 2490 1056 regnum
2516 978 2692 1059 caelo-
3100 985 3243 1056 quod
3266 978 3468 1059 dictum

2267 1054 2386 1139 ruin
2414 1054 2587 1139 grano
2651 1126 2667 1139 _
3102 1054 3227 1139 erat
3251 1071 3345 1125 per
3368 1054 3503 1139 Pro-

2266 1126 2491 1197 sinapis,
2524 1126 2668 1199 quod
2702 1192 2727 1197 Α,
3103 1126 3323 1198 phetam
3349 1127 3431 1199 di-

2266 1200 2378 1255 acci
2388 1192 2556 1282 piens"
2570 1192 2739 1281 homo

2266 1279 2553 1326 seminavit
2583 1279 2635 1323 111

2266 1355 2455 1411 agrum
2486 1355 2641 1396 suum
2677 1360 2690 1395 :

3104 1207 3319 1282 centeni
3344 1215 3356 1251 :
3382 1198 3520 1278 Ape—

3104 1285 3240 1325 rtam
3264 1285 3315 1323 tn
3342 1284 3493 1338 para—

3105 1340 3244 1396 bolis
3265 1354 3327 1395 os
3348 1338 3545 1405 meum,

2268 1410 2356 1467 3%.
2400 1412 2541 1483 quod
2558 1412 2739 1483 imini-
3104 1410 3397 1467 ructuabor
3458 1482 3461 1483 ν
3480 1474 3483 1481 ν

2268 1482 2657 1554 ntum’quident
3103 1483 3370 1537 absconsa
3398 1482 3523 1549 ante,

2269 1565 2353 1610 est
2374 1552 2625 1610 omnibus
3102 1552 3543 1609 constitutionem

2271 1627 2570 1681 seminibus
2596 1643 2609 1678 :
3105 1624 3312 1679 tunndi.

3103 1694 3198 1751 36.
3238 1695 3410 1762 Tunc,
3445 1694 3669 1750 dimisSis

3105 1767 3299 1834 turbis,
3325 1768 3459 1822 abiit

3104 1838 3159 1893 in
3185 1837 3409 1893 domum
3436 1856 3451 1893 :
3482 1846 3537 1894 et

3104 1917 3459 1964 accesserunt

3104 1980 3171 2034 ad
3202 1995 3324 2034 eum
3353 1980 3515 2035 disci-

2267 1712 2390 1751 cum
2418 1708 2597 1753 autem

2266 1770 2512 1833 creverit,
2543 1774 2657 1819 ma-

2260 1839 2349 1909 jus
2375 1842 2431 1893 lit
2457 1839 2631 1909 omni:

2265 1904 2368 1965 bus
2392 1904 2697 1972 holeribus,

2265 1992 2321 2037 et
2351 1983 2408 2035 lit
2432 1982 2593 2036 arbor

2266 2052 2410 2120 talis,
2444 2053 2514 2107 ita
2538 2062 2596 2106 ut

2261 2125 2515 2179 volucres
2545 2121 2682 2178 caeli

2262 2196 2508 2259 veniant,
2541 2198 2596 2250 et

2263 2266 2516 2335 habitent
2544 2266 2598 2321 in

2259 2340 2430 2393 ramis
2458 2337 2598 2407 ejus.

2260 2409 2353 2465 55.
2396 2408 2568 2463 Aliam
2603 2422 2755 2476 para-

2263 2478 2445 2534 bolam
2475 2480 2622 2533 locu-

2263 2560 2351 2603 tus
2382 2560 2465 2605 est
2484 2549 2588 2608 eis.

2264 2619 2458 2677 Simile
2482 2630 2565 2676 est

2263 2705 2489 2763 regnum
2518 2691 2685 2746 caelo-

2265 2778 2386 2817 rum
2416 2763 2705 2827 fermento,

3104 2051 3214 2120 puli
3240 2051 3509 2128 ejus,_di7_
3568 2102 3578 2128 γλ

3102 2129 3290 2178 centes
3325 2141 3339 2177 :
3378 2122 3577 2177 Enarra

3104 2193 3261 2248 nobis
3286 2194 3515 2263 parabo-

3103 2264 3211 2319 lam
3242 2266 3407 2321 tritici
3430 2273 3485 2320 et
3530 2328 3533 2329 ν

3105 2335 3445 2391 zizaniorum
3476 2326 3607 2406 agii.

3107 2408 3200 2462 '57.
3244 2406 3324 2462 Ad
3349 2407 3508 2464 Jesus

3097 2493 3326 2547 respon-
3444 2534 3447 2537 ,

3104 2542 3241 2605 dens
3266 2550 3345 2604 ait
3371 2568 3383 2603 :
3408 2542 3513 2618 Qui

3106 2622 3342 2677 seminat
3374 2623 3571 2677 bonum

3108 2706 3317 2758 semen,
3355 2702 3441 2749 est
3470 2691 3559 2747 Fi-

3108 2762 3213 2817 lius
3241 2762 3502 2819 hominis.

3110 2834 3199 2890 '58.
3242 2835 3388 2905 Ager
3419 2834 3618 2899 autem,

2264 2834 2409 2903 quod
2441 2843 2724 2905 acceptum

3110 2914 3196 2961 est
3223 2905 3309 2961 hic
3344 2923 3501 2962 mun-

2264 2906 2459 2960 mulier
2480 2906 2711 2961 abscon-

2266 2976 2346 3032 dit
2368 2976 2423 3031 in
2457 2976 2684 3032 farinam
3110 2977 3232 3032 dus.
3264 2977 3477 3033 Bonum

2265 3050 2540 3104 mensuris
2562 3049 2659 3102 tri-
3108 3064 3240 3103 vero
3272 3062 3487 3114 semen,

2265 3065 2540 3104 mensuris
2562 3065 2659 3102 trt-
3108 3065 3240 3103 vero
3272 3065 3352 3105 set
3432 3067 3445 3105 ι

2265 3119 2386 3184 bus,
2414 3118 2589 3174 donec
3110 3118 3164 3173 hi
3195 3120 3321 3173 sunt

2266 3189 2648 3245 fermentatum
3108 3190 3283 3259 regni.
3314 3187 3537 3247 Zizadia

2266 3271 2350 3316 est
2372 3268 2566 3315 totum.
3112 3270 3319 3328 autem,
3358 3262 3454 3317 ﬁlii

2270 3332 2362 3388 54.
2407 3330 2553 3387 Haec
2583 3332 2765 3387 omnia
3111 3341 3239 3387 Sunt
3266 3332 3465 3404 iniqui.

2750 3449 2986 3507 CODEX
3028 3450 3425 3511 BRIXIANUS.

2272 3566 2342 3622 tri
2382 3576 2409 3603 ει
2452 3565 2651 3639 tticum
2695 3576 2897 3631 autem.
2930 3577 3279 3639 congregate
3306 3568 3362 3624 in
3394 3568 3646 3624 horreum
3671 3579 3845 3639 meum.

2276 3639 2457 3693 Aliam
2514 3638 2844 3706 parabolam.
2918 3636 2998 3709 (τι)
3058 3636 3270 3695 loculus
3318 3651 3406 3696 est
3453 3639 3494 3710 -ί-
3524 3640 3623 3703 eis
3667 3638 3845 3710 dicens.

2273 3710 2469 3782 Simile
2541 3719 2624 3782 est
2711 3707 2938 3779 regnum
3018 3710 3318 3766 caelorum.
3417 3707 3586 3782 grano
3671 3707 3849 3782 sinapis

2269 3780 2414 3853 quod
2458 3780 2729 3853 accipiens
2772 3774 2934 3836 homo
2983 3783 3272 3853 seminavit
3320 3783 3371 3841 in
3415 3774 3546 3853 agro
3594 3796 3687 3836 suo
3728 3774 3851 3848 quod

2271 3852 2555 3906 minimum
2589 3851 2805 3920 quidem
2833 3864 2917 3907 est
2940 3851 3179 3907 omnium
3207 3851 3507 3911 seminum.
3542 3869 3661 3907 cum
3692 3859 3848 3913 autem

2268 3923 2525 3978 creverit.
2575 3923 2749 3990 majus
2776 3933 2860 3978 est
2908 3925 3161 3978 omnibus
3188 3920 3458 3989 oleribus,
3500 3933 3557 3979 et
3607 3922 3663 3978 lit
3690 3922 3849 3976 arbor.

2273 3992 2343 4047 ita
2396 4004 2451 4047 ut
2495 3994 2746 4048 Volucres
2775 3994 2910 4049 caeli
2955 3994 3197 4050 veniant.
3241 4006 3293 4050 et
3327 3996 3577 4051 habitent
3624 3995 3672 4047 in
3704 3990 3851 4047 ramis

2268 4067 2411 4132 ejus.
2460 4064 2634 4118 Aliam
2665 4065 3003 4134 pztrabolam.
3056 4066 3272 4122 locutus
3301 4078 3388 4122 est
3438 4070 3541 4122 eis.
3584 4064 3855 4134 Simileest

2271 4152 2499 4203 regnum
2529 4133 2801 4207 caelerum
2841 4138 3127 4203 fermento.
3172 4138 3315 4204 quod
3352 4133 3855 4207 acceptutnmnllcr

2269 4207 2579 4261 abscondit.
2615 4206 2666 4260 in
2702 4207 2909 4271 farinae
2954 4207 3221 4262 mensuris
3245 4209 3419 4263 tribus
3450 4209 3624 4263 donec
3644 4206 3856 4260 fermen-

2272 4286 2445 4331 tatum
2474 4289 2555 4332 Bst
2585 4284 2775 4334 totum.
2803 4278 2947 4333 Haec
2968 4281 3146 4333 omnia
3172 4281 3385 4345 locutus
3405 4289 3493 4333 est
3522 4280 3677 4336 Jesus
3703 4278 3749 4330 in
3780 4290 3855 4339 pa-

2271 4348 2473 4403 rabolis
2502 4348 2567 4402 ad
2611 4351 2814 4404 turbas.
2845 4358 2899 4406 et
2933 4350 3051 4404 sine
3085 4352 3360 4420 parabolis
3395 4352 3533 4405 nihil
3564 4347 3859 4418 loquebatur

2267 4420 2371 4492 eis.
2401 4430 2457 4473 ut
2477 4420 2865 4488 atlitnpleretur
2890 4419 3032 4491 quod
3058 4419 3263 4476 dictum
3291 4431 3398 4479 est.
3433 4438 3531 4492 per
3555 4422 3856 4492 Prophetatu

2271 4490 2543 4565 dicentem
2577 4486 2828 4560 Aperiam
2864 4486 2921 4545 in
2947 4492 3219 4565 parabolis
3251 4509 3311 4547 os
3340 4486 3550 4548 meum.
3575 4486 3805 4565 eructub
3826 4499 3858 4565 ἐι

2271 4561 2342 4615 bo
2384 4562 2667 4616 absconsa.
2724 4578 2755 4617 a
2782 4564 3169 4625 constitutione
3212 4565 3423 4618 mundi.
3472 4566 3623 4619 Tunc
3649 4560 3863 4616 dimissis

2275 4631 2445 4687 turbis
2475 4635 2620 4688 venit
2652 4635 2702 4688 in
2728 4634 2946 4688 domum
2975 4634 3154 4699 Jesus.
3191 4646 3243 4690 et
3274 4643 3629 4691 accesserunt
3658 4631 3721 4685 ad
3754 4642 3862 4681 cum

2269 4703 2523 4780 discipuli
2557 4704 2696 4774 ejus.
2727 4704 2993 4780 dicentes,
3042 4705 3297 4767 Edissere
3345 4707 3532 4780 nobis.
3567 4702 3862 4780 parabolam

2266 4774 2602 4829 zizaniorum
2634 4777 2768 4845 agri.
2800 4776 2919 4845 Ipse
2962 4788 3139 4832 autem
3197 4779 3541 4845 respondens
3569 4774 3726 4830 'dixit
3756 4774 3863 4845 eis.

2266 4844 2375 4912 Qui
2406 4848 2631 4901 seminat
2672 4842 2872 4901 bonum
2905 4850 3091 4904 semen
3122 4856 3209 4903 est
3235 4842 3409 4903 Filius
3450 4848 3706 4903 hominis.
3740 4842 3867 4910 Ager

2268 4927 2450 4987 autem
2481 4930 2565 4972 est
2588 4919 2674 4972 hic
2699 4919 2947 4974 mundus.
2978 4919 3185 4976 Bonum
3214 4928 3397 4987 autem
3430 4934 3644 4987 semen.
3676 4914 3732 4971 hi
3758 4919 3869 4969 sunt

2266 4985 2364 5041 ﬁlii
2409 4988 2583 5060 regni.
2630 4988 2848 5045 Zizania
2879 4990 3057 5046 autem
3099 4984 3241 5046 sunt.
3278 4984 3373 5046 ﬁlii
3406 4984 3655 5061 maligni;

1260 5082 1671 5159 mutuarias
1691 5083 2079 5160 caenosas
2108 5084 2386 5161 'CODICIS
2417 5105 2527 5163 ns.
2570 5106 2629 5164 s.
2656 5092 3165 5167 GERMANENSIS.‘

611 5220 629 5252 ³
665 5219 719 5269 lit
741 5218 966 5270 omnibus
989 5216 1226 5281 oleribus,
1252 5218 1317 5269 ita
1340 5223 1397 5268 ut

608 5283 631 5346 ξ
664 5295 761 5345 quo
797 5289 999 5346 accepto

608 5345 631 5377 ³
663 5345 908 5395 mensuris

607 5406 631 5439 ⁸
661 5404 908 5459 Enarra...
936 5406 1084 5459 tritici
1117 5412 1170 5457 et
1201 5406 1493 5457 zizaniorum
1514 5406 1640 5468 agri.
1666 5404 1730 5463 At
1765 5404 1915 5459 Jesus
1942 5419 2160 5475 respon-

2272 5222 2402 5272 deus

2338 5283 2365 5377 ξ
2394 5286 2654 5377 germinavit

2393 5347 2476 5399 hic

2336 5409 2357 5439 "
2393 5409 2463 5459 hii
2483 5416 2599 5462 sunt
2622 5410 2711 5463 ﬁlii
2735 5413 2994 5478 nequitiae

1932 5514 2311 5598 ύιὲᾸΝὉΗΙΝι
2348 5536 2585 5596 nom.

613 5666 639 5695 α
670 5655 739 5711 Et
758 5654 846 5710 hic
869 5652 1121 5709 similiter
1145 5665 1251 5708 una
1278 5666 1347 5707 ex
1373 5648 1582 5706 duabus
1611 5656 1628 5703 ι
1652 5647 1869 5705 extrita.

616 5791 693 5863 (α)
721 5791 797 5850 Ita
822 5799 878 5851 et
900 5789 1022 5848 cod.
1048 5788 1205 5847 Cant.
1226 5788 1486 5851 ὶλάλησσν.

2354 5650 2383 5688 ι)
2421 5649 2737 5719 Eructuabo,
2764 5668 2866 5725 pro
2893 5654 3151 5711 tractabo.
3206 5661 3211 5667 ‘
