3980 6192
569 192 668 246 251

976 309 1206 367 CODEX
1235 307 1765 366 VERCELLENSIS.

579 493 1121 531 SU...-.....
1417 513 2099 529 ........

585 557 636 602 te
680 583 692 600 .
740 588 751 599 .
799 588 810 600 .
859 587 872 602 .
917 586 930 599 .
977 585 989 599 .
1037 586 1051 600 .
1094 543 1193 598 mi-
1414 544 1569 601 Unde
1600 547 1726 600 huic
1749 560 1836 599 sa—

580 619 671 674 49.
701 626 907 673 serunt.
939 616 1031 672 Sic
1059 616 1163 670 erit
1414 618 1694 682 pientiam,
1725 628 1778 671 et
1810 617 1908 670 vir-

581 689 634 745 itt
661 704 911 744 consum-
1413 687 1502 741 55.
1537 688 1730 742 tutem?
1772 726 1786 740 .
1832 729 1845 741 .
1893 728 1904 740 .
1948 702 2055 742 nne

581 761 818 816 matione
1415 758 1504 812 hic
1533 769 1614 814 est
1646 759 1784 813 filius
1809 757 1902 812 Jo-

579 846 742 887 saecu
783 872 796 884 .
844 872 856 884 .
903 870 916 882 .
961 868 976 883 .
1022 870 1034 882 .
1079 867 1094 882 .
1415 831 1753 900 seplifabri?
1785 829 1931 883 Non-

577 917 1122 958 an........
1422 902 1965 970 ....materejus

577 989 636 1028 ra
682 1014 696 1027 .
742 1014 754 1026 .
803 1013 816 1026 .
864 1013 876 1026 .
925 1014 938 1025 .
984 1012 998 1024 .
1043 1009 1059 1025 .
1103 1012 1114 1023 .
1161 1010 1175 1024 .
1221 1011 1236 1025 .
1416 971 1615 1027 dicitur
1641 972 1841 1034 Maria;

579 1041 1203 1099 los.......dio
1417 1042 2004 1111 etfrat...sejus

1417 1111 1672 1179 Iacobus,
1701 1121 1757 1167 et
1785 1111 1874 1166 Jo-

1417 1185 1573 1253 seph,
1602 1193 1657 1240 et
1677 1185 1884 1249 Simon,

1418 1256 1509 1310 56.
1539 1265 1596 1310 et
1634 1254 1838 1310 Judas?
1867 1263 1922 1310 et
1959 1267 2110 1310 soro-

1421 1341 1508 1382 res
1531 1327 1648 1395 ejus
1676 1341 1811 1381 non-

1420 1412 1703 1453 neomnes
1746 1439 1758 1450 .
1804 1436 1820 1451 .
1863 1439 1876 1452 .
1925 1437 1938 1452 .
1985 1435 2000 1450 .

580 1117 672 1171 50.
703 1115 995 1184 justorum,
1022 1122 1079 1168 et

579 1189 796 1241 mittent
826 1201 922 1240 eos
965 1225 979 1238 .
1024 1223 1040 1238 .
1084 1224 1097 1238 .
1145 1223 1159 1237 .

579 1257 796 1312 camino
819 1257 905 1325 ign
949 1295 961 1308 .
1008 1298 1022 1310 .
1067 1293 1080 1308 .
1125 1276 1139 1308 ;

583 1328 658 1383 ibi
702 1369 716 1382 .
763 1370 774 1382 .
821 1367 834 1380 .
881 1326 1099 1390 .fletus,

580 1399 1119 1455 etstri......

582 1471 740 1534 tium,
771 1480 825 1524 et
849 1468 1008 1522 dixit.

581 1541 673 1596 51.
710 1539 1056 1596 lntellexistis

583 1613 718 1668 haec
747 1611 962 1668 omnia?

583 1675 1343 1748 Dic...ei:Utique(a)
1423 1722 1436 1735 .
1517 1723 1530 1734 .
1613 1721 1626 1734 .
1708 1720 1722 1734 .
1804 1722 1816 1734 .
1897 1719 1911 1732 .
1994 1720 2008 1734 .
2087 1719 2104 1734 .

582 1748 1340 1818 52.Do.....-j~illis:
1422 1792 1435 1806 .
1518 1794 1532 1807 .
1614 1792 1628 1805 .
1710 1793 1721 1804 .
1806 1793 1820 1806 .
1901 1788 1917 1804 .
1997 1791 2012 1807 .
2089 1792 2108 1811 .

583 1823 710 1880 Ideo
731 1821 910 1879 omnis
935 1835 1050 1876 ser-

588 1935 600 1948 .
647 1935 664 1952 .
710 1891 1118 1951 ..adoctus.
1165 1928 1237 1945 ..

589 1977 1231 2028 ........orum,

583 2035 778 2092 similis
802 2044 885 2091 est
926 2033 1026 2090 ho-

584 2109 714 2162 mini
746 2105 966 2178 patrifa-

585 2179 785 2244 milias,
820 2179 911 2248 qui
944 2191 978 2246 p
1019 2216 1033 2229 .
1080 2216 1094 2229 .

583 2248 723 2304 feret
751 2250 819 2304 de
848 2256 970 2304 ten-

585 2335 750 2375 sauro
778 2334 876 2374 SUO
899 2333 996 2372 ηο-

1423 2249 1512 2304 58.
1548 2247 1673 2304 ldeo
1696 2266 1802 2304 non
1826 2248 1953 2304 fecit

1418 2320 1494 2375 ibi
1525 2321 1754 2376 virtutes

587 2407 653 2464 va
675 2399 739 2464 et
757 2400 962 2464 vetera.
1424 2431 1436 2443 .
1484 2433 1497 2444 .
1528 2432 1556 2464 ν.
1609 2433 1622 2446 .
1668 2421 1681 2444 -.
1723 2406 1804 2458 as,
1843 2406 2010 2464 prop—

585 2462 675 2517 53.
704 2463 769 2516 Et
790 2462 990 2517 factum
1013 2466 1117 2525 est,
1420 2463 1577 2516 terin
1622 2502 1634 2515 .
1681 2501 1696 2517 .
1740 2503 1755 2518 .
1799 2502 1813 2516 .
1839 2462 1970 2516 edu-

587 2547 709 2588 cum
750 2545 1004 2588 eonsum—
1423 2533 1574 2590 litate
1615 2574 1627 2586 .
1677 2574 1690 2589 .
1737 2572 1750 2586 .
1791 2549 1972 2588 orum.

587 2613 792 2659 masset
818 2601 974 2658 Jesus
1007 2613 1102 2670 pa-

587 2675 684 2731 rab
724 2713 738 2728 .
785 2712 800 2728 .
845 2712 860 2727 .
901 2687 962 2727 as
986 2672 1138 2736 istas,

588 2755 670 2800 tra
713 2785 726 2798 .
769 2781 785 2798 .
830 2785 843 2799 .
883 2744 946 2798 iit
975 2741 1123 2797 inde.

1601 2645 1826 2701 CAPUT
1854 2644 1995 2699 XIV.

1497 2739 1546 2792 1.
1595 2736 1653 2792 ln
1676 2736 1772 2791 illo
1795 2745 1848 2790 te
1888 2776 1902 2788 .
1946 2777 1964 2793 .
2005 2749 2100 2806 po—

1743 2850 1757 2862 .
1798 2807 1904 2862 He—

1010 3137 1245 3196 CODEX
1284 3134 1754 3193 CORBEIENSIS.

592 3239 645 3296 in
682 3251 834 3301 vasa,
874 3234 1048 3289 malos
1076 3273 1091 3297 ,
1136 3240 1314 3287 autem
1358 3232 1503 3284 foras
1541 3231 1821 3301 miserunt.
1876 3227 1984 3301 Sic
2020 3230 2036 3258 ¹
2087 3230 2190 3284 erit

591 3311 664 3363 in'
686 3298 1155 3374 consummatione
1212 3303 1432 3374 saeculi
1471 3317 1484 3351 :
1541 3299 1764 3374 exibunt
1814 3298 1986 3368 angeli
2012 3340 2037 3374 ,_
2073 3301 2092 3330 ’
2135 3310 2190 3355 et

592 3377 921 3446 separabunt
956 3373 1157 3446 malos
1194 3372 1261 3446 de
1315 3371 1492 3446 medio
1539 3371 1830 3446 justoru‘m,
1886 3379 1942 3422 et
1970 3372 2185 3446 mittent

594 3439 689 3503 eos
739 3449 792 3500 in
830 3445 1100 3499 caminum
1146 3443 1281 3510 ignis
1320 3441 1429 3494 :ibi
1477 3441 1581 3494 erit
1620 3439 1777 3493 ﬂetus
1804 3439 1846 3501 ³,
1893 3449 1945 3493 et
1986 3441 2187 3495 stridor

593 3519 856 3574 dentium.
888 3514 1240 3569 lntellexistis
1274 3514 1406 3566 haec
1445 3511 1663 3565 omnia?
1703 3511 1896 3565 Dicunt
1939 3512 2020 3564 ei:
2054 3511 2071 3540 ⁸
2105 3513 2186 3566 In-

595 3591 921 3644 telleximus.
989 3585 1056 3638 Et
1121 3583 1195 3636 ait
1257 3582 1324 3636 ad
1386 3581 1566 3635 illos:
1620 3580 1745 3635 Ideo
1793 3579 1968 3635 omnis
2013 3584 2188 3637 scriba

594 3661 788 3715 doctus
815 3659 866 3712 in
898 3655 1384 3726 regnoicoelorum.
1418 3652 1610 3706 similis
1639 3659 1723 3704 est
1748 3651 1952 3705 homini
1976 3653 2193 3721 patrifa-

596 3731 796 3795 milias,
837 3727 927 3799 qui
957 3724 1167 3796 profert
1209 3725 1277 3799 de
1317 3724 1571 3799 thesauro
1606 3739 1706 3776 suo
1746 3738 1880 3799 nov_a
1903 3733 1958 3799 e_t
1987 3733 2188 3799 vetera.

600 3802 670 3856 Et
703 3793 897 3855 factum
928 3793 1034 3860 est,
1059 3812 1220 3866 quum
1251 3796 1271 3825 ³
1303 3795 1507 3849 finisset
1531 3793 1688 3866 Jesus
1715 3794 2001 3861 parabolas
2034 3796 2188 3861 istas,

597 3874 618 3903 ⁶
645 3871 892 3927 transivit
934 3865 1089 3923 inde.
1124 3867 1192 3920 Et
1234 3882 1354 3920 cum
1397 3866 1633 3919 venisset
1665 3865 1716 3917 in
1756 3866 1982 3933 patriam
2016 3880 2189 3931 suam,

594 3943 824 3999 docebat
879 3955 973 3995 eos
1029 3939 1084 3992 iii
1135 3937 1422 4007 synagogis
1493 3951 1719 4007 eorum,
1783 3936 1852 3988 ita
1911 3946 1965 4007 ut
2026 3937 2191 4007 mira-

594 4025 804 4077 rentur,
850 4021 906 4066 et
947 4005 1191 4064 dicerent
1247 4005 1464 4063 :iUnde
1507 4005 1632 4059 huic
1672 4006 1772 4077 ista
1834 4006 2097 4077 sapientia
2146 4009 2188 4071 ⁷,

593 4095 650 4141 et
684 4075 946 4139 virtutes?
998 4080 1185 4135 Nonne
1232 4079 1318 4132 hic
1360 4088 1444 4131 est
1491 4079 1512 4108 ⁸
1569 4076 1706 4130 fabri
1775 4075 1949 4131 filius?
1999 4078 2191 4133 Nonne

596 4167 769 4212 mater
837 4155 981 4208 illius
1055 4150 1220 4205 Maria
1271 4149 1499 4212 dicitur;
1567 4156 1622 4202 et
1682 4148 1878 4201 fratres
1928 4148 2046 4215 ejus
2102 4149 2192 4203 Ja-

593 4231 785 4295 cobus,
819 4235 873 4281 et
901 4224 1127 4295 Joseph,
1177 4229 1231 4275 et
1272 4219 1488 4295 Simon,
1515 4227 1569 4295 et
1600 4217 1805 4295 ludas?
1847 4229 1898 4295 et
1929 4233 2144 4295 sorores
2170 4223 2190 4253 ⁹

595 4299 739 4353 illius
771 4289 967 4350 omnes
1004 4289 1282 4348 nobiscum
1334 4291 1491 4345 sunt?
1522 4289 1674 4345 Unde
1705 4305 1834 4358 ergo
1865 4290 1987 4343 huic
2020 4292 2061 4320 ¹⁰
2091 4292 2191 4344 ista

596 4368 894 4438 sapientia?
925 4366 1008 4438 Et
1045 4363 1548 4438 seandalizabantur
1571 4362 1642 4438 _in
1688 4375 1774 4414 eo.
1813 4359 1983 4438 Iesus
2011 4371 2190 4438 autem

597 4430 827 4494 diiiteis
851 4456 864 4491 :
893 4437 1007 4492 Non
1037 4445 1116 4490 est
1145 4437 1404 4503 pr0plteta
1427 4433 1542 4485 sine
1571 4430 1798 4503 honore,
1819 4430 1922 4503 nisi
1947 4433 1985 4461 “
2013 4432 2067 4485 in
2097 4447 2191 4485 sua

598 4511 840 4574 civitate,
871 4519 924 4564 et
972 4509 1024 4561 in
1052 4501 1217 4560 domo
1252 4501 1371 4557 ’sua.
1419 4505 1482 4556 Et
1532 4516 1636 4574 non
1685 4501 1812 4555 fecit
1839 4502 1910 4555 ibi
1960 4504 2192 4557 virtutes

600 4572 854 4646 amplius,
881 4587 1096 4646 propter
1124 4577 1555 4646 incredulitatem
1585 4572 1821 4646 illorum.

725 4642 922 4705 llll.’l'n
953 4642 1047 4704 illo
1073 4657 1315 4717 tempore
1340 4644 1551 4717 audivit
1580 4642 2124 4717 rllerodes_tetrarcha
2151 4645 2191 4675 “

597 4723 669 4779 de
693 4722 948 4793 opinione
983 4720 1114 4777 Jesu
1145 4737 1159 4776 :
1186 4715 1245 4774 et
1271 4716 1409 4772 dixit
1437 4716 1622 4787 pueris
1645 4716 1796 4769 suis:
1832 4715 1929 4770 Hic
1973 4726 2058 4771 est
2095 4715 2191 4770 Jo-

1102 187 1371 248 EUSEBII
1412 187 1746 246 VERCELL.
1791 188 2241 249 EVANGELIUM
2280 191 2426 250 CUM
2461 191 2688 250 VARUS
2723 193 2882 251 COD.
2921 190 3316 250 COLLATUM.
3753 193 3834 248 2'52

2711 308 2950 367 CODEX
2990 307 3436 367 VERONENSIS.

3117 401 3188 455 ita
3216 410 3273 454 ut
3300 399 3564 454 miraren-

3118 481 3222 535 tur,
3255 481 3309 526 et
3328 471 3606 525 dicerent:

3115 541 3270 598 Unde
3293 541 3415 596 huic
3433 556 3519 596 sa-

3117 613 3314 684 pientia
3349 615 3502 684 haec,

3117 683 3172 739 et
3197 683 3458 740 virtutes?

3117 757 3208 811 55.
3251 754 3440 809 Nonne
3471 753 3558 810 hic
3581 764 3662 809 cst

3120 828 3259 880 filius
3279 825 3499 895 Josephi

3120 899 3258 953 fabri
3281 903 3304 952 ’ἒ
3332 898 3521 953 Nonne

3123 979 3297 1025 mater
3318 970 3434 1036 ejus

3121 1041 3320 1096 dicitur
3344 1039 3542 1101 Maria;

3123 1121 3177 1167 et
3205 1116 3398 1166 fratres
3427 1113 3544 1180 ejus

3123 1183 3375 1248 Jacobus,
3401 1193 3455 1237 et
3481 1183 3575 1236 Jo-

3123 1255 3277 1324 sepli,
3306 1262 3360 1308 et
3387 1254 3595 1317 Simon,

3120 1326 3211 1382 56.
3252 1335 3306 1380 et
3334 1324 3542 1378 Judas?
3573 1333 3628 1379 et

3121 1412 3337 1452 sorores
3367 1395 3485 1465 ejus

3123 1484 3302 1524 nonne
3333 1481 3525 1521 omnes
3562 1476 3690 1536 aput

3123 1541 3214 1596 57.
3258 1555 3357 1594 nos
3385 1539 3545 1592 sunt?
3571 1537 3683 1595 Un-

3123 1612 3192 1666 de
3222 1625 3350 1681 ergo
3378 1610 3502 1664 huic

3123 1683 3302 1737 omnia
3336 1683 3475 1735 ista?
3507 1681 3573 1735 Et

3123 1752 3634 1809 scandalizabantur

3125 1826 3178 1880 itt
3200 1840 3287 1880 eo.

3123 1896 3286 1952 Jesus
3317 1904 3494 1951 autem

3127 1967 3262 2023 dixit
3283 1968 3364 2023 eis
3388 1986 3400 2019 :
3431 1967 3549 2022 Non

3128 2048 3212 2095 est
3235 2039 3496 2108 propheta

3128 2112 3246 2166 sine
3273 2110 3504 2176 honore,

3128 2183 3227 2237 nisi
3259 2182 3311 2236 in
3339 2182 3509 2252 patria

3126 2269 3245 2319 sua,
3269 2263 3322 2308 et
3349 2255 3401 2306 in
3432 2252 3530 2306 do-

3126 2325 3219 2381 58.
3266 2338 3354 2378 mo
3381 2339 3496 2378 sua.
3536 2323 3605 2378 Et

3126 2397 3248 2451 ideo
3275 2410 3379 2449 non
3404 2395 3536 2450 fecit

3126 2467 3202 2522 ibi
3232 2468 3460 2521 virtutes
3493 2466 3638 2519 mul-

3126 2547 3230 2600 tas,
3259 2546 3477 2606 pr0pter
3503 2537 3677 2592 inere~

3135 2611 3417 2667 dulitatem
3438 2609 3680 2664 illorum.

3288 2720 3518 2778 CAPUT
3558 2720 3719 2775 XIIII.

3201 2818 3253 2871 1.
3295 2814 3354 2870 ln
3385 2814 3478 2868 illo
3505 2825 3748 2884 tempore

3127 2888 3298 2944 audiit
3329 2886 3572 2941 Herodes

2293 2953 2524 3011 docebat
2544 2973 2640 3013 eos
3135 2957 3404 3015 tetrarcha
3428 2958 3632 3012 famam

2296 3027 2349 3081 in
2379 3031 2668 3101 synagogis
2695 3045 2904 3099 eorum,
3134 3031 3263 3087 Jesu
3293 3049 3305 3084 :
3334 3039 3390 3086 et
3418 3031 3494 3084 ait
3523 3042 3661 3099 pue-

2746 3143 2979 3200 CODEX
3022 3143 3421 3202 BltIXIANL'S.

2295 3233 2365 3306 in,
2404 3233 2551 3306 vasis
2597 3235 2708 3290 suis
2773 3236 2946 3290 malos
3008 3247 3186 3291 autem
3248 3237 3377 3292 foris
3411 3236 3773 3306 projecernnt.
3802 3234 3878 3291 Sic

2290 3304 2395 3358 erit
2443 3304 2493 3358 in
2544 3307 3069 3362 consummationem
3137 3309 3356 3363 saeculi.
3409 3304 3646 3362 exibunt
3701 3308 3876 3377 angeli.

2289 3386 2345 3428 et
2396 3378 2726 3444 separabttnt
2781 3380 2952 3433 malos
3001 3380 3070 3434 de
3128 3379 3306 3434 medio
3352 3379 3627 3447 justorutn
3672 3389 3726 3434 et
3769 3379 3878 3432 mit-

2293 3455 2406 3518 tent
2457 3462 2550 3501 eos
2587 3450 2638 3502 in
2698 3451 2968 3503 caminum
3026 3450 3188 3518 ignis.
3241 3451 3310 3505 ibi
3341 3452 3446 3504 erit
3485 3450 3650 3504 ﬂetus
3676 3462 3729 3504 et
3772 3449 3883 3502 stri-

2290 3516 2390 3597 dor
2433 3518 2704 3597 dentium.
2737 3521 2826 3597 itit
2881 3520 3016 3597 illis_
3037 3516 3194 3597 Jesus
3232 3521 3577 3597 ltitelleristis
3629 3521 3883 3597 haecum-

2294 3588 2379 3641 nia
2433 3588 2624 3643 Dicunt
2657 3591 2705 3645 ei
2737 3591 2934 3660 Utique
2985 3593 3230 3647 Domine.
3266 3595 3334 3646 At
3390 3593 3480 3646 ille
3523 3593 3605 3646 ait
3631 3594 3707 3646 eis
3738 3591 3884 3658 Prop-

2296 3666 2442 3732 terea
2473 3661 2648 3715 omnis
2677 3665 2851 3715 scriba
2885 3672 2909 3698 ει
2937 3679 2967 3718 e
2989 3665 3198 3718 doetus.
3232 3663 3283 3717 in
3308 3678 3476 3732 regno
3501 3665 3797 3718 caelorum.
3825 3666 3886 3713 si-

2297 3731 2441 3782 milis
2469 3740 2554 3785 est
2587 3733 2789 3787 homini
2829 3734 3222 3802 patrifamilias.
3253 3734 3343 3803 qui
3377 3731 3600 3802 profert
3645 3735 3710 3789 dc
3743 3733 3884 3786 Ilien-

2299 3815 2459 3854 Suuro
2486 3816 2604 3856 suo.
2641 3820 2776 3857 nova
2810 3814 2864 3858 et
2891 3819 3095 3859 vetera.
3132 3805 3199 3858 Et
3232 3807 3429 3859 faetum
3460 3815 3564 3859 est.
3620 3821 3741 3860 cum
3771 3820 3889 3857 con-

2299 3884 2622 3945 summasset
2642 3875 2800 3929 Jesus
2826 3876 3112 3945 parabolas
3140 3877 3292 3929 istas.
3314 3875 3529 3930 transiit
3552 3878 3698 3931 inde.
3728 3877 3787 3929 Et
3810 3892 3890 3926 ve-

2299 3943 2460 4018 niens
2485 3945 2536 3997 in
2571 3948 2796 4018 patriam
2826 3943 2977 4000 Suam
3007 3947 3236 4001 docebat
3257 3963 3353 4001 eos
3392 3950 3441 4001 in
3484 3949 3772 4018 synagogis
3801 3962 3886 4000 eo-

2299 4015 2518 4068 rum.ita
2535 4027 2591 4069 ut
2613 4017 2954 4072 mirarentur.
2970 4027 3025 4071 et
3046 4018 3288 4072 dicerent
3307 4018 3457 4072 Unde
3488 4015 3890 4081 huicsapientia

2303 4083 2435 4138 haec
2483 4096 2538 4140 et
2570 4088 2820 4142 virtutes.
2869 4087 3059 4142 Nonne
3105 4089 3189 4142 hic
3221 4100 3304 4143 est
3335 4090 3467 4143 fabri
3499 4090 3662 4144 filius.
3715 4089 3892 4143 Nonne

2301 4164 2473 4229 mater
2496 4156 2616 4225 ejus
2639 4159 2851 4229 dicitur
2878 4159 3064 4212 Maria.
3108 4169 3162 4214 et
3196 4160 3394 4214 fratres
3421 4160 3542 4229 ejus
3568 4159 3805 4214 Jacobus
3845 4165 3895 4212 et

2298 4224 2497 4292 Joseph
2531 4224 2602 4281 ret
2629 4228 2816 4282 Simon
2847 4240 2902 4284 et
2945 4230 3130 4284 Judas.
3181 4241 3239 4284 et
3279 4224 3499 4285 sorores
3538 4234 3682 4297 ejus.
3726 4245 3895 4284 nonne

2301 4311 2492 4370 omnes
2528 4299 2706 4370 aputb
2731 4315 2830 4354 nos
2865 4309 3010 4355 sunt.
3060 4301 3210 4356 Unde
3237 4317 3368 4370 ergo
3397 4302 3521 4356 huic
3563 4304 3750 4356 omnia
3781 4304 3892 4354 ista.

2298 4367 2363 4420 Et
2398 4369 2908 4426 scandalizabantur
2950 4373 3002 4425 in
3053 4388 3139 4427 eo.
3182 4367 3340 4428 Jesu's
3383 4384 3561 4428 autem
3611 4376 3750 4426 dixit
3797 4372 3890 4424 vis.

2295 4437 2410 4513 Non
2441 4448 2522 4492 est
2552 4441 2810 4513 propheta
2840 4445 2957 4497 sine
2997 4445 3202 4498 honore
3241 4445 3345 4498 nisi
3378 4444 3430 4498 in
3468 4447 3638 4513 patria
3684 4461 3800 4498 sua.
3837 4444 3893 4494 lit

2297 4508 2555 4584 ideonon
2586 4508 2664 4565 ibi
2686 4514 2809 4584 fecit
2833 4514 3060 4569 virtutes
3085 4515 3282 4568 multas
3312 4508 3529 4584 propter
3551 4515 3893 4569 iiicretlnlita~

2298 4589 2406 4656 tem
2430 4580 2664 4656 illorum.
2689 4583 2752 4656 _ln
2787 4584 2877 4639 illo
2913 4594 3156 4656 tempore
3198 4580 3678 4656 audivit—Herodes
3707 4594 3896 4638 tetrar-

2297 4650 2420 4705 cha.
2449 4652 2647 4708 famam
2677 4653 2828 4710 Jesu.
2861 4665 2916 4711 et
2961 4650 3042 4710 ait'
3078 4657 3259 4727 pueris
3291 4657 3422 4712 suis.
3457 4667 3478 4696 ε
3529 4655 3787 4728 Nynquid
3816 4655 3899 4708 hic

2281 415 2402 455 sees
2428 401 2480 455 in
2510 401 2655 457 vasis

2280 473 2417 537 suis,
2443 474 2614 528 malos

2280 553 2458 597 autem
2486 545 2750 600 miserunt
2776 543 2929 602 foris.

2282 613 2372 669 49.
2407 614 2498 668 Sic
2529 615 2632 670 erit
2664 619 2714 669 in

2281 687 2751 741 consummatione

2282 757 2484 811 saeculi
2511 775 2523 809 :
2556 758 2779 813 exibunt

2283 827 2485 895 angeli,
2517 837 2572 883 et
2594 842 2684 883 se-

2323 899 2552 952 arabunt
2575 914 2689 953 ma—

2307 982 2368 1022 os
2394 969 2462 1024 de
2491 969 2670 1024 medio

2285 1039 2375 1094 50.
2400 1039 2691 1108 justorum,
2724 1051 2780 1096 et

2285 1110 2504 1165 mittent
2527 1126 2624 1166 eos
2655 1113 2706 1166 iu

2285 1182 2557 1254 caminum
2593 1183 2729 1254 ignis
2759 1199 2771 1234 :

2289 1252 2360 1306 ibi
2385 1254 2489 1307 erit
2525 1252 2704 1317 ﬂetus,

2286 1325 2462 1378 etstri
2507 1367 2518 1378 .
2568 1363 2583 1378 .
2628 1365 2641 1378 .
2674 1323 2918 1379 dentium

2287 1393 2349 1447 51
2365 1435 2376 1446 .
2406 1393 2755 1451 lntellexistis

2289 1463 2424 1520 haec
2454 1467 2672 1521 omnia?

2289 1536 2484 1591 Dicunt
2521 1539 2572 1592 ei
2604 1556 2614 1590 :
2644 1537 2763 1593 Uti—

2290 1623 2414 1677 que,
2448 1608 2524 1679 (a)
2553 1609 2780 1664 Domine
2808 1607 2869 1677 1".

2291 1679 2382 1733 52.
2418 1680 2483 1733 Et
2512 1681 2588 1733 ait
2618 1681 2763 1734 illis:

2290 1748 2417 1804 Ideo
2444 1753 2622 1805 omnis

2287 1820 2464 1874 scriba
2498 1820 2693 1876 doctus

2289 1891 2344 1944 in
2372 1905 2541 1961 regno
2570 1907 2695 1948 cae-

2289 1961 2483 2024 lorum,
2519 1962 2712 2018 similis

2287 2041 2384 2105 est
2401 2033 2606 2088 homini
2639 2050 2731 2105 pa—

2289 2104 2611 2170 trifamilias,

2290 2175 2381 2244 qui
2420 2176 2624 2243 profert
2643 2177 2711 2233 de

2289 2247 2586 2301 thensauro
2615 2264 2714 2304 suo

2291 2331 2426 2371 “0V3
2454 2326 2510 2372 et
2537 2329 2740 2374 vetera.

2291 2387 2381 2442 55.
2418 2389 2484 2442 Et
2507 2389 2706 2444 factum
2729 2401 2833 2456 est,

2289 2472 2411 2512 cum
2440 2473 2696 2515 consum-

2291 2538 2498 2585 masset
2525 2529 2684 2587 Jesus

2293 2600 2579 2670 parabolas

2293 2671 2444 2734 istas,
2481 2674 2700 2729 transiit

2294 2742 2382 2797 54.
2412 2742 2555 2799 inde.
2586 2745 2657 2799 Et
2680 2761 2774 2802 ve-

2293 2817 2450 2895 niens
2479 2815 2533 2870 in
2563 2832 2673 2888 pa-t

2295 2893 2452 2938 triam
2493 2903 2644 2941 suam

1322 4848 1714 4908 VARIANTES
1744 4851 2130 4910 LECTIONES
2166 4853 2439 4914 CODICIS
2469 4858 2582 4916 MS.
2625 4861 2683 4918 S.
2724 4861 3224 4922 GERMANENSIS.

665 4979 684 5010 ι
719 4981 886 5026 autem
919 4973 968 5022 ln

661 5042 684 5074 ³
719 5047 772 5089 et
793 5033 1133 5098 segregabunt

664 5104 687 5135 ³
719 5100 990 5154 oculorum,

661 5165 685 5196 ⁸
721 5162 922 5225 Utique,
947 5157 1179 5208 Domine.
1203 5154 1268 5208 Et
1289 5155 1357 5206 ait
1375 5155 1503 5207 illis:

661 5228 687 5259 ⁸
720 5227 1109 5275 consummasset

666 5289 708 5351 ⁸,
723 5286 919 5338 transiit
940 5283 1076 5336 inde.
1103 5280 1165 5333 Et
1187 5281 1397 5331 veniens

2367 4973 2389 5038 Τ
2423 4976 2662 5038 sapientia
2685 4977 2824 5028 haec.

2372 5037 2394 5104 ξ’
2427 5037 2553 5104 filius
2578 5041 2605 5069 ⁸
2629 5039 2813 5102 Joseph
2837 5039 3052 5092 fabri?...
3076 5042 3184 5104 ejus
3202 5041 3380 5092 dicitur
3402 5041 3588 5093 Maria?

2371 5100 2412 5166 ᾗ
2428 5099 2554 5160 ejus,
2571 5099 2942 5166 nonne'omnes
2963 5105 3092 5166 apud
3104 5099 3201 5154 'nos
3220 5105 3368 5156 sunt?

2373 5162 2416 5193 ⁸ο
2449 5165 2612 5212 omnia
2628 5166 2720 5214 ista
2733 5165 2813 5214 ?...
2840 5166 2890 5214 in
2915 5162 3048 5217 eum.

2372 5223 2413 5287 τί
2451 5225 2501 5287 in
2526 5228 2676 5287 patria
2698 5240 2802 5276 sua.
2827 5227 2892 5278 Et
2915 5228 3027 5279 ideo
3050 5241 3148 5280 non
3171 5228 3344 5280 fecit...
3380 5229 3555 5282 multas

2364 5285 2409 5317 ι’
2443 5285 2619 5337 faniam
2641 5289 2764 5339 Jesu
2793 5305 2805 5340 :
2826 5297 2880 5341 et
2903 5292 2970 5340 ait
2993 5304 3006 5334 τ

1933 5391 2312 5452 BLANCHINI
2347 5395 2575 5456 NOTAE.

673 5503 702 5533 ει
731 5491 944 5556 scribae,
973 5488 1106 5544 vitio
1135 5484 1361 5554 librarii,
1390 5498 1489 5556 pro
1517 5485 1706 5540 scriba.

674 5563 704 5605 ι)
721 5571 868 5636 aput,
899 5571 918 5616 ι
943 5574 1042 5632 pro
1065 5559 1122 5612 ά.

2380 5504 2402 5566 (ξ
2417 5511 2460 5566 y
2485 5509 2584 5564 pro
2612 5512 2646 5550 ει
2666 5508 2969 5566 ursurpata.

2373 5561 2398 5600 ἀ
2415 5561 2888 5626 ΙιείδΑωδωεὶίιε
2899 5569 3263 5642 Expositionis
3277 5570 3330 5627 in
3345 5569 3545 5627 Lucam
3559 5571 3708 5630 libro
3727 5574 3906 5631 tertio.

675 5679 755 5757 (a)
778 5675 1016 5743 Addunt,
1047 5673 1287 5730 Domine.
1318 5670 1388 5727 Et
1419 5667 1490 5725 ita
1517 5676 1692 5726 textus
1721 5669 1963 5739 Grazcus,
1995 5671 2164 5748 x-ths.
2192 5672 2298 5731 ὁδέ.
