1990 3096
269 124 323 153 235

459 178 576 208 CODEX
595 177 865 207 VERCELLENSIS.

268 228 296 256 in
308 228 395 256 locum
410 227 503 255 deser-
684 225 763 253 ferite
778 233 825 253 eos
837 224 875 260 (ιι)
890 225 923 252 ad

269 269 324 291 ttun
334 272 466 291 seorsum.
685 261 730 289 i9.
751 269 805 289 me.
818 261 851 288 Et
864 268 924 288 eutn

268 299 303 326 Et
315 308 374 327 cum
388 299 479 326 audis—
682 298 808 333 jussisset
823 297 929 324 turbam

267 342 328 362 sent
341 335 444 368 turbae,
462 342 505 362 sc-
685 333 857 361 discumbere

267 372 320 399 cuti
336 376 395 397 sunt
410 378 470 397 eum
685 377 766 404 supra
782 368 900 401 faenum,

269 407 381 443 pedibus
395 407 428 433 de
444 406 510 433 civi-
682 405 801 443 acceptis
814 411 903 443 rapa-

265 439 374 470 tatibtts.
682 441 760 469 nibus
771 462 778 473 ,
796 445 824 467 et
839 439 906 467 duo-

266 480 310 506 14.
332 477 367 505 Ει
379 482 408 505 ut
420 477 487 505 vidit
502 476 582 505 .Iesus
682 477 733 504 bus
748 476 861 510 piscibtt.
872 496 879 507 ,
895 483 939 503 as—

264 515 371 543 turbam
387 514 457 540 mul-
683 512 786 547 piciens
800 512 827 538 in
842 519 904 538 eae-

265 556 331 581 tam.
346 550 473 577 misertus
682 549 737 576 lum
754 546 903 581 benedixit,

264 590 306 614 est
321 585 384 617 illis.
397 590 426 613 et
439 592 486 611 cu-
682 583 735 611 ett
754 603 760 610 .
785 603 790 609 .
815 602 821 609 .
845 603 851 608 .
874 587 894 616 ι,
910 587 937 610 et
952 582 998 610 de-

264 621 336 649 ravit
349 621 454 656 langui-
681 619 721 647 dit
735 618 876 656 discipulis

264 657 314 684 dos
329 653 433 684 eorum.
681 656 738 682 suis
750 661 843 689 panes,
855 653 911 682 dis-

263 693 307 720 15.
329 691 448 726 Vespere
462 696 552 720 autent
680 691 762 726 cipuli
776 694 867 717 autem

261 729 346 759 facto,
362 735 455 755 acces-
681 727 776 754 turbis.

262 769 356 792 serunt
371 763 404 790 ad
420 771 481 791 eum
679 763 722 790 20.
746 762 777 789 Et
799 781 805 788 .
829 782 835 787 .
862 783 868 789 .
891 761 992 790 nduca-

262 799 387 834 discipuli
401 799 469 834 ejus,
682 803 781 826 verunt
795 804 854 825 om-

682 842 740 867 nes,
756 839 784 861 et.
797 834 908 861 saturati

679 874 751 897 sunt.
767 870 800 896 Et
813 869 880 896 reli-

679 906 755 940 quias
766 904 885 940 college-

678 946 751 972 runt,
769 948 817 968 xu.
833 940 928 976 cophi-

679 984 728 1004 nos
741 976 846 1011 plenos.

677 1012 723 1039 21.
745 1012 931 1040 Manducauti-

679 1055 724 1075 um
737 1053 828 1075 autent
841 1047 881 1075 fu-

679 1084 699 1111 it
712 1090 841 1111 numerus

261 835 386 863 dicentes
400 835 471 862 :De-

261 873 352 898 sertas
366 871 441 897 locus

259 911 312 938 est,
328 911 354 933 et
371 906 437 933 hora
446 906 501 941 jam

261 940 402 977 praeteriit
412 949 419 968 :

261 976 369 1004 dimitte
385 981 441 1004 tur-

259 1014 333 1044 bam.
347 1018 374 1040 et
389 1020 455 1040 euu-

260 1052 301 1076 tes
313 1048 340 1075 in
353 1049 465 1076 castella

258 1088 352 1111 etnant
365 1084 416 1111 sibi
428 1091 472 1112 es‘

259 1127 316 1147 cas.
678 1120 798 1154 quinque
815 1119 888 1146 milia

259 1155 304 1183 16.
324 1155 403 1183 Jesus
414 1159 505 1184 autem
517 1155 601 1183 dixit:
663 1156 808 1190 “virorum,
823 1163 870 1182 ex-

257 1190 317 1218 Non
334 1191 434 1220 habent
677 1192 762 1224 ceptis
775 1191 865 1224 pueris

677 1231 704 1252 et
720 1227 888 1253 ntulit-ribus.

675 1261 721 1287 2'2.
745 1262 776 1288 Et
793 1263 884 1289 statim

676 1297 754 1324 Jesns
765 1297 845 1331 jussit

676 1333 816 1366 discipulis
832 1332 869 1367 (I2)

675 1369 731 1395 suis
745 1369 765 1403 -ι-
780 1368 910 1395 ascende-

258 1234 371 1254 necesse
382 1227 421 1254 ire
434 1235 441 1254 :

257 1262 320 1289 date
333 1263 386 1289 illis
400 1269 448 1291 vos

257 1297 432 1326 manducare.

256 1332 467 1368 Responderunt

257 1369 301 1396 t7.
324 1370 350 1397 ei
367 1378 373 1396 :
389 1368 448 1397 Non
463 1368 546 1397 habe-

255 1412 316 1432 mus
330 1405 382 1433 nisi
396 1413 422 1432 ν.
438 1412 486 1440 pa—
675 1411 705 1431 re
719 1404 745 1431 in
759 1405 870 1431 navicu-

255 1448 315 1473 nes,
331 1446 358 1468 et
372 1439 446 1468 duos
456 1440 496 1475 pi—
675 1440 712 1472 la,
727 1446 755 1467 et
770 1439 917 1474 praecede—

255 1477 300 1504 18.
316 1474 573 1505 sces.EtaitJesus:
584 1474 638 1503 Ad-
674 1483 704 1503 re
716 1475 752 1512 (c)
768 1481 843 1503 trans
857 1475 912 1503 t’re—

470 1534 584 1562 CODEX
604 1533 837 1562 CORBEIENSIS.

254 1584 282 1611 in
304 1583 391 1611 locum
424 1582 561 1610 desertum
601 1582 610 1597 ¹
647 1582 730 1609 solus.
762 1581 840 1615 Quod
876 1588 937 1608 eum
965 1581 1055 1608 audis-

252 1624 314 1647 sent
339 1619 433 1646 turbae
448 1639 454 1649 ,
482 1621 592 1644 secutae
617 1622 680 1644 sunt
705 1624 767 1644 eum
794 1618 803 1632 ¹
827 1617 939 1650 pedibus
965 1624 979 1643 a
994 1617 1056 1643 civi-

252 1655 353 1681 tatibus
370 1654 436 1680 suis.
462 1652 473 1668 ³
493 1653 525 1679 Et
556 1659 683 1686 egressus
708 1652 775 1679 vidit
803 1653 907 1679 turbam
931 1652 1054 1684 multam,

254 1695 281 1717 et
300 1690 425 1716 misertus
443 1693 484 1715 est.
503 1688 553 1719 eis,
576 1692 603 1713 et
627 1688 637 1701 δ
660 1690 764 1714 sanavit
787 1687 927 1721 languidos
949 1696 1052 1714 eorum.

252 1725 319 1751 Cum
339 1732 400 1751 sero
421 1731 509 1750 autem
533 1723 630 1749 factum
651 1729 733 1755 esset,
755 1729 928 1750 accesserunt
944 1724 975 1749 ad
989 1732 1050 1750 eum

252 1760 377 1794 discipuli
393 1759 460 1795 ejus,
474 1759 595 1785 dicentes
612 1768 617 1783 :
631 1758 760 1795 Desertus
773 1759 846 1795 locus
862 1759 872 1773 ⁸
891 1764 932 1785 est
947 1759 989 1785 tibi
1006 1767 1051 1786 su-

254 1804 324 1825 mus,
341 1799 368 1822 et
398 1796 462 1821 lima
487 1794 541 1828 jam
567 1794 703 1827 praeteriit
740 1802 745 1820 :
777 1794 879 1820 dimitte.
906 1794 916 1808 ⁶
946 1795 1049 1822 turbam

252 1832 332 1857 istaut
352 1851 358 1862 ,
389 1835 417 1857 ut.
445 1835 539 1857 euntes
566 1830 591 1856 in
619 1829 685 1856 vicis
701 1833 792 1856 emant
814 1830 864 1856 sibi
892 1831 1002 1856 escas.7
1019 1831 1051 1857 Et

251 1867 289 1893 ait
312 1867 365 1893 illis
380 1867 479 1893 Jesus:
504 1866 560 1892 Non
586 1866 684 1891 habent
710 1873 821 1891 necesse
836 1866 874 1892 ire
891 1874 896 1879 -
918 1865 981 1892 date
996 1866 1050 1892 illis

250 1910 299 1929 vos
321 1902 493 1928 manducare.
512 1902 522 1915 ⁸
544 1902 576 1928 At
600 1901 637 1927 illi
653 1901 777 1927 dixerunt
796 1910 801 1926 ι
818 1901 875 1928 Non
893 1901 1024 1928 habentus
1040 1903 1049 1918 θ

251 1939 391 1964 nobiseum
410 1938 458 1964 nisi
480 1937 596 1970 quinque
621 1945 713 1969 pulei.
725 1941 750 1962 et
765 1936 832 1963 duos
849 1937 946 1971 pisces.
962 1938 981 1952 ¹⁰
998 1937 1050 1964 ite-

249 1975 386 2008 spomlens
396 1974 476 2000 Jesus
489 1974 526 1999 ait
540 1973 654 1999 :Atl'i-rte
669 1972 727 1998 illos
741 1972 801 1999 huc.
819 1972 851 1998 Et
868 1973 887 1987 “
903 1973 981 2005 jussit
995 1978 1050 1999 tur-

251 2007 311 2036 bam
328 2009 498 2036 discumbere
511 2016 592 2042 super
607 2009 626 2022 ¹²
637 2007 790 2036 l'ueuum.et
802 2010 920 2042 arceplis
931 2009 1049 2042 quinque

248 2047 380 2078 panibus.
408 2051 433 2072 et
457 2045 563 2070 duobus
584 2044 719 2078 piscibus.
738 2043 759 2058 ’³
772 2046 919 2077 respiciens
939 2044 973 2070 ad
986 2052 1048 2071 coe-

249 2081 303 2108 lttm
319 2081 553 2108 benedimeoset
566 2080 653 2113 Iregit,
668 2084 694 2105 et
705 2079 779 2105 dedit
794 2080 932 2113 discipulis
946 2079 977 2112 "‘,
993 2081 1046 2106 dis-

249 2118 328 2151 cipuli
345 2122 433 2143 autem
456 2116 551 2143 turbis.
578 2116 610 2141 Et
625 2115 854 2141 ttt:lttdllc;t\'cl‘uul.
868 2116 1004 2145 universi,
1021 2120 1048 2142 et

248 2153 359 2179 salttrati
383 2157 454 2179 sunt.
475 2153 495 2167 ιδ
512 2152 540 2178 ΕΙ
557 2151 723 2178 sustuli-runt
737 2151 806 2185 quod
819 2152 960 2185 superfuit,
977 2152 1046 2178 duo-

248 2188 335 2215 deciut
351 2189 481 2222 cophinos
499 2188 603 2221 plenos.
622 2186 643 2201 ¹⁶
659 2187 691 2212 Et
705 2193 781 2212 erant
801 2188 844 2220 qui
867 2187 1046 2214 manducare-

248 2229 328 2255 runt,
352 2224 489 2250 hominum
511 2224 630 2257 qniuque
653 2223 754 2253 millia,
769 2224 888 2256 e\ceptis
912 2224 1001 2257 pueris
1019 2227 1045 2250 et

248 2259 415 2286 mulieribus.
436 2260 455 2273 ¹⁷
472 2259 545 2285 Tunc
562 2258 641 2292 jussit
660 2258 800 2291 discipulis
821 2259 876 2285 ruis
898 2259 1044 2286 ascettderc

249 2295 274 2321 in
289 2295 451 2327 naviculam,
468 2299 493 2321 et
511 2296 531 2309 ¹⁸
547 2294 586 2320 ire
598 2299 672 2320 trans
684 2293 792 2326 h'etttnt,

534 121 670 151 EUSEBII
690 121 860 150 VERCELL.
882 121 1107 151 EVANGELIUM
1126 123 1198 152 CUM
1220 124 1336 153 VARIIS
1355 123 1433 153 COD.
1453 123 1651 154 COLLATUM.

1337 181 1452 210 CODEX
1480 181 1700 211 VERONENSIS.

1120 227 1190 260 cttla,
1206 228 1233 255 in
1250 228 1338 256 locum
1537 230 1617 258 Jesus
1631 240 1636 257 :
1652 229 1761 258 Adferte

1119 263 1256 301 desertam
1270 271 1348 292 seor-
1536 274 1583 293 eos
1599 266 1636 301 (τι)
1652 266 1684 293 ad
1701 274 1752 293 tne.

1118 306 1189 337 sum.
1204 299 1239 327 Et
1252 307 1313 327 eum
1324 307 1372 327 au—
1538 302 1580 329 t9.
1604 299 1635 330 Ei
1650 309 1711 328 eum
1725 301 1818 337 jussis-

1118 334 1223 362 disseut
1237 336 1341 368 turbae,
1538 343 1578 366 set
1593 339 1697 365 turbam

1117 376 1227 399 secutae
1240 375 1303 398 sunt
1317 378 1380 399 eum
1537 374 1709 402 discumbere

1118 407 1258 447 pedestres
1271 406 1304 434 de
1537 418 1617 444 supra
1630 410 1720 447 fenum
1729 429 1737 442 ,

1117 442 1320 480 civitatibustet
1535 442 1652 480 acceptis
1666 445 1782 480 quinque

1118 478 1171 515 ιι.
1184 478 1268 515 villis.
1284 478 1315 505 Et
1328 483 1357 505 ut
1536 478 1660 515 panibus.
1674 478 1700 508 et
1712 478 1778 508 diio-

1117 513 1185 551 vidit
1199 513 1307 551 turbam
1536 513 1586 545 bus
1603 517 1720 551 piscibus
1729 536 1735 548 ,

1116 549 1240 582 multam,
1258 549 1387 577 misertus

1116 589 1158 612 est
1174 585 1238 617 illis,
1253 589 1280 612 et
1291 592 1339 612 cu-

1116 619 1185 647 ravit
1196 620 1338 656 languidos

1115 663 1220 683 eorum.

1117 692 1161 719 15.
1184 691 1302 727 Vespere
1315 695 1406 720 autem

1116 727 1198 761 tacto,
1214 735 1338 756 accesse—

1115 767 1179 790 ruut
1191 764 1224 790 ad
1237 771 1300 791 eum

1115 798 1253 833 discipuli,
1265 799 1357 827 dicen-

1114 839 1157 862 tes
1170 842 1178 861 :
1193 835 1320 863 Desertus

1114 870 1190 897 locus
1205 875 1258 904 est,
1272 876 1300 899 et

1115 905 1181 933 hora
1195 906 1251 941 jam

1114 942 1254 982 praeteriit
1266 950 1273 968 :
1291 942 1331 969 di-

1113 982 1192 1005 mttte
1206 982 1262 1004 ιιιι·-

1113 1012 1173 1045 bas,
1191 1018 1220 1040 ut
1230 1017 1327 1041 euntes

1112 1049 1141 1075 in
1153 1049 1264 1076 castella

1112 1089 1206 1112 emant
1216 1084 1268 1112 sibi

1113 1127 1200 1147 escas.

1113 1156 1157 1183 16.
1177 1155 1257 1183 Jesus
1270 1159 1363 1184 autem

1112 1190 1181 1218 dixit
1197 1199 1203 1217 :
1219 1190 1278 1219 Non
1294 1191 1342 1218 ha-

1111 1227 1178 1254 bent
1190 1234 1303 1254 necesse
1314 1227 1354 1255 ire
1367 1236 1373 1254 :

1111 1261 1175 1290 date
1189 1262 1243 1289 illis
1259 1270 1306 1290 vos

1112 1298 1287 1325 manducare.

1110 1333 1324 1368 Responderunt

1111 1369 1156 1396 t7.
1178 1369 1202 1396 ei
1214 1377 1222 1395 :
1237 1368 1296 1396 Non
1307 1369 1440 1398 habemus

1112 1404 1165 1431 nisi
1176 1407 1295 1441 quinque
1306 1413 1353 1441 pa—

1111 1448 1172 1482 rtes,
1186 1445 1213 1468 et
1228 1440 1297 1482 duos
1313 1441 1353 1482 pi-
1530 1449 1557 1472 et
1573 1440 1739 1482 praecedere
1752 1444 1789 1481 (ο)
1805 1444 1824 1479 1·

1111 1476 1154 1503 18.
1177 1483 1247 1504 sces.
1263 1476 1296 1503 Et
1308 1477 1347 1505 ait
1531 1476 1605 1508 trans
1621 1481 1732 1515 fretum,

1340 1533 1459 1566 CODEX
1478 1537 1678 1568 BRIXIANUS.

1110 1581 1136 1607 in
1155 1581 1242 1608 locmn
1264 1582 1401 1609 desertum
1414 1591 1535 1611 seorsum
1548 1585 1580 1612 Et
1595 1593 1655 1613 cum
1669 1587 1809 1614 audissent
1817 1585 1902 1613 turbae

1109 1621 1157 1653 saﬂ
1168 1623 1253 1644 acuta:
1264 1623 1326 1644 sunt
1335 1627 1395 1645 eum
1410 1620 1549 1653 pedestres
1561 1621 1596 1648 de
1603 1622 1903 1650 civitatibusEtexietts

1107 1652 1195 1679 Iesus.
1214 1654 1279 1680 vidit
1294 1654 1398 1681 turbam
1410 1652 1546 1684 rumltam.
1562 1663 1589 1684 et
1611 1659 1741 1685 misertus
1755 1664 1797 1686 est
1817 1659 1863 1686 eis.
1878 1661 1903 1685 et

1107 1689 1210 1715 curavit
1225 1689 1347 1727 inlirmos
1362 1698 1465 1727 eorum.
1484 1692 1602 1727 Vespere
1617 1699 1706 1721 autem
1727 1695 1806 1721 facto.
1820 1701 1903 1721 acces-

1107 1730 1201 1764 serunt
1223 1725 1256 1751 ad
1278 1733 1339 1764 eum
1354 1726 1478 1764 discipuli
1493 1725 1551 1762 ejus
1565 1729 1696 1757 dicentes.
1717 1731 1843 1757 Desertus
1864 1733 1902 1757 est

1104 1758 1148 1786 hic
1163 1760 1247 1793 locus,
1268 1767 1304 1801 let
1330 1762 1476 1801 horaﬂjaut
1506 1758 1655 1798 praeteriit.
1679 1766 1794 1793 demitte
1819 1765 1903 1792 turbas

1105 1800 1133 1821 ιιι
1157 1797 1292 1823 euntesin
1317 1797 1439 1824 casti-lla.
1465 1797 1556 1826 emant
1581 1801 1631 1827 sibi
1659 1809 1748 1829 escas.
1770 1802 1848 1828 .Iesus
1860 1807 1903 1827 au-

1104 1835 1159 1857 tem
1174 1830 1241 1858 dixit
1256 1834 1304 1858 eis.
1322 1833 1378 1859 Non
1397 1833 1499 1861 bibent
1513 1843 1625 1863 necesse
1643 1837 1692 1864 ire.
1711 1838 1775 1865 date
1791 1837 1843 1864 illis
1859 1843 1902 1862 vos

1103 1866 1277 1906 ¹¹ἶ⁵¹ἷ¹¹¹¹¹ξῖ²¹Γῦ
1296 1869 1335 1895 Ad
1359 1870 1395 1895 il“
1412 1870 1537 1897 dlxcl‘ultt
1558 1872 1592 1898 ci.
1618 1872 1675 1899 Non
1699 1872 1832 1900 habemus
1852 1871 1899 1898 hic.

1104 1903 1158 1940 nisi
1169 1903 1287 1937 quinque
1309 1912 1390 1937 panes
1407 1910 1432 1931 et
1447 1906 1514 1932 duos
1535 1907 1631 1940 pisces.
1650 1908 1682 1934 Et
1695 1909 1735 1935 ait
1749 1909 1803 1935 illis
1817 1907 1900 1936 Jesus.

1103 1936 1214 1977 Adferte
1235 1936 1368 1977 iiiilii’eos
1380 1941 1439 1967 huc.
1457 1942 1490 1967 Et
1511 1936 1571 1968 etim
1584 1943 1711 1977 jussis-set
1729 1944 1836 1971 turbam
1851 1943 1901 1970 dis-

1101 1973 1228 2014 cumbere
1250 1982 1331 2014 supra
1356 1975 1447 2014 fenum
1469 1973 1592 2012 acceptis
1610 1980 1732 2014 quinque
1754 1980 1864 2014 panibus
1876 1982 1903 2005 et

1101 2008 1207 2045 duobus
1230 2011 1347 2045 pisclillls‘
1370 2013 1504 2045 aspiciens
1530 2008 1556 2040 i'n
1581 2008 1694 2042 eaélum‘
1712 2008 1860 2043 benedixit.
1875 2018 1900 2041 et

1101 2043 1237 2084 transiens
1247 2046 1321 2084 dedit
1335 2043 1473 2081 discipulis
1495 2056 1577 2083 panes
1592 2050 1718 2084 discipuli
1741 2056 1832 2079 autem
1847 2054 1900 2076 tur-

1101 2078 1152 2105 bis.
1169 2080 1201 2106 Et
1220 2078 1454 2109 ιιιςιιιιίιιαινυτιιιιι
1471 2078 1577 2111 omnes.
1599 2090 1626 2112 et
1648 2078 1763 2113 naturali
1784 2090 1856 2114 sunt.
1873 2085 1902 2112 Et

1100 2117 1269 2154 sustuleiunt
1293 2118 1420 2151 reliquias
1451 2119 1663 2154 I‘ragnientorum
1689 2122 1834 2150 duodecim
1858 2129 1902 2148 eo-

1101 2151 1197 2191 phino;
1217 2153 1320 2192 plenos.
1337 2155 1386 2192 Qui
1402 2151 1746 2184 auteufmanducaverunt
1763 2161 1841 2186 erant
1853 2155 1900 2183 viri

1100 2193 1180 2228 ﬂllttS-t
1195 2190 1558 2228 quinipieumlia.exceptis
1572 2193 1743 2220 mulieribus.
1759 2198 1788 2221 et
1807 2200 1901 2228 parvu-

1101 2221 1144 2260 lis.
1160 2223 1193 2249 Et
1208 2225 1298 2250 statim
1318 2225 1399 2258 jussu
1414 2221 1562 2260 discipulos
1575 2228 1726 2257 ascendere
1747 2231 1773 2256 iit
1795 2221 1903 2257 inicu-

1100 2256 1151 2284 iam
1166 2264 1192 2285 et
1208 2256 1371 2293 praecedere
1383 2269 1444 2288 eum
1461 2256 1536 2291 trans
1557 2263 1666 2292 fretum.

1535 553 1670 588 aspiciens
1687 553 1713 579 in

1535 590 1638 616 caelum
1658 588 1703 616 be-

1536 624 1650 659 nedixit,
1663 628 1691 652 et

1534 660 1625 695 fregit,
1642 664 1669 687 et
1681 658 1756 687 dedit.

1534 695 1675 730 discipulis
1690 695 1757 729 suis,

1535 731 1661 766 discipuli
1677 738 1725 758 au-

1534 771 1589 795 tem
1604 769 1754 801 posuerunt

1534 803 1581 830 20.
1600 803 1698 831 turbis.
1713 802 1749 831 Et
1761 808 1831 829 man-

1535 838 1703 866 ducaverunt
1717 846 1775 865 om-

1534 883 1593 906 nes,
1609 881 1635 901 et
1650 875 1762 901 saturati

1534 916 1606 937 sunt.
1626 910 1659 936 Et
1673 910 1738 937 reli-

1533 947 1610 980 quias
1623 946 1793 981 collegerunt

1532 981 1757 1016 fragmentorum,

1533 1017 1676 1044 duodecim
1691 1017 1794 1045 cotlnos

1531 1053 1577 1079 21.
1600 1054 1704 1086 plenos.
1718 1053 1793 1080 Matt-

1532 1089 1687 1116 dut‘antittm
1699 1095 1749 1115 au-

1532 1129 1585 1151 tern
1602 1124 1651 1151 l'uit
1665 1132 1763 1152 nume-

1531 1167 1577 1187 rus
1590 1167 1616 1187 ν.
1634 1160 1717 1188 milia

1531 1195 1664 1228 virorum,
1679 1203 1730 1223 ex-

1531 1232 1617 1266 ceptis
1633 1232 1726 1266 pueris

1530 1272 1557 1294 et
1568 1268 1740 1294 mulieribus.

1529 1302 1574 1329 22.
1598 1303 1629 1329 Et
1645 1303 1738 1329 statim
1754 1302 1830 1330 Jesus

1527 1338 1608 1373 jussit
1623 1338 1773 1372 discipulos
1787 1338 1822 1374 (b')

1531 1381 1595 1400 suos
1607 1374 1627 1409 -ἰ-
1638 1374 1789 1402 ascendere

1531 1410 1557 1436 iit
1575 1410 1739 1443 naviculam,

586 2349 782 2379 VARIANTES
800 2350 994 2380 LECTIONES
1011 2352 1145 2382 CODICIS
1165 2354 1220 2383 MS.
1242 2355 1272 2384 S.
1293 2355 1549 2388 GERMANENSIS.

281 2400 289 2415 ι
307 2405 428 2424 seorsum.
439 2399 471 2424 Et
482 2405 538 2424 cum

279 2431 289 2445 ²
306 2430 438 2461 pedestres
448 2430 480 2454 de

278 2462 289 2477 ³
307 2464 399 2485 etcum
413 2461 508 2485 exisset

274 2492 288 2539 ἐ
302 2492 396 2547 egi-avg:
409 2492 516 2516 inﬁrmos
528 2497 622 2517 eorum.
636 2492 750 2524 Vespere
760 2495 842 2517 autem
855 2492 919 2518 facto

306 2530 321 2547 e
347 2541 354 2547 .

273 2554 284 2569 ⁸
305 2541 425 2578 ἷᾶιῖίιιιζίη
436 2553 536 2579 castella

274 2586 285 2600 ⁷
302 2584 376 2609 Iesus
386 2588 468 2610 autem
480 2585 543 2610 dixit
554 2585 603 2610 illis

275 2616 286 2632 ⁸
304 2616 351 2646 Qui
361 2616 478 2642 dixerunt
489 2616 513 2641 ei

275 2647 286 2663 ³
304 2647 346 2672 hic

275 2679 297 2694 ¹⁰
315 2678 345 2704 Et
357 2679 392 2704 ait
403 2677 451 2704 illis
465 2678 554 2704 Jesus:
566 2678 663 2704 Ati'erte
672 2685 716 2704 eos
727 2679 757 2704 ad
769 2686 809 2705 me

277 2774 290 2788 ιι
309 2769 331 2796 Α
347 2769 372 2796 in
387 2773 517 2803 meum,
534 2768 632 2797 extrita
648 2773 699 2797 est.

1133 2401 1154 2417 “
1172 2408 1227 2433 cum
1233 2402 1348 2433 iussisset

1133 2433 1156 2467 ἒξ
1172 2432 1282 2467 τοθειῐδιιι,
1294 2436 1406 2467 mentis

1130 2463 1155 2479 ¹³
1171 2463 1293 2496 aspicien’s
1302 2463 1505 2499 in...'benedixit,
1515 2473 1542 2494 et

1132 2494 1154 2510 ιδ
1171 2502 1259 2520 panes.

1129 2526 1151 2571 ἒξ
1167 2516 1513 2571 Istisne.

1096 2557 1364 2612 Imf;mﬂdanclneautium
1373 2557 1457 2587 autein
1470 2562 1515 2588 fuit
1525 2564 1642 2589 numerus
1649 2563 1764 2596 quinque
1775 2564 1853 2591 millia
1862 2565 1900 2591 vis

1128 2619 1151 2666 ἒξ
1166 2619 1372 2666 illusit
1383 2623 1457 2649 Iesus
1470 2624 1603 2657 discipulos
1615 2632 1673 2651 suos

1166 2653 1321 2683 praecedere

906 2711 1090 2753 amntium
1110 2724 1224 2755 nom.

276 2841 323 2885 (ei
420 2850 477 2875 eos,
499 2842 578 2885 deest
597 2841 662 2885 luto.
679 2841 759 2885 etiam
782 2843 808 2869 in
827 2842 891 2885 eod.
914 2842 1083 2885 Calatia—tta)
1104 2831 1186 2874 Addit
1194 2854 1254 2875 suos
1266 2854 1275 2874 :
1289 2851 1317 2875 et
1330 2847 1366 2876 ita
1377 2847 1494 2878 Vercell.
1512 2854 1539 2878 et
1553 2853 1643 2878 textus
1652 2848 1769 2879 Graecus
1781 2870 1789 2885 ,
1806 2851 1898 2880 αὐτοῦ.

240 2889 276 2897 -—
290 2876 325 2912 (ε)
346 2876 410 2905 Past
431 2877 597 2912 praecedere,
614 2878 689 2906 deest
705 2883 782 2912 eum,
806 2884 833 2906 ut
856 2879 883 2907 in
905 2877 966 2907 cod.
979 2876 1058 2907 Cant.
