3980 6192
173 288 279 358 εδει

548 412 790 473 CODEX
829 412 1373 481 VERCELLENSIS.

173 521 311 576 tum,
334 509 504 566 donec
529 509 609 581 ip—
1012 509 1109 565 lite
1131 508 1339 576 timere.
1362 523 1450 565 er-

171 600 232 640 se
253 583 547 639 dimitteret
1010 595 1080 648 go
1106 595 1249 636 sum.

169 656 377 711 turbas.
1008 651 1099 707 28.
1140 650 1497 720 Respondens
1519 666 1617 709 att-

163 727 251 784 25.
295 726 362 781 Et
390 722 613 781 dimissa
638 730 757 781 tur-
1010 731 1115 778 tem
1148 724 1339 779 Petrus

1006 792 1143 849 dixit
1170 812 1183 848 :
1217 792 1444 850 Domine
1463 834 1479 862 ,
1506 792 1557 850 si

1010 874 1064 919 tu
1093 880 1175 947 es,
1202 864 1334 947 jube
1362 880 1451 923 me

1005 937 1192 992 venire
1217 935 1286 991 ad
1322 946 1373 991 te

1005 1022 1168 1077 super
1196 1022 1413 1077 aquam.

1003 1076 1093 1133 29.
1139 1079 1203 1133 Ει
1232 1076 1349 1148 ipse
1375 1078 1454 1134 ait
1483 1094 1498 1133 :
1531 1076 1692 1135 Veni.

1005 1151 1074 1205 Et
1098 1149 1435 1205 descendens

166 797 251 864 ba,
276 794 523 853 ascendit
549 796 604 850 in

167 878 346 925 monte
375 867 531 923 solus

167 956 334 997 orare.
364 939 571 1007 Vespe—

166 1027 221 1068 re
247 1021 427 1067 autem
458 1009 572 1067 iac-

169 1092 218 1138 to
246 1084 395 1140 solus
423 1090 546 1137 erat

167 1154 249 1210 2|.
290 1155 385 1210 ibi.
411 1150 675 1210 Navicula

166 1236 339 1282 autem
366 1226 421 1281 in
1004 1219 1200 1277 Petrus
1224 1220 1293 1277 de
1316 1236 1410 1276 na-

167 1296 337 1354 medio
361 1295 504 1352 mari
1002 1292 1197 1359 vicula,
1220 1294 1409 1349 ambu-

161 1369 364 1439 jaetaba
406 1407 422 1421 .
467 1409 481 1423 .
531 1409 546 1422 .
588 1405 607 1420 .
1002 1363 1145 1420 labat
1166 1378 1330 1433 supra
1352 1378 1409 1439 a-

164 1432 236 1512 lb)
261 1455 291 1495 a
318 1438 581 1495 ﬂuctivus
608 1455 626 1494 :
999 1432 1412 1512 quam_n_t’veni-

160 1505 272 1567 erat
292 1522 478 1567 autem
1001 1516 1085 1563 ret
1104 1506 1171 1560 ad
1194 1505 1401 1563 Jesum.

160 1582 264 1638 illis
288 1594 490 1639 ventus
998 1578 1087 1634 δυ.
1131 1577 1337 1635 Videris
1369 1591 1500 1636 vero
1527 1590 1660 1634 ven-

161 1655 483 1710 contrarius.
1001 1658 1115 1705 tum
1141 1647 1401 1714 validum,

1002 1721 1177 1776 timuit
1207 1738 1221 1773 :
1254 1730 1307 1774 et
1331 1734 1454 1777 cum

999 1792 1268 1862 coepisset
1286 1806 1432 1846 mer-

1034 1864 1070 1931 i,
1101 1863 1353 1919 clamavit

1039 1935 1187 1990 iceus
1211 1951 1224 1988 :
1260 1932 1506 2001 Domine,

997 2006 1203 2060 salvum
1232 2019 1317 2059 me
1347 2003 1452 2059 lac.

996 2077 1060 2132 5i
1073 2117 1086 2129 .
1133 2077 1200 2131 Et
1227 2076 1486 2132 continuo

995 2146 1154 2204 Jesus
1181 2145 1477 2203 extendens

999 2234 1241 2285 manum,
1265 2217 1460 2287 adpre-

159 1725 250 1782 25.
286 1726 487 1795 Quarta
514 1734 700 1781 autem

157 1797 336 1869 vigilia
362 1796 561 1869 noctis,

158 1865 308 1925 venit
330 1869 399 1923 ad
422 1882 517 1924 eos
549 1865 621 1939 (ε)

153 1939 314 1996 Iesus
332 1939 376 2011 ἰ-
400 1940 681 2011 ambulans

153 2011 256 2067 26.
294 2006 458 2080 supra
484 2010 639 2065 mari.
670 2006 767 2080 Vi—

152 2078 467 2152 demes“)
491 2090 661 2137 autem
684 2078 727 2152 -ι-

154 2153 325 2208 illum
354 2167 517 2221 supra

152 2239 320 2280 mare
347 2223 536 2278 ambu-
558 2240 573 2255 ο

150 2296 382 2357 lautem,
417 2294 590 2350 turba—
997 2288 1182 2345 hendit
1209 2304 1332 2344 eum
1357 2305 1370 2340 :

152 2367 189 2422 ti
236 2377 376 2430 sunt.
406 2366 584 2421 dicen-
996 2370 1053 2418 et
1079 2362 1154 2416 ait
1182 2360 1257 2415 illi
1292 2377 1305 2413 :
1336 2357 1510 2415 Modi-

150 2447 250 2494 tes
276 2455 290 2490 :
315 2438 449 2507 Quia
479 2437 595 2492 fan-
994 2447 1092 2507 cae
1121 2430 1278 2507 ﬁdei,
1307 2445 1477 2507 quare

994 2503 1084 2559 52.
1126 2499 1420 2558 dubitasti?
1448 2499 1519 2557 Et

994 2590 1117 2630 cuin
1146 2571 1423 2629 ascendis-

994 2654 1117 2702 sent
1144 2645 1199 2699 in
1223 2643 1373 2700 navi-

994 2717 1194 2780 culam,
1221 2729 1403 2771 cessa-

994 2788 1072 2843 vit
1096 2796 1308 2843 ventus.

994 2859 1082 2915 35.
1125 2858 1227 2927 Qui
1256 2866 1436 2913 autem
1464 2856 1519 2911 in

997 2929 1240 2985 navicula
1267 2938 1446 2995 erant,

998 3009 1286 3067 venerunt,

584 3117 823 3177 OODEX
854 3113 1336 3174 CORBEIENSIS.

148 3216 334 3272 donec
389 3213 760 3269 “dimitteret
798 3212 836 3243 ·²
882 3208 1120 3265 turbam.
1183 3209 1251 3264 Et
1300 3221 1425 3262 cum
1465 3203 1767 3260 dimisisset

146 3288 295 3355 illos,
326 3285 591 3355 ascendit
618 3286 673 3339 in
704 3294 945 3339 montem
999 3281 1020 3311 ³
1068 3291 1124 3336 et
1155 3280 1350 3355 orabat
1381 3277 1571 3355 _soli_is.
1619 3274 1761 3331 Ves-

146 3347 292 3430 pere'
336 3354 713 3430 autemufacto
754 3355 1090 3430 _solus_crat_
1155 3351 1251 3405 ibi.
1284 3348 1331 3430 _"
1380 3347 1543 3430 Navis
1578 3355 1759 3430 autem

147 3420 260 3486 Erat
303 3430 373 3485 in
416 3428 594 3483 medio
635 3427 782 3500 mari
823 3436 878 3479 et
927 3422 1235 3500 jactabatiir
1279 3420 1530 3475 ﬂuctibus
1582 3436 1596 3475 :
1646 3425 1762 3500 erat

147 3506 297 3557 enim
356 3499 662 3556 contrarius
707 3496 815 3553 illis
870 3506 1086 3550 ventus.
1137 3496 1337 3559 Quarta
1388 3501 1569 3546 autem
1617 3496 1751 3559 vigi-

145 3573 214 3628 lia
238 3574 456 3638 noctis,
482 3574 626 3624 venit
650 3568 715 3623 ad
742 3582 837 3622 eos
864 3566 1148 3619 ambulans
1176 3578 1338 3638 super
1361 3577 1529 3617 mare.
1562 3559 1758 3638 Viden:

148 3654 227 3699 tes
252 3629 457 3698 autem
487 3641 509 3673 ⁸
533 3641 686 3696 illum
720 3653 885 3708 super
922 3651 1071 3691 mare
1114 3629 1515 3708 ambulantem,
1560 3629 1757 3708 turbati

149 3725 296 3781 sunt,
332 3716 621 3768 dicentes:
649 3702 1155 3781 Quia'plianstasmn
1184 3707 1205 3737 ⁶
1225 3715 1391 3781 esset.
1414 3714 1441 3741 ιι
1469 3702 1586 3781 Non
1611 3703 1755 3758 enini

148 3775 574 3850 intellexerant,
608 3775 745 3837 sicut
789 3775 888 3835 nec
928 3780 982 3833 in
1031 3777 1282 3850 panibus.
1319 3775 1631 3850 Er:it_enii_n
1663 3788 1759 3850 eor

148 3874 347 3913 earum
380 3844 655 3911 obtusum.
681 3852 749 3907 Et
770 3867 878 3921 pne
906 3844 1100 3921 timore
1124 3850 1143 3920 7
1175 3849 1432 3921 clamant.
1457 3844 1754 3900 Confestim

147 3942 336 3986 autem
385 3927 596 3981 locutus
642 3935 726 3979 est
770 3915 839 3977 ad
885 3935 1011 3987 eos,
1044 3915 1227 3975 dicens
1264 3936 1275 3971 :
1308 3915 1634 3973 Constantes
1668 3930 1762 3987 es-

150 4010 254 4055 tote
284 4002 312 4033 ⁸
346 4007 408 4054 et
435 3996 600 4052 milite
629 3994 839 4050 timere.
884 3992 953 4047 Et
990 3986 1328 4061 respondens
1353 3989 1401 4044 ei
1438 3988 1629 4061 Siiiioii
1657 3986 1761 4061 Pe-

151 4083 259 4128 trus
284 4070 484 4127 dixit:
524 4067 777 4130 Domine,
809 4064 852 4118 si
883 4071 941 4118 tu
979 4078 1038 4118 es
1059 4057 1242 4130 {jube
1273 4075 1359 4114 me
1389 4058 1577 4130 venire
1604 4057 1672 4111 ad
1705 4066 1760 4130 te

149 4157 317 4213 super
347 4154 569 4213 aquam.
592 4140 620 4213 ‘9
653 4137 716 4192 Et
754 4128 847 4213 ille
889 4135 1032 4213 digit
1064 4151 1077 4188 :
1106 4128 1268 4187 Veni.
1310 4131 1376 4185 Et
1401 4130 1443 4162 ⁸ο
1483 4128 1762 4213 descendit

149 4157 317 4213 super
428 4157 569 4194 nam.
602 4157 620 4172 '
653 4157 716 4192 bl
756 4157 847 4191 Ille
889 4157 1077 4189 UIXIL:
1121 4157 1268 4187 "sui.
1310 4157 1376 4185 DL
1402 4157 1438 4162 -ν
1483 4157 1762 4211 υσδυυιξυιι

148 4157 460 4270 Petrusage
478 4209 627 4281 pavi,
656 4218 711 4263 et
736 4206 1046 4261 ambulabat
1071 4220 1235 4281 suiier
1258 4210 1526 4281 aquain‘ut
1556 4206 1764 4281 vetitt‘cl

152 4287 211 4338 ad
233 4286 440 4342 Jesnm
472 4280 670 4335 Videns
689 4287 867 4333 autem
890 4283 1107 4331 ventum
1131 4273 1391 4337 validum,
1419 4273 1461 4305 ιι
1483 4274 1759 4327 extimuit:

153 2510 426 2564 illasmaia
454 2517 555 2564 est.

153 2581 223 2636 El
245 2596 382 2650 prae
406 2580 563 2636 timo—

155 2668 213 2708 re
235 2653 512 2707 clamave-

154 2720 240 2777 27.
284 2731 435 2779 runt.
469 2720 689 2780 Statim-

155 2810 256 2865 que
284 2794 451 2849 Jesus
478 2792 627 2865 locu-

155 2864 240 2921 tus
264 2875 360 2922 est
378 2866 485 2926 eis.
513 2864 597 2921 di-

152 2952 283 2993 cens
312 2954 328 2989 :
363 2936 624 2991 Conatan-

153 3018 230 3064 tes
249 3017 443 3064 estote
473 3022 568 3062 no-

154 4366 205 4413 et
228 4372 371 4414 eum
400 4354 672 4423 coepisset
701 4351 745 4423 ξ’
774 4345 1370 4423 deme_rgere,elaiiia_vit
1398 4344 1583 4399 dicens
1610 4360 1622 4396 :
1645 4344 1789 4423 _Do-.r

151 4430 327 4495 mine,
348 4414 565 4480 salvum
588 4439 673 4496 ine
695 4420 796 4496 iac.
817 4421 883 4475 Et
902 4419 947 4451 ¹³
964 4414 1257 4496 confestim
1277 4414 1762 4496 Jesusextenileiis

154 4485 406 4563 manum,
439 4492 794 4566 apprehendit
817 4507 940 4547 eum
966 4507 980 4544 :
1012 4501 1063 4547 et
1089 4489 1259 4566 ait_i_lli
1291 4503 1307 4541 :
1340 4485 1580 4566 iiodicae
1611 4485 1758 4552 ﬁdei,

155 4584 327 4639 quare
362 4556 675 4639 dubitasti!
691 4565 775 4639 Et
800 4576 965 4639 q_ii_um
994 4561 1330 4639 ascendisset
1359 4556 1492 4639 in“
1526 4570 1755 4625 navem,

156 4632 402 4698 cessavit
428 4649 636 4694 ventus.
662 4636 710 4668 "
733 4635 802 4691 Et
824 4632 887 4689 lii
917 4637 1006 4705 qui
1037 4632 1090 4687 in
1123 4633 1245 4686 navi
1285 4638 1472 4695 erant,

1145 256 1596 356 EVANGELIVUM
1621 287 1996 357 SECUNDUM
2032 252 2459 358 nummi.

1858 2715 1950 2781 lis,
1964 2736 1967 2739 ·
1981 2715 2167 2773 dicens
2200 2735 2214 2773 :
2245 2712 2389 2774 Con-

1778 2934 1782 2938 Δ
1862 2858 2031 2913 nolite
2056 2860 2249 2915 timere
2267 2901 2281 2925 ,

3371 307 3481 365 ess
3522 290 3525 295 ’

2305 416 2543 474 CODEX
2596 414 3045 475 VERONENSIS.

2713 509 2970 594 autem_ei
3000 510 3101 570 Pe-
3145 583 3160 594 _

1875 509 2051 566 donec
2076 510 2189 578 ipse

2714 591 2829 637 trus
2856 580 2992 637 dixit
3016 600 3031 639 :

1874 580 2173 637 dimitteret

1876 652 2080 708 turbas.

1872 722 1965 778 25.
2007 723 2073 778 Ει
2096 723 2319 780 dimissa

1875 795 2052 860 turba,
2079 795 2327 853 ascendit

1872 866 1926 920 in
1960 876 2198 921 montem

1871 936 2019 991 solus
2044 952 2221 993 orare.

1872 1006 2112 1077 Vespere
2129 1017 2310 1064 autem

1870 1077 2013 1133 facto
2037 1079 2185 1134 solus
2210 1086 2328 1135 erat

1868 1148 1961 1204 24.
2003 1150 2075 1207 ibi
2110 1169 2122 1205 :
2154 1148 2414 1206 Navicula

1869 1219 2163 1295 amenta)
2189 1221 2300 1295 iam
2329 1218 2371 1292 τι

1869 1292 1924 1347 iii
1952 1292 2288 1348 medio'inari

2716 652 2943 707 Domine
2962 695 2979 717 ,
3008 654 3055 709 si

2714 732 2773 779 tu
2799 739 2882 790 es,
2904 723 3036 795 juve

2712 810 2802 851 me
2831 798 3018 852 venire

2711 866 2781 937 ad
2806 874 2856 921 te
2884 882 3049 937 super

2708 936 2801 993 29.
2834 936 3048 1008 aquam.
3083 938 3166 994 Ad

2710 1009 2829 1075 ipse
2853 1010 2927 1064 ait
2958 1027 2971 1063 :
3004 1009 3165 1067 Veni.

2712 1078 2783 1134 Et
2810 1080 3145 1137 descendens

2713 1149 2906 1209 Petrus
2926 1152 2993 1209 de
3022 1170 3117 1209 na—

2711 1222 2908 1289 vicula,
2941 1224 3136 1280 ambu-

2708 1292 3045 1369 labatsuper

1862 1362 2171 1434 jactabatur
2194 1359 2278 1505 ῼ)
2711 1364 2905 1436 aquam
2926 1359 2985 1421 iit
3007 1367 3161 1424 veni-

1867 1448 1900 1489 a
1921 1433 2174 1490 ﬂuctibus
2261 1451 2275 1489 :
2709 1445 2794 1491 ret
2815 1437 2882 1491 ad
2905 1436 3114 1493 Jesum.

1867 1433 1900 1489 a
1921 1433 2174 1490 ﬂuctibus
2194 1433 2236 1493 -l-
2254 1433 2275 1489 ξ
2709 1433 2794 1491 ι’θί
2815 1437 2882 1491 ad
2905 1436 3114 1493 Jesum.

1867 1517 1985 1562 erat
2009 1505 2157 1561 enim
2708 1506 2798 1563 50.
2840 1506 3041 1563 Videris
3070 1524 3198 1564 vero
3224 1529 3239 1539 ·

2708 1586 2928 1662 ventum
2958 1579 3220 1662 validum,

2709 1656 2886 1705 timuit
2918 1667 2933 1707 :
2965 1661 3160 1707 etcum

1866 1576 1978 1632 illis
1998 1586 2190 1633 ventus
2216 1574 2313 1633 ad-

1868 1645 1960 1711 25.
2003 1648 2299 1705 versarius.

1870 1718 2070 1787 Quarta

1866 1801 2049 1846 autem
2079 1789 2258 1860 vigilia

1866 1861 2067 1939 noctis,
2095 1857 2246 1939 venit
2275 1857 2346 1939 ad

1865 2073 1956 2129 26.
1998 2090 2171 2146 mare.
2188 2074 2455 2146 Videntes
2481 2073 2561 2146 (ά)

2705 1722 2974 1790 coepisset
3004 1719 3197 1792 mergi,

2704 1792 2958 1847 clamavit
2983 1792 3170 1850 dicens
3196 1809 3213 1847 :

2705 1860 2952 1929 Domine,
2985 1864 3193 1920 salvum

2703 1933 2793 1989 51.
2835 1949 2923 1991 me
2945 1934 3049 1991 fac.
3081 1933 3149 1991 Et

2703 2006 2965 2060 continuo
2987 2003 3147 2063 Jesus

2705 2078 3006 2133 extendens

1865 2155 2044 2201 autem
2072 2144 2114 2215 Ἰ-
2144 2144 2321 2212 illum,
2488 2137 2501 2145 ’
2540 2137 2552 2146 ’
2705 2163 2951 2215 manum,
2985 2137 3099 2204 ad-'

1868 2217 2064 2289 turbati
2095 2224 2240 2289 sunt,
2264 2287 2271 2289 A
2704 2218 3032 2289 praehendit

1864 2287 2108 2344 dicentes
2133 2305 2147 2342 :
2175 2287 2308 2356 Quia
2703 2287 2825 2345 eum
2857 2308 2872 2345 :

1864 2357 2132 2414 fantasma
2154 2368 2256 2414 est.
2702 2372 2758 2417 et
2785 2360 2864 2417 ait
2887 2362 2964 2417 illi
2991 2379 3005 2418 :

1864 2429 1932 2501 Et
1963 2444 2092 2501 prae
2121 2431 2318 2487 timore
2700 2432 2925 2489 Medicae
2949 2432 3070 2489 iidei
3089 2476 3103 2497 ,

1863 2499 2252 2559 clamaverunt.
2699 2519 2867 2570 quare
2888 2504 3183 2560 dubitasti?

2700 2575 2793 2631 52.
2836 2576 2906 2632 Et
2927 2589 3049 2631 cum
3077 2590 3270 2634 ascen-

2701 2646 2872 2703 disset
2895 2648 2950 2704 in
2976 2649 3131 2705 navi-

2702 2718 2901 2784 culam,
2931 2734 3112 2776 cessa-

2700 2790 2790 2846 55.
2835 2792 2915 2845 vit
2944 2800 3156 2848 ventus.
3186 2789 3293 2861 Qui

2702 2869 2883 2917 autem
2908 2864 2962 2916 in
2984 2865 3137 2921 navi-

1933 2944 1965 2982 ο
1993 2944 2136 3000 sum.
2240 2999 2247 3000 ί
2702 2933 2827 2988 cuia
2855 2942 3032 3000 erant,

1943 3040 1956 3053 .
1997 2999 2356 3072 ReSpOndens
2702 3013 2996 3071 venerunt,

2324 3112 2560 3170 COD‘EX
2596 3115 3000 3174 BRIXIANUS.

1866 3204 2043 3263 donec
2103 3206 2401 3263 dimitteret
2456 3208 2661 3264 turbas.
2725 3208 2796 3265 Et
2846 3210 3071 3267 dimissa
3126 3213 3300 3270 turba.
3375 3231 3463 3273 as-

1866 3277 2051 3353 cendit
2090 3279 2147 3333 in
2174 3279 2573 3353 monteusolus
2595 3296 2773 3337 orare.
2808 3281 3048 3353 Vespere
3086 3295 3265 3342 autem
3294 3285 3459 3344 i‘acto.

1867 3351 2016 3430 solus
2064 3359 2183 3430 erat
2354 3349 2611 3406 Navicula
2649 3361 2832 3430 autem
2865 3349 3131 3430 in'inedio
3172 3359 3305 3412 mari
3348 3358 3466 3430 jac-

1867 3422 2083 3477 tabatur
2135 3420 2388 3476 ﬂuctibus
2440 3432 2559 3477 erat
2610 3424 2754 3479 enim
2806 3428 3113 3481 contrarius
3161 3420 3374 3486 ventiis'.
3437 3431 3464 3469 δ

1865 3491 2067 3573 Quarta
2093 3503 2271 3548 autem
2298 3493 2474 3563 vigilia
2507 3496 2702 3573 n0c_t_i_s_.
2742 3497 2888 3551 venit
2916 3496 2985 3573 ad
3013 3514 3109 3553 eos
3135 3499 3209 3571 (ε)
3230 3500 3392 3573 Jesus
3422 3500 3464 3573 1‘

1859 3564 2143 3644 aii‘i'bulaiis
2184 3579 2352 3644 super
2405 3581 2557 3621 mare
2600 3565 2990 3644 Videiites_(d)
3031 3564 3212 3626 autem
3257 3571 3299 3644 1-
3341 3564 3467 3629 eum

1861 3633 2112 3712 discipuli
2150 3633 2287 3712 ejus.
2327 3651 2490 3712 supra
2522 3650 2672 3694 mare
2710 3633 3100 3712 ambulantem.
3131 3633 3471 3712 expaverunt

1861 3704 2125 3761 dicentes.
2155 3704 2290 3780 Quia
2320 3705 2637 3778 phantasma
2664 3719 2767 3765 est.
2802 3711 2863 3764 Et
2894 3727 3025 3780 prae
3059 3704 3253 3770 timore
3276 3715 3465 3771 excla-

1861 3789 2163 3832 maverunt.
2196 3776 2387 3834 Statim
2414 3788 2594 3833 autem
2628 3779 2839 3835 locutus
2870 3776 2955 3836 est
2986 3786 3065 3837 eis
3091 3784 3252 3840 Jesus
3279 3787 3468 3843 dicens

1863 3844 2071 3903 Habete
2098 3848 2371 3925 iid_uciam.
2395 3864 2499 3925 ego
2526 3865 2645 3925 sum
2675 3852 2843 3925 nolite
2869 3854 3079 3907 timere.
3110 3855 3468 3925 Respondeas

1864 3930 2045 3995 autem
2078 3921 2126 3995 _ei
2155 3920 2348 3974 Petrus
2375 3920 2511 3976 dixit
2554 3923 2800 3995 Unniine.
2843 3925 2890 3979 si
2922 3933 2976 3978 tu
3003 3940 3064 3980 es
3093 3920 3236 3995 jube'
3261 3942 3347 3982 me
3376 3944 3468 3984 ve-

1865 3992 1984 4046 nire
2025 3991 2092 4045 ad
2137 4001 2189 4045 te
2232 4006 2395 4059 super
2435 4007 2624 4056 aquas.
2668 3992 2790 4061 ipse
2830 4004 3010 4049 autem
3042 3991 3177 4051 dixit
3210 3996 3362 4053 Veni.
3399 3999 3467 4054 Et

1864 4061 2204 4140 descendens
2231 4061 2422 4140 Petrus
2468 4062 2699 4140 dehiiavi
2739 4064 3051 4121 ambulabat
3080 4078 3468 4140 superaquam

1869 4142 1926 4188 ut
1946 4134 2155 4188 veniret
2184 4133 2251 4188 ad
2278 4133 2483 4188 Jesum.
2513 4133 2717 4190 Videns
2743 4146 2923 4190 autem
2952 4133 3171 4193 Ventum
3208 4133 3467 4195 validum.

1869 4203 2049 4277 timuit
2070 4212 2125 4260 et
2153 4221 2272 4259 cum
2300 4205 2762 4277 coepissetmergi
2793 4210 3112 4264 exclamavit
3142 4210 3331 4266 dicens
3364 4215 3470 4267 Uo-

1872 4274 2017 4330 niine
2047 4277 2255 4331 salvum
2300 4291 2386 4330 me
2415 4277 2516 4330 fac.
2549 4274 2824 4332 Continuo
2852 4291 3032 4335 autem
3078 4280 3233 4337 lesus
3278 4293 3469 4339 exten-

1869 4346 2003 4401 dens
2032 4362 2251 4402 maiium
2295 4347 2689 4415 adpraebendit
2731 4365 2856 4405 eum
2888 4362 2939 4405 et
2982 4353 3059 4405 ait
3088 4353 3185 4408 illi.
3225 4353 3471 4412 Modicac

1868 4418 2015 4473 iidei.
2043 4433 2210 4489 quare
2239 4418 2516 4475 dubitaSii.
2563 4422 2630 4474 Et
2666 4435 2788 4475 cum
2826 4422 3164 4480 ascendisset
3192 4425 3243 4480 iii
3273 4442 3468 4483 navem

1867 4493 2102 4546 cessavit
2131 4500 2344 4547 ventus.
2384 4489 2487 4559 Qui
2516 4502 2699 4548 autem
2741 4490 2798 4548 in
2845 4493 3090 4550 navicula
3125 4504 3282 4553 erant
3306 4512 3473 4556 vene-

1868 4572 1993 4617 runt

1862 2571 1956 2644 27.
1995 2573 2297 2644 Statimque
2323 2571 2484 2632 Jesus

1862 2643 2072 2700 locutus
2094 2652 2178 2701 est
2201 2643 2268 2700 il-

1862 2793 2068 2849 staiites
2097 2797 2272 2845 estote

852 4744 1250 4805 VARIANTES
1285 4740 1672 4802 LECTIONES
1708 4739 1978 4799 CODICIS
2014 4740 2126 4799 MS.
2164 4739 2228 4797 ὃ.
2270 4739 2780 4800 GERMANENSIS.

220 4851 244 4943 ζ
504 4907 569 4959 Et
585 4908 785 4959 dimissa
801 4906 947 4959 turba

214 4975 247 5071 ί
274 4971 716 5086 mrféiem
742 5033 842 5097 iam
862 5031 915 5083 in
932 5028 1104 5082 metito
1119 5026 1239 5081 mari
1256 5026 1532 5093 iaciamur
1552 5039 1584 5078 ι
1602 5026 1763 5079 aucu-

159 5099 269 5150 bus.
300 5098 494 5158 Quarta

218 5162 247 5257 ξ
276 5172 401 5274 (ἔξω
422 5157 750 5210 ambulantem
771 5168 922 5221 supra

217 5287 240 5318 ⁷
278 5282 704 5346 exclamaverunt,
727 5282 891 5333 statim
913 5278 1267 5346 verglesus...
1291 5276 1368 5329 eis

219 5349 244 5381 ⁸
279 5347 443 5399 nolite
467 5347 663 5409 timere,
689 5338 806 5409 'ego
848 5356 975 5395 sum.
1018 5339 1344 5406 Respondens
1385 5343 1553 5391 autem
1585 5338 1772 5392 Petrus

1868 4839 1993 4889 dixit.
2013 4835 2084 4887 illi

1930 4901 1952 4933 ⁸
1986 4898 2268 4961 Atipseait

1933 4962 1980 5058 ἒξ
2011 4959 2324 5074 ἓῇξέάθηε
2353 4959 2614 5014 Petrusde
2634 4961 2876 5028 navicula,
2900 4965 3031 5016 amb.

2036 5032 2175 5076 tinuit

1936 5088 1981 5120 ¹²
2012 5089 2176 5137 meriti

1934 5150 1982 5182 ⁸⁸
2014 5150 2245 5201 continuo

1934 5212 1981 5245 ιδ
2012 5214 2284 5263 naviculam

1937 5274 1984 5308 "
2018 5275 2112 5336 Qui
2135 5283 2304 5327 autem
2325 5275 2377 5326 in
2408 5277 2629 5330 navicula
2647 5285 2811 5343 erant,
2833 5288 3098 5344 venerunt,
3123 5285 3177 5331 et

1493 5446 1868 5505 BLANCHINI
1904 5447 2139 5505 NOTAE.

232 5560 263 5589 ι
307 5548 423 5607 ﬂuc
448 5563 516 5605 ex
540 5547 707 5604 Marci
744 5546 925 5617 capite
950 5553 1129 5611 sexto,
1156 5552 1298 5602 vers.
1326 5540 1417 5613 52,
1452 5541 1775 5600 translatum

160 5622 386 5681 videtur
407 5634 648 5695 praesens
667 5618 1124 5674 additamentum.

1949 5539 1979 5580 δ
2017 5541 2076 5599 iii
2107 5542 2213 5599 lioc
2235 5542 2412 5614 spatio
2437 5542 2650 5600 derasa:
2675 5550 2803 5601 sunt
2823 5541 2882 5609 in
2906 5541 3094 5599 codice
3118 5542 3331 5599 littera.

232 5744 325 5817 (ii)
361 5741 521 5817 addit
542 5743 703 5814 jam:
731 5748 811 5817 et_
828 5740 900 5796 ita
933 5746 1113 5817 textus
1140 5736 1398 5817 Graecus,
1423 5735 1643 5817 5332.:—
1666 5734 1745 5817 (ι)

1879 5744 1942 5817 et
1968 5744 2150 5817 textus
2178 5733 2429 5803 Graecus,
2470 5734 2574 5792 ὑπὸ
2599 5742 2699 5791 τῶν
2734 5732 2992 5802 κυμάτων.
3023 5759 3096 5773 -
3118 5730 3192 5805 (c)
3227 5731 3479 5803 Additur,

166 5806 356 5883 Iesu},
371 5814 520 5885 juxta
539 5806 749 5871 ianum
771 5811 1019 5870 Graecum
1041 5810 1068 5867 ὃ
1087 5812 1303 5873 Ἰησοῦς.
1332 5838 1405 5852 —-
1428 5809 1512 5882 (ά)
1549 5808 1627 5867 ita
1649 5806 1707 5866 et
1724 5822 1757 5865 c

1873 5806 2031 5866 Cant.
2053 5806 2128 5866 δέ.
