3980 6192
532 230 641 288 239

919 342 1147 401 CODEX
1191 338 1729 397 VERCEILENSIS.

537 452 591 495 et
619 440 879 495 adoravc-
1373 432 1689 502 grediuntur

537 522 662 567 runt
687 527 807 566 cum
827 551 840 573 ,
864 508 945 563 di-
1376 505 1719 559 traditionem

536 595 722 639 centes
753 600 765 634 :
795 581 930 634 Vere
1370 575 1682 630 seniorum?

1372 662 1478 701 non
1509 647 1651 700 enim
1685 646 1759 699 la-

1370 729 1497 772 νίιιιι
1526 733 1716 771 111311118

1370 804 1517 854 suas,
1547 804 1668 843 cum
1704 799 1815 856 pa-‘

1372 876 1493 915 nem
1528 860 1754 914 mandu—

1370 942 1515 985 cant.

1370 1004 1422 1058 5.
1468 1003 1586 1069 Ipse
1615 1010 1794 1058 autem
1818 1018 1933 1059 res-

1374 1073 1618 1143 pondens
1644 1076 1720 1128 ait

1374 1146 1481 1199 illis
1507 1163 1520 1200 :
1554 1145 1730 1212 Quare
1757 1154 1813 1200 et

1373 1232 1469 1269 vos
1498 1225 1772 1286 transgre—

1374 1288 1561 1341 dimini
1588 1304 1740 1341 man—

1374 1360 1556 1413 datum
1587 1358 1683 1430 Dei
1710 1374 1873 1430 prop-

1375 1439 1455 1486 ter
1482 1429 1724 1484 traditio-ﬁ

539 657 704 709 Filius
736 652 825 706 Dei
852 666 932 705 es.

534 726 622 781 34.
669 726 733 779 Ει
762 726 883 777 c'um
909 730 1084 776 trans—

534 799 828 851 fretasseut

535 869 860 923 invenerunt

534 940 586 993 in
619 949 815 994 terram

532 1012 624 1067 '55.
668 1010 970 1065 Gennesar.
1008 1006 1072 1061 Et

534 1098 656 1137 cum
683 1096 885 1150 Cogno-

536 1154 743 1208 vissent
772 1154 921 1205 illum

534 1226 634 1278 viri
668 1225 769 1277 luci
804 1223 907 1277 illi-

536 1311 619 1360 us,
647 1295 945 1349 adorabant

536 1383 680 1422 eum.
717 1367 781 1419 Et
810 1381 937 1420 cou-

534 1438 712 1493 festim
746 1436 906 1491 mi~e-

536 1519 662 1563 I'uut
692 1510 744 1562 in
776 1508 893 1562 uui-

532 1595 743 1635 versam
775 1582 950 1650 regio-

534 1668 656 1707 nem
688 1651 857 1719 illam,
890 1661 944 1705 et

534 1724 851 1790 Optulerunt

534 1795 584 1848 ei
608 1808 799 1849 omnes
829 1806 941 1845 ma-

534 1866 585 1919 le
613 1864 896 1918 habentes.

534 1936 625 1991 56.
669 1935 737 1990 Et
763 1935 1026 2001 rogabant

533 2022 656 2062 eum
686 2017 742 2060 ut
772 2006 854 2061 vel
879 2008 997 2060 lim-

1374 1517 1495 1555 nem
1523 1503 1795 1556 vestram?

1372 1572 1505 1627 Nam
1540 1573 1681 1627 Deus
1711 1572 1846 1627 dixit
1880 1591 1892 1627 :

1373 1642 1428 1699 4.
1473 1645 1685 1698 Honora
1710 1658 1806 1713 pa-

1375 1723 1518 1788 trem
1550 1713 1626 1788 (b)
1662 1723 1743 1767 tu-

1376 1802 1463 1840 um
1493 1786 1566 1856 ’ξπ
1582 1793 1637 1840 et
1662 1801 1772 1840 ma-

1377 1866 1513 1913 trem
1547 1870 1689 1911 tttam
1709 1873 1722 1920 ;

1374 1936 1429 1984 et
1455 1947 1467 1982 :
1498 1930 1753 1997 Quicum—

1414 2016 1479 2055 ue
1505 2000 1672 2054 male-

532 2078 706 2133 briam
728 2078 891 2133 vesti-
1376 2073 1503 2127 dicit
1530 2075 1669 2141 patri

535 2151 703 2205 menti
734 2149 850 2226 ejus
874 2160 992 2226 tan-
1375 2155 1553 2226 morte
1580 2159 1695 2198 m0-

531 2230 742 2291 gereut.
781 2222 847 2275 Et
868 2222 986 2287 qui-
1375 2222 1565 2291 r_iet_u_r.

1374 2284 1428 2340 5.
1476 2286 1581 2340 Vos
1608 2292 1789 2340 autem
1818 2285 1899 2340 di-

533 2308 763 2362 cuntque
786 2294 977 2363 tetige-

1373 2358 1494 2410 citis
1528 2375 1540 2409 :
1572 2357 1829 2424 Quicum-

535 2374 682 2425 ruut.
709 2364 842 2418 salvi
870 2366 977 2418 fac—

537 2436 572 2489 ti
603 2444 747 2491 sunt.
1372 2442 1479 2496 que
1504 2428 1701 2509 dixerit

721 2548 949 2605 ολυυτ
988 2546 1108 2603 xv-

607 2645 658 2698 -l.
702 2642 855 2697 Tunc
888 2654 1133 2695 accesse-

534 2725 661 2770 runt
682 2714 747 2768 ad
769 2730 891 2768 eum

533 2785 775 2850 Seribae,
811 2793 866 2839 et
894 2783 1032 2839 Pita-

534 2858 691 2912 risaei
715 2860 782 2912 ab
808 2856 995 2911 lliero-

533 2930 761 2998 solyma,
795 2928 979 2983 dicen-

530 2999 584 3053 2.
630 3009 710 3055 tes
736 3017 747 3051 :
773 3002 951 3065 Quare
970 2998 1079 3054 dis-

531 3070 694 3142 cipuli
722 3073 794 3125 ttti
820 3080 995 3125 trans-

960 3186 1191 3244 CODEX
1228 3185 1476 3241 CORBEI
1490 3185 1705 3242 ENSIS.

533 3283 899 3338 adoraverunt
937 3297 1083 3342 eum,
1115 3280 1358 3334 dicentes
1388 3297 1400 3331 :
1430 3278 1572 3333 Vere
1618 3278 1789 3332 Filius
1825 3277 1918 3331 Dei
1956 3292 2035 3332 es.
2071 3277 2140 3332 Et

535 3370 696 3424 quum
726 3354 1189 3407 transfretassent.
1227 3351 1800 3424 veneruutiuterram
1827 3348 1842 3424 ξ
1873 3347 2138 3403 Genesar.

535 3419 602 3480 Et
630 3433 687 3477 ut
733 3429 1107 3493 cognoverunt
1138 3421 1385 3475 homines
1416 3421 1517 3473 luci
1556 3420 1701 3473 illius
1728 3463 1742 3485 ,
1777 3419 2140 3493 adoraveruut

533 3512 679 3549 eum.
729 3495 793 3547 Et
818 3492 821 3493 ⁷
847 3493 1138 3547 Confestim
1190 3493 1454 3545 miserunt
1484 3492 1533 3543 in
1567 3506 1783 3545 omnem
1829 3492 2135 3555 confinem,

534 3578 589 3620 et
619 3567 934 3620 obtulerunt
971 3564 1020 3617 ei
1056 3578 1246 3617 omnes
1269 3562 1409 3615 male
1455 3561 1739 3615 habentes.
1781 3561 1845 3615 Et
1878 3564 2141 3630 rogabant

535 3652 657 3690 cum
708 3638 812 3689 ut’
850 3646 1054 3690 tantum
1106 3634 1375 3687 ﬁmbriam
1427 3635 1733 3687 vestimenti
1785 3633 1903 3702 ejus
1949 3645 2137 3703 tange-

536 3718 676 3763 rent.
720 3709 785 3761 Et
844 3708 1170 3778 quicumque
1225 3704 1533 3778 tetigerunt,
1565 3703 1585 3733 ³
1611 3705 1802 3778 salvati
1829 3711 1973 3756 sunt.

608 3778 723 3833 XV.
765 3773 917 3832 Tune
955 3773 1302 3832 accesserunt
1331 3773 1405 3829 ad
1456 3792 1576 3829 eum
1610 3774 1627 3804 "
1664 3777 1732 3830 ab
1775 3773 2139 3845 Jerosnlymis

532 3850 755 3905 Scribac
791 3864 838 3905 et
884 3849 1193 3912 Pharisaei,
1236 3847 1481 3902 dicentes
1515 3864 1528 3900 :
1562 3847 1740 3910 Quare
1786 3846 2033 3914 discipui
2062 3845 2137 3899 tui

534 3922 1004 3987 transgrediuntur
1026 3919 1368 3974 traditionem
1400 3918 1713 3973 seniorum?
1754 3934 1859 3971 nou
1893 3917 2035 3970 etiim
2064 3918 2139 3969 la-

533 4007 659 4047 vant
689 3994 709 4024 ⁵
734 4008 926 4047 manus
950 4008 1097 4050 suas.
1121 4006 1285 4061 quum
1316 4006 1504 4058 panem
1531 3989 1875 4043 manducauit.
1901 3990 1921 4018 ⁸
1948 3990 2017 4043 At
2046 3990 2135 4061 ille

533 4067 867 4134 reSpnudens
918 4065 995 4117 ait
1040 4063 1145 4117 illis
1184 4080 1196 4115 :
1231 4062 1409 4129 Quare
1452 4070 1507 4115 et
1553 4076 1647 4115 vos
1678 4060 2133 4134 _transgrediu_iini

530 4129 842 4190 mandatum
891 4135 981 4189 Dei
1026 4144 1246 4204 propter
1293 4142 1526 4187 vestram
1577 4129 1959 4185 traditionem?
1999 4129 2131 4204 Nam

533 4207 675 4261 Deus
718 4207 890 4261 dixit:
924 4203 1137 4261 Honora
1190 4215 1428 4274 patrem,
1482 4210 1539 4257 et
1586 4216 1847 4266 matrem;
1882 4212 1980 4257 et:
2032 4203 2131 4269 Qui

533 4279 871 4333 tnalcdiserit
919 4279 1097 4347 patri,
1148 4278 1166 4307 ⁷
1216 4276 1301 4329 vel
1359 4274 1555 4339 matri,
1618 4275 2128 4347 mortehmorictur.

536 4349 643 4403 Vos
687 4361 866 4404 autem
918 4343 1143 4403 dicitis:
1192 4349 1213 4380 ⁸
1261 4347 1597 4414 Quicumque
1650 4343 1992 4400 maledixcrit
2041 4360 2133 4413 pa-

531 4419 638 4483 tri,
692 4423 774 4476 vel
829 4420 1029 4485 matri,
1090 4436 1212 4473 reus
1261 4420 1364 4472 erit
1409 4417 1692 4486 gehennae
1746 4417 1881 4487 iguis
1925 4434 1937 4468 :
1988 4416 2130 4485 quod

535 4506 643 4545 non
671 4492 1046 4547 bonorilicavit
1073 4502 1280 4559 patrem
1308 4505 1487 4555 suum,
1522 4491 1541 4521 ο
1572 4488 1656 4543 vel
1689 4500 1913 4543 matrem
1946 4502 2128 4543 suam:

530 4570 586 4616 et
614 4564 822 4616 irritum
878 4562 1083 4618 fecistis
1101 4562 1282 4618 10ver-

1375 2640 1756 2709 quodcumque

1375 2726 1442 2765 ex
1470 2727 1577 2775 me,
1609 2712 1700 2764 tibi
1737 2727 1859 2780 pro-

1376 2783 1426 2837 6.
1472 2783 1634 2845 derit,
1666 2782 1738 2854 (c)
1768 2798 1874 2837 non
1906 2782 2002 2837 lto-

1376 2855 1681 2908 norilicavit

1372 2932 1582 2996 patrem
1606 2941 1697 2979 su-

1376 3013 1462 3050 um
1490 3014 1502 3050 :
1534 3008 1585 3051 et
1617 2997 1838 3053 inritum

1373 3068 1577 3123 fecistis
1609 3084 1729 3124 rer—

1062 225 1334 287 EUSEBII
1372 221 1715 281 VERCELL.
1758 217 2209 280 EVANGELIUII
2250 217 2389 278 CUM
2432 217 2657 277 VAIIIIS
2696 217 2852 277 COD.
2889 215 3292 277 COLLATUM.

3724 214 3817 274 ειο

2668 337 2895 393 CODEX
2938 336 3393 395 VERONENSIS.

3078 428 3393 483 seniorum?

3081 516 3186 552 non
3213 501 3354 553 enim
3379 500 3453 555 Ia—

3082 582 3205 624 rant
3236 586 3423 625 manus

2240 437 2293 483 et
2316 426 2576 483 adoravc-

2241 509 2367 553 runt
2395 516 2539 566 eum,
2572 499 2757 555 dicen-

2242 580 2321 626 tes
2348 590 2359 625 :
2394 571 2531 627 Vere
2563 571 2730 626 Filius

2243 643 2337 697 Dei
2370 657 2429 697 es
2461 642 2536 768 Sa)
3080 656 3228 707 suas,
3262 659 3382 697 eum
3415 658 3510 713 pa-

2244 724 2298 767 tu
2320 713 2379 768 οἷκ
2426 718 2455 768 5
2504 754 2517 767 .
2562 713 2767 767 Etcum
3081 729 3203 767 nem
3238 714 3510 768 manduca:

2244 724 2298 767 tu
2320 713 2379 784 σξη
2426 713 2522 770 54.
2562 713 2767 767 Etcum
3081 729 3203 767 nem
3238 714 3591 777 manducant,

2242 784 2707 850 transfretassent,
3080 786 3133 839 3.
3178 785 3300 854 Ipse
3325 794 3500 841 autem

2244 867 2507 911 venerunt
3082 858 3419 927 respondens

2242 928 2296 981 in
2330 938 2526 982 terram
3086 927 3157 980 ait
3178 928 3283 982 illis
3314 946 3325 980 :

2243 999 2336 1055 55.
2361 998 2621 1055 Genesar.
2654 999 2720 1053 Et
3086 999 3262 1065 Quare
3285 1007 3341 1055 et
3370 1015 3464 1054 vos

2243 1085 2363 1124 cum
2393 1072 2680 1141 eognovis-
3087 1072 3522 1135 transgredimini

2244 1154 2364 1195 seut
2384 1158 2506 1197 eum
2539 1143 2639 1196 viri
3088 1143 3397 1198 mandatum

2244 1212 2347 1267 loci
2374 1213 2537 1275 illius,
3084 1212 3178 1267 Dei
3207 1224 3425 1282 propter

2244 1286 2541 1340 adorabant
2570 1301 2718 1343 eum.
3085 1285 3427 1341 lradilioltem

3082 1358 3351 1410 vestram?
3382 1356 3513 1413 Nam

3085 1427 3225 1482 Deus
3252 1428 3429 1483 dixit:

3082 1499 3137 1553 4.
3173 1498 3386 1554 Honora
3411 1515 3505 1569 pa-

3086 1579 3222 1625 trem
3256 1570 3333 1639 (b)
3368 1580 3520 1626 tuum
3551 1570 3613 1640 '3',

3086 1651 3141 1697 et
3166 1650 3390 1697 matrem

3088 1722 3253 1776 tuam;
3284 1722 3338 1766 et
3372 1731 3385 1768 :
3415 1713 3520 1781 Qui

3087 1784 3425 1840 maledixerit

3088 1858 3252 1925 patri,
3283 1857 3365 1911 vel
3389 1873 3503 1912 ma-

3091 1927 3180 1993 tri,
3214 1937 3386 1982 morte

3088 2001 3371 2054 moriatur.

2247 1354 2312 1410 Et
2339 1356 2625 1412 confesmn

2246 1427 2509 1482 miserunt
2540 1429 2593 1483 in

2248 1498 2556 1554 universam

2246 1572 2522 1639 regionem
2554 1570 2726 1637 illam,

2252 1647 2306 1693 et
2332 1643 2646 1711 ontuleruut

2250 1712 2299 1766 ei
2331 1729 2517 1768 omnes
2545 1713 2685 1768 male

2248 1784 2335 1837 2.6.
2374 1783 2653 1840 habentes.
2688 1782 2754 1837 Et

2250 1856 2509 1925 rogabant
2538 1871 2660 1910 eum

2249 1936 2306 1979 ttt
2328 1928 2410 1981 vel
2437 1928 2700 1982 fimbriam

2248 2000 2551 2053 vestimenti

2245 2070 2364 2141 ejus
2395 2079 2693 2141 tangerent.
3084 2070 3135 2125 5.
3195 2070 3298 2125 Vos
3329 2079 3511 2125 autem

2246 2140 2315 2195 Et
2331 2140 2647 2215 quicunque
3083 2141 3267 2215 dicitis
3296 2158 3307 2198 :
3339 2142 3591 2215 Quicum-

2248 2213 2562 2282 tetigrrunt,
3084 2229 3190 2283 que
3218 2213 3417 2268 dixerit

2246 2283 2381 2337 salvi
2410 2284 2534 2339 facti
3086 2284 3247 2352 patri,
3280 2285 3359 2338 vel
3396 2300 3510 2338 ma-

2247 2364 2395 2409 suut.
3086 2356 3154 2409 tri
3186 2356 3428 2421 corbam,

2424 2425 2651 2484 CAPUT
2697 2428 2815 2482 XV.

2322 2497 2370 2549 l.
2423 2497 2577 2554 Tunc
2607 2514 2851 2556 accesse-

2246 2577 2375 2623 runt
2400 2569 2464 2622 ad
2496 2587 2619 2626 eum

2248 2640 2337 2695 Set
2352 2641 2489 2703 ibae,
2522 2653 2572 2697 et

2246 2710 2479 2766 Farisaei
2504 2714 2571 2766 ab

2248 2781 2661 2855 Ilierosoiymis,

2244 2852 2299 2907 2.
2346 2852 2627 2910 dicentes:
2663 2856 2839 2923 Quare

2244 2927 2495 2993 discipuli
2526 2928 2597 2980 tui

2247 2996 2716 3065 transgrediuntur

2249 3068 2594 3125 traditionem

3085 2426 3226 2496 quod
3251 2436 3357 2491 est,
3383 2442 3499 2480 ntu-

3088 2514 3187 2552 nus
3211 2499 3513 2568 quodcum—

3090 2584 3194 2639 que
3216 2581 3300 2623 est
3337 2586 3403 2624 ex

3093 2656 3199 2711 me,
3231 2640 3322 2696 tibi
3348 2654 3477 2711 pro-

3092 2710 3147 2767 6.
3200 2708 3366 2775 derit;
3385 2710 3456 2782 (c)
3482 2724 3588 2763 non
3623 2708 3724 2763 ho-

3094 2783 3397 2838 uoritlcavit

3088 2864 3295 2924 patrem
3324 2869 3506 2919 suum,

3085 2935 3139 2980 ct
3169 2935 3396 2980 matrem
3427 2941 3441 2977 :

3087 3007 3141 3052 et
3171 2996 3383 3051 irritum

3086 3067 3262 3122 facitis
3292 3067 3516 3125 verbum

2711 3184 2944 3241 CODEX
2982 3182 3381 3239 BRIXIANUS.

2245 3286 2300 3335 et
2314 3281 2676 3335 adoraverunt
2697 3296 2819 3335 eum
2835 3276 3247 3334 dieentes.Vere
3265 3276 3363 3332 Dei
3379 3276 3547 3331 Filius
3558 3274 3847 3330 es.Etcum

2247 3353 2689 3406 transfretassent
2718 3360 2982 3406 VCIICI'UIII
3014 3352 3063 3403 Ill
3089 3359 3289 3403 terram
3310 3348 3636 3403 Gcnesaret.
3661 3347 3846 3400 EICIIIII

2245 3424 2623 3491 cognovissent
2640 3440 2763 3478 eum
2794 3423 2889 3475 viri
2907 3424 3004 3475 loci
3025 3419 3518 3475 illitis.Misertttttitt
3542 3421 3849 3491 universam

2247 3495 2524 3562 regionem
2556 3495 2783 3548 illam.et
2804 3493 3383 3547 nbtuleruttteinmm-s
3408 3490 3850 3562 malebabentes.

2245 3558 2602 3635 Et'rogabant
2624 3583 2745 3620 eum
2765 3578 2817 3618 ut
2840 3574 3045 3617 tantum
3066 3564 3147 3616 vel
3170 3564 3186 3615 i
3209 3571 3233 3598 ο
3255 3563 3503 3635 imbriam
3536 3558 3849 3635 vestimenti

2248 3637 2365 3704 ejus
2399 3629 2679 3706 tangerent
2731 3637 2799 3689 Et
2843 3635 3169 3706 quicumque
3199 3634 3490 3702 tetigerunt
3538 3629 3849 3706 salvifacti

2247 3702 2394 3761 sunt.
2427 3702 2578 3761 Tune
2604 3702 2955 3763 arcesseritnt
2979 3706 3042 3759 ad
3085 3705 3269 3760 Iesum
3325 3705 3529 3760 Scribae
3577 3717 3639 3757 et
3668 3702 3854 3757 Phari-

2246 3780 2339 3832 srei
2371 3780 2438 3833 ab
2470 3779 2530 3832 Ili
2558 3779 2585 3817 ιι
2615 3778 2937 3850 erusi-lymis
2969 3778 3231 3850 dicentes.
3289 3775 3468 3843 Quare
3497 3774 3755 3850 tlisripttii
3781 3772 3852 3850 tui

2248 3850 2714 3919 transgrediuntur
2748 3844 3090 3903 traditionem
3120 3849 3414 3901 seniorum.
3454 3862 3557 3919 non
3581 3849 3733 3899 enim
3782 3844 3855 3897 la-

2251 3930 2272 3957 ε
2307 3917 2437 3975 baut
2487 3937 2676 3976 manus
2718 3936 2837 3974 cum
2874 3935 3063 3989 panem
3116 3919 3464 3972 manducant.
3492 3917 3616 3986 Ipse
3673 3928 3851 3989 autem

2246 4007 2370 4062 resp
2394 3992 2582 4046 indi-ns
2634 3994 2709 4046 ait
2739 3986 2885 4045 illisf
2918 3992 3094 4057 Quare
3144 4000 3198 4044 et
3253 4004 3348 4043 vos
3403 3986 3853 4062 transgredimiui

2246 4059 2557 4117 mandatum
2595 4064 2706 4117 Dei.
2759 4072 2977 4133 proltter
3007 4062 3347 4114 traditionem
3380 4072 3643 4133 vestram.
3700 4059 3848 4133 Deus

2242 4136 2386 4189 enim
2428 4134 2701 4205 praecepit
2730 4129 2916 4188 dicens
2948 4132 3161 4205 Honora
3192 4143 3396 4201 patrem
3429 4130 3507 4205 (b)
3534 4144 3690 4205 tuum
3736 4129 3779 4198 -ῖ
3801 4136 3856 4205 et

2242 4199 2471 4259 matrem
2506 4199 2670 4258 tuau't.
2716 4214 2772 4260 et
2817 4205 2919 4272 Qui
2976 4199 3316 4258 malediierit
3365 4199 3503 4273 patri
3551 4202 3637 4255 Vel
3684 4199 3853 4255 matri

2243 4288 2417 4330 morte
2443 4277 2726 4332 moriatur.

2317 4348 2424 4402 Vos
2447 4359 2627 4403 autem
2659 4346 2836 4403 dicitis
2864 4346 3201 4417 Quicumque
3227 4345 3425 4401 dixerit
3451 4343 3705 4417 patri‘vel
3736 4360 3853 4396 ma-

2242 4418 2309 4472 tri
2355 4436 2549 4473 muuus
2601 4419 2976 4489 quodcumque
3007 4415 3198 4474 estex
3232 4434 3318 4471 me
3349 4417 3441 4471 tibi
3475 4415 3750 4484 proderit.
3803 4421 3857 4469 et

2242 4505 2349 4544 non
2404 4490 2728 4545 homritiCat
2782 4502 2988 4560 patrem
3042 4506 3221 4546 suum.
3275 4499 3368 4544 aut
3397 4495 3630 4542 matrem
3667 4501 3851 4551 suam,

2239 4571 2293 4616 et
2318 4563 2533 4617 inritum
2564 4561 2766 4617 fecistis
2795 4576 2953 4616 mau-

1216 4722 1611 4781 VARIANTES
1649 4720 2034 4780 LECTIONES
2073 4721 2343 4781 CODICIS
2384 4723 2496 4779 MS.
2541 4722 2597 4779 S.
2639 4720 3153 4779 GERMANENSIS.

595 4865 606 4892 ¹
648 4862 889 4935 Genesar.
912 4858 1105 4911 Etcum
1126 4861 1469 4935 cognovisse-ut
1493 4874 1606 4935 eum
1626 4861 1718 4911 viri
1738 4859 1833 4910 loci
1857 4859 2005 4922 illius,
2031 4860 2126 4909 mi-

524 4933 699 5016 seti-unt
716 4926 771 5033 liu
790 4926 1067 4973 universam
1092 4922 1352 4985 regionem
1369 4922 1518 4984 illam,
1544 4930 1597 4973 et

648 5000 709 5036 ve

592 5050 612 5079 ³
647 5048 764 5096 salvi
786 5047 895 5097 facti
927 5055 1041 5098 sunt

589 5112 607 5174 ἓ
643 5110 865 5173 Scribae,
893 5120 945 5160 et
964 5111 1216 5160 Pharisaei
1242 5110 1303 5160 ab
1321 5108 1657 5174 Hierosolyma

586 5172 605 5203 δ
640 5185 831 5234 manus,
852 5172 966 5222 eum

2298 4860 2317 4891 θ
2354 4859 2465 4924 Ipse
2483 4868 2651 4911 autem

2295 4925 2313 4953 ⁷
2351 4933 2492 4974 aut...
2521 4926 2751 4974 moriatur

2294 4986 2524 5058 {Munus
2542 4986 2887 5049 quodcumque
2911 4998 2976 5037 ex
2997 4998 3078 5038 me
3102 4985 3191 5036 tibi
3218 4984 3453 5049 proderit,
3478 4996 3575 5034 non
3600 4982 3856 5037 honoriﬁ-

2229 5048 2359 5099 cabit

2290 5112 2309 5142 9
2347 5115 2433 5160 aut

2290 5174 2333 5204 ³ο
2369 5173 2644 5225 mandatum

1849 5276 2221 5336 DLANCIIINI
2259 5279 2494 5337 NOTAE.

596 5404 618 5431 υ
649 5394 702 5450 la
732 5396 915 5451 vocula
950 5395 1037 5451 illa
1070 5396 1348 5464 ﬁmbriam,
1382 5396 1556 5467 post,’
1594 5395 1786 5453 extrita
1820 5405 1903 5453 est
1930 5396 2112 5453 littera

519 5466 675 5533 cujus
710 5471 1131 5539 \CSliglumrIIOﬂ
1162 5479 1265 5524 est.

591 5541 615 5577 ιι
650 5539 705 5594 1η
737 5538 927 5595 vocula
964 5538 1358 5611 Hierosolymis,
1412 5542 1583 5612 prima
1628 5540 1829 5596 vocalis
1887 5548 2026 5607 erat,
2079 5557 2110 5610 ει

2218 5408 2373 5469 pasta
2400 5414 2429 5453 a
2456 5408 2769 5456 correctore
2798 5400 3009 5458 derasis
3031 5400 3309 5470 cornibus,
3340 5411 3400 5457 ut
3427 5401 3445 5455 ἱ
3475 5401 3661 5458 ﬁeret.

2293 5481 2313 5508 ε
2348 5471 2542 5538 labant,
2581 5487 2677 5542 pro
2708 5473 2902 5528 lavant.

586 5670 663 5743 in)
704 5668 867 5725 Addit
893 5679 971 5743 tu.
994 5670 1159 5726 etiam
1181 5670 1353 5727 codex
1375 5669 1534 5725 Cant.
1560 5668 1812 5743 σύμ-(ιν)
1830 5667 1995 5725 Addit
2017 5678 2132 5723 tum:

2252 5666 2368 5724 ,iam
2393 5675 2572 5723 textus
2599 5666 2824 5723 Graccus
2847 5663 3119 5739 σοῡ.-(ε)
3141 5662 3283 5721 Ante
3310 5680 3443 5730 non,
3474 5662 3634 5718 deest
3690 5674 3771 5731 et,
3799 5664 3851 5719 in

516 5740 637 5793 eod.
673 5755 887 5810 quoque
912 5740 1069 5796 Cant.
