3980 6192
191 262 291 321 2-H

572 374 813 437 CODEX
853 380 1397 440 \‘ERCELLENSIS.

180 470 312 529 bum
333 472 430 527 Dei
455 488 619 545 prop-
1026 475 1373 531 scandalizati

183 551 269 599 ter
291 546 531 600 traditio-
1025 549 1193 604 sunt?

179 631 304 671 nem
334 628 588 671 vestram.

178 688 234 742 7.
279 686 622 759 ﬂypocritae.
650 686 754 743 be-

182 774 252 815 ne
282 759 573 829 propheta-

176 832 254 904 [ξι
279 832 343 904 tle
362 831 521 904 vobis
546 829 632 904 (a)

177 901 443 973 Esaias-1a
472 901 670 958 dicens
697 920 712 956 :

179 973 234 1029 8.
277 972 433 1028 Plebs
460 974 600 1031 haec

1027 620 1115 691 l5.
1175 620 1240 675 Et
1265 618 1425 691 lesus
1451 633 1680 691 respon-

1027 689 1164 745 dens
1187 693 1256 744 ait
1287 708 1300 744 :
1323 689 1451 745 0n;-

1028 762 1112 817 nis
1140 762 1424 832 plantatin,

1024 849 1181 903 quam
1214 851 1319 887 non
1350 834 1506 905 plan~

1023 906 1161 960 tavit
1187 905 1348 961 Pater
1371 919 1483 961 me-

1024 990 1086 1032 us
1114 974 1391 1039 caelestis.

180 1044 337 1100 labiis
357 1061 444 1101 me
1022 1048 1405 1102 eratlicaliitnr.

185 1116 433 1184 honorat,
1024 1119 1111 1173 Η.
1142 1119 1317 1176 Sinite
1342 1118 1463 1175 illos
1491 1136 1505 1175 :
1538 1134 1665 1178 cae-

179 1202 274 1244 cor
292 1198 468 1243 autem
1023 1189 1072 1246 ci
1102 1201 1230 1246 sunt
1254 1190 1422 1247 duces

182 1274 368 1314 eorum
392 1262 507 1315 lon-
1022 1276 1329 1326 caecorum,
1355 1276 1478 1319 cae-

178 1345 248 1401 ge
272 1338 355 1385 est
376 1346 403 1385 a
426 1348 533 1389 me.
1023 1348 1120 1389 cus
1144 1346 1322 1388 autem
1350 1333 1397 1388 si

180 1405 236 1458 9.
281 1401 404 1458 Sine
425 1418 593 1461 causa
1023 1419 1188 1460 caeco
1215 1408 1470 1460 ducatum

181 1483 353 1528 autem
371 1491 457 1530 me
1058 1484 1277 1540 raestet,
1298 1490 1417 1530 am-

183 1546 379 1603 colunt.
405 1547 506 1602 do-
1018 1490 1094 1603 ἴω
1125 1547 1177 1602 in
1212 1547 1417 1603 foveam

183 1546 379 1612 colunt,
405 1547 506 1602 do-
1023 1546 1094 1603 ho
1125 1547 1177 1602 in
1212 1547 1423 1603 foveam

183 1627 360 1673 centes
383 1617 512 1683 doc-,-
1021 1619 1242 1674 cadunt.

189 1690 367 1761 trinas,
394 1700 446 1745 et
467 1706 623 1745 man-
1023 1690 1112 1746 15.
1148 1689 1505 1761 Respondeas

190 1759 307 1815 data
341 1762 509 1817 homi-
1022 1769 1201 1817 autem
1231 1759 1420 1817 Petrus

1022 1833 1155 1889 dixit
1181 1835 1229 1888 ei
1257 1849 1275 1888 :
1308 1833 1476 1888 Enar—

1021 1920 1081 1960 ra
1120 1905 1274 1960 nobis
1298 1919 1453 1975 para-

1024 1975 1201 2031 hnlatn
1233 1976 1411 2031 istam.

1029 2048 1117 2103 16.
1168 2046 1249 2102 Ad
1285 2047 1375 2102 ille
1407 2046 1581 2104 dixit:
1613 2047 1709 2103 ad-

1030 2118 1136 2176 huc
1162 2128 1218 2174 et
1245 2133 1341 2174 vos
1360 2119 1436 2173 si-

1023 2206 1093 2245 ne
1122 2190 1409 2245 intellectu

1025 2264 1113 2317 l7.
1158 2261 1335 2317 estis?
1361 2261 1481 2316 Non
1506 2261 1586 2317 in-

1026 2334 1285 2403 tellegitis
1304 2375 1318 2400 ,
1353 2334 1481 2404 quia

191 1847 333 1886 num.

190 1902 275 1958 l0.
318 1903 386 1959 Et
404 1906 717 1963 convocatis

185 1975 249 2028 ad
268 1990 325 2028 se
354 1976 542 2044 turbis,

181 2044 323 2099 dixit
340 2046 460 2101 eis:
492 2047 655 2103 Audi-

183 2126 266 2191 te,
295 2128 350 2172 et
376 2119 635 2191 intellegi-

178 2188 277 2243 Η.
326 2200 397 2244 te.
430 2188 700 2260 Nonquod
730 2192 818 2248 in-

181 2260 367 2332 tratin
398 2276 481 2326 os,
510 2263 680 2332 inqui-

175 2345 271 2385 nat
293 2331 605 2389 hominem:

175 2401 273 2475 sed
300 2403 445 2469 quod
470 2420 591 2475 pro-
1025 2401 1187 2460 omné
1212 2404 1354 2473 quod

177 2474 336 2529 cedet
354 2475 422 2530 de
445 2474 565 2541 ere,
1028 2477 1082 2531 in
1114 2492 1174 2531 os
1197 2476 1387 2539 intrat.
1420 2476 1472 2531 in

179 2544 420 2615 inquinat
439 2547 535 2602 ho—
1027 2559 1274 2604 ventrem
1301 2563 1399 2602 va-

178 2619 401 2673 minem.
1028 2619 1128 2687 dit,
1160 2629 1215 2674 et
1244 2620 1295 2674 in
1326 2634 1503 2676 seces-

184 2686 275 2743 12.
311 2689 459 2745 Tunc
484 2690 746 2749 acceden—
1029 2705 1089 2745 sn
1115 2686 1400 2746 emittitur.

188 2767 272 2832 ίῳ
288 2761 530 2832 discipuli
1030 2763 1119 2818 18.
1161 2762 1309 2831 Quae
1338 2771 1521 2820 autem

190 2830 326 2897 ejus.
356 2830 608 2890 discrunt

1029 2834 1334 2905 praeedunt
1359 2836 1428 2891 de

182 2901 233 2977 ei
259 2920 274 2956 ε
304 2904 421 2960 Scis
438 2906 580 2977 quod
608 2905 753 2963 Pha-

1027 2920 1145 2970 ore,
1174 2907 1241 2961 de
1261 2907 1427 2961 corde

189 2972 309 3029 risci
338 2972 518 3034 audito
1025 2988 1245 3032 exeunt.
1279 2976 1350 3032 Et
1370 2992 1433 3033 ea

188 3041 293 3103 hoc
319 3050 498 3117 verbo,
1028 3048 1382 3121 coinquinant

609 3186 846 3245 CODEX
873 3186 1348 3245 CORBEIENSIS.

191 3278 311 3335 hum
361 3280 454 3337 Dei
502 3292 726 3353 propter
778 3281 1120 3353 traditionem
1173 3282 1191 3313 ¹
1257 3290 1490 3336 vestram
1548 3289 1574 3318 α
1619 3295 1783 3352 quam

192 3352 500 3424 tradidistis.
557 3352 898 3424 Hypncritm,
965 3355 1099 3409 bene
1168 3354 1509 3423 prophetavit
1568 3354 1637 3408 de
1690 3369 1785 3424 vo-

192 3423 272 3478 bis
308 3424 520 3491 Esaias,
575 3423 817 3481 dicens:
874 3427 895 3456 ³
944 3424 1105 3481 Plebs
1158 3424 1261 3480 iSIa
1336 3424 1490 3479 labiis
1546 3441 1633 3480 me
1688 3423 1786 3479 hu-

192 3506 365 3561 norat,
424 3513 549 3553 nam
613 3512 709 3553 cor
779 3510 967 3551 eorum
1062 3500 1218 3567 longe
1268 3505 1352 3551 est
1408 3511 1439 3550 a
1491 3511 1592 3551 me.
1651 3494 1782 3552 Sine

189 3581 341 3621 causa
382 3579 566 3624 autem
637 3568 824 3623 colunt
870 3583 979 3634 me,
1024 3568 1301 3631 docentes,
1332 3568 1354 3598 ³
1381 3568 1785 3627 doctrinam.et

193 3641 441 3693 mandata
465 3639 770 3695 hominum.
799 3639 867 3694 Et
904 3642 1216 3693 convocatis
1245 3639 1310 3691 atl
1339 3654 1397 3693 se
1426 3639 1617 3704 turbis,
1650 3640 1788 3694 dixit

187 3709 292 3764 ‘ad
315 3712 485 3766 illos:
521 3712 853 3775 Auditevns,
877 3719 931 3765 et
955 3711 1258 3781 intelligite.
1291 3710 1404 3764 Non
1448 3709 1591 3779 quod
1625 3712 1788 3765 intrat

184 3781 235 3835 in
264 3798 346 3843 ns.
391 3783 717 3849 coinquinat
761 3782 1032 3837 hominem
1063 3801 1077 3837 :
1103 3783 1197 3837 seti
1252 3781 1399 3845 quod
1454 3782 1695 3852 procedit
1721 3798 1788 3838 ex

183 3868 277 3908 ore
306 3855 326 3885 ⁵
380 3858 698 3924 coinquinat
752 3852 1047 3908 hominem.
1080 3852 1280 3909 Tune“
1323 3864 1672 3908 accesserunt
1722 3856 1787 3909 ad

176 3940 303 3979 eum
351 3925 610 3996 discipuli
664 3926 815 3996 ejus,
863 3926 1106 3983 dicentes
1147 3942 1160 3977 ι
1203 3924 1321 3980 Seis
1367 3928 1489 3996 quia
1540 3924 1795 3982 Pilal‘i‘itlfi

176 3996 365 4051 audito
390 3998 412 4028 ⁷
442 3994 546 4052 hoc
575 3994 850 4061 sermone,
881 3997 1228 4050 scamlalizati
1258 3997 1408 4049 sunt?
1435 3994 1592 4050 Jesus
1617 4008 1795 4051 autem

178 4067 527 4136 respondens
555 4069 673 4122 ait:
707 4069 895 4121 Omnis
928 4068 1208 4137 plan'atin,
1251 4084 1409 4135 quam
1444 4083 1550 4121 non
1589 4067 1799 4137 planta-

174 4142 259 4193 vit
302 4143 471 4195 Pater
506 4141 528 4172 ⁸
552 4142 832 4203 coelestis,
864 4138 1246 4193 eradicabitnr.
1272 4139 1445 4193 Sinite
1487 4139 1604 4193 illos
1633 4141 1797 4195 :ca-ci

178 4223 301 4265 sunt
347 4212 499 4265 enim
534 4211 705 4265 duces
744 4225 1012 4265 cmcortnn
1039 4251 1054 4275 ,
1104 4223 1278 4264 caacus
1320 4221 1497 4263 autem
1554 4211 1597 4264 si
1652 4225 1799 4267 caeco

183 4286 203 4313 ⁵
259 4286 405 4336 riam
435 4284 797 4338 demonstret.
826 4291 1053 4351 uterque
1084 4283 1136 4334 in
1165 4279 1374 4335 foveam
1408 4282 1625 4335 cadunt.
1654 4280 1796 4337 Res-

183 4357 637 4425 pmidensautem
670 4353 863 4407 l’etrns
896 4354 1029 4407 dixit
1059 4353 1135 4406 ³ος
1169 4353 1259 4406 Dic
1293 4352 1449 4407 nobis
1479 4353 1790 4407 similitudi-

184 4442 309 4479 nem
342 4427 528 4480 istam.
557 4426 768 4492 Quibus
796 4429 908 4478 ait:
942 4424 1129 4479 Adhuc
1160 4435 1213 4479 et
1260 4438 1357 4478 ws
1414 4425 1671 4479 insansati
1701 4440 1789 4481 es-

187 4497 292 4551 tis?
320 4497 443 4551 Non
476 4496 798 4565 intelligitis.
831 4497 1085 4567 quoniam
1117 4510 1280 4550 omne
1325 4496 1467 4566 quod
1510 4497 1562 4550 in
1606 4511 1668 4549 os
1708 4497 1791 4550 in-

189 4578 317 4631 trat,
353 4570 410 4623 in
433 4583 676 4624 t'ellll‘t‘lll
709 4567 846 4622 vadit
873 4608 889 4630 .
920 4578 974 4622 et
1000 4568 1043 4599 “
1070 4583 1162 4636 per
1190 4582 1464 4622 secessum
1516 4567 1788 4635 abjicitnr.

190 4640 344 4706 Quae
376 4642 619 4695 autemu
647 4648 849 4694 exeunt
878 4640 947 4694 de
975 4654 1093 4708 ore,
1148 4639 1215 4695 de
1256 4638 1422 4694 corde
1465 4639 1786 4710 procedunt.

196 4711 288 4767 Illa
333 4721 461 4767 sunt
486 4727 629 4784 quae
665 4710 1017 4783 coinquinant

1157 255 1611 324 ΕνἏΝςειιωί
1650 264 2023 328 SECUNDUM
2061 266 2498 327 MATTHEUM.

2323 384 2556 445 CODEX
2595 386 3044 449 VERONENSIS.

1893 482 1993 538 Dei
2023 491 2246 553 propter

1894 554 2242 610 traditionem

1892 624 1947 681 7.
1989 634 2245 700 vestram.
2276 626 2387 700 lly-

1894 699 2122 767 pocrite,
2152 699 2291 754 bene

1893 768 2241 839 prephetavit

1892 840 1963 912 sie
1995 839 2148 912 vobis
2175 839 2251 912 (α)

1896 910 2081 982 Eseias
2110 909 2153 982 1-
2176 909 2193 977 ,
2218 909 2301 966 di-

1895 981 1949 1036 8.
1989 981 2165 1036 cens:
2195 982 2354 1039 Plebs
2383 984 2519 1043 haec

1897 1052 2059 1107 labiis
2089 1066 2174 1108 me
2200 1053 2286 1108 di-

1896 1123 2013 1195 ligit
2034 1164 2050 1187 ,
2082 1138 2177 1179 cor
2202 1141 2299 1180 au—

1896 1204 2004 1250 tem
2034 1195 2248 1251 illorum

1895 1265 2056 1331 longe
2084 1278 2166 1322 est
2189 1283 2218 1320 a
2251 1285 2358 1328 me.

1895 1338 1952 1393 9.
1991 1336 2124 1393 Sine
2147 1352 2310 1398 causa

1896 1419 2076 1465 autem
2110 1409 2298 1467 colunt

1894 1494 1984 1535 me
2005 1521 2020 1545 ,
2045 1480 2305 1541 docentes

1895 1550 2169 1606 doctrinas
2191 1594 2206 1615 ,
2244 1565 2299 1611 et

1896 1624 2145 1678 mandata
2178 1622 2279 1680 ho-

2735 741 2752 757 0
2832 740 2847 756 0
2928 739 2943 756 0
3022 742 3036 756 0
3117 740 3135 759 0
3213 744 3228 758 ο
3309 743 3324 757 0
3402 740 3415 755 ι

2736 952 2751 967 ⁸
2833 954 2849 971 0
2933 953 2949 969 ο
3026 954 3043 972 ο
3121 955 3136 971 0
3217 956 3233 972 0
3312 954 3329 973 ο
3409 956 3425 970 ο

1898 1695 2127 1749 tninum.

1893 1764 1982 1821 10.
2029 1765 2095 1820 Ει
2115 1771 2429 1827 convocatis

1892 1836 1961 1891 ad
1998 1840 2058 1891 se
2082 1840 2253 1895 turbis
2273 1882 2288 1907 ,

1893 1906 2023 1963 dixit
2055 1908 2135 1964 eis
2166 1928 2180 1964 :

1892 1980 2090 2035 Audite
2122 1996 2216 2037 vos
2240 2027 2255 2049 ,

1892 2058 1948 2104 et
1977 2051 2293 2120 intellegite.

1895 2121 1983 2176 Η.
2026 2120 2140 2177 Non
2167 2125 2309 2185 quod

1894 2192 2059 2249 intrat
2085 2194 2140 2249 in
2168 2208 2263 2261 os,

1894 2263 2139 2335 inquinat
2160 2264 2260 2322 h0-

1894 2335 2096 2391 minem
2125 2355 2139 2392 :

1894 2407 2158 2480 sedquod
2186 2424 2312 2480 pro-

1894 2477 2041 2534 cedit
2065 2479 2132 2535 de
2153 2477 2248 2537 ore
2264 2524 2280 2547 ,

1896 2551 1999 2633 hoc
2031 2551 2277 2622 inquinat
2304 2553 2417 2609 bo-

1894 2636 2095 2675 minem
2106 2664 2118 2677 .

1895 2692 1983 2748 12.
2027 2693 2178 2750 Tunc
2203 2696 2469 2753 acceden-

1895 2772 1979 2836 tes
2005 2763 2255 2836 discipuli

1894 2834 2033 2904 ejus,
2062 2834 2316 2893 dixerunt

1896 2909 1947 2979 ei
1976 2923 1988 2959 :
2011 2907 2134 2979 Scis
2161 2909 2306 2979 quod

1897 2976 2139 3033 Fill'iaﬂﬁi
2167 2976 2261 3034 au-

1897 3048 2615 3123 dito(b).........
2733 3090 2940 3110 ...
3018 3093 3032 3106 .
3116 3092 3131 3107 .
3212 3093 3227 3108 .
3310 3092 3420 3107 ..

2368 3185 2603 3243 CODEX
2642 3185 3036 3244 BRIXIANUS.

2737 1811 2747 1822 ο
2832 1809 2846 1823 ο
2926 1813 2941 1827 ο
3023 1813 3036 1825 0
3121 1809 3136 1825 0
3216 1812 3231 1827 ο
3314 1809 3328 1823 0
3410 1810 3422 1825 ο

2735 1880 2749 1894 ο
2830 1882 2845 1897 0
2926 1882 2941 1896 0
3025 1880 3040 1896 0
3120 1880 3136 1896 0
3217 1882 3230 1895 0
3312 1883 3327 1897 0
3408 1879 3423 1894 0

2736 2739 2750 2752 ο
2832 2738 2845 2751 0
2928 2740 2939 2752 0
3024 2735 3041 2752 ο
3119 2738 3133 2752 0
3216 2739 3230 2753 0
3310 2737 3326 2753 ο
3408 2739 3421 2753 0

2734 3023 2747 3036 0
2830 3022 2845 3036 0
2926 3021 2940 3037 0
3021 3022 3034 3036 0
3116 3020 3132 3036 ο
3213 3022 3227 3035 Ι
3310 3023 3324 3038 ο
3407 3020 3425 3036 ο

1850 3309 1854 3313 «
1890 3280 2072 3353 datum
2098 3280 2856 3353 Deiprnptertraditionem
2890 3288 3146 3353 vestram.
3181 3280 3495 3353 Ytiocrilae,

1890 3352 2031 3409 bene
2072 3350 2414 3422 prophetavit
2454 3352 2525 3408 de
2568 3353 2741 3407 vobis.
2790 3351 2868 3424 (a)
2939 3352 3128 3407 Esaias
3192 3350 3232 3423 -ι-
3280 3353 3492 3408 dicens.

1888 3424 2299 3493 AdprOpinquat
2324 3441 2383 3478 se
2414 3425 2542 3479 milii
2574 3423 2805 3494 ponttlus
2851 3423 2941 3479 hic
2967 3438 3064 3479 ore
3088 3438 3188 3478 suo
3244 3433 3299 3479 et
3341 3424 3497 3480 labiis

1892 3496 2006 3550 suis
2058 3512 2142 3549 tne
2199 3496 2425 3551 honorat
2488 3512 2583 3550 cor
2638 3508 2816 3551 autem
2871 3511 3058 3552 eorum
3118 3495 3279 3565 longe
3327 3504 3412 3550 est
3446 3506 3497 3551 ‘a

1893 3582 2001 3621 me.
2033 3566 2163 3622 Sine
2185 3582 2345 3622 causa
2378 3578 2556 3622 antem
2588 3584 2672 3622 me
2694 3569 2881 3623 colunt
2921 3567 3180 3622 docentes
3196 3568 3494 3621 doctrinas.

1895 3645 1951 3692 et
1992 3638 2244 3693 mandata
2293 3639 2590 3693 hominum.
2625 3639 2695 3694 Et
2739 3654 3050 3701 convocans
3087 3639 3152 3692 ad
3176 3652 3234 3692 Se
3258 3639 3497 3695 turbam.

1895 3709 2148 3781 dixiteis.
2184 3712 2379 3765 Audite
2408 3722 2457 3765 el
2488 3712 2793 3781 intelligite.
2830 3709 2945 3767 Non
2979 3711 3121 3779 quod
3163 3709 3330 3765 intrat
3355 3712 3407 3765 in
3437 3725 3501 3765 os

1896 3782 1980 3835 coi
2007 3780 2038 3821 ιι
2063 3786 2288 3849 nquinat
2320 3782 2616 3838 hominem.
2645 3780 2740 3837 sed
2770 3781 2912 3852 quod
2937 3781 3172 3852 procedit
3195 3796 3380 3852 exrnre
3397 3781 3501 3836 hoc

1898 3853 1984 3906 eoi
2012 3859 2033 3887 ε
2068 3852 2294 3919 nquinat
2335 3854 2633 3908 huminetn.
2682 3851 2835 3908 Tunc
2874 3851 3197 3907 accedentes
3246 3851 3498 3919 discipuli

1901 3923 2041 3993 ejus.
2088 3924 2341 3978 dixerunt
2377 3927 2446 3980 ei.
2488 3925 2611 3981 Scis
2648 3928 2773 3992 quia
2810 3923 3078 3993 pharisaei
3125 3922 3310 3977 audito
3335 3924 3499 3976 verbo

1903 3994 2028 4048 hoc.
2067 3996 2419 4050 scandalizati
2463 4006 2608 4051 sunt.
2653 3998 2721 4051 At
2754 3996 2845 4051 ille
2871 3993 3209 4065 respOndens
3248 3996 3342 4047 ait.
3371 3993 3504 4047 0m-

1902 4065 1987 4138 llis
2031 4066 2311 4134 plantatio.
2351 4084 2510 4138 quant
2542 4083 2647 4122 non
2690 4067 2959 4138 plantavit
3005 4066 3165 4121 Pater
3196 4079 3504 4138 meuscac-

1903 4135 2077 4193 lestis.
2127 4135 2513 4193 cradicabitur.
2547 4135 2721 4207 Sinite
2770 4137 2916 4192 illos.
2967 4138 3115 4191 caeci
3161 4146 3289 4190 sunt
3329 4136 3502 4190 duces

1902 4222 2210 4264 caecorum.
2256 4225 2450 4265 caecus
2484 4222 2664 4264 autem
2691 4208 2736 4264 si
2777 4223 2940 4263 caeco
2961 4208 3211 4263 ducatum
3263 4217 3504 4277 praestet

1902 4284 2062 4334 ambo
2110 4281 2161 4334 in
2198 4281 2405 4336 foveam
2450 4282 2668 4336 cadunt.
2719 4278 3071 4350 Itespondens
3094 4286 3273 4350 autem
3305 4278 3501 4334 Petrus

1896 4353 2029 4407 dixit
2054 4351 2103 4406 ei
2136 4351 2389 4409 EdiSsere
2415 4352 2570 4408 nobis
2599 4348 2910 4420 parabolam
2937 4351 3115 4404 istam.
3136 4348 3294 4403 Jesus
3316 4363 3497 4403 autem

1896 4423 2031 4478 dixit
2051 4422 2263 4478 .Atlltuc
2291 4426 2541 4479 vos.sine
2570 4423 2846 4478 intellectu
2872 4423 3025 4477 estis.
3059 4420 3175 4476 Non
3201 4420 3504 4490 intelligitis

1897 4495 2020 4564 quia
2078 4510 2242 4550 omne
2294 4496 2435 4566 quod
2456 4495 2509 4550 in
2533 4510 2594 4549 οδ
2620 4497 2785 4549 intrat
2816 4495 2867 4548 in
2893 4503 3136 4566 ventrem
3161 4492 3326 4547 Vadit.
3357 4503 3412 4546 et
3448 4495 3504 4566 in

1896 4579 2174 4647 secessum
2203 4564 2498 4647 emittitur.
2517 4570 2648 4647 Qua:
2675 4574 2856 4647 autem
2881 4564 3181 4647 procedunt
3201 4578 3268 4621 ex
3308 4579 3404 4621 ore
3433 4565 3503 4620 de

1897 4638 2063 4693 corde
2088 4650 2309 4694 exeunt.
2347 4639 2414 4694 Et
2445 4639 2534 4693 illa
2563 4638 2646 4693 coi
2681 4649 2703 4676 ε
2748 4638 3038 4708 inquinant

876 4826 1276 4885 VARIANTES
1316 4824 1701 4885 LECTIONES
1736 4827 2009 4887 CODICIS
2046 4829 2159 4885 MS.
2300 4824 2812 4884 GERMANENSIS.

267 4917 287 4984 ἶ
320 4918 868 4984 testem-Hyrcanae

268 4979 290 5009 ²
320 4979 534 5039 Pepulus
553 4979 694 5034 hic;
719 4996 805 5034 cor
830 4988 998 5034 autem

270 5041 291 5133 ξ
318 5043 563 5115 doctrinas

324 5117 398 5153 81$

276 5168 291 5196 I

276 5229 295 5303 ξ
322 5167 617 5303 :coccedentes
639 5232 881 5284 dixerunt
904 5234 953 5283 ei

280 5292 293 5322 ⁷
327 5292 419 5343 hoc
439 5294 589 5346 verbo

1972 4924 1994 4955 ⁸
2026 4935 2171 4972 meus

1971 4986 1993 5018 ⁸
2027 4988 2258 5048 ducatum
2275 4984 2531 5048 praebeat,
2554 4983 2758 5048 ambo...
2774 4982 2955 5048 cadent

1973 5049 2019 5081 ¹⁰
2056 5050 2104 5099 ei
2128 5046 2311 5111 :Narra
2333 5048 2473 5111 nobis
2495 5046 2772 5111 parabolam
2804 5046 2964 5098 istam.
2981 5046 3047 5099 At
3072 5046 3157 5099 ille
3189 5046 3377 5099 dixit...
3398 5046 3508 5095 sine

1909 5111 2166 5162 intellectu
2190 5110 2350 5162 estis?

1977 5176 2019 5207 ιι
2058 5175 2108 5223 in
2129 5186 2381 5224 secessum
2404 5173 2646 5223 emittitur

1978 5239 1993 5269 ⁸
2002 5238 2023 5268 ²
2057 5235 2393 5300 procedunt...
2417 5244 2628 5302 exeunt,
2648 5243 2701 5287 et
2724 5236 2828 5300 ipsa
2852 5237 3168 5301 coinquinant

1529 5359 1900 5421 BLANCHINI
1934 5362 2174 5421 NOT/E.

287 5460 312 5489 ³·
341 5450 418 5509 Ex
446 5455 708 5534 ejusdem
726 5454 893 5534 Marci
926 5454 1387 5534 septimo_capit_e,
1418 5472 1565 5534 vers.
1600 5458 1692 5522 l5,
1720 5456 1817 5515 de-
1930 5472 2073 5534 tore_.
2105 5461 2231 5518 licet
2255 5472 2535 5534 appareat,
2561 5462 2718 5519 sicuti
2741 5469 2799 5519 et
2820 5462 2877 5519 in
2903 5458 3152 5534 sequenti
3174 5457 3316 5514 loco.

218 5534 422 5595 sumpta
450 5537 573 5584 sunt
594 5530 761 5585 verba
790 5526 981 5583 istha-c
1011 5543 1117 5584 ms.
1149 5528 1519 5585 Corbeiensis.
1989 5543 2011 5572 ε
2042 5531 2252 5591 Rursus
2275 5526 2469 5591 abrasa
2505 5526 2698 5591 vocula
2725 5535 2766 5589 ἱ.

284 5593 313 5634 ι
340 5593 518 5655 vocula
566 5603 584 5657 ἱ
648 5603 704 5657 in
753 5600 1086 5671 coinquinat,
1147 5602 1342 5656 abrasa
1383 5612 1467 5657 est
1507 5617 1539 5656 a
1586 5600 1813 5658 Correc-

220 5694 362 5833 B.(o)
397 5694 473 5825 ll’ta
514 5707 569 5754 et
605 5707 792 5757 textus
813 5695 1040 5753 Grtet'us
1060 5696 1295 5768 Ἠσαίας,
1320 5713 1387 5757 ex
1408 5695 1726 5756 Latinorum
1769 5694 2167 5756 consuetudine
2206 5693 2457 5755 vertendi
2488 5704 2523 5749 tt
2564 5691 2811 5749 Graecum
2834 5687 2888 5745 in
2921 5688 2988 5745 Ε.
3011 5714 3081 5729 —-
3109 5681 3190 5753 (ὁ)
3216 5681 3381 5741 Deest
3424 5676 3514 5755 pal-

257 5780 335 5819 ma
363 5781 393 5821 I
428 5783 562 5827 rasa.
1800 5806 1812 5830 κ

257 5780 335 5819 ma
363 5780 562 5827 ant-asa.
