1990 3096
269 92 320 119 EH

271 92 321 120 ΞΗ
535 91 670 120 EUSEBII
692 92 860 121 VERCELL.
883 93 1107 122 EVANGEIJUM
1126 92 1198 123 CUM
1221 92 1334 122 VARllS
1352 92 1430 121 COD.
1450 92 1645 123 COLLATUM.
1858 94 1901 121 BM

465 151 582 178 CODEX
603 149 875 178 VERCELLENSIS.

688 200 720 223 te'
728 201 787 222 eam
806 203 813 221 :
827 195 888 229 quia

655 250 659 253 .
686 231 784 258 clamat
798 235 860 265 post

686 266 734 293 ει.
755 273 815 293 nos.
830 266 890 300 Ipse

655 322 658 325 .
688 305 777 328 autem
792 309 905 329 resnon-

655 358 658 360 .
685 337 753 365 dens
765 337 802 364 ait
819 337 898 364 :Non

656 393 659 396 μ
687 381 747 400 sum
759 372 859 400 missus

655 428 659 432 .
690 408 741 436 nisi
757 408 790 435 ad
806 416 888 442 oves,

655 463 660 467 .
688 451 758 479 quae
772 444 860 477 peric-

655 500 659 503 .
688 484 748 507 rant
761 479 859 506 domus

655 537 658 538 ν
688 514 734 542 25.
751 514 875 542 Istrahel.
888 515 928 544 Ad
944 516 977 543 il-

655 572 658 575 .
689 551 714 578 Ia
728 551 814 583 venit,
829 554 857 578 et
870 559 900 579 a-

687 586 791 613 doravit
807 594 880 619 enm,

655 643 657 646 .
686 621 782 649 dicens
796 630 803 647 :
819 622 903 657 Adju-

271 195 407 222 liominem
420 204 427 223 :

272 231 316 259 l9.
337 231 373 258 de
384 231 467 259 corde
476 231 547 259 enim

271 270 374 295 exeunt
386 267 459 300 cogi-

268 303 384 329 tationes
399 303 495 336 malael

271 337 427 369 homicidia,
443 338 498 365 for-

270 373 430 406 nicationes,
449 373 503 400 fur-

271 414 308 441 ta,
321 408 389 435 falsa
404 409 482 436 testi-

269 445 372 475 monia.
388 444 514 479 blasphe-

268 479 305 507 20
320 480 399 507 miae.
415 481 490 512 Haec
500 488 563 512 sum
607 502 610 505 .

270 523 340 551 quae
354 514 479 550 coinqui-

269 551 499 583 nantbominem.
560 573 563 575 .
607 572 611 575 .

270 586 329 614 Non
347 586 411 613 lotis
425 595 515 619 autem
559 608 563 611 .
607 608 610 612 .

269 622 395 649 manibus
411 630 487 654 man-

270 658 381 688 ducare,
397 666 450 686 non
559 679 562 683 .
607 678 610 682 .
688 665 720 684 va
733 665 786 689 me,
803 657 924 686 Domine.

270 694 427 728 coinquinat
512 715 515 718 .
559 715 563 718 .
606 716 610 719 .
686 693 804 725 26.]pse
820 699 908 721 autem

270 728 418 757 hominem.
512 751 515 754 .
561 750 564 753 .
609 751 611 753 .
686 728 852 763 respondens
868 730 901 756 ad

686 772 744 790 eam
758 765 886 800 dixit:(b)
899 768 958 797 Non

686 800 749 826 licet
762 799 781 834 ἢ·
793 802 897 834 accipe-

686 843 716 862 re
733 842 826 869 panem
842 837 909 863 tilio-

686 878 757 901 rum,
770 871 868 898 ctdare

658 928 660 931 .
686 906 731 932 ‘27.
748 906 869 936 canibus
887 911 926 938 Ad
941 910 974 938 il.

690 941 713 981 la
730 941 795 981 diti!
811 952 816 968 :
834 942 931 981 Utique

691 978 802 1004 Domine
817 987 822 1003 ε
842 978 902 1008 nam
919 987 946 1009 ct

688 1019 768 1040 canes
782 1013 864 1043 edunt

658 1070 660 1072 .
688 1047 722 1075 de
731 1048 821 1087 micis,
837 1060 907 1087 quae

657 1106 660 1109 .
688 1084 789 1111 cadunt
799 1085 833 1114 de
846 1084 923 1116 men-

688 1126 717 1146 sa
734 1120 906 1151 dominorum

689 1162 810 1183 suorum.

688 1190 733 1230 ᾖε-
750 1192 826 1230 Tunc
841 1202 954 1230 respon-

269 765 315 791 21.
323 799 329 800 7
337 764 370 791 Ει
382 772 516 800 egresws.
524 769 566 796 in.
608 787 611 789 .

269 799 409 833 deJesus;
423 812 516 833 seces.
561 822 566 826 .
608 822 611 824 .

268 836 342 862 sitin
359 841 442 869 partis
512 857 516 860 Α
560 858 564 861 .
607 858 610 861 .

271 871 335 906 Tyri
351 871 517 902 etSidonis_.
560 893 564 897 .
608 892 612 895 .

269 907 316 933 22.
338 906 372 933 Et
385 915 448 938 ecce
463 910 543 938 muli-
560 927 565 932 .
608 928 612 932 .

270 941 469 973 erCananaea.
512 963 517 967 .
561 964 565 967 _
608 963 612 966 .

270 977 469 1009 atinibusulis
512 1000 517 1004 .
559 1000 563 1003 .
608 999 612 1002 ι

271 1020 379 1048 egressa
393 1017 448 1044 (:la-
511 1034 516 1039 .
559 1036 564 1040 .

271 1048 367 1080 mayit,
382 1052 476 1080 dicens
490 1063 496 1080 ;
512 1071 516 1075 .
560 1071 564 1075 .

271 1084 402 1115 Miserere
415 1089 469 1116 mei
560 1107 563 1111 .

271 1120 386 1148 Domine
403 1124 439 1151 fili
457 1124 516 1151 Da...
561 1143 563 1146 ,

271 1155 339 1196 vid_:
355 1157 408 1196 filia
424 1167 484 1187 mea

272 1193 413 1222 serissime
426 1203 442 1222 a
464 1213 467 1216 ι

272 1226 420 1263 daemmiio
464 1250 467 1251 ν
688 1227 755 1263 dens
768 1227 859 1263 .Iesus,
875 1226 911 1258 ait
928 1241 934 1259 :

271 1262 322 1289 25..
339 1271 469 1293 vexatum.
480 1265 564 1294 Jesus
688 1260 711 1289 0
725 1264 832 1301 mulier,
847 1260 921 1301 inag-

272 1303 431 1329 θυιοηιῃοη
512 1320 516 1323 .
561 1321 563 1323 .
689 1306 723 1325 na
738 1305 779 1326 est
792 1300 859 1328 ﬁdes

272 1337 419 1370 respondit
428 1337 467 1365 ei.
511 1356 514 1358 η
689 1338 737 1372 tua
749 1343 755 1361 :
769 1337 908 1372 contingat

270 1369 393 1399 verbum,
463 1392 468 1396 _
513 1391 516 1393 λ
560 1391 562 1393 ,
691 1369 739 1396 tibi
753 1371 823 1398 sicut
836 1369 886 1399 vis.

690 1406 723 1433 Et
736 1412 828 1434 sanata
842 1413 884 1435 est

657 1464 659 1466 .
688 1442 741 1468 lilia
757 1444 815 1477 ejus
828 1451 862 1471 ex
874 1444 908 1472 il-

273 1391 480 1436 tragicas.
513 1391 517 1430 ζ
560 1391 562 1393 ’

272 1441 470 1478 discipulicjus
512 1464 515 1467 .
562 1464 565 1466 -
609 1462 613 1466 -

273 1481 402 1512 rogabant
416 1488 479 1507 eum
562 1499 565 1502 .
689 1478 714 1504 la
730 1478 804 1505 liora.

272 1513 392 1543 dicentes
404 1515 523 1543 :rDimit-
562 1536 565 1537 ν
608 1534 613 1537 ς
688 1515 732 1541 2³.
751 1514 857 1542 Etcum
870 1520 944 1544 tran-

487 1572 605 1600 CODEX
618 1571 856 1600 CORBElENSlS.

274 1619 411 1646 hominem
427 1619 476 1646 :de
488 1619 571 1646 corde
586 1619 658 1645 enim
672 1624 773 1645 exeunt
784 1620 962 1654 cogitationes
973 1619 1071 1651 malae,

272 1654 430 1683 homicidia.
444 1654 587 1685 adulteria.
602 1654 804 1685 fornicationes,
822 1655 903 1687 furta,
915 1655 982 1682 falsa
999 1655 1074 1682 tcsti-

272 1690 374 1720 monia,
388 1689 585 1724 blasphemiae.
599 1689 607 1704 ‘
620 1690 762 1719 avaritiae.
780 1690 928 1724 nequitiae.
944 1690 1008 1722 doli,
1027 1690 1073 1717 ini-

273 1725 430 1758 pudicitiae,
448 1725 544 1760 oculus
559 1724 655 1751 malus.
679 1724 749 1752 Haec.
762 1730 825 1752 sunt
840 1734 907 1760 tiliae
921 1726 1074 1753 communi-

272 1765 334 1786 cant
351 1760 500 1787 hominem.
512 1759 570 1786 Non
586 1760 647 1786 lotis
658 1765 747 1786 autem
761 1761 884 1788 manibus
896 1762 1072 1793 manducare,

273 1802 327 1821 non
348 1796 505 1830 coinquinat
527 1796 673 1821 hominem.
702 1795 735 1822 Et
754 1804 879 1830 egressus
900 1797 962 1824 inde
980 1797 1070 1830 Jcsus,

272 1831 387 1858 secessit
407 1831 432 1857 in
449 1832 458 1846 ²
472 1831 611 1866 regionem
627 1830 690 1866 Tyri
704 1836 730 1858 el
745 1831 873 1859 Sidonae.
890 1832 922 1859 Et
934 1840 997 1860 eccc
1014 1840 1073 1859 mu-

272 1865 322 1893 lier
336 1866 496 1893 Cliaaanaea
511 1867 544 1893 de
562 1865 660 1893 finibus
675 1867 727 1893 illis
741 1875 850 1898 egressa
868 1868 878 1883 ³
891 1868 1025 1895 clamabat
1039 1868 1072 1895 ad

273 1909 335 1929 eum
350 1922 358 1934 ,
373 1902 469 1929 dicens
485 1911 491 1929 :
505 1901 634 1929 Miserere
646 1902 697 1929 mei
712 1903 824 1930 Domine
841 1903 877 1930 (ili
893 1903 976 1930 David
993 1913 999 1930 :
1019 1903 1073 1930 lilia

273 1944 331 1964 mea
341 1945 356 1963 a
363 1937 508 1965 daemonio
517 1938 586 1965 male
596 1937 731 1965 vexalur.‘
740 1938 786 1965 lllc
795 1945 884 1966 autem
897 1947 949 1966 non
958 1947 1072 1973 respon-

272 1973 311 2000 dit
331 1976 361 2010 ei
369 1975 492 2001 verbum.
503 1974 540 2010 Et
554 1973 568 2010 '7
579 1978 753 2001 accessurunt
769 1974 892 2010 discipuli
907 1981 933 2001 et
946 1976 1075 2010 rogabant

271 2016 333 2036 eum
347 2009 486 2037 dicentes:
501 2009 610 2036 Dimitte
619 2010 761 2044 camzqnia
772 2009 869 2037 clamat
878 2015 938 2045 post
948 2018 1005 2037 nos.
1016 2010 1076 2045 Ipse

270 2048 360 2071 antem
380 2045 547 2079 respondens
568 2045 604 2070 ait
624 2054 630 2072 :
647 2045 703 2071 Non
716 2053 774 2072 sum
791 2047 888 2073 missus
902 2046 952 2074 nisi
966 2047 998 2073 ad
1008 2054 1076 2074 oves

272 2079 281 2094 ‘
291 2080 407 2113 perditas
418 2081 515 2108 domus
523 2080 616 2107 Israel.
626 2081 658 2107 At
670 2080 725 2107 illa7
741 2082 852 2109 veniens
860 2082 1073 2109 adorabateum.

271 2114 367 2152 dicens
383 2125 389 2142 :
404 2116 574 2152 Adiuvame,
588 2115 711 2143 Domine.
727 2116 737 2132 ⁸
750 2117 786 2144 At
800 2117 845 2144 ille
858 2117 1028 2152 respondens
1037 2117 1074 2144 ait

271 2151 305 2178 ad
322 2151 395 2178 illam
408 2161 413 2178 :
428 2152 486 2179 Non
502 2151 566 2179 licet
581 2153 706 2186 accipere
718 2159 814 2186 panem
830 2151 958 2185 filiorum,
973 2159 1000 2180 et
1013 2153 1074 2179 mit-

271 2191 328 2214 tere
343 2188 466 2215 canibus.
485 2191 518 2214 At.
539 2188 583 2215 illa
599 2187 669 2214 dixit
684 2189 712 2213 ς’
730 2188 767 2215 lta
785 2188 915 2216 Domine:
933 2196 993 2215 nam
1008 2194 1036 2215 et
1051 2188 1072 2203 ιθ

271 2222 352 2249 catuli
376 2223 503 2250 eduntde
526 2223 604 2250 micis
625 2223 644 2238 “
669 2222 840 2251 dominorum
856 2232 976 2251 suorum.
995 2225 1071 2251 'l‘unc

270 2256 544 2295 .Iesusrespondens,
569 2258 640 2286 dixit
654 2260 767 2295 adeam
782 2268 787 2285 :
805 2259 827 2287 0
847 2261 956 2293 mulier,
972 2267 1068 2295 magna

271 2297 313 2319 est
327 2293 392 2329 fides
407 2299 450 2320 tua
462 2295 481 2309 “
496 2303 502 2320 :
519 2295 657 2329 contingat
673 2294 720 2321 tibi
737 2301 764 2321 ut
777 2294 827 2322 vis.
839 2296 860 2310 “
871 2296 905 2322 Et
920 2303 984 2323 sana
1000 2293 1068 2322 facta

270 2333 312 2355 est
326 2328 379 2356 tilia
391 2329 450 2364 ejus
462 2337 495 2357 ex
509 2330 555 2357 illa
569 2328 688 2357 liora.Et
698 2338 779 2365 quum
794 2330 815 2345 "
830 2338 921 2359 reces-

1342 151 1460 180 CODEX
1476 151 1703 181 VERONENSIS.

1123 218 1130 225 .
1171 218 1178 225 .
1219 218 1226 224 .
1267 218 1273 225 .
1315 218 1321 225 .
1362 218 1368 224 .
1410 216 1417 223 .
1456 218 1463 224 .
1495 217 1503 224 .
1543 198 1737 226 Dimitteeam:

1541 234 1604 268 quia
1619 234 1750 267 sequitur.

1541 274 1569 297 et
1581 269 1678 297 clamat
1693 274 1752 305 post

1123 312 1601 333 .........nos.

1123 360 1130 367 .
1171 360 1177 367 .
1218 360 1224 366 .
1265 361 1272 372 ,
1314 359 1321 366 .
1361 359 1369 367 .
1408 360 1415 367 .
1457 360 1464 367 .
1496 361 1504 368 .
1539 340 1761 375 2t.lpseautcm

1541 376 1708 412 respondens

1540 413 1577 439 ait
1592 421 1598 438 :
1613 412 1669 439 Non
1681 419 1739 439 sum

1540 448 1639 475 missus
1654 447 1705 475 nisi

1540 483 1572 510 ad
1585 491 1658 513 Oves.
1676 491 1744 518 quae

1541 520 1677 553 perierunt
1688 520 1736 545 do-

1541 563 1601 581 mus
1615 555 1737 581 Istrahel.

1540 590 1584 616 25.
1601 591 1640 617 Ad
1658 590 1700 617 illa
1715 599 1760 618 ve-

1541 627 1617 653 niens
1633 626 1671 660 (rt)
1687 628 1751 654 ado-

1542 669 1569 688 ra
1575 662 1618 688 bat
1633 661 1653 697 -ξ-
1668 670 1740 694 eum,

1542 697 1647 724 dicens:
1664 697 1758 730 adjuva

1124 752 1130 759 .
1170 751 1178 759 .
1219 752 1224 758 .
1265 753 1271 760 .
1313 753 1320 760 .
1361 752 1368 759 .
1408 752 1415 759 .
1457 753 1463 759 .
1495 753 1503 761 .
1543 740 1595 766 me,
1613 734 1733 759 Domine.

1124 788 1130 795 .
1172 788 1179 795 .
1220 788 1226 794 .
1266 788 1273 795 .
1314 788 1320 794 .
1362 789 1368 795 .
1409 787 1417 794 .
1457 788 1463 794 .
1496 789 1504 796 .
1540 767 1762 803 26.lpseautem

1125 823 1132 830 .
1173 823 1180 830 .
1220 824 1226 830 .
1267 825 1273 831 .
1314 824 1320 830 .
1363 825 1368 830 .
1410 824 1416 829 .
1458 823 1464 830 .
1497 825 1504 832 .
1542 804 1710 838 respondens

1127 859 1133 865 .
1174 859 1182 866 .
1222 859 1228 865 .
1269 859 1276 867 .
1315 860 1322 866 .
1364 860 1371 867 .
1411 858 1419 866 .
1459 859 1466 865 .
1497 863 1504 869 .
1542 839 1826 880 ait§(b)Nonlicct'['

1127 896 1134 902 .
1175 895 1182 902 .
1222 894 1228 901 α
1269 895 1276 902 .
1316 894 1323 901 ο
1364 896 1371 902 .
1411 894 1417 900 α
1458 895 1466 902 .
1497 899 1503 906 ,
1542 883 1773 910 acctperepanem

1543 911 1707 943 filiorum,“

1542 947 1606 973 dare
1618 947 1741 973 canibus.

1542 981 1585 1008 27.
1609 983 1647 1009 Ad
1664 983 1707 1009 illa
1722 982 1807 1010 dixit:

1545 1017 1641 1052 Utique
1654 1018 1786 1046 Domine:

1544 1061 1605 1079 nam
1620 1058 1644 1079 et
1659 1054 1749 1081 catelli

1543 1088 1625 1115 cdunt
1640 1089 1673 1115 de
1686 1090 1735 1115 mi-

1543 1123 1593 1157 cis,
1611 1132 1680 1158 quae
1694 1131 1739 1151 ca-

1543 1159 1609 1187 dunt
1625 1160 1659 1187 de
1673 1167 1769 1188 mense

1544 1194 1715 1223 dominorum

1545 1238 1665 1258 suorum.

1545 1266 1675 1295 28.Tunc
1688 1266 1855 1302 respondens

1545 1301 1635 1335 Jesus,
1651 1303 1706 1330 ait:
1721 1301 1743 1330 Ο
1757 1303 1862 1335 mulier.

1547 1345 1643 1373 magna
1658 1342 1699 1366 est
1715 1338 1747 1365 fi-

1545 1373 1594 1401 des
1605 1378 1649 1401 tua
1663 1383 1669 1401 :
1685 1374 1731 1401 ﬁat
1746 1374 1796 1401 tibi

1546 1409 1615 1437 sicut
1632 1411 1682 1436 vis.
1699 1410 1730 1437 Et
1745 1413 1838 1437 sanata

1545 1450 1587 1472 est
1599 1445 1651 1472 ﬁlia
1665 1445 1723 1480 ejus

1545 1488 1577 1507 ex
1592 1481 1637 1508 illa
1655 1482 1730 1508 liora.

1545 1516 1591 1543 29.
1605 1516 1639 1543 Et
1650 1524 1711 1544 cum
1724 1522 1799 1544 tran-

1368 1570 1485 1599 CODEX
1504 1571 1702 1601 BRIXIANUS.

1126 1619 1312 1646 boininenLde
1321 1619 1402 1645 corde
1411 1620 1481 1645 cnim
1492 1620 1781 1652 exettntcogitationes
1789 1619 1870 1646 malae
1878 1618 1921 1646 bo-

1127 1655 1234 1682 miculia
1253 1655 1385 1680 adulteria
1402 1654 1595 1681 fornicationes
1606 1655 1748 1682 furtafalsrl
1761 1655 1918 1683 testimonia.

1130 1691 1381 1724 blasphemia:llzcc
1395 1696 1453 1716 stitit
1464 1691 1705 1725 qumcoinqttinanl
1717 1689 1919 1718 liutiiinem.Non

1132 1728 1193 1752 lotis
1206 1731 1293 1752 autem
1312 1726 1434 1752 mamlius
1456 1726 1628 1753 mamlnrare.
1648 1736 1700 1753 non
1713 1725 1921 1761 coinquinatlto-

1128 1762 1273 1788 minennlit
1284 1769 1410 1795 egressus
1427 1761 1489 1787 ἱιιὼι
1500 1762 1578 1788 Jesus
1593 1768 1706 1789 secessit
1721 1764 1746 1788 in
1765 1760 1853 1796 partes
1863 1760 1921 1795 Tyri

1127 1803 1153 1824 ct
1181 1797 1308 1832 Sydnnis.
1329 1798 1360 1823 Et
1374 1805 1438 1823 ecce
1454 1798 1720 1824 muliertiltairmaca
1737 1807 1750 1824 a
1767 1798 1862 1825 finibus
1874 1797 1921 1823 iliis

1126 1834 1374 1866 egressu.rlamavit
1388 1833 1418 1858 ad
1433 1841 1493 1859 cum
1507 1833 1806 1860 dicens..\lisnrcremei
1818 1833 1922 1859 Domine

1127 1870 1162 1895 lili
1183 1868 1273 1895 David.
1293 1869 1346 1894 lilia
1359 1876 1415 1894 mea
1432 1870 1501 1895 male
1517 1876 1531 1895 a
1547 1869 1691 1895 daemonio
1709 1868 1873 1896 vexaturAt
1883 1868 1922 1894 ille

1127 1913 1180 1931 non
1202 1904 1341 1937 respondit
1366 1904 1390 1930 ei
1410 1905 1533 1931 verbum.
1557 1904 1589 1931 Et
1611 1904 1779 1933 accedentes
1805 1903 1922 1937 discipuli

1127 1941 1195 1973 cius.
1213 1940 1343 1973 rogabant
1359 1947 1420 1966 enin
1436 1940 1568 1966 dicentes.
1590 1941 1697 1966 Dimitte
1714 1948 1776 1967 eam
1793 1941 1853 1974 quia
1872 1940 1923 1966 cla-

1129 1982 1182 2002 mat
1210 1981 1269 2009 pust
1299 1983 1357 2002 nos.
1388 1975 1464 2001 Jesus
1491 1981 1579 2001 autem
1608 1976 1780 2009 respondens
1798 1977 1845 2002 ait.
1868 1974 1922 2002 Non

1127 2019 1186 2038 smn
1208 2012 1306 2037 missus
1337 2011 1385 2036 nisi
1407 2011 1439 2036 ad
1463 2018 1527 2037 orcs
1549 2019 1617 2045 quae.
1636 2013 1778 2044 perierunt
1792 2010 1924 2038 dumusls

1127 2046 1139 2065 ιι
1165 2047 1251 2073 rabel.
1282 2048 1313 2073 At
1344 2046 1387 2072 illa
1410 2047 1520 2073 veniens
1549 2047 1670 2073 adoravit
1686 2055 1747 2074 cum
1765 2048 1857 2074 dicens
1877 2047 1924 2073 Do-

1129 2083 1199 2109 mine
1229 2082 1328 2116 adjuvat
1355 2090 1407 2109 me.
1439 2082 1488 2115 Qui
1523 2083 1693 2115 restiondens
1719 2084 1767 2110 ait.
1801 2083 1858 2109 Non
1884 2085 1924 2108 est

1128 2120 1226 2145 bonum
1255 2118 1378 2150 accipere
1411 2125 1505 2150 panum
1531 2118 1658 2145 filiorum.
1678 2123 1705 2145 et
1719 2120 1831 2145 mittere
1853 2118 1923 2145 cani-

1127 2154 1186 2181 bus.
1206 2155 1239 2180 At
1252 2154 1294 2179 illa
1306 2153 1374 2179 dixit
1386 2153 1473 2179 Etiam
1490 2154 1613 2180 Domine.
1631 2162 1691 2180 nam
1709 2160 1732 2180 et
1746 2153 1924 2181 catelliedunt

1126 2192 1159 2216 de
1174 2190 1251 2216 micis
1269 2196 1328 2223 quae
1345 2190 1444 2215 vadunt
1457 2189 1491 2216 de
1506 2197 1598 2216 mensa
1614 2190 1790 2216 dmninorum
1803 2197 1921 2217 suorum.

1123 2225 1199 2251 Tunc
1215 2225 1384 2258 respondens
1399 2224 1477 2251 Jesus
1509 2225 1545 2251 ait
1561 2225 1607 2252 illi.
1623 2225 1645 2251 Ο
1662 2226 1759 2252 mulier
1775 2233 1871 2260 magna
1885 2227 1924 2251 est

1124 2260 1191 2288 tides
1209 2267 1262 2286 tua.
1281 2260 1326 2286 liat
1343 2260 1389 2287 tibi
1412 2261 1481 2287 sicut
1498 2261 1550 2287 vis.
1572 2260 1604 2287 Et
1619 2266 1713 2288 sanata
1726 2266 1770 2288 cst
1786 2261 1839 2288 filia
1855 2260 1921 2295 ejus.

1121 2305 1153 2323 ex
1167 2296 1210 2322 illa
1220 2296 1296 2323 liora.

1157 2332 1192 2358 Et
1212 2340 1272 2358 cum
1295 2336 1369 2358 tran—

1124 538 1130 545 ι
1172 537 1178 544 -
1219 537 1226 545 ο
1267 538 1274 545 ο
1314 538 1321 545 ο
1361 538 1368 545 ι
1408 538 1416 545 ι
1455 537 1464 545 ο
1495 539 1502 546 ι

1124 716 1130 722 .
1171 716 1178 723 .
1220 716 1225 722 ι
1267 717 1274 724 ο
1314 716 1321 723 ο
1362 717 1369 724 ι
1409 717 1416 723 -
1457 717 1464 724 ι
1497 718 1503 724 .

1126 1002 1133 1009 ο
1175 1002 1181 1008 .
1222 1001 1229 1008 θ
1269 1001 1277 1010 ι
1319 1002 1327 1009 ν
1366 1002 1373 1010 ο
1412 1000 1420 1008 ο
1460 1003 1466 1010 ι

1128 1109 1134 1116 ι
1175 1109 1181 1115 ι
1224 1109 1230 1115 ι
1271 1108 1277 1115 .
1319 1108 1326 1114 α
1366 1109 1374 1117 σ
1414 1108 1421 1115 ι
1463 1109 1469 1115 .

1128 1252 1134 1258 .
1175 1251 1183 1258 θ
1223 1250 1230 1257 ο
1269 1250 1277 1258 ι
1318 1250 1325 1259 ο
1366 1251 1374 1259 ο
1415 1252 1422 1259 ι
1463 1252 1471 1259 ο

1125 1337 1170 1365 2'5.
1190 1342 1311 1365 vexatur.
1324 1337 1365 1365 Ad

1125 1374 1206 1401 .lcsus
1218 1381 1271 1400 non
1284 1380 1342 1400 res-

1145 1409 1220 1436 ondit
1233 1409 1256 1435 ei
1269 1409 1393 1436 verbum.

1152 1450 1162 1472 t
1172 1445 1331 1472 accedentes

1126 1480 1249 1515 discipuli
1261 1480 1392 1514 rogabant

1126 1524 1188 1544 eum
1203 1516 1341 1543 dicentes:

583 2426 586 2428 .
616 2399 814 2429 νΑιιιΑιπΕε
832 2399 1024 2429 LECTIONES
1042 2398 1069 2428 Ct

1126 2399 1177 2429 GIS
1192 2399 1248 2428 MS.
1269 2400 1297 2428 S.
1317 2399 1572 2428 GERMANENSIS.

302 2455 311 2470 ι
332 2454 400 2480 Utin
414 2453 543 2486 Vulgata‘

301 2486 312 2501 ¹
330 2489 442 2517 partes...
456 2486 554 2511 Sidonis

302 2517 315 2533 ³
329 2517 449 2543 clamavit.
459 2517 546 2542 dicens
558 2518 582 2543 ei

302 2523 315 2533 ο
329 2523 449 2549 clamant,
459 2523 504 2542 αισι

300 2548 313 2563 ⁸
329 2548 361 2572 At
372 2547 446 2573 Jesns
456 2554 504 2572 non

301 2579 312 2595 ι
332 2579 363 2595 m
378 2578 442 2595 Vuln

301 2579 312 2595 ⁸
332 2579 363 2604 ω
378 2578 451 2612 Vulg.

301 2610 312 2625 '
327 2617 391 2641 quae
405 2611 534 2643 perierunt

1153 2457 1163 2472 '
1180 2457 1259 2488 venit,
1270 2459 1298 2481 et

1153 2487 1165 2503 ⁸
1182 2487 1238 2513 lose
1249 2491 1332 2513 autem

1153 2519 1164 2534 ο
1182 2519 1273 2549 Utique

1154 2549 1177 2565 ¹⁰
1195 2549 1277 2574 catelli

1152 2581 1173 2613 ιξ
1192 2581 1227 2613 yt
1243 2579 1355 2613 Vulgata.

1153 2612 1175 2628 ιι
1191 2611 1223 2636 Ει
1234 2611 1318 2638 sanata
1328 2616 1368 2637 est.

1153 2642 1176 2659 "
1193 2644 1322 2669 transisset
1332 2643 1472 2674 inde,venit

931 2677 1116 2713 BLANCHINI
1135 2685 1251 2714 noras.

305 2736 318 2751 ἰ
340 2731 414 2766 Quae
447 2736 598 2767 sequuntur
616 2732 644 2760 in
674 2731 833 2765 Corblensl,
863 2732 916 2760 huc
939 2732 1069 2760 translata

267 2772 331 2795 sunt
355 2775 371 2795 ο
389 2768 477 2803 capite
501 2767 617 2803 septimo
642 2767 731 2795 Sancti
756 2767 855 2801 Marci,
869 2774 942 2796 vers.
969 2768 1014 2795 22.

1121 2731 1291 2797 Ιδένξιᾙοοθ
1306 2732 1515 2762 Inrahelabrasa
1526 2737 1568 2763 est
1578 2734 1606 2768 ά,
1616 2733 1750 2771 scriptum
1766 2738 1831 2763 erat
1853 2734 1927 2763 enim

305 2836 345 2873 (α)
357 2837 394 2865 lui
407 2842 437 2867 et
450 2842 540 2866 textus
555 2836 671 2865 Greene
683 2837 881 2873 πρασσκύνιι.-
893 2835 931 2875 (b)
950 2836 988 2864 Ita
1003 2840 1031 2864 et
1049 2842 1069 2864 et

1128 2835 1206 2865 Cant.
1221 2838 1266 2866 οὐκ
1280 2836 1376 2872 ἵεσο-τι.
