3980 6192
1186 208 1642 273 EVANGEUUM
1679 210 2056 272 SECUNDUM
2094 213 2536 277 MATTHEUM.

580 324 824 384 CODEX
864 323 1406 386 VEBCELLENSIS.
2337 330 2571 389 CODEX
2613 331 3065 394 VERONENSIS.

1037 419 1263 501 t_:i_an_t‘_in
1290 420 1393 501 via.
1462 499 1468 501 Α
1907 423 2070 501 sisset
2098 423 2241 488 inde,
2270 425 2420 480 venit
2748 425 3025 501 dimittere
3044 429 3234 501 eosje—

225 201 309 269 ω
1186 208 1642 273 EVANGEUUM
1679 210 2056 272 SECUNDUM
2094 213 2536 277 MATTHEUM.
3406 219 3516 282 246

214 422 331 479 siret
345 421 476 478 inde

213 487 371 560 Iesus,
392 493 541 550 venit
562 490 662 549 ite-
1038 491 1356 568 35.__Dicun_t_
1381 499 1560 550 autem
1908 495 2102 568 iterum
2133 487 2293 551 secus
2312 510 2462 552 mare
2743 497 2906 568 junos
2930 500 3081 565 nolo,
3112 487 3182 556 ne

222 578 317 621 rum
340 578 498 621 secus
518 579 634 620 ma-
1038 564 1086 618 ei
1112 563 1396 634 discipuli:
1907 563 2183 621 Galilzieae
2212 585 2225 620 :
2255 576 2310 623 et
2744 563 3073 625 deﬁciantin
3104 572 3210 627 via.

222 650 261 693 te
281 636 588 693 Galilaeae:
1038 635 1181 690 unde
1207 649 1337 705 ergo
1367 635 1419 690 in
1907 637 2207 693 ascendens
2233 638 2286 694 in
2748 641 2838 696 3'5.
2873 641 3067 697 Dicunt
3091 651 3269 699 autem

219 718 250 783 _et
275 708 573 764 ascendens
1036 706 1254 762 deserto
1281 721 1448 778 panes
1906 718 2116 783 monte,
2140 711 2305 783 sede:
2747 713 2795 767 ei
2823 711 3075 783 discipuli
3106 732 3122 769 :

218 775 626 855 intuentem,
676 849 715 855 _
782 815 786 819 ‹
1034 786 1232 832 tantos.
1277 775 1298 831 ξ
1336 816 1351 831 .
1396 792 1514 834 .sa-
1906 780 1996 835 50.
2028 781 2119 834 bat
2144 780 2238 835 ibi.
2265 781 2335 855 Et
2359 797 2451 839 ac-
2749 783 2890 839 unde
2912 775 3042 855 ergo
3070 786 3237 843 modo

217 846 281 906 50.
305 850 533 906 sedebat
552 848 649 906 ibi.
676 849 746 905 Et
1036 859 1175 905 ture.
1221 889 1234 903 .
1283 889 1296 902 .
1330 865 1358 904 r
1389 858 1509 925 tan-
1849 902 1854 907 .
1906 860 2189 907 cesserunt
2214 853 2281 908 ad
2749 855 2803 909 in
2828 846 3045 909 deseﬂo
3070 871 3239 924 panes
3261 865 3441 913 tantus
3465 899 3480 925 ,

215 929 532 978 accesserunt
1035 929 1121 975 lae
1148 928 1226 975 tu.
1271 961 1285 974 .
1330 960 1344 975 .
1377 922 1477 976 ae?
1906 937 2029 977 eum
2061 924 2269 991 turbae,
2749 934 2809 980 ut
2833 922 3140 981 saturentur

214 993 255 1049 id
273 1009 391 1049 eum
420 995 616 1048 turbae
1036 990 1127 1047 ‘54.
1155 991 1223 1046 Et
1253 992 1327 1045 ait
1352 991 1460 1047 illis
1480 992 1638 1053 Jesus
1662 1014 1675 1050 :
1908 993 2167 1049 habentes
2193 1010 2376 1052 secum
2749 997 2837 1053 54.
2881 997 3067 1051 turbae
3085 1000 3252 1056 istae?
3277 997 3348 1054 Et

214 1065 402 1131 niultae,
437 1064 644 1121 haben-
1033 1063 1185 1135 Quod
1218 1078 1385 1133 panes
1416 1064 1510 1119 ha-
1904 1064 2114 1132 clodos,
2134 1079 2348 1135 caecos,
2753 1067 2829 1122 ait
2857 1067 2962 1123 illis
2988 1068 3178 1126 Jesus:

199 1139 271 1208 (es
293 1151 481 1192 secum
508 1136 616 1208 c|o_-
1035 1133 1213 1190 betis?
1234 1135 1313 1189 Ad
1333 1135 1407 1190 illi
1431 1136 1513 1190 di-
1905 1136 2136 1200 debiles,
2164 1133 2364 1207 mutos,
2752 1139 2906 1207 Quod
2940 1156 3106 1208 panes
3134 1141 3231 1198 Ita-

190 1207 304 1272 dos,
330 1221 551 1274 caecos,
574 1206 671 1264 de-
1035 1215 1228 1261 xerunt
1255 1222 1268 1258 :
1297 1221 1389 1261 vti.
1423 1216 1477 1263 et
1855 1233 1861 1238 -
1905 1218 1959 1262 et
1984 1208 2120 1262 alios
2144 1210 2283 1263 mul-
2751 1206 3035 1266 belisiAd
3067 1212 3144 1268 illi

191 1278 338 1343 biles,
357 1288 563 1351 mulos,
1033 1291 1240 1351 paucos
1252 1277 1413 1351 pisci_-
1637 1282 1643 1288 '
1908 1288 1989 1333 tos
2019 1295 2034 1334 :
2066 1289 2118 1333 et
2148 1281 2323 1351 proje-
2750 1281 3037 1337 dixerunt:
3061 1283 3162 1339 Se-

191 1359 243 1406 et
262 1350 394 1407 alios
416 1349 562 1425 mul—
1033 1348 1331 1425 55._culos.
1365 1348 1435 1405 Et
1462 1365 1622 1424 prae-
1904 1359 2096 1425 cerupt
2115 1364 2211 1425 eos
2230 1348 2305 1425 (ἀ)
2748 1360 2895 1425 ptem
2917 1395 2933 1418 ,
2963 1363 3017 1407 et
3045 1369 3247 1425 paucos

193 1431 267 1477 tos
291 1437 305 1474 :
329 1431 385 1477 et
410 1421 665 1492 projece-
1018 1420 1176 1493 cepit
1199 1420 1369 1493 turbis
1463 1419 1481 1424 ⁷
1905 1423 2005 1493 sub
2026 1419 2068 1491 1-
2095 1419 2294 1490 pedes'
2746 1419 2836 1481 55.
2884 1419 3191 1493 pisciculos.
3227 1422 3296 1480 Et

189 1500 305 1549 runt
323 1491 423 1569 eos
447 1491 555 1569 an-
1033 1491 1374 1569 discumbere
1904 1492 2046 1569 ejus,
2062 1501 2125 1569 et
2152 1496 2368 1569 curavit;
2746 1491 3011 1566 praecepit
3030 1496 3304 1569 turbae(d)

190 1572 239 1620 te
265 1564 439 1640 pedes
454 1564 603 1635 ejus,
1033 1564 1099 1640 i_n_
1114 1572 1338 1640 te_rram.
1425 1636 1437 1640 _
1497 1635 1519 1640 _
1904 1578 2000 1640 eos
2030 1562 2108 1640 (ὁ)
2134 1579 2323 1640 omnes
2343 1567 2385 1640 1-
2408 1586 2420 1623 :
2746 1562 3062 1640 recumbere
3080 1568 3122 1640 1-
3139 1586 3231 1623 su-

1908 1635 1999 1718 at.
2032 1638 2101 1689 ita
2129 1647 2187 1718 ut
2214 1635 2404 1696 turbae

1908 1716 2256 1772 mirarentur,

1034 1634 1124 1689 56.
1153 1633 1224 1688 Et
1253 1636 1463 1705 accepit
1489 1635 1646 1695 Iesus

1033 1720 1222 1777 panes,
1251 1714 1306 1760 et
1328 1711 1438 1777 pis-

193 1644 242 1691 et
264 1638 479 1691 curavit
504 1650 601 1691 eos
628 1652 644 1690 :

2747 1638 2838 1693 56.
2886 1654 2978 1708 pra
3006 1638 3228 1695 terram.
3250 1639 3317 1696 Et

194 1708 272 1762 5i.
295 1708 368 1762 ita
394 1716 457 1762 ut
479 1706 670 1764 turbae

2748 1711 2956 1779 accepit
2979 1710 3137 1766 Iesus

195 1781 540 1845 mirarentur,
1034 1776 1147 1850 ces,
1180 1786 1234 1831 et
1249 1776 1451 1850 gratias
1909 1776 2153 1850 videntes
2174 1788 2354 1837 mutos
2747 1796 2860 1835 vn.
2880 1776 3059 1850 'panes
3074 1823 3090 1847 ,
3117 1791 3173 1838 et

196 1851 431 1924 videntes
455 1858 561 1924 :_et
1034 1846 1166 1924 egit,
1196 1849 1414 1924 etdedit
1910 1849 2214 1924 loquentes,
2241 1852 2353 1907 clo-
2754 1846 2953 1924 pisces,
2983 1863 3037 1908 et
3061 1846 3186 1924 gra-

197 1920 613 1995 magnificabant
1036 1920 1316 1995 discipulis
1337 1936 1463 1995 su-i
1544 1992 1576 1995 η
1909 1921 2008 1975 dos
2028 1920 2310 1978 ambulan-
2755 1920 2856 1995 tias
2885 1925 3032 1995 egit,
3064 1920 3128 1980 ac

203 1992 361 2065 [lpum
392 1991 637 2048 Istrahel.
1038 1991 1103 2065 is,
1126 2001 1208 2065 et.
1250 2030 1266 2047 .
1314 2032 1325 2046 .
1370 2035 1383 2047 .
1417 1992 1579 2065 cipuli
1912 2000 2016 2065 tes,
2041 2006 2234 2048 caecos
2755 1991 2954 2065 fregit,
2979 2008 3035 2051 et
3056 1996 3206 2053 dedit

199 2062 282 2118 32.
309 2064 690 2136 .lesnsautem,
720 2077 857 2121 con-
1036 2062 1300 2136 dederunt
1328 2077 1429 2136 po-
1472 2062 1488 2065 ⁷
1911 2063 2160 2136 videntes
2185 2082 2197 2117 :
2228 2074 2285 2120 et
2472 2106 2473 2109 η
2755 2062 3033 2136 discipulis
3052 2069 3198 2136 suis,

200 2135 643 2208 vocatisdisci-H
1037 2133 1126 2208 57.
1157 2134 1304 2203 pulo.
1329 2133 1403 2190 Et
1430 2148 1581 2192 man-
1914 2134 2331 2208 magnificabant
2756 2146 2809 2208 et
2833 2133 3082 2208 discipuli
3109 2133 3205 2195 de;

203 2206 361 2277 palis,
393 2207 566 2280 dixit:
596 2207 685 2264 lli-
1036 2207 1373 2261 ducaverunt
1913 2206 2086 2280 peum
2118 2205 2362 2264 Istrahel.
2757 2207 2955 2280 derunt
2976 2205 3204 2280 pupula.

2758 2280 2847 2335 '57.
2890 2278 2958 2334 Et
2984 2278 3344 2339 inandttcave-

2756 2360 2881 2405 runt
2902 2366 3090 2435 omnes
3106 2394 3124 2422 ,

2753 2431 2808 2476 et
2830 2431 3054 2477 saturati
3082 2434 3228 2481 sunt.

209 2293 384 2333 sereor
412 2278 601 2346 turbis,

212 2351 321 2418 quia
348 2349 424 2420 (ε)
456 2350 633 2405 triduo

216 2431 287 2474 est
300 2420 406 2491 jam
437 2420 583 2488 quod
609 2422 652 2497 1-

1037 2291 1248 2358 omncs,
1271 2284 1327 2331 et
1353 2291 1439 2331 sa-

1038 2355 1196 2402 turati
1223 2357 1368 2403 sunt.

1912 2276 2003 2332 52.
2032 2277 2191 2332 Jesus
2218 2289 2420 2349 autem,

1910 2350 2223 2423 convocatis
2243 2351 2519 2423 discipulis

1036 2418 1104 2475 Et
1129 2420 1270 2489 quod
1296 2418 1468 2473 abun-
1654 2466 1661 2474 .
1911 2422 2043 2483 suis,
2071 2420 2203 2475 dixit
2229 2440 2244 2477 :
2274 2423 2371 2479 Mi-

219 2502 549 2578 perseverant
624 2490 639 2497 “
1040 2490 1161 2578 dav.
1209 2530 1223 2543 .
1254 2500 1272 2545 t
1302 2490 1369 2545 de
1391 2491 1557 2578 pani-‘
1912 2505 2100 2578 sereor
2122 2493 2245 2578 huic
2268 2505 2380 2578 tur:
2751 2493 2819 2578 ξι
2843 2494 2983 2578 quod
3006 2494 3213 2578 habun-

215 2577 430 2639 tneeum,
462 2571 521 2618 et
549 2579 659 2621 non
1040 2561 1162 2625 bus,
1208 2600 1223 2614 .
1269 2603 1282 2616 .
1329 2602 1345 2618 .
1386 2602 1401 2616 .
1434 2570 1562 2621 runt
1916 2563 2037 2639 hae,
2060 2563 2183 2633 quia
2208 2564 2283 2639 (ε)
2314 2567 2408 2621 tri-
2752 2561 2899 2639 davit
2927 2565 2995 2619 de
3023 2570 3252 2637 panibus
3278 2614 3293 2639 ,

215 2577 430 2628 mecum,
462 2571 521 2618 et
549 2579 659 2621 non
1040 2564 1162 2625 bus,
1208 2600 1223 2614 .
1269 2603 1282 2616 .
1329 2602 1345 2618 .
1386 2602 1401 2616 .
1434 2570 1562 2621 runt
1916 2564 2037 2634 hae,
2060 2564 2183 2633 quia
2232 2570 2283 2638 ε)
2314 2567 2408 2621 tri-
2752 2564 2899 2620 davit
2927 2565 2995 2619 de
3023 2570 3252 2637 panibus
3278 2614 3293 2639 ,

215 2632 640 2712 habentescam:
1043 2643 1249 2712 septem
1273 2647 1429 2712 spor—
1505 2704 1546 2712 __
1915 2632 2079 2712 duum
2100 2564 2324 2712 estSam
2756 2636 2997 2712 t_uleru_ut
3020 2655 3114 2693 vu.
3136 2653 3359 2712 sportas

1043 2705 1134 2787 58.
1169 2712 1250 2759 tas
1270 2706 1480 2787 plenas.
1503 2704 1635 2761 Era.
1672 2746 1684 2759 .

1045 2782 1245 2847 autem,
1273 2782 1362 2847 qui
1388 2792 1546 2832 man—

1045 2845 1401 2917 ducaverunt,

633 2962 873 3022 CODBX
901 2961 1377 3021 CORBEIENSIS.

211 3057 367 3113 sisset
396 3057 522 3114 inde
578 3057 760 3123 Iesus,
811 3056 963 3111 venit
1014 3069 1171 3109 secus
1204 3070 1379 3118 mare,
1410 3053 1685 3111 Galilaeae
1713 3072 1725 3110 :
1758 3062 1816 3110 et

217 2714 265 2758 et
289 2704 559 2787 dimittere

215 2790 399 2847 eosic.
433 2817 449 2832 .
483 2814 501 2831 .
534 2792 635 2833 nos

215 2848 351 2916 uolo,
383 2863 451 2904 ne
478 2848 615 2906 deli-

1916 2705 2059 2776 quod
2084 2704 2127 2777 1-
2159 2704 2508 2791 perseverant
2757 2708 2847 2790 58ς
2891 2710 3096 2791 plenas.
3127 2704 3299 2768 Erant

1920 2791 2150 2849 mecum,
2181 2788 2234 2834 et
2265 2796 2373 2836 non
2759 2788 2903 2833 enim
2929 2823 2943 2847 ,
2976 2788 3065 2849 qui
3099 2799 3249 2839 man—

1920 2847 2123 2903 habent
2142 2866 2319 2906 escam
2346 2870 2359 2906 :
2385 2864 2440 2908 et
2759 2847 3090 2907 ducaverant
3116 2894 3131 2918 ,

2385 2963 2624 3021 CODEX
2664 2962 3064 3021 BRIXIANUS.
3436 3050 3439 3053 ν

1919 3056 2082 3110 sisset
2120 3056 2248 3110 inde
2289 3056 2449 3112 Jesus
2481 3059 2630 3113 venit
2669 3057 2863 3112 iterum
2902 3056 3053 3126 juxta
3081 3072 3232 3113 mare
3256 3055 3518 3114 Galileae.

207 3130 544 3185 adscendens
564 3129 618 3184 in
634 3134 899 3191 montem,
929 3126 1157 3183 sedebat
1176 3126 1270 3180 ibi.
1296 3135 1322 3161 εί
1336 3127 1402 3181 Ει
1416 3128 1431 3157 ³
1452 3127 1815 3181 ascenderunt

207 3200 276 3253 ad
292 3215 419 3256 eum
447 3200 643 3256 turbae
681 3201 909 3264 multae,
937 3197 1199 3252 habentes
1230 3212 1416 3251 secum
1445 3198 1661 3263 surdos,
1691 3212 1815 3253 cae-

204 3286 323 3336 eos,
350 3273 600 3339 claudos,
628 3286 876 3335 mancos,
905 3270 1413 3332 debiles,ctmultos
1437 3268 1577 3323 alios
1595 3278 1772 3323 mutos
1796 3285 1811 3325 :

201 3353 257 3398 et
285 3345 707 3399 substravcrunt
759 3358 857 3399 eos
907 3351 1034 3396 ante
1082 3341 1251 3412 pedes
1290 3340 1439 3411 ejus,
1471 3349 1527 3395 et
1552 3342 1763 3396 curavit
1792 3341 1814 3372 ³

202 3418 525 3473 comitant
555 3415 747 3470 turbae
799 3411 1147 3479 mirarentur,
1197 3411 1443 3467 videntes
1498 3421 1678 3466 mutos
1736 3412 1817 3466 lo-

200 3497 463 3555 quentes,
511 3484 743 3542 claudos
787 3484 1150 3555 ambulantes,
1198 3498 1394 3538 caecos
1436 3483 1720 3539 videntes:
1767 3492 1823 3538 et

201 3554 631 3624 magniﬁcabant
655 3559 820 3613 Deum
844 3554 1035 3612 Israel.

276 3629 421 3686 XVI.
462 3630 629 3687 Jesus
656 3640 859 3690 autem,
899 3626 1215 3684 convocatis
1256 3625 1537 3695 discipulis
1567 3628 1706 3690 suis,
1737 3624 1821 3679 di-

199 3701 281 3756 xit
310 3719 325 3754 :
362 3702 387 3734 ³
415 3703 683 3759 Misereor
729 3701 853 3755 huic
881 3699 1092 3755 turbae.
1133 3698 1386 3769 quoniam
1416 3699 1547 3768 jam,
1581 3696 1819 3769 triduum

197 3784 280 3826 est
303 3774 459 3844 quod
486 3772 788 3828 adhaerent
818 3770 970 3837 mihi,
996 3784 1047 3826 et
1069 3767 1175 3844 non
1209 3769 1410 3844 habent
1440 3769 1588 3844 quod
1613 3767 1816 3844 edant;

1920 3137 1975 3182 et
2003 3127 2309 3183 ascendens
2338 3127 2390 3181 in
2411 3138 2672 3183 montem.
2707 3127 2930 3183 sedebat
2959 3127 3052 3182 ibi.
3088 3132 3151 3182 lit
3176 3140 3526 3184 accesserunt

1920 3197 1986 3252 ad
2024 3214 2148 3254 eum
2179 3199 2366 3253 turbae
2395 3200 2595 3253 multae
2638 3199 2901 3254 habentes
2924 3214 3128 3254 secum.
3158 3200 3367 3255 clodos.
3398 3214 3523 3256 cae-

1919 3284 2034 3325 cos.
2056 3276 2259 3324 mutos.
2283 3270 2511 3325 debiles.
2550 3279 2605 3324 et
2656 3270 2793 3324 alios
2839 3271 3057 3325 mullos.
3091 3281 3147 3326 et
3181 3272 3527 3341 proiecerunt

1921 3356 2021 3397 eos
2061 3351 2190 3396 ante
2222 3344 2385 3411 pedes
2413 3341 2563 3396 Jesu.
2593 3351 2649 3396 et
2695 3343 2904 3396 curavit
2958 3357 3075 3396 eos.
3121 3344 3191 3397 ita
3238 3353 3299 3396 ut
3338 3342 3527 3398 turbae

1923 3415 2276 3467 mirarentur.
2303 3412 2548 3467 videntes
2574 3422 2751 3467 mutos
2779 3412 3306 3477 loquetttes.debiles
3337 3427 3525 3469 sanos.

1921 3495 1976 3539 et
2014 3484 2199 3539 clodos
2239 3484 2596 3540 ambulantes.
2647 3493 2702 3539 et
2739 3499 2931 3539 caecos
2986 3484 3256 3541 videntes.
3307 3496 3364 3542 et
3410 3500 3528 3540 ma-

1922 3556 2249 3626 gtiiﬁcabant
2294 3558 2480 3617 Deum,
2531 3554 2605 3611 Sil
2642 3566 2663 3594 ο
2713 3555 2882 3611 rahel.
2916 3556 3078 3612 Iesus
3105 3567 3285 3612 autem
3328 3570 3528 3611 convo-

1921 3627 2057 3682 catis
2080 3626 2357 3696 discipulis
2387 3627 2520 3681 suis.
2555 3627 2691 3681 dixit
2717 3626 2976 3683 Misereor
3013 3629 3184 3684 turbae
3238 3628 3359 3682 huic
3398 3628 3528 3698 quia

1917 3698 2028 3765 jam
2076 3710 2187 3753 tres
2231 3698 2349 3753 dies
2385 3708 2512 3752 sunt
2540 3699 2681 3768 quod
2726 3710 3302 3769 perseverantmecum
3332 3708 3387 3755 et
3419 3714 3529 3755 non

1923 3770 2274 3840 habentquod
2304 3769 2647 3840 manducent.
2664 3778 2720 3825 et
2740 3772 3012 3826 dimittere
3030 3786 3124 3825 eos
3138 3771 3352 3840 jejunus
3376 3769 3527 3825 nolo.

196 3854 253 3899 et
278 3838 572 3903 dimittere
614 3859 713 3899 eos
748 3844 965 3912 jejunus
996 3843 1145 3908 uolo,
1202 3858 1269 3896 ne
1296 3841 1550 3898 deliciant
1578 3841 1630 3894 in
1659 3841 1765 3893 via.
1800 3838 1822 3870 ⁸
1925 3855 1995 3895 ne
2041 3839 2181 3895 forte
2214 3841 2470 3896 deliciam
2494 3842 2548 3894 in
2577 3839 2659 3894 via
2689 3840 3025 3896 Etdixeruut
3052 3843 3100 3896 ei
3131 3838 3379 3910 discipuli
3410 3842 3530 3909 ejus

198 3915 478 3972 Dixerunt
509 3915 586 3970 illi
609 3914 906 3984 discipuli:
954 3915 1095 3968 unde.
1131 3927 1260 3983 ergo
1310 3913 1331 3943 "
1369 3912 1523 3984 nobis
1570 3925 1739 3984 panes
1770 3912 1821 3963 iu
1928 3912 2070 3984 unde
2111 3913 2267 3965 nobis
2316 3914 2368 3966 in
2409 3914 2628 3967 deserto
2683 3926 2851 3984 panes
2902 3920 3103 3984 tantos.
3132 3922 3191 3967 ut
3218 3920 3530 3984 saturentur

197 3988 459 4056 deserto,
509 3998 569 4041 ut
606 3980 918 4041 saturentur
946 3980 1279 4056 turbae‘Mit
1304 3984 1412 4038 illis
1439 3983 1600 4038 Iesus
1626 3999 1656 4056 ε
1684 3981 1828 4049 Quot
1932 3983 2121 4038 turbae
2147 3993 2344 4056 tantae.
2373 3983 2440 4038 Et
2468 3985 2541 4036 ait
2572 3984 2678 4056 illis
2704 3981 2880 4038 Jesus.
2908 3980 2934 4018 ἀ
2958 3984 3110 4051 Quod
3150 3999 3315 4054 panes
3336 4055 3339 4056 ν
3364 3983 3531 4056 habe-

199 4074 385 4127 μορε
428 4046 679 4115 habetis?
702 4057 726 4088 ⁸
754 4056 1208 4128 Responderunt:
1260 4055 1502 4125 Septem,
1538 4066 1590 4108 et
1635 4046 1827 4128 t{duos
1929 4056 2017 4108 tis.
2055 4059 2125 4107 At
2158 4056 2235 4128 illi
2260 4054 2518 4128 dixerunt
2568 4053 2787 4128 Septem
2814 4064 2870 4108 et
2899 4046 3099 4123 paucos
3123 4046 3432 4128 pisciculos.
3461 4052 3533 4128 Et

202 4124 501 4199 piscesJit
530 4132 803 4198 praecepit
826 4124 1053 4199 turbae"
1076 4141 1235 4196 supra
1262 4138 1458 4199 terram
1483 4124 1825 4199 recumbere.
1931 4125 2213 4199 praecepit
2262 4127 2432 4179 turbis
2462 4125 2997 4199 discumberesuper
3026 4137 3245 4199 terram.
3297 4124 3365 4178 Et
3387 4125 3533 4199 acci-

207 4192 275 4256 Et
324 4192 579 4272 acceptis
620 4192 830 4272 septem
879 4198 1105 4272 panibus
1135 4192 1158 4263 ,’
1191 4211 1249 4272 et
1296 4197 1507 4252 duobus
1547 4195 1824 4272 piscibus,
1932 4192 2262 4272 piensJesus
2289 4210 2496 4272 septem
2517 4205 2762 4272 panes.et
2780 4192 2975 4272 pisces.
3001 4197 3202 4272 gratias
3219 4192 3531 4272 agens:fr_e-

211 4276 423 4338 gratias
458 4265 652 4342 agens,
681 4265 946 4342 lregitfet
974 4270 1123 4325 dedit
1151 4269 1452 4339 discipulis,
1496 4279 1551 4321 et
1578 4267 1828 4342 discipuli
1935 4265 2012 4339 git
2035 4279 2089 4322 et
2119 4268 2269 4342 dedit
2315 4268 2755 4342 discipulissuis.
2784 4265 2789 4266 “
2819 4265 3065 4338 discipuli
3098 4276 3299 4322 autem.
3364 4265 3533 4342 dede-3
3612 4267 3619 4275 ’

218 4337 417 4399 itu-bis.
462 4337 533 4401 Et
573 4337 1379 4409 maudu'caveruntomnes,’et
1425 4341 1648 4393 saturati
1678 4348 1825 4392 sunt.
1937 4337 2063 4395 runt
2095 4340 2287 4394 turbis.
2336 4340 2405 4395 Et
2449 4337 2910 4395 inauducaveruut
2949 4337 3161 4394 Omnes.
3208 4347 3263 4393 ct
3305 4337 3534 4392 saturati

225 4412 292 4469 Et
315 4416 707 4473 sitstulerunt‘i
728 4414 869 4483 quod
897 4412 1170 4482 superavit
1195 4423 1402 4480 septem
1444 4422 1656 4481 spot-tas
1672 4410 1828 4481 paui-
1938 4421 2082 4467 sunt.
2115 4413 2180 4465 Et
2226 4414 2559 4466 sustulerunt
2593 4411 2841 4482 reliquias
2867 4410 3291 4481 fragtiientorum
3323 4419 3533 4481 septem

229 4482 328 4545 bis
343 4489 558 4557 plenas.
579 4486 651 4544 Et
670 4487 759 4559 qui
785 4486 1269 4549 manducaveruat,
1940 4495 2155 4554 ενοι-ωε
2174 4483 2379 4553 plenas.
2406 4485 2576 4538 Erant
2588 4491 2766 4537 autem
2788 4484 2877 4553 qui
2901 4484 3355 4538 manducaverant

924 4599 1319 4659 VARIANTES
1357 4596 1742 4655 LECTIONES
1780 4598 2048 4656 CODICIS
2087 4598 2197 4656 MS.
2239 4598 2298 4655 S.
2339 4598 2852 4656 GERMANENSIS.

298 4702 317 4731 ι
350 4705 667 4753 accesserunt
705 4697 767 4749 ad
797 4710 912 4748 eum
934 4699 1108 4748 turbae
1128 4729 1144 4754 ,
1167 4694 1413 4758 habentes
1434 4707 1601 4758 secum
1624 4705 1798 4758 caecos
1816 4729 1832 4754 ,
2001 4694 2022 4758 ξ
2055 4693 2104 4742 in
2124 4693 2325 4758 deserto
2349 4705 2499 4758 panes
2517 4698 2675 4744 tantos

243 4761 447 4823 claudos,
463 4763 679 4824 debiles,
698 4770 878 4826 mutos,
900 4766 953 4810 et
966 4760 1089 4810 alios
1104 4756 1300 4818 multos,
1318 4764 1437 4820 etc.,
1461 4765 1511 4806 ut
1527 4754 1830 4819 iitJ’ulgala.
2004 4755 2025 4786 °
2064 4757 2126 4827 Ut
2156 4754 2301 4867 Vulg.
2349 4754 2365 4758 “
2387 4819 2397 4828 ⁹
2897 4818 2906 4827 ι
3392 4817 3402 4828 ⁸

305 4827 325 4856 θ
356 4839 637 4867 mnmnps
1662 4834 1671 4839 ·
2004 4818 2024 4848 ⁷
2058 4819 2245 4867 discum
2285 4824 2650 4867 eretnlerram.
2671 4815 3274 4867 EtaccemtJesusnanes.
3295 4821 3402 4867 etut

1662 4834 1671 4839 ·
1704 4815 1723 4819 ’⁷
1979 4818 2024 4888 _"
2058 4815 2432 4888 discumberem
2449 4824 2650 4888 terram.
2671 4816 2734 4868 Et
2744 4818 2931 4888 accepit
2936 4815 2975 4888 Ξ
2978 4829 3093 4888 esus
3103 4828 3274 4880 panes,
3295 4821 3348 4867 et
3359 4817 3540 4881 pisces,

305 4827 325 4856 ’
356 4839 637 4877 eosomnes
1344 4868 1347 4873 .
1662 4834 1671 4839 ·
2004 4827 2022 4848 ⁷
2058 4827 2650 4868 discumbereinlerram.
2673 4827 3079 4888 istacceptuesut

308 4888 330 4918 ⁸
357 4887 593 4939 Misereor
611 4888 805 4949 turbae,
833 4888 946 4951 quia
967 4884 1183 4936 triduum
1206 4890 1284 4934 est
1301 4883 1398 4947 jam
1429 4879 1561 4945 quod
1598 4892 1835 4944 perseve-
1942 4882 2202 4953 etgratias
2225 4880 2348 4943 egit,
2377 4879 2608 4953 et‘dedit,
2633 4889 2756 4953 etc.,
2782 4888 2834 4953 _ut_
2856 4879 3079 4953 infuit).

252 4957 627 5065 νει-δῃωωὲ
793 4940 804 4949 ⁷
852 4940 865 4951 ’
1301 4940 1317 4947 ’
1448 4940 1462 4945 ’
1599 4940 1610 4944 ⁷
2003 4940 2039 4975 ί
2058 4942 2188 5006 quod
2211 4940 2463 5006 superavit
2482 4943 2568 5007 de,
2593 4940 2717 5005 etc.,
2740 4940 2791 4994 iu
2814 4941 2869 4994 in
2905 4940 3051 5007 Vulg.
3077 4953 3226 5005 usque
3249 4940 3511 5005 Magedan.

1549 5089 1916 5146 BLANCHINI
1951 5090 2182 5148 ΝΟΤᾹΞ.

321 5200 347 5237 ³
376 5178 1019 5265 Ερίιιιειοωωῖειοςυιη
1056 5187 1193 5265 ordo
1238 5201 1356 5265 non
1396 5185 1571 5265 solum
1600 5185 1846 5265 turbatus
1952 5184 2289 5244 Corheiensi.
2318 5186 2433 5265 Non
2471 5188 2647 5265 _enim_
2672 5195 2879 5265 septeni
2924 5199 3111 5254 panes,
3136 5180 3247 5238 ‘sed
3285 5180 3545 5265 nit-inque

247 5273 333 5321 at
381 5254 443 5321 in.
476 5266 681 5321 nostris
731 5277 862 5319 mss.
899 5262 1127 5326 Latinis,
1161 5258 1256 5316 sed
1288 5259 1448 5314 etiam
1488 5257 1555 5329 in
1596 5256 1848 5329 pluribus
1957 5267 2161 5313 tantum
2190 5273 2311 5314 cum
2359 5260 2570 5315 duobus
2601 5254 2838 5329 piscibus
2868 5265 3238 5312 memorantur
3284 5254 3337 5307 iu
3371 5254 3547 5307 Evan-

251 5337 648 5408 exemplaribus
688 5334 917 5401 Grtccis,
963 5348 1027 5389 ac
1068 5333 1123 5388 in
1172 5331 1427 5387 versione
1469 5327 1848 5399 Anglo-Saxo-
1952 5330 2115 5408 gelio.

251 5408 393 5463 nica.
412 5401 427 5408 ’
2031 5412 2052 5440 ο
2081 5404 2117 5456 d
2146 5402 2197 5456 in
2230 5401 2453 5458 Sdrahel
2473 5402 2661 5457 ahrasa
2692 5417 2721 5455 a
2748 5409 3079 5455 correctore.

319 5477 349 5519 ι’
376 5479 452 5535 Ex
466 5480 576 5536 alio
594 5477 878 5543 miraculo,
893 5476 1047 5548 cujus
1069 5469 1850 5548 memineruntomnesEvan-
2027 5470 2053 5509 ἀ
2081 5474 2216 5544 quod
2246 5488 2341 5544 pro
2371 5483 2492 5543 quol
2524 5474 2655 5528 vitio
2680 5473 3059 5542 exscripturis.

248 5551 478 5622 gelistte,
530 5551 617 5607 hic
663 5562 921 5605 numerus
962 5542 1189 5618 piscium
1228 5555 1312 5601 est
1352 5542 1607 5599 deﬁnitus
1654 5543 1708 5597 in
1742 5556 1843 5596 ms.

316 5666 401 5739 (ο)
449 5666 529 5723 ita
555 5677 609 5725 et
792 5660 1100 5739 Cant.__151r_6.
1125 5691 1196 5730 -τ
1222 5658 1302 5739 (_b)
1330 5657 1803 5739 Additpmnestut

1920 5658 1945 5708 ν.
1976 5652 2134 5709 Cant.
2167 5654 2382 5713 πάντας.
2415 5682 2485 5691 -—
2512 5647 2584 5722 (ε)
2626 5647 2702 5703 Ita
2732 5656 2788 5703 et
2823 5653 2999 5701 textus
3028 5641 3269 5705 Graccus,
3307 5635 3403 5696 ἤδη
3427 5635 3551 5708 ἡμέ-

241 5732 333 5823 ραέ
375 5732 515 5823 ἐρεῖς
560 5741 662 5802 εἰσι
688 5738 794 5799 καί.
815 5765 887 5777 —
913 5735 993 5806 (ά)
1043 5733 1118 5794 lta
1141 5743 1199 5790 et
1226 5732 1431 5789 Grecus
1457 5772 1473 5798 ,
1499 5732 1789 5790 ἀναπεσεῖν.
