3980 6192
516 239 619 295 247
1053 236 1331 293 EUSEBII
1372 234 1717 292 VERCELL.
1753 224 2208 286 EVANGELIUM
2237 224 2375 281 CUM
2417 221 2646 280 VARIIS
2686 219 2841 277 COD.
2882 218 3283 277 COLLATUM.
3692 219 3786 275 958

902 353 1135 410 CODEX
1177 348 1725 407 VERCELLENSIS.

515 466 615 506 nn.
647 448 791 504 milia
818 448 915 503 ho-

516 523 745 584 minum,
766 537 860 575 ex-

518 605 599 647 tra
632 607 848 663 pueros,
882 599 936 645 et

516 665 607 720 59.
631 661 902 718 inuberes.
930 661 1017 727 Et,

516 736 737 790 dimissa
769 746 879 787 tur-

517 808 606 865 ba.
630 805 875 859 ascendit

519 880 572 931 iu
607 876 946 931 naviculam:

517 960 570 1004 et
599 950 743 1003 venit
771 950 822 1001 in
849 949 908 1001 li-

510 1020 667 1075 nibus
696 1019 990 1089 Magi-dam.

688 1133 918 1189 CAPUT
960 1130 1103 1186 XVI.

513 1233 565 1285 1.
592 1230 657 1283 Et
684 1240 867 1282 acces-

513 1312 703 1356 serunt
724 1299 787 1352 ad
808 1313 929 1352 eum

508 1372 743 1428 Farisaei
775 1379 827 1424 et.
854 1368 989 1423 Sad—

511 1444 701 1498 dueaei
737 1451 907 1507 temp-

509 1525 684 1569 tantes
720 1533 731 1568 :
763 1524 816 1567 et
848 1525 1002 1582 roga-

506 1596 701 1641 verunt
729 1600 875 1644 eum,

506 1669 566 1712 ut
598 1659 808 1727 signum
831 1654 899 1707 de

507 1730 662 1784 caelo
694 1728 800 1781 illis
829 1734 1011 1779 osten-

513 1802 688 1855 deret.

510 1873 567 1927 2.
603 1870 681 1925 Ad
711 1869 826 1929 ipse
845 1882 1068 1937 respon-

514 1945 671 2006 dens,
704 1943 817 1995 ait:
847 1939 981 1995 Cum

512 2030 639 2070 sero
664 2015 858 2066 factum

517 2096 622 2149 est,
653 2084 833 2138 dicitis
858 2101 869 2135 :
900 2083 1059 2138 Sere-

519 2173 646 2212 num
677 2157 799 2216 erit,
823 2172 912 2209 ru-

518 2228 814 2283 bicundum
842 2235 927 2281 est

520 2302 664 2355 enim
690 2314 809 2352 cum
843 2314 933 2351 utt-

519 2372 679 2425 bibus
700 2370 929 2425 caelum.

517 2444 571 2497 ὖ.
606 2442 674 2496 Et
706 2457 899 2496 mane:
932 2443 1037 2498 llo-

519 2515 607 2568 die
638 2521 932 2579 tempestas

518 2587 644 2649 erit,
677 2588 800 2649 quia
830 2599 920 2637 ru-

519 2656 813 2711 bicundum
846 2668 930 2712 est

522 2731 577 2783 4.
612 2730 844 2781 caelum.
874 2729 1029 2785 Faci-

524 2816 607 2853 em
632 2799 854 2867 quidem

523 2870 661 2925 Caeli
693 2872 864 2927 nostis

524 2944 813 2997 aestimare
834 2962 845 2997 :
875 2945 983 3015 sig-

524 3028 592 3068 na
615 3023 795 3071 autem
831 3025 968 3072 tem-

1363 459 1555 513 porum
1589 456 1695 496 non
1722 452 1819 513 po-

1365 512 1517 569 testis
1540 512 1740 567 nosse?

1362 586 1653 642 Generatio
1680 597 1790 636 ma-

1359 658 1407 712 la
1440 659 1648 727 signum
1674 668 1839 718 quae—

1359 730 1460 785 rit:
1492 738 1547 783 et
1575 729 1788 797 signum

1363 817 1469 855 non
1501 800 1720 853 tlavitur

1362 871 1413 926 ei
1444 914 1457 937 ,
1490 871 1593 926 nisi
1623 870 1831 935 signum

1362 943 1514 999 Jonm
1544 942 1785 1004 Prophe-

1363 1024 1470 1069 tae.
1496 1015 1563 1068 Et
1592 1012 1794 1067 relictis

1363 1088 1415 1140 5.
1461 1086 1593 1143 illis.
1621 1084 1781 1137 abiit:
1816 1082 1877 1137 Et
1906 1096 2028 1137 cum

1360 1156 1595 1211 venisset
1622 1165 1767 1209 trans

1362 1228 1597 1292 fretum;
1628 1226 1781 1279 obliti

1361 1310 1483 1354 sunt
1512 1299 1738 1366 discipu-

1360 1372 1396 1425 li
1429 1372 1545 1439 ejus
1574 1384 1739 1437 panes

1362 1438 1633 1510 accipere.
1661 1438 1735 1510 (ὁ)

1359 1516 1412 1569 6.
1451 1508 1609 1569 Jesus
1640 1508 1820 1564 autem
1852 1509 1892 1579 δι’
1915 1508 2049 1563 dixit

1357 1586 1502 1639 illis:
1530 1582 1792 1639 Adtendi-

1359 1667 1411 1711 te
1439 1656 1589 1709 vobis
1618 1672 1646 1707 a
1683 1654 1787 1707 fer-

1355 1740 1540 1782 mento
1568 1726 1761 1780 Phari-

1356 1815 1628 1855 saeorum.
1662 1794 1733 1867 (ι’)

1359 1872 1412 1924 7.
1454 1870 1606 1925 Tunc
1703 1864 2010 1935 cogitabant

1362 1942 1499 1996 intra
1525 1957 1581 1993 se
1604 1940 1789 1993 dicen-

1363 2024 1444 2068 tes
1470 2032 1482 2066 :
1511 2012 1643 2079 Quia
1674 2024 1841 2080 panes

1362 2101 1469 2140 non
1493 2083 1705 2153 accepi-

1365 2173 1505 2211 mus.

1364 2232 1416 2283 8.
1460 2226 1662 2294 Quibus
1691 2226 1929 2291 cogitan-

1366 2300 1509 2354 tibus
1532 2342 1544 2363 ,
1575 2298 1713 2351 dixit
1745 2297 1851 2351 illis

1366 2370 1524 2426 Jesus
1550 2389 1563 2425 :
1589 2369 1727 2436 Quid
1756 2368 1897 2439 cogi-

1367 2444 1493 2497 tatis
1516 2442 1657 2495 intra
1686 2456 1782 2494 vos

1367 2514 1611 2568 modicae
1636 2512 1758 2566 lidei
1775 2556 1789 2578 ,

1367 2600 1491 2647 quia
1525 2599 1687 2649 panes
1728 2597 1835 2636 non

1368 2656 1423 2712 9.
1467 2655 1710 2709 habetis?
1738 2654 1887 2707 Non-

1368 2727 1493 2783 dum
1523 2726 1729 2781 intellee

1372 2810 2019 2867 .......n..queme-

1370 2871 1533 2926 minis
1552 2912 1565 2925 .
1586 2909 1599 2923 .
1622 2911 1633 2925 .
1658 2870 1817 2940 quin-

1369 2958 1474 3011 que
1499 2958 1692 3009 panum
1710 2984 1725 3007 ,

1370 3025 1425 3070 et
1465 3015 1701 3086 quinque

2672 336 2901 393 CODEX
2946 332 3397 391 VERONENSIS.

2225 443 2478 503 quattuor
2500 432 2599 487 mi-

2224 507 2291 561 lia
2319 506 2625 568 hominum,

2224 588 2375 633 extra
2400 592 2597 643 pueros
2612 619 2624 642 ,
2660 581 2715 628 ct

2225 649 2499 704 mulieres.

2225 720 2314 776 39.
2360 721 2423 774 Et
2451 720 2667 773 dimissa
2700 726 2812 771 tur-

2229 791 2291 846 ba
2315 834 2328 856 ,
2352 790 2593 845 ascendit
2624 790 2673 843 in

2226 864 2502 916 navicula:
2534 872 2589 917 et
2615 876 2706 915 ve-

2228 936 2305 989 nit
2335 936 2385 988 in
2421 934 2614 989 ﬁnibus

2230 1016 2384 1061 terra:
2417 1005 2695 1067 Magmlan.

2404 1075 2629 1131 CAPUT
2667 1073 2808 1133 XVI.

2228 1152 2281 1208 l.
2328 1152 2392 1205 Et
2418 1156 2763 1202 accesserunt

2228 1223 2292 1277 ad
2319 1236 2440 1275 eum
2475 1218 2767 1283 Pharisaei,

2228 1306 2282 1350 et
2311 1291 2589 1349 Sadducmi
2625 1301 2758 1345 tem-

2228 1376 2473 1435 ptantes:
2503 1372 2555 1417 et
2578 1377 2663 1416 ro-

2228 1444 2490 1507 gaverunt
2520 1449 2642 1507 eum
2664 1474 2677 1493 ,

2229 1505 2285 1561 ut
2314 1509 2523 1577 signum
2550 1505 2619 1559 de
2642 1518 2769 1577 cae—

2232 1580 2284 1633 lo
2314 1575 2625 1634 ostenderet
2663 1575 2787 1630 illis.

2265 1651 2320 1705 2.
2349 1650 2429 1705 Ad
2461 1649 2547 1701 ille
2583 1646 2920 1718 respondens
2945 1686 2958 1709 ,

2229 1724 2306 1776 ait
2330 1722 2433 1776 illis
2457 1738 2469 1772 :
2494 1719 2628 1774 Cum

2231 1808 2353 1849 sero
2378 1794 2570 1846 factum
2602 1799 2719 1854 est,

2231 1865 2410 1919 dicitis
2436 1880 2447 1915 :
2478 1862 2778 1927 Serenum,

2230 1933 2591 1991 rubicundum
2622 1941 2706 1985 est

2232 2008 2375 2061 enim
2402 2020 2523 2061 cum
2558 2004 2785 2057 nubibus

2232 2079 2286 2132 5.
2329 2079 2558 2131 caelum.
2587 2074 2774 2129 Etma-

2232 2166 2302 2205 ne
2331 2149 2539 2212 dicitis;
2578 2146 2681 2201 llo-

2232 2222 2319 2275 die
2352 2228 2642 2288 tempestas
2665 2257 2680 2283 ,

2233 2292 2588 2347 rubicundum

2233 2374 2316 2419 est
2347 2363 2489 2417 enim

2233 2450 2358 2489 cum
2386 2432 2601 2487 tristitia

2233 2508 2285 2562 4.
2329 2506 2544 2560 coelum.

2234 2583 2493 2647 pocritne.
2524 2575 2564 2647 4y
2586 2575 2658 2648 (a)
2685 2576 2792 2649 Hy-

2237 2650 2428 2704 faciem

2233 2721 2365 2776 caeli
2394 2719 2564 2775 nostis

2234 2794 2521 2846 aestimare
2553 2809 2564 2845 :
2597 2792 2747 2861 signa

2233 2874 2413 2917 autem
2446 2874 2748 2930 temporum

2236 2951 2343 2989 non
2374 2936 2600 3003 potestis

2235 3021 2568 3078 cognoscere
2595 3006 2619 3061 ?

3059 430 3347 486 Generatio
3370 425 3525 491 mala,

3060 512 3111 556 et
3134 501 3378 555 adultera

3060 572 3270 643 quaerit
3294 571 3497 641 signum
3526 588 3539 623 :

3061 654 3116 699 et
3144 647 3357 714 signum

3063 732 3168 769 non
3194 714 3411 769 dabitur

3058 788 3127 850 ei,
3161 787 3260 841 nisi
3293 785 3499 856 signum

3059 858 3226 912 Jonae
3254 857 3569 923 Prophetae.

3062 930 3131 985 Et
3152 930 3357 984 relictis
3386 928 3506 988 illis.

3062 1002 3114 1056 5.
3158 1000 3326 1054 abiit:
3359 998 3424 1053 Et
3449 1013 3563 1051 cum
3586 1014 3669 1052 ve-

3066 1073 3231 1127 nisset
3268 1081 3414 1125 trans
3445 1071 3628 1125 fretum
3652 1086 3665 1135 ;

3068 1143 3221 1199 obliti
3252 1152 3374 1195 sunt
3395 1141 3475 1195 di-

3066 1215 3255 1284 scipuli
3284 1214 3400 1281 ejus
3428 1227 3520 1284 pag

3068 1283 3161 1341 nes
3182 1286 3449 1355 accipere.
3480 1283 3556 1357 (ὁ)

3065 1358 3115 1411 6.
3157 1354 3315 1412 Jesus
3336 1354 3514 1410 autem
3536 1354 3573 1425 ᾧ

3061 1429 3198 1483 dixit
3226 1429 3333 1483 illis
3359 1469 3371 1481 .

3064 1501 3335 1558 Attendite
3361 1498 3513 1554 vobis

3063 1588 3091 1625 a
3120 1572 3388 1626 fermento

3064 1644 3506 1709 Pharisaeorum,

3064 1724 3118 1770 et
3145 1715 3602 1771 Sadducaeorum.
3630 1712 3692 1782 (ι’)

3066 1786 3117 1841 7.
3160 1786 3372 1857 Tunc?
3408 1786 3555 1857 cogi-

3066 1858 3251 1912 tabant
3284 1859 3426 1912 inter

3066 1944 3126 1983 se
3158 1930 3442 1984 dicentes:

3067 2000 3201 2069 Quia
3238 2015 3403 2071 panes

3069 2088 3176 2127 non
3208 2072 3543 2140 accepimus.

3069 2144 3123 2200 8.
3165 2144 3371 2209 Quibus
3401 2144 3549 2211 cogi-

3073 2216 3326 2277 tantibus,
3357 2212 3505 2269 dixit

3070 2287 3227 2341 Jesus
3260 2305 3271 2339 :
3304 2286 3449 2354 Quid

3071 2358 3317 2428 cogitatis
3347 2358 3494 2412 inter

3074 2447 3168 2485 vos
3198 2430 3449 2485 modicae

3075 2501 3225 2565 ﬁdei,
3249 2501 3371 2569 quia

3074 2588 3241 2643 panes
3263 2587 3366 2626 non
3390 2570 3495 2625 ha-

3076 2639 3133 2699 t).
3179 2643 3361 2699 betis?
3395 2639 3637 2697 Nondum

3078 2714 3419 2785 intellegitis,

3076 2784 3589 2858 nequemeministis

3074 2859 3141 2914 de
3166 2860 3408 2929 quinque

3074 2931 3328 3001 panibus,
3362 2937 3423 2984 et.

3074 3002 3309 3074 quinque
3331 3001 3552 3057 milibus

955 3154 1189 3211 CODEX
1226 3151 1693 3210 CORBEIENSIS.

530 3279 684 3323 erant
732 3270 845 3324 fere
897 3278 1155 3335 quattuor
1207 3270 1428 3331 millia,
1508 3267 1750 3335 exceptis
1832 3267 2017 3336 pueris
2074 3276 2129 3321 et

532 3341 873 3393 mulieribus.
935 3340 1049 3399 Et.
1104 3340 1343 3394 dimissis
1388 3340 1581 3395 turbis.
1632 3338 1875 3391 ascendit
1926 3338 1976 3391 in
2031 3352 2127 3390 na-

529 3412 761 3464 viculam
802 3428 813 3462 :
846 3420 899 3463 et
930 3413 1077 3465 venit
1107 3414 1157 3464 iu
1207 3413 1341 3464 lines
1373 3410 1652 3477 Magedan.
1692 3412 1755 3462 lit
1779 3419 2128 3463 accesserunt

530 3483 595 3535 ad
620 3497 739 3533 eum
764 3480 1037 3534 PhariSaei
1067 3492 1121 3536 et
1152 3482 1450 3537 Sitdducaci
1484 3489 1751 3535 tentantes
1778 3497 1791 3531 :
1824 3490 1876 3533 et
1896 3481 2128 3535 interro-

530 3562 798 3621 gaverunt
853 3570 974 3604 eum
1012 3553 1277 3615 dicentes,
1313 3554 1327 3583 ¹
1364 3552 1757 3606 utostenderet
1808 3552 1884 3605 eis
1914 3553 2126 3622 signum

532 3624 601 3677 de
638 3624 811 3677 coelo.
852 3623 1009 3677 Jesus
1038 3634 1215 3676 autem
1269 3622 1626 3693 respondens,
1676 3627 1749 3675 ait
1798 3624 1946 3677 illis:
1998 3627 2127 3676 tium

533 3710 659 3749 sero
702 3697 897 3747 laetum
943 3694 1125 3758 fuerit,
1155 3695 1370 3747 dicitis:
1417 3694 1680 3747 Serenum
1711 3696 1837 3759 erit,
1875 3695 2132 3748 rubicun-

531 3766 660 3820 dum
720 3766 859 3820 enim
892 3768 912 3796 ¹
943 3778 1024 3819 est
1063 3768 1292 3819 coebnn.
1322 3766 1476 3820 Mane
1519 3776 1696 3820 autem
1726 3784 1738 3817 :
1790 3767 2129 3833 Tempestas,

534 3836 893 3891 rubicundum
925 3846 1009 3891 est
1037 3853 1157 3892 cum
1192 3837 1403 3890 tristitia
1437 3840 1666 3891 coelum.
1696 3837 2019 3908 llyporritae
2052 3837 2130 3890 fa-

532 3909 670 3963 ciem
722 3908 741 3937 ³
791 3910 1004 3978 quidem
1037 3908 1174 3963 eoeli
1201 3908 1350 3961 scitis
1394 3908 1740 3963 discernere:
1774 3910 1922 3971 signa
1955 3920 2134 3963 autem

536 3990 838 4047 temporum
898 3997 1002 4033 non
1037 3981 1056 4009 "
1082 3980 1301 4049 potestis
1360 3980 1534 4033 scire?
1587 3980 1874 4035 Geueratio
1907 3980 2039 4032 mala
2066 3981 2138 4033 si-

533 4067 695 4120 gnum
744 4053 765 4082 ⁵
795 4050 1065 4105 desiderat
1105 4068 1116 4104 :
1169 4064 1222 4105 et
1269 4053 1477 4120 signum
1529 4068 1632 4105 non
1680 4051 1894 4104 dabitur
1923 4053 2005 4113 ei,
2040 4053 2138 4105 nisi

535 4123 746 4188 signum
776 4122 963 4177 Jonae.
1005 4124 1068 4177 Et
1115 4123 1318 4177 relictis
1364 4123 1504 4184 illis,
1548 4124 1674 4175 abiit
1710 4125 1730 4153 δ
1760 4124 1809 4176 in
1866 4122 2137 4190 regionem

536 4211 675 4263 quae
710 4208 854 4247 trans
881 4205 1082 4257 erat,et
1113 4196 1263 4247 obliti
1287 4205 1410 4247 sunt
1439 4195 1680 4263 diseipnti
1708 4196 1822 4261 ejus
1853 4208 2013 4261 panes
2041 4195 2142 4247 tol-

534 4265 647 4319 lere
675 4280 880 4320 secum.
920 4266 981 4319 Et
1012 4266 1148 4319 dixit
1179 4266 1243 4318 ad
1275 4280 1398 4317 eos:
1429 4265 1648 4323 Videte.
1679 4274 1735 4319 et
1773 4276 1957 4319 cavete
1981 4281 2011 4318 a
2037 4264 2142 4318 fer-

536 4348 719 4389 mento
774 4337 1227 4399 Pbarisaeorutn,
1278 4346 1333 4389 et
1383 4335 1840 4391 Sadducaeorum.
1897 4338 1914 4366 ⁷
1948 4336 2013 4388 Αι
2065 4335 2140 4390 illi

536 4408 846 4474 cogitabant
899 4410 1033 4461 intra
1089 4424 1147 4463 se
1185 4409 1427 4461 dicentes
1474 4407 1644 4462 :ldeo
1694 4408 1980 4467 hocdicit,
2016 4406 2139 4476 quia

538 4492 706 4546 panes
759 4496 861 4532 non
898 4481 1195 4533 attulimus.
1245 4482 1265 4508 ⁸
1290 4480 1407 4547 Quo
1434 4478 1648 4548 Cognito
1696 4479 1880 4537 Jesus.
1913 4478 2045 4532 dixit
2074 4478 2140 4531 ad

537 4548 691 4601 illos:
748 4550 883 4615 Quid
915 4552 1160 4620 cogitatis
1203 4551 1337 4604 intra
1393 4565 1489 4606 vos
1534 4551 1775 4604 modicae
1825 4550 1981 4616 lidi-i,
2015 4552 2136 4618 quia

536 4634 706 4701 panes
754 4636 857 4701 non
909 4621 1153 4701 habetis?
1205 4622 1451 4701 Nondum
1504 4622 1835 4701 intelligitis,
1891 4638 2065 4689 neque
2118 4624 2137 4652 θ

538 4692 593 4746 in
620 4703 797 4747 mente
844 4692 1053 4749 habetis
1102 4694 1168 4749 de
1198 4696 1435 4765 quinque
1480 4692 1739 4763 panibus,
1802 4703 1857 4749 et
1902 4698 2137 4763 quinque

2703 3146 2939 3203 CODEX
2980 3143 3377 3201 BRIXIANUS.

2232 3276 2489 3340 quattuor
2515 3266 2681 3321 millia
2711 3267 2945 3340 virorum
2975 3265 3215 3340 exceptis
3241 3264 3561 3340 mulieribus
3575 3270 3624 3316 ct
3646 3272 3809 3340 parvo-

2233 3330 2398 3393 lis.Et
2416 3340 2633 3392 dimissa
2667 3338 2819 3392 turba
2841 3337 3085 3392 ascendit
3115 3330 3169 3389 in
3205 3337 3510 3390 naviculam
3540 3344 3591 3388 et
3612 3332 3741 3386 venit
3766 3330 3807 3381 in

2235 3411 2429 3465 ﬁnibus
2461 3410 2737 3480 Magedan.
2786 3409 2850 3463 Et
2880 3410 3199 3463 accedentes
3228 3408 3293 3462 ad
3326 3424 3453 3462 eum
3486 3404 3739 3480 Pharisaei
3764 3410 3809 3480 et

2234 3472 2572 3537 Sadducaei."
2607 3490 2893 3535 temtautes
2934 3490 3266 3551 rogaverunt
3308 3495 3435 3535 eum
3460 3487 3516 3535 ut
3540 3478 3733 3548 signum
3753 3472 3810 3526 de

2234 3554 2375 3608 caelo
2403 3554 2717 3608 ostenderet
2744 3554 2871 3607 illis.

2308 3627 2377 3678 At
2410 3626 2499 3679 ille
2527 3624 2857 3693 rcspondens
2883 3623 2957 3677 ait
2987 3623 3111 3677 illis.
3145 3624 3311 3678 Facto
3366 3614 3813 3693 vespere._dicitis

2235 3697 2498 3751 Serenum
2530 3690 2654 3750 erit.
2707 3697 3065 3750 rubicundum
3099 3706 3181 3749 est
3204 3696 3350 3749 enim
3382 3690 3599 3750 cmlum.
3629 3690 3687 3743 Et
3715 3702 3813 3741 ma-

2240 3784 2307 3850 n'e
2336 3769 2494 3850 bottie
2525 3777 2841 3850 tempestas.
2889 3768 3086 3850 rutilat.
3125 3769 3284 3850 enim.
3316 3767 3470 3821 triste
3500 3764 3721 3847 cerhtm._
3745 3758 3810 3824 (η)

2240 3838 2531 3898 Ynncritae
2557 3831 2747 3892 faciem
2779 3853 2908 3907 ergo
2955 3838 3089 3891 caeli
3121 3838 3419 3907 diiudicare
3471 3836 3653 3891 nOStis.
3684 3831 3813 3898 signa

2242 3922 2418 3963 autem
2455 3922 2753 3979 temporum
2787 3925 2893 3963 non
2928 3911 3173 3978 potestis.

2322 3971 2613 4037 Generatio
2638 3982 2795 4034 mala.
2828 3991 2881 4035 et
2904 3971 3166 4035 adultera.
3217 3983 3429 4050 signum
3459 3971 3815 4050 quaeritet-si-

2245 4068 2407 4121 gnum
2440 4070 2543 4105 non
2576 4054 2789 4107 dabitur
2813 4062 2836 4087 ει
2867 4054 2964 4105 eis.
3000 4052 3101 4123 nisi
3124 4045 3333 4123 signum
3382 4045 3553 4105 .lonae
3603 4045 3815 4123 limpqu

2246 4113 2349 4178 tae.
2380 4127 2441 4179 Et
2472 4125 2675 4178 relictis
2708 4124 2817 4177 illis
2847 4124 2999 4178 abiit.
3031 4122 3097 4177 Et
3122 4113 3243 4178 etim
3272 4123 3549 4178 venissent
3586 4113 3814 4185 discipuli

2247 4196 2363 4261 ejus
2418 4206 2564 4249 trans
2620 4196 2813 4249 l‘retttut
2872 4195 3022 4248 obliti
3071 4208 3194 4249 sunt
3244 4210 3410 4264 panes
3460 4186 3814 4264 accipere._(b)

2244 4258 2403 4321 Jesus
2431 4278 2607 4320 autem
2632 4267 2672 4337 οξ·
2696 4267 2827 4319 dixit
2857 4266 2981 4319 illis.
3017 4264 3211 4320 Videte
3234 4258 3285 4319 et
3316 4275 3503 4320 cavete
3552 4258 3643 4337 vos
3666 4278 3691 4312 a
3721 4258 3815 4311 fer-

2249 4352 2431 4392 msnto
2488 4333 2900 4392 Pharisaeorum
2948 4349 2999 4391 et
3044 4338 3505 4392 Satldtlcaeorllltl.
3549 4333 3624 4387 Illi
3655 4338 3816 4384 autem

2245 4412 2551 4477 cogitabant
2579 4410 2715 4463 intra
2748 4424 2805 4462 se
2832 4408 3101 4464 dicentes.
3130 4409 3263 4477 Quia
3297 4424 3463 4478 panes
3497 4423 3598 4460 non
3629 4399 3820 4478 accepi-

2246 4474 2381 4535 mus.
2414 4483 2602 4537 δοίειιις
2634 4492 2810 4534 autem
2834 4479 2992 4535 Jesus
3024 4474 3184 4535 dixit.
3235 4474 3370 4548 Quid
3418 4478 3660 4548 cogitatis
3696 4474 3820 4548 inter

2244 4568 2339 4606 vos
2368 4552 2608 4606 modicae
2638 4551 2758 4605 lidei
2790 4553 2912 4622 quia
2939 4566 3104 4620 panes
3128 4542 3565 4622 non'aeccpist‘is.
3594 4542 3819 4622 Nondum

2239 4625 2556 4695 intellegitis
2584 4639 2758 4694 neque
2778 4615 3137 4680 recordamini
3166 4615 3408 4696 quinque
3422 4636 3585 4693 panes
3616 4620 3666 4673 in
3680 4615 3822 4688 quin-

2240 4712 2345 4767 que

1211 4856 1597 4911 VABIANTES
1635 4855 2025 4912 LECTIONES
2062 4853 2329 4911 CODlClS
2367 4853 2475 4910 MS.
2516 4852 2573 4909 S.
2615 4848 3119 4908 GERMANENSIS.

605 5000 619 5030 ¹
659 5006 708 5047 ut
730 4998 922 5059 signum
947 4996 1011 5045 de
1035 4995 1175 5059 coelo
1202 4994 1297 5059 illi_s
1314 4994 1618 5044 ostenderet.
1646 4995 1707 5043 At
1727 4994 1810 5043 ille

603 5064 624 5093 ³
659 5056 1001 5109 οιιηιῖιυῠὶῠιις
1021 5057 1230 5107 coelum.
1254 5056 1317 5106 Et
1338 5069 1482 5106 mane

603 5124 626 5156 ³
661 5135 781 5185 ergo
806 5122 1104 5185 coeliqnostis
1127 5122 1389 5169 aestimare

603 5186 624 5216 ⁸
664 5183 870 5247 potestis
895 5200 905 5234 :
925 5183 1189 5234 Generatio

603 5250 624 5280 ⁵
658 5250 855 5310 quaerit

611 5311 631 5341 ⁸
663 5306 725 5361 Et
747 5323 853 5359 cum
880 5310 1133 5360 venissent
1173 5314 1304 5359 trans
1342 5308 1545 5369 fretum;
1587 5309 1726 5359 obliti
1766 5314 1879 5358 sunt
1914 5306 2136 5367 discipuli

2248 4997 2357 5068 ejus
2381 5006 2533 5057 panes
2554 4995 2800 5056 accipere.
2830 4992 2975 5043 Jesus
2995 4997 3159 5041 autem
3180 4990 3303 5039 dixit
3330 4986 3456 5037 illis:
3484 4984 3731 5036 Attendite
3753 4991 3822 5031 vo-

2248 5058 2327 5149 bl:
2361 5117 2497 5167 'l‘unc
2524 5118 2590 5168 illi
2614 5119 2892 5182 cogitabant
2912 5119 3039 5182 inter
3063 5130 3141 5182 se,
3164 5124 3280 5182 etc,
3306 5118 3357 5182 ut
3376 5110 3442 5182 in
3458 5109 3605 5182 V_ulg.

2307 5182 2327 5212 ⁸
2364 5182 2551 5241 Quibus
2569 5176 2897 5244 cogtiantibus
2918 5180 3043 5230 dixit
3068 5195 3077 5229 :
3101 5176 3225 5244 Quid
3251 5176 3472 5237 cogitatis
3496 5176 3632 5242 inter
3650 5182 3729 5244 vos

2308 5247 2327 5275 ε
2365 5224 2895 5307 ἦιξιῆἶιῖίξιῖξεῇίῂὶῌιῖἑ
2915 5224 3375 5306 ostendisse,
3403 5224 3525 5299 ac,
3546 5244 3596 5286 iu
3615 5231 3663 5283 iu
3690 5224 3819 5293 Vulg.

2245 5319 2395 5372 usque
2417 5306 2833 5357 Sadducaeorutn’.

1860 5410 2226 5470 BLANCHINI
2263 5412 2495 5471 NOTAE.

615 5548 637 5574 ⁸
676 5537 731 5593 Is
760 5538 810 5593 in
844 5539 918 5592 eis
947 5537 1140 5592 abrasa
1164 5528 1266 5591 est.

627 5678 705 5747 (a)
748 5676 973 5731 Additur
1029 5676 1356 5747 Hypocrilm,
1402 5674 1561 5729 etiam
1590 5672 1641 5727 in
1675 5680 1823 5727 texltt
1853 5671 2043 5728 Grtrco
2070 5672 2134 5727 ὑπ

2252 5673 2358 5727 ταί.
2389 5669 2549 5741 —(b)
2580 5669 2655 5725 Ita
2678 5676 2730 5724 et
2762 5676 2939 5723 textus
2961 5664 3181 5721 Grtecus
3210 5662 3235 5718 ὁ
3265 5662 3317 5717 δέ
3338 5660 3547 5719 Ἰησοῦς.
3579 5652 3732 5725 -—(c)
3759 5651 3822 5706 Ita

544 5761 598 5803 et
622 5752 774 5802 Cant.
804 5748 900 5803 [.at
929 5758 983 5802 et
1010 5750 1103 5801 (ἓν.
1136 5750 1272 5801 τότε.
