3980 6192
8 5691 14 5770 ἱ

201 235 307 296 219

577 355 808 416 CODEX
852 355 1396 415 VERCELLENSIS.

201 454 405 509 milium
427 451 600 506 homi-
1037 455 1123 525 ﬂ.
1167 453 1248 508 Ad
1279 452 1358 508 illi
1393 451 1690 525 dixerunt:
1721 450 1792 525 (e)

201 542 328 581 num
359 567 371 590 ,
399 534 451 580 et
471 525 610 595 quod
1035 524 1336 581 Johannem
1355 525 1394 596 οἵ
1424 523 1562 595 Bap-

196 597 457 668 cophinos
485 613 670 668 snmp.
1035 597 1211 655 tistam
1239 614 1254 659 ;
1285 597 1376 651 alii
1398 611 1495 668 ιιιιέ

196 666 282 724 1οζ
325 667 505 722 sistis?
533 685 715 739 neque
1035 679 1140 724 tem
1174 668 1385 733 llelian,
1413 666 1501 722 alii

191 750 395 811 septem
430 755 625 806 panum
644 787 662 811 ,
1031 756 1160 797 vero
1187 739 1417 796 Jeremi-

191 823 247 868 et
284 828 431 867 ιιιι.
463 811 610 867 milia
639 816 741 872 ho-
1031 826 1122 877 an,
1155 821 1247 867 aut
1269 828 1434 868 unum

189 885 392 939 minum
411 927 426 949 ,
458 894 514 938 et
1031 899 1094 940 ex
1124 887 1426 954 prOpbetis.

187 956 328 1026 quod
355 967 570 1022 Sportas
1031 951 1136 1012 15(
1163 951 1300 1012 Dicit
1329 956 1436 1011 illis
1466 972 1480 1008 :
1511 951 1619 1008 Vos
1662 965 1758 1010 au-

189 1031 277 1082 11.
321 1029 626 1101 sumsistis?
657 1032 800 1101 Qua-
1031 1038 1136 1101 teni
1169 1044 1329 1101 quem
1359 1042 1445 1083 me
1508 1098 1524 1101 _
1553 1095 1587 1101 _
1692 1039 1706 1045 ‘

187 1113 247 1154 re
277 1113 384 1152 non
413 1098 572 1153 intel-
666 1095 703 1101 ⁷
1031 1099 1118 1154 16.
1159 1100 1337 1154 dicitis
1360 1113 1481 1155 esse
1505 1098 1528 1151 ?
1553 1095 1687 1153 Res-

182 1171 363 1242 legitis
385 1213 400 1235 ,
426 1171 543 1240 quia
572 1192 682 1231 non
1031 1173 1272 1238 pondens
1297 1171 1482 1228 Sitnott

182 1243 265 1320 de
284 1257 420 1320 pane
446 1243 518 1313 (ὁ)
547 1246 655 1320 dixi
687 1248 761 1320 ’ξας

181 1313 474 1370 Adtendite
500 1331 528 1369 a
559 1318 668 1375 fer-

180 1395 370 1441 mento
395 1386 584 1444 Phari-

179 1473 430 1513 saeorum
455 1503 468 1523 ,
501 1471 554 1516 et
581 1462 689 1519 Sad
703 1495 719 1504 ο

178 1530 501 1586 ducaeorum
523 1533 548 1586 ἒ)

180 1600 268 1656 12.
312 1603 465 1660 ’l‘unc
488 1604 701 1685 intelle-

180 1685 374 1728 xerunt
392 1717 408 1738 ,
439 1691 562 1744 quia

177 1759 285 1820 non
322 1747 393 1818 (ε)
425 1746 556 1802 dixit
584 1749 628 1820 ’ξ-
658 1750 720 1804 il-

179 1816 244 1870 lis
275 1816 339 1872 ut
359 1820 591 1876 abstine-

179 1890 673 1948 rentf........

1026 1243 1218 1299 Petrus
1240 1243 1373 1298 dixit
1397 1259 1416 1297 :

1025 1315 1104 1370 Τιι
1133 1331 1192 1370 es
1217 1314 1487 1382 Christus,
1511 1313 1684 1369 Filius

1025 1387 1122 1442 Dei
1151 1387 1281 1444 vivi.

1022 1459 1110 1514 17.
1151 1458 1510 1527 ReSpondeus
1539 1457 1554 1468 ’

1021 1529 1202 1596 Jesus,
1230 1532 1365 1587 dixit
1387 1532 1497 1587 illi:

1022 1602 1217 1657 Beatus
1254 1618 1314 1658 es
1344 1604 1530 1658 Simon

1019 1673 1288 1729 Bar-Jona
1321 1693 1333 1727 :
1365 1675 1488 1746 quia

1019 1761 1145 1800 caro
1173 1755 1226 1802 et
1246 1761 1373 1801 san-

1017 1819 1137 1887 guis
1165 1835 1268 1873 non
1291 1833 1372 1874 re-

1016 1891 1218 1945 velavit
1265 1889 1354 1944 tibi
1379 1932 1394 1955 ,

180 1969 366 2015 mento
392 2004 406 2025 ,
436 1963 526 2017 sed
1015 1961 1108 2015 sed
1142 1961 1300 2016 Pater
1327 1969 1448 2017 me-“

178 2044 205 2082 a
234 2032 482 2087 doctrina
511 2035 649 2090 Pha-
1015 2047 1098 2096 us,
1129 2035 1218 2096 qui
1251 2043 1333 2088 est
1366 2034 1416 2087 in
1448 2036 1630 2091 caelis.

176 2103 504 2176 risaeorum,
1017 2105 1106 2176 18.
1149 2103 1264 2176 Ego
1286 2105 1427 2159 enim
1472 2106 1567 2162 tibi

177 2175 541 2233 adtenderent
1017 2175 1160 2245 dico,
1199 2175 1454 2244 quoniam

177 2246 304 2301 sibi.
1015 2256 1068 2301 tu
1098 2263 1159 2302 es
1191 2249 1407 2310 Petrus,
1438 2259 1489 2303 et.

1012 2335 1179 2390 super
1208 2321 1346 2374 hanc
1375 2335 1466 2387 pe-

1013 2401 1152 2447 tram
1180 2390 1368 2446 aedili-

1013 2463 1152 2518 caho
1182 2462 1419 2517 Ecclesi-

1010 2551 1096 2589 am
1133 2550 1328 2598 meam,
1361 2545 1416 2589 et

1011 2617 1197 2676 portae
1226 2607 1389 2661 inter-

1011 2680 1063 2733 ni
1095 2694 1200 2734 non
1231 2678 1442 2733 vincent
1629 2715 1635 2726 -

1012 2751 1098 2806 19.
1139 2767 1280 2806 eam.
1307 2749 1374 2806 Et
1398 2749 1538 2806 dabo

1013 2824 1104 2878 libi
1128 2823 1306 2877 claves
1339 2837 1460 2894 reg-

178 2318 268 2373 13.
314 2318 466 2374 Venit
486 2334 667 2379 autem

175 2387 332 2445 Iesus
362 2391 414 2445 in
447 2405 652 2462 partem

175 2464 468 2521 Caesareae

175 2531 427 2604 Philippi.
455 2546 510 2592 et
541 2537 622 2593 in-

175 2608 479 2676 terrogabat

172 2676 464 2745 discipulos
487 2697 583 2736 su-

168 2762 254 2811 os,
289 2751 514 2828 dicens;
543 2758 714 2822 Quem
748 2754 832 2828 (ά)

169 2836 259 2876 me
291 2822 329 2893 ’ζ’
359 2823 608 2880 homines

166 2893 351 2948 dicunt
375 2911 514 2959 esse.
545 2897 636 2952 Fi-
1007 2895 1061 2949 ni
1091 2895 1390 2958 caelorum.

166 2963 298 3020 lium
330 2965 560 3025 hominis
587 2973 612 3024 ζ’
1010 2967 1076 3022 Et
1106 2965 1406 3036 quodcum-

589 3059 833 3116 CODEX
868 3056 1336 3115 CORBEIENSIS.

163 3154 332 3208 millia
364 3155 643 3210 hominum
670 3198 683 3220 ,
713 3164 847 3227 quot
899 3153 1524 3227 cophinossustttlistis?
1551 3163 1601 3208 et
1623 3168 1749 3221 sep-

162 3235 269 3280 ιεςιι
319 3243 486 3297 panes
539 3229 591 3282 in
647 3226 904 3297 quattuor
954 3227 1122 3282 millia
1173 3226 1481 3285 hominum.
1530 3236 1584 3280 et
1635 3235 1762 3294 quot

161 3310 374 3368 sportas
430 3299 716 3354 tuleritis?
765 3298 1051 3367 Quomodo
1105 3313 1210 3351 non
1261 3298 1593 3369 intelligitis,
1624 3297 1760 3369 quia

162 3385 265 3422 noti
314 3373 385 3424 de
423 3385 560 3440 pane
609 3371 717 3424 dixi
765 3371 955 3424 vobis:
1005 3369 1208 3424 Cavete
1252 3384 1281 3423 a
1332 3368 1762 3424 fertiientoPlta-

159 3444 486 3505 risaeorum,
550 3451 604 3496 et
653 3441 1308 3497 SadducaeorunﬂTnnc
1340 3441 1756 3502 intellexerunt,

157 3515 275 3582 quia
309 3531 420 3567 non
464 3513 603 3566 dixit
670 3513 775 3570 illis
806 3522 863 3567 ut
885 3514 1217 3568 abstinerent
1267 3528 1294 3565 a
1327 3514 1591 3568 fermento
1622 3510 1761 3565 Pha-

159 3584 1062 3646 risaeorum,etSadducaeorum.
1122 3585 1215 3638 sed
1273 3584 1577 3639 atloctrina
1634 3584 1758 3637 illo-

153 3671 293 3711 rum.
356 3659 371 3687 ¹
433 3657 502 3710 Et
577 3672 696 3710 cum
749 3655 984 3710 venisset
1025 3655 1186 3711 Jesus
1235 3657 1286 3709 in
1321 3655 1594 3725 regionem
1627 3653 1763 3709 Cae-

149 3743 346 3784 sareae
425 3728 699 3798 Philippi,
773 3729 1140 3797 interrogabat
1217 3727 1514 3796 discipulos
1587 3741 1760 3798 suos,

147 3800 341 3855 dicens
419 3817 432 3852 :
487 3800 509 3830 ’
559 3811 578 3835 ε
631 3797 801 3867 Quem
852 3815 936 3852 me
990 3800 1174 3852 dicunt
1259 3814 1381 3853 esse
1469 3797 1712 3852 homian
1745 3839 1759 3864 ,

142 3871 348 3927 Filium
417 3871 695 3926 hominis?
744 3872 813 3926 At
863 3871 936 3924 illi
967 3870 988 3900 ³
1042 3871 1440 3939 responderunt
1479 3869 1760 3924 dicentes:

139 3944 461 3998 Johannem
498 3941 830 4010 Baptistam;
882 3942 972 3996 alii
999 3951 1175 3995 autem
1231 3941 1456 4002 llrliam,
1507 3942 1596 3993 alii
1631 3954 1762 3995 vero

142 4014 518 4077 Hieremiam,
547 4027 634 4068 aut
669 4030 832 4068 unum
861 4030 923 4067 ex
961 4013 1258 4081 prophetis.
1287 4013 1305 4042 "
1337 4019 1400 4065 At
1422 4013 1510 4067 ille
1533 4012 1607 4065 ait.
1630 4011 1756 4066 illis:

137 4088 259 4141 Vos
290 4101 429 4141 vero
457 4100 615 4151 quem
645 4104 728 4139 tne
752 4100 872 4139 esse
903 4084 1081 4137 dicitis
1111 4086 1135 4136 ἲ
1182 4084 1538 4152 Respondeas
1570 4083 1756 4137 Simon

139 4161 349 4214 Petrus
409 4156 549 4210 dixit
588 4157 652 4210 ad
701 4173 861 4211 eum:
906 4155 983 4210 Tu
1036 4171 1096 4211 es
1123 4154 1393 4219 Christus,
1448 4153 1612 4208 Filius
1662 4154 1757 4209 Dei

142 4231 278 4286 vivi.
315 4229 390 4284 Et
425 4227 759 4292 respondens
791 4227 970 4292 Jesus,
999 4227 1133 4280 dixit
1157 4229 1221 4279 ad
1246 4243 1366 4281 etnn
1403 4244 1416 4279 :
1474 4226 1668 4279 Beatus
1695 4242 1753 4279 es

138 4307 340 4356 Simon
375 4297 642 4354 Bar-Jona
672 4319 683 4354 :
719 4316 824 4353 non
854 4301 994 4352 enitn
1022 4313 1148 4351 caro
1177 4306 1233 4352 et
1278 4297 1499 4364 sanguis
1540 4299 1754 4351 revela-

143 4377 222 4428 vit
264 4375 393 4434 tibi,
437 4371 532 4424 sed
575 4372 731 4426 Pater
760 4385 934 4434 mens,
989 4369 1076 4438 qui
1124 4379 1209 4424 est
1240 4370 1291 4422 in
1323 4370 1508 4423 coctis.
1546 4370 1606 4423 Et
1659 4383 1759 4438 ego

141 4449 243 4500 tibi
263 4446 505 4498 ‘tlicam.
524 4442 645 4512 quia
667 4452 721 4496 tu
752 4457 812 4495 es
840 4442 1030 4496 Petrus
1057 4450 1111 4495 et
1135 4450 1158 4476 α
1179 4456 1340 4509 super
1359 4445 1514 4495 istam
1547 4451 1756 4509 petraut

145 4515 456 4572 aediﬁcabo
479 4513 780 4568 Ecclesiatn
815 4528 1014 4578 meam,
1038 4520 1092 4566 et
1123 4522 1310 4581 portae
1335 4513 1626 4566 inferorum
1652 4527 1758 4565 tton

145 4592 373 4643 vincent
401 4599 542 4640 eam.
574 4584 696 4641 Tibi
754 4585 895 4640 dabo
949 4585 1133 4638 claves
1173 4584 1322 4654 regni
1366 4585 1666 4638 coelorutn.
1694 4582 1762 4638 Et

149 4675 486 4734 quaequth-

220 4831 233 4858 ί
269 4824 666 4875 Sadducaeorum
703 4822 1021 4874 attenderem
1053 4822 1164 4872 sibi.
1199 4821 1346 4874 Venit
1373 4830 1597 4874 autem...
1637 4809 1749 4886 par-

151 4900 284 4940 tes...
313 4897 368 4939 et
393 4889 731 4950 interrogabat

217 4955 233 4984 ι
265 4954 426 5012 Quem
449 4963 528 5000 me
549 4945 720 5000 dicunt
741 4949 968 4999 homines
991 4959 1103 4999 esse
1128 4945 1301 4998 Filium
1325 4947 1572 5000 hominis?
1595 4947 1623 4988 b

1174 239 1623 298 EVANGELIU.“
1665 237 2037 296 SECUNDUM
2078 239 2509 301 MATTHEUM.

3400 251 3509 310 εει)

2329 352 2566 418 CODEX
2606 362 3064 425 VERONENSIS.

2744 460 3048 536 .lnhannem
3075 463 3117 536 ’ξ-

2745 533 3046 602 Baptistatn
3073 553 3088 602 ;

2744 605 2834 660 alii
2863 617 3042 662 autem

2744 691 2874 732 vero
2900 678 3194 746 Jeremian,

2740 758 2834 802 aut
2863 765 3028 806 unum
3055 766 3123 807 ex

2741 821 3039 890 prophetis.

2740 891 2830 947 15.
2873 891 3012 948 Dicit
3041 895 3147 952 illis

2737 961 2930 1018 Jesus:
2969 964 3074 1020 Vos
3101 983 3210 1024 an-.

2741 1043 2847 1106 tem
2871 1050 3028 1106 quem
3056 1053 3143 1093 me

2734 1104 2914 1161 dicitis
2943 1111 3108 1164 esse?

2737 1177 2825 1232 16.
2871 1177 3226 1247 ReSpnndens

2736 1248 2923 1305 Simon
2959 1250 3148 1308 Petrus

2733 1319 2914 1374 dixit:
2945 1321 3024 1377 Τιι
3049 1340 3108 1379 es

2730 1391 3000 1460 Christus,
3036 1394 3204 1453 Filius

1891 449 2204 519 hominum.
2235 463 2289 510 et

1899 525 2042 591 quod
2071 526 2342 595 cophinos

1903 597 1990 650 10.
2032 598 2386 666 sumpsistis?
2417 615 2514 656 nc-

1899 682 2004 738 quc
2033 666 2111 739 (a)
2141 680 2348 738 septem

1900 754 2068 808 panes
2093 741 2152 811 ἦ,
2177 752 2232 796 et

1898 821 2155 881 quattuor
2184 811 2330 869 milia

1897 881 2202 948 hominum,
2234 891 2290 938 et

1895 955 2038 1024 quod
2062 964 2276 1024 sportas

1897 1027 1987 1098 11.
2028 1027 2383 1098 sumpsistis?

1897 1096 2077 1165 Quare

1898 1185 2003 1224 non
2030 1169 2366 1242 intellegitis,

1895 1243 2020 1312 quia
2049 1258 2155 1296 non
2180 1244 2248 1300 de

1895 1328 2034 1390 pane
2064 1313 2145 1390 (lt)
2175 1316 2283 1371 dixi
2310 1318 2385 1390 -ίοτ

1892 1387 2176 1440 Attendite
2205 1403 2234 1442 a
2265 1387 2375 1446 fer-

1890 1468 2077 1512 mento
2096 1457 2286 1514 Phari-
2732 1463 2826 1519 Dei
2859 1464 2984 1518 rivi.

1888 1543 2164 1607 saeorum,
2193 1542 2248 1586 et
2357 1603 2373 1607 A
2726 1535 2814 1591 17.
2857 1535 3212 1607 Respondens

1885 1600 2323 1659 Saddncaeorum
2353 1603 2377 1657 ?
2725 1616 2906 1662 autem

1888 1673 1973 1728 12.
2017 1672 2167 1730 Tunc

1885 1744 2290 1814 intellexerunt,

1883 1817 2006 1894 quia
2033 1833 2135 1871 non
2165 1818 2240 1892 (ε)
2273 1820 2412 1894 dixit
2436 1821 2478 1894 ’ξ-

1883 1903 1911 1942 a
1944 1887 2232 1955 fermento,
2261 1893 2358 1948 sed

1882 1975 1912 2014 a
1945 1961 2188 2016 doctrina
2213 1963 2358 2020 Pha-

1885 2033 2209 2100 risaeorum,

1883 2103 2162 2160 attendere
2191 2105 2314 2161 sibi.

1883 2176 1970 2230 15.
2015 2175 2174 2231 Venit
2201 2187 2380 2234 autent

1881 2247 2039 2301 Jesus
2064 2246 2118 2300 in
2145 2264 2262 2318 par-

1883 2327 1988 2372 tem
2015 2318 2316 2378 Caesareae

1882 2390 2136 2458 Philippi,
2163 2403 2218 2446 et

2726 1677 2905 1744 Jesus,
2933 1679 3069 1736 dixit

2729 1752 2779 1804 ei
2807 1769 2821 1803 :
2849 1751 3045 1807 Beatus
3075 1767 3134 1807 es

2725 1820 2911 1878 Simon
2943 1822 3098 1880 Bar-J
3109 1840 3210 1880 ona
3237 1845 3251 1881 :

2723 1894 2848 1963 quia
2881 1910 3008 1950 caro
3037 1907 3091 1952 et

2719 1969 2936 2036 sanguis
2965 1983 3071 2022 non
3110 1987 3265 2029 reve-

2721 2035 2852 2091 labit
2875 2037 2996 2104 tibi,
3025 2041 3118 2095 sed

2721 2107 2884 2184 Pater
2912 2125 3086 2176 nteus,
3109 2116 3200 2184 qui

2725 2178 2778 2234 in
2810 2184 2980 2236 caelis
3000 2193 3106 2238 est.

2721 2252 2808 2324 l8.
2852 2253 2919 2307 Et
2946 2269 3048 2324 ego
3075 2256 3198 2314 dico

2719 2322 2836 2396 tibi,
2865 2322 2998 2396 quia
3027 2336 3081 2380 ttt
3113 2345 3172 2385 es

2717 2392 2930 2470 Petrus,
2953 2405 3008 2451 et
3031 2413 3200 2470 snper

1881 2461 2251 2537 interrogabat
2717 2465 2855 2520 hanc
2877 2481 3088 2537 petram
3102 2461 3265 2529 "acdi-

1879 2535 2175 2602 discipulos
2201 2551 2351 2603 suos,
2717 2535 2894 2592 ticabo
2925 2539 3229 2600 Ecclesiam

1879 2606 2068 2683 dicens
2086 2623 2134 2683 ,τ’
2310 2681 2317 2683 _
2714 2624 2911 2683 meam,
2941 2625 2995 2667 et
3019 2625 3209 2683 portae

2717 2680 2871 2736 inferi
2906 2680 3031 2738 non'
3045 2702 3267 2751 praeva-

2715 2753 2806 2808 19.
2851 2755 3038 2810 lebunt
3062 2759 3134 2812 ei.
3167 2759 3234 2815 Et

2715 2824 2812 2880 tibi
2844 2826 2986 2881 dabo
3011 2827 3222 2886 clavem

1881 2892 1968 2967 11.
2001 2892 2252 2967 hominis
2281 2897 2306 2948 7
2343 2895 2427 2952 Ad
2712 2898 2863 2967 regni
2892 2900 3186 2956 caelorum.

1882 2962 1958 3018 illi
1981 2963 2232 3020 dixerunt
2256 2985 2270 3022 :
2304 2967 2376 3040 (e)
2713 2962 3185 3042 Et'qnaecumque

2339 3057 2576 3117 CODEX
2615 3060 3011 3119 BRIXIANUS.

1868 3150 2014 3227 milia
2045 3149 2325 3206 hominum
2344 3162 2399 3207 et
2436 3164 2464 3227 °_
2490 3153 2633 3227 quod
2657 3151 2919 3220 cophinos
2948 3155 3263 3227 sustulistis.
3300 3171 3474 3227 neque

1869 3222 1945 3295 (a)
1977 3233 2184 3296 septem
2219 3239 2385 3294 panes
2438 3223 2478 3296 -ι-
2513 3222 2593 3278 in
2658 3233 2910 3292 quattuor
2964 3226 3107 3280 milia
3171 3222 3468 3284 hominum.

1865 3292 1934 3368 et'
1969 3292 2005 3368 ἀν
2044 3297 2185 3368 quiod
2221 3292 2464 3364 'Spnrtas'
2506 3295 2810 3368 sumsistis.
2863 3297 3146 3364 Quomodo
3186 3314 3314 3368 ergo
3364 3315 3471 3356 tton

1866 3367 2172 3438 intellegitis
2197 3368 2318 3438 quia
2354 3383 2458 3421 non
2487 3365 2556 3422 de
2583 3368 2809 3438 panibus
2835 3368 2942 3424 dixi
2986 3370 3158 3424 vobis.
3209 3365 3409 3426 Carete
3437 3389 3465 3426 a

1870 3437 2134 3493 fermento
2152 3439 2566 3494 Pharisaeorum
2582 3437 2628 3493 et
2660 3440 3117 3495 Saddncaeormn.
3142 3442 3292 3496 'l‘unc
3313 3442 3473 3498 intel-

1871 3509 2119 3564 lexerunt
2163 3513 2286 3581 quia
2320 3526 2424 3564 non
2471 3512 2542 3580 (ε)
2571 3511 2722 3566 dixit.
2755 3510 2796 3583 ἰ-
2827 3515 3123 3568 tavcndnm
3151 3516 3472 3570 atl'ermentn

1869 3583 2026 3651 panis
2051 3583 2190 3637 seda
2219 3583 2462 3637 doctrina
2492 3583 2901 3637 Pharisaeorum
2934 3595 2986 3639 et
3010 3585 3467 3641 Saddneaeorum.

1939 3656 2073 3708 Cutn
2131 3657 2367 3708 venisset
2413 3662 2591 3708 autem
2633 3654 2787 3709 Jesns
2847 3655 2900 3710 in
2946 3666 3127 3725 partes
3173 3657 3470 3713 Caesareae

1871 3724 2125 3797 Philippi.
2158 3736 2180 3764 θ
2206 3728 2552 3796 interrogabit
2584 3727 2877 3797 discipulos
2897 3724 3025 3780 suos
3051 3728 3258 3783 dicens.
3294 3731 3466 3795 Quem

1874 3795 1953 3868 (ἀ)
1977 3814 2062 3853 nte
2089 3798 2129 3870 ἰ·
2153 3797 2336 3851 dicunt
2367 3795 2612 3870 homines
2641 3795 2762 3852 esse
2786 3797 2977 3870 Filium
3005 3801 3257 3852 hominis.
3290 3800 3352 3854 At
3387 3801 3466 3855 illi

1871 3868 2140 3924 dixerunt.
2198 3870 2412 3940 quidam
2461 3869 2761 3940 Johannem
2812 3868 3104 3938 Baptistam
3135 3871 3226 3923 alii
3279 3880 3459 3926 autent

1869 3940 2060 3994 tiliam.
2087 3942 2175 3996 alii
2203 3939 2328 3995 vero
2379 3939 2706 3995 Hieremiam
2743 3949 2834 3992 ant
2867 3956 3030 3993 unum
3062 3957 3125 3995 ex
3160 3942 3461 4011 prophetis.

1868 4011 2002 4066 Dicit
2030 4016 2108 4068 eis
2137 4012 2314 4067 Jesus.
2372 4013 2476 4066 Vos
2519 4020 2698 4064 autem
2753 4028 2911 4074 quem
2945 4028 3030 4065 nte
3087 4012 3268 4066 dicitis
3319 4028 3462 4068 esse.

1863 4082 2220 4152 Respnmlens
2242 4095 2419 4139 autem
2452 4085 2637 4139 Simon
2667 4082 2858 4136 Petrus
2885 4084 3022 4137 dixit
3052 4083 3129 4137 Τιι
3178 4099 3238 4137 es
3266 4085 3457 4138 Chiis-

1863 4161 1948 4207 tats
1976 4156 2147 4210 Filius
2181 4157 2269 4209 llei
2323 4155 2446 4208 vivi.
2495 4157 2553 4208 Ιεζι
2603 4154 2938 4216 τοενοιιιιριιιι
2969 4153 3129 4209 Jc-IIS
3186 4155 3328 4209 dixit
3383 4155 3459 4209 ei.

1865 4227 2058 4280 Beatus
2081 4243 2138 4282 es
2170 4228 2356 4281 Simon
2387 4226 2610 4280 Bariona
2639 4224 2761 4292 qttia
2793 4239 2920 4277 earn
2947 4233 3001 4278 et
3050 4228 3270 4291 sanguis
3300 4243 3405 4280 non
3442 4227 3457 4263 ί

1864 4299 2120 4352 t'ebelavit
2179 4300 2294 4352 tibi.
2327 4298 2420 4352 sed
2453 4297 2613 4350 Pater
2644 4310 2796 4349 mens
2823 4297 2911 4363 qui
2961 4297 3011 4349 in
3057 4299 3221 4350 caelis
3265 4307 3367 4352 est.
3396 4299 3460 4352 Et

1863 4384 1962 4436 ego
1990 4370 2084 4423 tibi
2117 4370 2257 4425 dico.
2295 4372 2415 4438 quia
2449 4379 2504 4423 tu
2549 4383 2610 4420 es
2655 4368 2863 4420 l‘ctrus.
2890 4376 2943 4420 et
2975 4383 3136 4437 super
3188 4368 3329 4423 hanc
3371 4385 3464 4440 pe-

1865 4450 2024 4494 tram.
2058 4443 2352 4496 aediﬁcabo
2382 4441 2680 4495 Ecclesiatu
2713 4453 2909 4493 meam.
2942 4450 2996 4492 et
3031 4451 3218 4507 portae
3263 4440 3458 4495 inferni

1866 4528 1970 4566 non
1997 4515 2381 4581 praevalebunt
2407 4513 2666 4568 adversus
2693 4524 2832 4564 eam.
2869 4511 2934 4564 Et
2963 4511 3057 4564 tibi
3087 4511 3228 4568 dabo
3277 4513 3459 4568 claves

1864 4586 2014 4654 regni
2042 4587 2338 4640 caelorum.
2372 4585 2434 4639 Et
2464 4596 2836 4656 quaecumque

1878 2677 2048 2754 Quem
2077 2676 2270 2754 (dtme
2293 2681 2332 2754 ἰ·

1879 2749 2338 2808 hominesdicunt

1878 2835 2021 2886 esse,
2058 2821 2254 2879 Filium

821 4726 1219 4784 VARIANTES
1259 4727 1642 4784 LECTIONES
1679 4726 1952 4785 CODICIS
1990 4729 2104 4785 MS.
2149 4728 2206 4785 S.
2247 4728 2761 4786 GERMANENSIS.

1923 4824 1944 4855 ³
1975 4823 2211 4872 dixerunt
2234 4820 2505 4872 Iohannem

1921 4885 1941 4916 ³
1973 4892 2024 4950 ιιι
2049 4881 2100 4934 in
2131 4883 2274 4950 Vulg.
2296 4897 2465 4947 usque.
2498 4886 2560 4950 Et
2585 4899 2681 4946 ego

1919 4949 1940 4981 ³
1974 4948 2106 5011 dico,
2133 4955 2184 4997 tu
2209 4948 2282 5009 e's,
2309 4955 2429 5009 etc.,
2457 4955 2505 5001 ut
2529 4948 2579 5000 in
2608 4949 2754 5016 Vulg.
2779 4963 2948 5016 usque,
2978 4959 3030 5002 et
3051 4963 3394 5016 quaecumque

1484 5032 1850 5090 BLANCHINI
1888 5032 2118 5089 NOTIE.

223 5144 246 5172 ι
275 5134 391 5191 Hoc
419 5133 583 5188 modo
601 5131 1010 5204 scriptumherat
1041 5130 1516 5204 inexemplaribus
1542 5131 1748 5187 Latinis

146 5222 375 5277 quarunt
406 5220 622 5259 usuram
649 5201 910 5277 liahuitS.
943 5201 1266 5277 Cyprianus.
1299 5202 1532 5260 Consule
1553 5218 1746 5258 novam

147 5274 442 5336 editionem
471 5278 706 5344 Operum
738 5274 981 5344 ejusdem
1020 5275 1290 5346 Martyris.

218 5349 243 5387 ι’
278 5348 480 5404 Eadem
509 5348 751 5402 occurrit
782 5347 943 5400 lectio
981 5345 1120 5417 apud
1161 5344 1462 5412 Hilarium,
1502 5344 1742 5402 Leonem

146 5423 393 5491 Magnum
409 5430 461 5474 et
489 5419 652 5491 alios,
686 5417 782 5489 qni
802 5415 1039 5491 antiqua:
1066 5415 1746 5491 Vulgatteexemplarjbus

145 5487 453 5550 utebantur.
487 5490 591 5546 Sed
622 5501 680 5545 et
705 5487 871 5558 'apud
897 5487 1259 5558 Augustinum
1289 5489 1383 5544 lib.
1428 5506 1463 5544 ιι
1490 5489 1558 5543 de
1600 5487 1744 5544 Con-

141 5581 305 5623 sensu
338 5562 809 5634 Evangelistarum
843 5600 860 5627 ,
883 5560 984 5614 etsi
1014 5561 1122 5615 illic
1143 5569 1364 5615 secutus
1409 5561 1480 5616 sit
1510 5560 1744 5632 castiga-

1860 5141 1970 5206 tum
1996 5133 2071 5206 ab
2100 5133 2432 5206 llieronymo
2458 5143 2768 5190 contextum
2799 5132 3005 5189 Latinze
3053 5133 3450 5206 translationis.

1854 5204 2262 5277 Neciimtncrito
2292 5204 2420 5273 li-git
2440 5221 2735 5273 pronomen
2762 5207 2998 5277 me,qnia
3023 5217 3200 5277 exstat
3223 5205 3449 5277 intime-

1853 5277 1930 5332 cis
1961 5276 2220 5353 fo_ntib_us,
2256 5280 2375 5333 Τίνα
2395 5299 2456 5348 με
2479 5278 2739 5353 λέγουσιν,
2769 5279 2819 5353 id
2842 5273 2946 5353 est,
2970 5277 3130 5344 Quem
3151 5273 3230 5331 uie
3251 5275 3446 5330 dicunt.

1931 5359 1954 5420 ς
1989 5349 2140 5420 Quod
2171 5364 2267 5418 pro
2288 5358 2409 5419 quot
2442 5349 2572 5404 vitio
2601 5350 2980 5420 exscriptnris.

1925 5419 1952 5456 ἀ
1983 5419 2138 5492 Quod
2159 5437 2258 5492 pro
2277 5429 2418 5490 quot.

1928 5502 1950 5565 (ξ
1981 5491 2347 5565 ηιᾼεννοθαῡιι,
2383 5507 2480 5562 pro
2505 5493 2856 5565 interrogavit.

1928 5561 1947 5600 ί
1982 5561 2262 5629 Rebelaoit,
2295 5561 2397 5634 pro
2421 5563 2682 5619 reuelauit.

214 5668 290 5742 (a)
313 5666 388 5722 Ita
414 5677 466 5746 e_t
489 5663 921 5746 textus_G_rzec_n_s_
942 5668 1064 5728 τοὺς
1092 5666 1223 5746 ἑπτὰ
1251 5663 1752 5746 ἄρτους.-;(ὺ)Ροει

1868 5666 1900 5720 i.
1921 5666 2074 5746 deest
2098 5666 2258 5746 voltis,
2279 5666 2442 5721 etiam
2471 5667 2597 5746 et‘in
2621 5662 2912 5746 codLCant.
2931 5655 3166 5746 ——‘-(c)lta
3183 5669 3236 5715 et
3265 5668 3445 5746 textus

143 5730 381 5806 Brittius,
415 5735 544 5795 εἶπα.
567 5756 649 5781 ι-
679 5736 761 5801 (d)
788 5735 951 5792 Addit
994 5753 1074 5788 me
1102 5737 1263 5792 etlam
1286 5730 1474 5792 't.--xtns
1502 5730 2142 5807 G'riectts.pt.-—(e)Ante
2161 5736 2476 5804 Johannem,
2508 5737 2658 5792 deest
2687 5730 2779 5788 alii
2807 5735 2858 5786 in
2887 5730 3248 5799 citd.'quoqne
3275 5731 3436 5787 Cant.
