3980 6192
506 180 605 238 95'!

887 297 1119 354 CODEX
1165 295 1695 354 V'ERCELLENSIS.

509 407 615 463 que
646 390 920 462 adligave-
1347 406 1467 457 nas,
1506 391 1817 447 scandalum

508 466 585 519 ris
611 465 664 519 in
696 473 919 528 terram,
1346 478 1406 519 es
1433 463 1563 517 mihi
1593 480 1606 515 :
1632 465 1755 532 quia

510 536 615 592 erit
636 535 912 607 alligatum
1054 604 1064 607 _
1350 548 1457 589 non
1488 549 1625 605 quae
1658 535 1749 590 Dei

514 611 565 663 in
596 604 763 662 caelis
792 625 805 661 :
836 615 889 679 et
924 604 1098 679 quod-
1344 614 1471 659 sunt
1493 604 1660 679 sapis,
1702 604 1795 661 sed

512 692 742 748 cumque
771 676 882 733 sol-
948 676 957 679 ⁷
1346 691 1485 747 quae
1518 677 1818 733 hominum.

510 750 652 805 veris
684 750 735 802 in
765 758 872 803 ter-
1345 748 1437 802 ει.
1483 748 1651 803 Tunc.
1698 789 1712 804 .
1759 790 1772 803 .
1819 790 1832 804 .

511 837 649 884 ram,
680 821 785 875 erit
805 820 954 875 solu-
1346 821 1623 884 discipulis
1655 836 1749 875 Stl-

1892 789 1904 804 .
1938 748 2074 807 dixit

514 903 625 947 tum
659 893 711 946 in
749 890 937 947 caelis.
1347 894 1393 947 is
1427 909 1438 945 :
1476 890 1531 947 Si
1558 892 1679 960 quis
1707 892 1823 949 vult

510 964 601 1019 20.
643 964 797 1019 Tunc
826 964 1058 1034 impera—
1349 974 1470 1034 post
1498 978 1583 1017 me
1608 966 1760 1019 veni-

511 1037 587 1090 vit
606 1034 885 1103 discipulis
1348 1051 1428 1100 re,
1455 1036 1685 1105 abneget

513 1108 650 1173 suis,
679 1118 735 1161 ut
762 1105 934 1162 nemi-
1349 1122 1430 1163 se.
1476 1148 1487 1160 .
1536 1144 1550 1159 .
1596 1148 1610 1161 .
1636 1116 1692 1163 et
1714 1108 1817 1163 tol-

518 1180 570 1233 ni
594 1178 841 1233 dicerent

517 1250 673 1321 quod
692 1250 808 1317 ipse
828 1261 915 1305 es—

517 1319 601 1376 set
620 1319 886 1377 Christus.

517 1395 609 1449 21.
652 1391 869 1448 Exinde
887 1391 1066 1462 coepit

518 1466 676 1521 Jesus
700 1463 954 1520 ostende-

518 1553 578 1592 re
607 1535 887 1606 discipulis

518 1608 653 1672 suis,
689 1611 809 1679 quia
842 1620 1004 1679 opor-

448 1736 453 1741 .
520 1692 597 1735 tet
624 1695 746 1735 eum
781 1680 856 1731 ire
879 1680 934 1750 (α

520 1750 904 1821 Hierosolyma
925 1750 991 1821 -ια,

519 1833 574 1879 et
603 1822 766 1876 multa
803 1820 909 1889 pati
940 1837 969 1874 a

520 1890 851 1953 senioribus.
875 1900 929 1947 et
952 1890 1102 1961 prin-

520 1965 733 2036 ciplbns
763 1964 1129 2036 sacerdotum,

521 2030 592 2093 et'
617 2035 812 2099 occidi,
846 2044 899 2090 et
926 2030 999 2106 (ὁ)
1030 2043 1151 2106 post

523 2109 739 2163 tertium
768 2106 850 2160 di-

523 2196 609 2235 em
632 2178 673 2250 -ι-
695 2192 943 2250 resnrge-

525 2250 618 2306 22.
661 2264 741 2305 re.
773 2251 837 2303 Et
865 2249 959 2303 ad-

1348 1181 1428 1234 lat
1456 1192 1673 1234 crucem

1350 1266 1527 1317 suam,
1551 1259 1606 1305 et
1632 1266 1795 1323 sequ-

1350 1323 1433 1394 25,
1463 1361 1477 1375 .
1524 1362 1538 1377 .
1582 1360 1597 1376 .
1640 1339 1704 1379 ur
1727 1339 1831 1380 me.
1868 1323 1969 1394 Qui

1352 1393 1493 1449 enim
1520 1394 1708 1450 volue-

1352 1466 1492 1519 verit
1518 1465 1751 1522 animant

1352 1552 1504 1591 suam
1533 1537 1737 1594 salvam

1351 1607 1551 1667 facere.
1577 1623 1699 1677 per-

1350 1678 1443 1734 det
1471 1694 1592 1734 eam
1614 1698 1626 1731 :
1661 1683 1753 1749 qui

1349 1760 1531 1805 autem
1578 1753 1759 1821 perdi-

1350 1821 1491 1876 derit
1531 1827 1763 1878 animam

1353 1908 1504 1948 suam
1530 1902 1747 1963 propter

1357 1980 1465 2032 me,
1497 1967 1737 2022 inveniet

1357 2051 1495 2090 eam.

1356 2106 1448 2182 26.
1485 2108 1621 2175 Quid
1654 2110 1796 2165 enim
1832 2125 1956 2182 pro-

1355 2179 1508 2234 deest
1534 2183 1708 2234 homi—

1356 2252 1431 2314 ni,
1464 2253 1508 2306 si
1535 2261 1707 2307 totum
1748 2269 1904 2309 mun-

1357 2322 1484 2377 dum
1503 2324 1758 2391 lucretur,

1359 2397 1570 2449 animae
1608 2410 1737 2450 suae

1363 2481 1491 2519 vero
1526 2467 1694 2521 detri—

526 2336 747 2377 sumens
778 2335 901 2375 cum

526 2394 719 2449 Petrus
744 2408 871 2448 coe-

529 2467 605 2534 pit
627 2467 873 2534 increpa-

528 2532 607 2618 re,
640 2532 793 2618 (c)_et
818 2536 998 2618 dicere
1019 2534 1056 2607 ’ί-
1088 2552 1102 2591 :
1133 2532 1215 2607 (ά)
1364 2548 1599 2618 mentum
1633 2540 1801 2608 patia-

533 2606 802 2677 Propiiius
832 2606 899 2661 ti-
1038 2606 1041 2607 ⁷
1146 2606 1151 2607 “
1196 2606 1199 2607 ⁷
1362 2610 1486 2679 tur?
1528 2606 1815 2679 Aut'quani

531 2679 581 2733 bi
610 2680 668 2749 1',
703 2679 951 2743 Domine,
968 2692 1076 2735 non
1363 2678 1513 2734 dabit
1536 2678 1698 2734 homo

529 2751 632 2823 erit
655 2749 900 2823 istul.f(e)
922 2749 1005 2806 Ad
1365 2753 1747 2806 commutatio-

528 2821 620 2875 25.
664 2825 775 2890 ipse
798 2821 847 2893 οξ(
863 2837 1091 2877 conver-

529 2907 622 2948 sus
652 2892 831 2959 Petro,
856 2892 938 2947 di-

532 2965 611 3019 xit
640 2982 653 3017 :
688 2965 835 3020 Vade
859 2975 1006 3021 retro

530 3047 652 3106 post
671 3038 755 3092 nie
785 3038 938 3092 Sata-

1365 2837 1488 2877 nem
1519 2823 1733 2880 animae

1364 2908 1495 2949 suae
1522 2897 1545 2949 ἶ)

1364 2966 1454 3020 27.
1498 2967 1628 3021 Nam
1653 2965 1821 3022 Filius
1853 2966 1949 3022 ho-

1366 3039 1528 3094 minis
1556 3049 1748 3093 ventu—

1366 3125 1459 3165 rus
1487 3120 1571 3166 est
1597 3111 1651 3166 in
1682 3126 1796 3166 ma-

957 3224 1193 3281 CODEX
1229 3224 1699 3282 CORBEIENSIS.

533 3317 935 3389 qnepligaveris
1001 3333 1164 3386 super
1224 3329 1422 3373 terram
1461 3360 1475 3381 ,
1533 3330 1691 3374 erunt
1761 3320 1920 3389 ligata
1995 3322 2009 3353 ¹
2073 3321 2127 3376 in

532 3387 701 3443 eoelis
754 3406 765 3437 :
818 3399 873 3443 et
923 3404 1339 3458 quaequumque
1403 3392 1629 3444 solveris
1689 3387 1852 3459 super
1904 3402 2128 3455 terram,

536 3459 918 3533 eruut‘solnta
950 3459 1051 3533 ’Uin
1100 3463 1299 3533 coelis.
1341 3461 1491 3514 'l‘nne
1539 3464 1808 3530 praecepit
1852 3462 2133 3533 discipulis

536 3532 671 3595 suis,
702 3529 723 3560 ³
754 3546 820 3583 ne
849 3533 931 3583 cui
956 3530 1197 3585 dicerent
1218 3532 1338 3599 quia
1374 3534 1486 3600 ipse
1517 3529 1595 3587 est
1626 3534 1893 3587 Christus.
1922 3529 2006 3590 Εἰ
2041 3537 2136 3593 illo

537 3604 624 3674 die
699 3602 876 3669 coepit
957 3602 1127 3674 Jesns
1202 3604 1488 3656 Ostendere
1592 3604 1867 3674 discipulis
1962 3608 2072 3661 suis
2118 3648 2134 3667 ,

536 3673 665 3747 quia
726 3679 1005 3747 Oporteret
1079 3673 1227 3747 illum
1286 3676 1363 3728 ire
1398 3677 1469 3747 in
1531 3675 1958 3747 Hierosolymam
1992 3719 2008 3744 ,
2086 3688 2139 3733 et

540 3744 706 3798 multa
752 3745 858 3814 pati
910 3759 939 3797 a
1006 3746 1333 3817 senioribus,
1395 3746 1415 3776 "
1462 3757 1514 3800 et
1556 3744 1887 3817 principibus
1959 3765 2140 3804 sacer-

540 3818 761 3881 dotum,
809 3827 861 3870 et
903 3816 972 3871 ab
1018 3816 1242 3880 Scribis,
1296 3828 1350 3873 et
1413 3819 1634 3884 occidi,
1700 3816 1753 3874 et
1830 3824 1987 3875 tertia
2054 3821 2140 3876 die

540 3902 844 3961 resurgere.
899 3889 962 3941 Et
1015 3889 1035 3961 ξ
1085 3891 1387 3953 suspiciens
1454 3906 1575 3943 eum
1646 3892 1836 3945 Petrus
1888 3893 2068 3961 coepit
2119 3893 2139 3924 ⁸

540 3960 723 4014 dicere
754 3978 766 4013 :
799 3960 976 4024 Absit,
1014 3960 1262 4027 Domine,
1295 3962 1395 4015 hoc
1428 3978 1534 4015 non
1558 3964 1681 4016 erit.
1711 3965 1729 3995 ⁷
1772 3963 1930 4018 Jesus
1961 3960 2140 4018 autem

540 4046 857 4102 conversus,
893 4033 1026 4086 dixit
1053 4032 1120 4085 ad
1175 4047 1300 4087 eum
1339 4051 1351 4086 :
1387 4032 1535 4087 Vade
1585 4046 1706 4102 post
1754 4051 1840 4088 mc
1888 4034 2136 4099 Satanas,

543 4101 855 4175 scandalum
883 4104 905 4135 ⁸
933 4120 992 4157 es
1020 4104 1149 4175 mihi
1173 4123 1186 4159 :
1215 4103 1336 4173 quia
1367 4121 1471 4158 non
1499 4101 1636 4175 quae
1664 4106 1758 4160 Dei
1797 4117 1924 4160 sunt
1970 4108 2137 4175 sapis,

544 4173 641 4229 sed
662 4188 800 4241 quae
854 4186 978 4228 sunt
1035 4174 1307 4230 hominis-
1339 4173 1604 4231 Tuncvait
1651 4178 1808 4231 Jcsus
1858 4173 2143 4247 discipulis

543 4247 657 4300 suis
690 4261 702 4297 :
733 4248 775 4299 si
802 4248 925 4316 quis
954 4250 1066 4300 vult
1090 4257 1209 4316 post
1236 4262 1323 4302 me
1366 4250 1573 4309 venire,
1620 4250 1849 4317 abneget
1892 4252 1913 4283 ⁸
1943 4260 2143 4304 semet-

548 4317 746 4390 ipsum,
779 4330 831 4390 et
860 4319 1013 4373 tollat
1040 4333 1257 4373 crucem
1291 4334 1463 4381 suam,
1513 4330 1568 4374 et
1612 4328 1868 4390 sequatur
1896 4336 1999 4375 me.
2042 4321 2142 4387 Qui

547 4389 690 4461 enim
713 4389 947 4444 Voluerit
995 4394 1230 4444 animant
1264 4406 1413 4444 suam
1465 4391 1667 4445 salvam
1696 4389 1885 4447 facere
1909 4434 1925 4459 ,
1957 4394 2149 4461 perdet

549 4459 693 4532 illam
717 4461 778 4512 ;¹⁰
807 4462 1131 4531 quicumque
1148 4474 1326 4517 autem
1348 4461 1642 4532 perdiderit
1664 4479 1781 4519 eam
1801 4464 1903 4517 mei
1932 4459 2143 4529 caussa,

552 4530 788 4586 inveniet
819 4533 987 4588 illam.
1039 4534 1176 4602 Quid
1230 4530 1408 4589 autem
1442 4533 1661 4601 prodest
1715 4534 1940 4596 homini,
1994 4535 2038 4589 si
2072 4536 2151 4590 lu-

550 4610 735 4655 cretur
761 4618 976 4659 omnem
1012 4606 1294 4669 mundum,
1320 4614 1374 4658 et
1401 4608 1634 4659 animam
1667 4621 1818 4659 suam
1843 4606 2147 4661 detrimen-

552 4681 665 4727 tum
699 4672 900 4728 l'aciat?
932 4679 1039 4729 Alit
1064 4692 1223 4746 quam
1256 4677 1405 4731 dabit
1449 4676 1612 4731 homo
1658 4682 2147 4733 commutationem

553 4760 653 4816 pro
682 4746 864 4802 anima
905 4747 1045 4802 sua?
1098 4747 1254 4803 Venit
1286 4749 1429 4803 enim
1462 4746 1631 4815 Filius
1680 4746 1919 4807 hominis
1958 4750 2010 4805 in
2037 4765 2151 4804 nia-

1049 179 1326 238 EUSEBII
1368 178 1705 236 VERCELL.
1750 176 2196 237 EVANGELIUM
2235 178 2375 237 CUM
2410 178 2639 236 VARIIS
2674 178 2827 237 COD.
2870 179 3263 238 COLLATUM.

3697 179 3730 234 τ).

3736 180 3768 231 li

3772 178 3801 233 Ξ

2638 295 2870 353 (IODEX
2899 295 3353 355 VERONENSIS.

2210 390 2466 462 ligaberis
2488 405 2657 461 super
3042 404 3228 445 versus
3257 389 3439 456 Petro,

2209 473 2430 526 terram,
2451 473 2611 518 erunt
3042 462 3179 517 dixit
3210 479 3222 515 :
3253 462 3400 516 Vade

2212 534 2371 605 ligata
2403 545 2458 590 et
2486 536 2538 589 in
3043 544 3189 605 retro
3220 544 3335 602 post
3360 548 3445 587 me

2209 604 2375 661 caelis
2406 624 2419 660 :
3040 604 3267 661 Satanas
3292 621 3305 657 :
3328 619 3487 659 scan-

2209 688 2262 733 et
2280 692 2660 749 quaecumque
3040 676 3219 731 dalum
3251 691 3309 731 es
3338 675 3466 749 mihi
3497 695 3509 730 :

2210 748 2437 804 solveris
2468 748 2630 819 super
3044 750 3163 818 quia
3199 763 3303 802 non
3332 748 3477 816 sapis

2213 831 2432 887 terram,
2456 832 2613 878 erunt
3044 835 3181 888 quae
3206 819 3297 873 Dei
3326 828 3471 884 sunt,

2211 894 2384 951 soluta
2414 902 2469 951 et
2498 894 2554 950 in
3044 892 3137 945 sed
3166 906 3302 960 quae
3325 900 3448 944 sunt

2210 966 2396 1021 caelis.
3047 962 3346 1017 hominum.

3045 1034 3136 1089 24.
3178 1033 3329 1087 Tune
3361 1032 3521 1089 Jesus

3047 1106 3185 1160 dixit
3209 1104 3489 1173 discipulis

3046 1177 3158 1231 Suis
3189 1195 3201 1229 :
3234 1177 3287 1231 Si
3311 1176 3432 1246 quis

3049 1251 3163 1303 vult
3189 1255 3313 1318 post
3340 1263 3426 1303 me

3040 1322 3254 1387 venire,
3279 1320 3508 1389 abneget

3049 1408 3109 1446 se
3136 1392 3261 1455 sibi,
3286 1400 3339 1445 et
3370 1393 3525 1445 tollat

3050 1478 3267 1517 crucem
3301 1477 3477 1526 suam,
3532 1509 3542 1517 .

2211 1037 2303 1093 ΞΟ.
2346 1038 2498 1093 Tunc

2216 1110 2499 1178 imperavit

2216 1181 2491 1249 discipulis
2517 1182 2649 1249 suis,

2218 1263 2272 1305 nt
2302 1253 2501 1307 nemini
2533 1254 2680 1309 dicc-

2215 1334 2338 1378 rent
2365 1324 2504 1394 quod
2530 1327 2644 1394 ipse

2216 1408 2355 1450 esset
2400 1394 2666 1451 Christus.

2215 1466 2306 1541 ξι.
2350 1466 2559 1522 Exinde
2583 1471 2763 1541 coepit

2218 1538 2376 1592 Jesos
2403 1540 2655 1595 ostende-

2218 1625 2279 1664 re
2306 1608 2585 1679 discipulis

2218 1681 2351 1747 suis,
2380 1683 2505 1751 quia

2221 1762 2435 1820 Opnrtet
2458 1769 2578 1808 eum

2220 1824 2300 1878 ire
2330 1822 2404 1893 (τι)
2439 1824 2730 1879 ΙνΙίρτοεοιί-

2224 1911 2305 1948 ma
2334 1894 2395 1966 ἦ,
2430 1905 2484 1949 et
2512 1898 2676 1952 multa

2226 1969 2331 2036 pati
2366 1984 2392 2019 a
2427 1970 2657 2021 seniori-

2222 2040 2341 2104 bus,
2363 2050 2415 2093 ct
2441 2039 2656 2105 scribis,

2223 2119 2278 2164 et
2306 2109 2640 2179 principibus

2223 2182 2585 2248 sacerdotum,

2223 2261 2278 2305 et
2308 2255 2499 2319 occidi,
2533 2262 2589 2308 et

2224 2323 2304 2393 (ὁ)
2337 2335 2453 2393 post
2478 2326 2700 2380 tertium

2225 2395 2367 2450 diem
2402 2398 2443 2467 -ι-
2476 2411 2652 2450 resur-

2222 2481 2372 2535 gere.

2224 2538 2316 2591 ‘22.
2362 2539 2427 2593 Ει
2453 2539 2744 2595 adsun‘iens

2226 2625 2348 2664 eum
2372 2610 2564 2665 Petrus

2227 2683 2406 2751 Coepit
2428 2684 2730 2749 increpare,

2230 2751 2305 2823 (c)
2335 2764 2389 2807 et
2413 2753 2592 2807 dicere
2615 2751 2655 2823 -ῒ
2692 2771 2705 2807 :

2235 2824 2388 2879 Absit
2415 2842 2440 2874 τι
2474 2835 2524 2878 te
2549 2823 2633 2897 (d)

2234 2898 2497 2966 propitius
2531 2895 2647 2951 esto
2676 2895 2738 2968 1',

2231 2964 2479 3030 Domine,
2511 2984 2617 3023 non
2689 2964 2701 2968 ⁷
3063 2966 3152 3018 27.
3178 2965 3307 3019 Nam
3342 2964 3509 3019 Filius

2230 3040 2331 3095 erit
2367 3042 2514 3095 istut.
2562 3041 2632 3109 (ε)
3069 3037 3304 3091 hominis
3333 3047 3604 3090 venturus

2230 3113 2322 3167 Ξῖ).
2369 3113 2447 3166 Ad
2468 3111 2585 3182 ipse
2614 3112 2655 3183 ’θ
2685 3126 2818 3167 con-
3068 3122 3150 3164 εει
3179 3109 3230 3163 in
3265 3109 3548 3179 majestate

2701 3226 2939 3283 CODEX
2980 3223 3374 3282 BlthlANUS.

2234 3320 2487 3391 ligato-ris
2499 3337 2661 3387 super
2677 3333 2894 3376 terram.
2910 3330 3071 3376 erunt
3092 3320 3247 3389 ligata
3264 3319 3379 3372 etin
3394 3317 3590 3371 caelis.
3609 3325 3665 3391 et
3685 3328 3847 3385 quae-

2236 3387 2466 3461 cumque
2496 3393 2721 3447 solveris
2748 3408 2911 3462 super
2944 3387 3150 3446 terrain
3172 3401 3324 3445 erttnt
3350 3392 3521 3443 soluta
3556 3400 3615 3462 et
3648 3387 3701 3442 in
3726 3401 3849 3440 cae-

2242 3464 2481 3517 lis.'l‘nnc
2516 3467 2785 3532 praecepit
2816 3464 3094 3531 di~cipulis
3119 3464 3249 3516 suis.
3279 3472 3333 3514 tit
3366 3461 3572 3514 nemini
3603 3462 3850 3532 dicerent

2242 3536 2363 3605 quia
2391 3538 2503 3601 ipse
2518 3530 2670 3589 esset
2694 3530 3351 3591 JesusCliristus.Exinde
3375 3534 3553 3605 coepit
3589 3530 3853 3605 Jc_sus_iis-

2247 3602 2465 3661 tendere
2494 3607 2773 3677 discipulis
2797 3609 2929 3661 suis.
2957 3608 3081 3676 quia
3112 3615 3327 3672 oportet
3359 3604 3504 3657 illnm
3531 3602 3703 3677 irein
3731 3603 3856 3655 Ilie-

2244 3681 2532 3749 rosolymis
2554 3692 2607 3733 et
2638 3675 2802 3733 multa
2860 3675 2986 3747 pati
3015 3693 3045 3732 a
3076 3678 3403 3749 senioribus.
3438 3685 3493 3730 et
3517 3675 3753 3749 scribis.
3803 3682 3857 3727 et

2247 3747 2583 3818 principibus
2629 3752 2995 3805 smerdotum.
3023 3760 3078 3803 et
3108 3748 3277 3802 ocridi
3329 3759 3384 3801 et
3412 3748 3576 3800 tertia
3634 3747 3726 3800 die
3778 3758 3859 3798 re-

2246 3837 2491 3890 surgere.
2530 3821 2592 3873 Et
2626 3824 2914 3875 adsumens
2945 3837 3068 3875 eum
3100 3822 3291 3875 Petrus
3334 3818 3513 3888 coepit
3558 3819 3857 3887 increpare

2246 3894 2315 3948 ei.
2344 3895 2531 3946 dicens
2563 3893 2641 3964 ((1)
2684 3894 2954 3960 PrOpilitts
2996 3905 3114 3947 esto
3154 3891 3193 3962 ’ᾗ-
3227 3891 3321 3964 tibi
3352 3890 3595 3964 Domine
3644 3900 3861 3964 elnnon

2248 3978 2348 4019 erit
2384 3966 2477 4019 tibi
2504 3958 2632 4018 hoc.
2664 3974 2689 4001 ιι
2715 3958 2913 4019 Adille
2937 3958 3232 4018 conversus
3282 3962 3417 4015 dixit
3461 3961 3654 4013 Petro.
3715 3958 3864 4012 Vade

2250 4049 2368 4103 post
2429 4052 2513 4090 me
2564 4038 2760 4091 Salaria
2813 4036 3125 4090 scandalum
3166 4034 3293 4087 inihi
3330 4048 3386 4086 es
3415 4033 3546 4103 quia
3570 4046 3686 4084 non
3716 4031 3866 4103 scpis

2248 4101 2388 4175 quae,
2420 4108 2511 4161 Dei
2538 4119 2682 4161 sunt.
2716 4108 2808 4161 Sed
2842 4124 2979 4174 quae
3011 4107 3310 4161 hominum.
3347 4102 3496 4157 ’l‘unc
3521 4101 3696 4157 .lcsus
3728 4102 3867 4154 dixit

2249 4179 2536 4245 discipulis
2566 4182 2696 4233 suis.
2723 4180 2777 4233 Si
2805 4179 2927 4247 quis
2958 4180 3067 4231 \ult
3099 4187 3220 4247 post
3251 4191 3338 4231 me
3388 4175 3576 4227 venire
3625 4175 3870 4243 abneget

2251 4252 2608 4317 semetipsum
2640 4260 2695 4305 et
2746 4252 2899 4304 tollat
2925 4265 3144 4304 crucem
3176 4262 3327 4303 suam
3368 4255 3422 4300 et
3453 4254 3729 4313 sequatur
3758 4259 3866 4297 me.

2252 4322 2352 4388 Qui
2385 4325 2530 4376 enim
2574 4323 2799 4375 voluerit
2835 4323 3069 4375 animam
3096 4335 3247 4374 suam
3281 4318 3486 4372 salvam
3514 4318 3707 4369 facere
3741 4331 3869 4384 per-

2253 4394 2344 4447 det
2364 4408 2505 4447 eam.
2540 4396 2631 4463 qui
2656 4408 2835 4449 autem
2864 4391 3154 4461 perdiderit
3186 4391 3611 4463 aniinanisuani
3637 4399 3873 4463 propter

2254 4479 2339 4518 me
2373 4460 2615 4520 inveniet
2641 4481 2782 4520 eam.
2817 4460 2955 4531 Quid
2989 4465 3132 4519 enim
3162 4460 3400 4533 proderit
3436 4461 3673 4512 homini.
3713 4462 3758 4509 si
3793 4469 3873 4533 io-

2256 4546 2366 4589 tum
2392 4536 2647 4590 mundum
2709 4529 2968 4591 lucretur.
3001 4529 3214 4589 animae
3268 4544 3446 4587 autem
3498 4544 3642 4585 suae
3702 4529 3876 4582 ιιυιτίο

2253 4617 2496 4661 mentum
2531 4607 2786 4675 patiatur.
2829 4611 2932 4661 Ant
2964 4623 3122 4676 quam
3153 4606 3301 4659 dabit
3343 4603 3506 4657 homo
3550 4611 3875 4676 commuta-

2252 4681 2454 4733 tionem
2486 4674 2700 4735 animae
2729 4694 2878 4734 suae.
2910 4674 3170 4733 Futurum
3197 4689 3275 4730 est
3300 4676 3444 4730 enim
3475 4684 3532 4726 ut
3563 4674 3719 4727 lilius
3768 4674 3871 4725 hi-

2254 4752 2412 4805 minis
2439 4753 2619 4806 veniat
2652 4752 2704 4806 in
2750 4749 2921 4823 gloria

3052 1546 3106 1589 et
3135 1543 3391 1604 sequatur
3421 1550 3527 1588 me.

3047 1607 3139 1661 25.
3181 1606 3281 1671 Qui
3314 1605 3455 1659 enim

3050 1676 3280 1732 voluerit

3054 1750 3287 1803 animam
3320 1763 3472 1803 suam

3054 1821 3258 1875 salvam
3287 1819 3488 1881 facere.

3057 1891 3245 1961 perdet
3272 1907 3390 1945 eam
3416 1908 3430 1944 :
3460 1891 3553 1962 qni

3056 1973 3234 2018 autem
3260 1962 3561 2032 perdiderit

3056 2038 3291 2089 animam
3314 2050 3466 2089 suam

3059 2116 3280 2176 propter
3307 2122 3423 2171 me,
3448 2107 3531 2160 in-

3059 2178 3241 2233 veniet
3267 2193 3409 2232 eam.

3057 2250 3150 2304 9.6.
3191 2247 3331 2317 Quid
3354 2250 3499 2303 enim
3529 2262 3668 2317 pro-

3059 2323 3211 2376 deest
3238 2322 3465 2383 homini,
3491 2320 3533 2373 si

3061 2393 3205 2447 hunc
3241 2393 3498 2447 mundum

3064 2462 3390 2526 lucrifaciat,
3423 2464 3540 2516 ani-

3062 2552 3181 2591 ιιιτιο
3209 2550 3342 2590 vero
3370 2550 3503 2590 suae

3063 2608 3447 2662 detrimentum
3477 2620 3578 2677 pa-

3067 2679 3268 2734 tiatur?
3295 2683 3399 2731 Aut
3420 2692 3589 2748 quam

3064 2750 3214 2805 dahit
3236 2750 3397 2805 homo
3418 2765 3573 2803 com—

3067 2823 3417 2876 mutationem
3442 2821 3565 2875 ani—

3067 2909 3185 2947 mae
3212 2894 3376 2947 suae?

1236 4917 1632 4975 VARIANTES
1669 4918 2059 4976 LECTIONES’
2090 4917 2359 4977 CODICIS
2397 4919 2503 4975 MS.
2546 4920 2603 4975 S.
2644 4917 3152 4977 GERMANENSIS.

673 5020 726 5064 et
750 5014 797 5062 in

673 5085 729 5247 Ξιξ
747 5088 942 5247 ﬁgant
964 5137 1195 5190 dicerent
1213 5136 1343 5202 quod
1370 5139 1474 5204 ipse
1497 5146 1635 5192 esset
1657 5137 1895 5192 Christus.
1919 5137 2113 5191 Exinde

839 5215 853 5247 ι

675 5207 728 5250 et
748 5201 932 5251 Scribis

674 5272 930 5313 assumens

616 5013 635 5045 ί

616 5077 639 5110 ι

618 5138 641 5170 ι

618 5199 640 5231 ι

620 5262 640 5294 ο

2324 5013 2345 5045 ⁸
2382 5014 2638 5075 increpare
2664 5022 2715 5062 et
2732 5013 2921 5075 dicere,
2946 5020 3063 5075 etc.,
3090 5017 3139 5062 ut
3159 5008 3209 5062 in
3237 5008 3383 5073 Vulg.

2325 5076 2344 5106 ⁷
2381 5075 2445 5125 At
2469 5077 2635 5139 ipse...
2659 5076 2782 5126 dixit
2806 5076 2954 5139 Petro
2987 5137 3011 5139 4,
3030 5118 3041 5123 -

2323 5139 2345 5170 ⁸
2381 5147 2459 5188 est
2481 5136 2614 5190 inihi.
2639 5140 2776 5190 'l‘unc
2800 5136 2948 5187 Iesus
2969 5137 3092 5187 dixit

2322 5203 2433 5269 [se
2458 5202 2599 5269 sibi,
2645 5262 2655 5269 _
2984 5264 2994 5269 _
3112 5266 3119 5269 Α
3186 5259 3217 5269 Α
3254 5261 3311 5269 Α,
3422 5258 3432 5269 ,

2326 5265 2370 5296 ⁸ο
2405 5262 2528 5315 utin
2559 5262 2705 5326 Vulg.
2732 5275 2881 5329 usque
2901 5264 3159 5328 majestate
3184 5259 3342 5311 Patris
3361 5259 3437 5308 sui

1876 5390 2248 5451 BLANCHINI'
2281 5392 2490 5449 NOTAE

630 5500 658 5531 ι
682 5490 769 5557 ad,
796 5504 896 5562 pro
924 5500 999 5546 at.

632 5631 737 5705 (α)
790 5630 865 5685 Ita
912 5640 973 5705 et
997 5637 1198 5705 _textus
1254 5627 1490 5705 Crascns
1535 5634 1729 5705 neutro
1791 5640 2059 5705 genere,_
2109 5646 2140 5681 tu

2247 5622 2664 5705 [ςροσόλυῇα.¹--
2701 5616 2776 5692 (b)
2815 5616 2947 5705 Cod.
2982 5615 3334 5705 Cant-aperui
3379 5613 3830 5705 apricufpfpgce
3859 5625 3895 5668 e

568 5684 769 5763 uarat.
800 5684 872 5745 4-
900 5684 973 5779 (ὲ)
997 5684 1070 5761 tui
1094 5684 1147 5758 et
1168 5701 1293 5759 cod.
1315 5699 1473 5756 Cant.
1502 5703 1581 5759 καὶ
1600 5684 1883 5777 λέγεινῧ-
1911 5698 1990 5773 (d)
2015 5684 2140 5761 Text

2247 5684 2634 5759 G'razcus'ﬂséi;
2660 5684 2767 5752 σᾴιέ
2789 5687 2949 5763 ——(e)
2980 5689 3054 5745 lla
3083 5698 3139 5748 et
3166 5684 3337 5744 textus
3378 5684 3605 5745 Grmcus
3636 5684 3791 5749 ὅδὲ.
3821 5712 3895 5727 --
