  <div class='ocr_page' id='page_1' title='image "/cluster/home/n/w/nwhite01/storage/ocr_20150623/12/uva.x000826551/132.png"; bbox 0 0 3980 6192; ppageno 0'>
   <div class='ocr_carea' id='block_1_1' title="bbox 173 178 297 237">
    <p class='ocr_par' dir='ltr' id='par_1_1' title="bbox 173 178 297 237">
     <span class='ocr_line' id='line_1_1' title="bbox 173 178 297 237; baseline 0.024 -3"><span class='ocrx_word' id='word_1_1' title='bbox 173 178 297 237; x_wconf 64' lang='grc' dir='ltr'><strong>ἓῖἲῦ</strong></span> 
     </span>
    </p>
   </div>
   <div class='ocr_carea' id='block_1_2' title="bbox 566 292 1382 357">
    <p class='ocr_par' dir='ltr' id='par_1_2' title="bbox 566 292 1382 357">
     <span class='ocr_line' id='line_1_2' title="bbox 566 292 1382 357; baseline 0.001 -8"><span class='ocrx_word' id='word_1_2' title='bbox 566 292 801 352; x_wconf 74' lang='lat' dir='ltr'><strong>CODEX</strong></span> <span class='ocrx_word' id='word_1_3' title='bbox 843 294 1382 357; x_wconf 72' lang='lat' dir='ltr'><strong>VERCELLENSIS.</strong></span> 
     </span>
    </p>
   </div>
   <div class='ocr_carea' id='block_1_3' title="bbox 172 385 1425 460">
    <p class='ocr_par' dir='ltr' id='par_1_3' title="bbox 172 385 1425 460">
     <span class='ocr_line' id='line_1_3' title="bbox 172 385 1425 460; baseline -0.001 -16"><span class='ocrx_word' id='word_1_4' title='bbox 172 388 382 460; x_wconf 84' lang='lat' dir='ltr'><strong>jeslatc</strong></span> <span class='ocrx_word' id='word_1_5' title='bbox 408 387 583 444; x_wconf 90' lang='lat' dir='ltr'><strong>Patris</strong></span> <span class='ocrx_word' id='word_1_6' title='bbox 1026 385 1344 460; x_wconf 81' lang='lat' dir='ltr'><strong>illiMoyses</strong></span> <span class='ocrx_word' id='word_1_7' title='bbox 1371 398 1425 444; x_wconf 89' lang='lat' dir='ltr'><strong>et</strong></span> 
     </span>
    </p>
   </div>
   <div class='ocr_carea' id='block_1_4' title="bbox 178 459 1358 529">
    <p class='ocr_par' dir='ltr' id='par_1_4' title="bbox 178 459 1358 529">
     <span class='ocr_line' id='line_1_4' title="bbox 178 459 1358 529; baseline -0.002 -14"><span class='ocrx_word' id='word_1_8' title='bbox 178 459 275 515; x_wconf 85' lang='lat' dir='ltr'><strong>sui</strong></span> <span class='ocrx_word' id='word_1_9' title='bbox 297 474 422 515; x_wconf 90' lang='lat' dir='ltr'><strong>cum</strong></span> <span class='ocrx_word' id='word_1_10' title='bbox 449 473 606 529; x_wconf 84' lang='lat' dir='ltr'><strong>ange-</strong></span> <span class='ocrx_word' id='word_1_11' title='bbox 1026 459 1209 515; x_wconf 84' lang='lat' dir='ltr'><strong>Helias</strong></span> <span class='ocrx_word' id='word_1_12' title='bbox 1223 459 1358 514; x_wconf 85' lang='lat' dir='ltr'><strong>cum</strong></span> 
     </span>
    </p>
   </div>
   <div class='ocr_carea' id='block_1_5' title="bbox 180 529 1426 602">
    <p class='ocr_par' dir='ltr' id='par_1_5' title="bbox 180 529 1426 602">
     <span class='ocr_line' id='line_1_5' title="bbox 180 529 1426 602; baseline 0 -15"><span class='ocrx_word' id='word_1_13' title='bbox 180 532 257 587; x_wconf 91' lang='lat' dir='ltr'><strong>lis</strong></span> <span class='ocrx_word' id='word_1_14' title='bbox 280 532 401 602; x_wconf 90' lang='lat' dir='ltr'><strong>ejus</strong></span> <span class='ocrx_word' id='word_1_15' title='bbox 424 549 438 585; x_wconf 88' lang='lat'><strong>:</strong></span> <span class='ocrx_word' id='word_1_16' title='bbox 460 540 511 585; x_wconf 89' lang='lat' dir='ltr'><strong>et</strong></span> <span class='ocrx_word' id='word_1_17' title='bbox 529 529 649 586; x_wconf 90' lang='lat' dir='ltr'><strong>red-</strong></span> <span class='ocrx_word' id='word_1_18' title='bbox 1024 545 1091 602; x_wconf 78' lang='lat' dir='ltr'><strong>eo</strong></span> <span class='ocrx_word' id='word_1_19' title='bbox 1118 531 1426 602; x_wconf 68' lang='lat' dir='ltr'><strong>loquentes.</strong></span> 
     </span>
    </p>
   </div>
   <div class='ocr_carea' id='block_1_6' title="bbox 177 599 1483 673">
    <p class='ocr_par' dir='ltr' id='par_1_6' title="bbox 177 599 1483 673">
     <span class='ocr_line' id='line_1_6' title="bbox 177 599 1483 673; baseline -0.002 -15"><span class='ocrx_word' id='word_1_20' title='bbox 177 602 282 658; x_wconf 86' lang='lat' dir='ltr'><strong>det</strong></span> <span class='ocrx_word' id='word_1_21' title='bbox 310 599 594 673; x_wconf 83' lang='lat' dir='ltr'><strong>unicuique</strong></span> <span class='ocrx_word' id='word_1_22' title='bbox 1025 600 1082 656; x_wconf 73' lang='grc' dir='ltr'><strong>ι.</strong></span> <span class='ocrx_word' id='word_1_23' title='bbox 1122 599 1483 673; x_wconf 75' lang='lat' dir='ltr'><strong>Respondens</strong></span> 
     </span>
    </p>
   </div>
   <div class='ocr_carea' id='block_1_7' title="bbox 174 671 1428 730">
    <p class='ocr_par' dir='ltr' id='par_1_7' title="bbox 174 671 1428 730">
     <span class='ocr_line' id='line_1_7' title="bbox 174 671 1428 730; baseline -0.002 -1"><span class='ocrx_word' id='word_1_24' title='bbox 174 674 487 730; x_wconf 80' lang='lat' dir='ltr'><strong>secundum</strong></span> <span class='ocrx_word' id='word_1_25' title='bbox 506 671 523 673; x_wconf 63' lang='grc'>⁷</span> <span class='ocrx_word' id='word_1_26' title='bbox 1025 679 1204 728; x_wconf 89' lang='lat' dir='ltr'><strong>autem</strong></span> <span class='ocrx_word' id='word_1_27' title='bbox 1235 671 1428 727; x_wconf 88' lang='lat' dir='ltr'><strong>Petrus</strong></span> 
     </span>
    </p>
   </div>
   <div class='ocr_carea' id='block_1_8' title="bbox 173 743 1515 815">
    <p class='ocr_par' dir='ltr' id='par_1_8' title="bbox 173 743 1515 815">
     <span class='ocr_line' id='line_1_8' title="bbox 173 743 1515 815; baseline -0.001 -16"><span class='ocrx_word' id='word_1_28' title='bbox 173 761 351 812; x_wconf 87' lang='lat' dir='ltr'><strong>upera</strong></span> <span class='ocrx_word' id='word_1_29' title='bbox 382 746 518 815; x_wconf 84' lang='lat' dir='ltr'><strong>ejus.</strong></span> <span class='ocrx_word' id='word_1_30' title='bbox 1027 744 1165 815; x_wconf 78' lang='lat' dir='ltr'><strong>dixit</strong></span> <span class='ocrx_word' id='word_1_31' title='bbox 1193 743 1261 799; x_wconf 88' lang='lat' dir='ltr'><strong>ad</strong></span> <span class='ocrx_word' id='word_1_32' title='bbox 1290 743 1473 800; x_wconf 80' lang='lat' dir='ltr'><strong>Jesnm</strong></span> <span class='ocrx_word' id='word_1_33' title='bbox 1501 759 1515 797; x_wconf 90' lang='lat'><strong>:</strong></span> 
     </span>
    </p>
   </div>
   <div class='ocr_carea' id='block_1_9' title="bbox 175 814 1515 887">
    <p class='ocr_par' dir='ltr' id='par_1_9' title="bbox 175 814 1515 887">
     <span class='ocr_line' id='line_1_9' title="bbox 175 814 1515 887; baseline -0.002 -14"><span class='ocrx_word' id='word_1_34' title='bbox 175 817 275 873; x_wconf 77' lang='lat'><strong>28.</strong></span> <span class='ocrx_word' id='word_1_35' title='bbox 320 814 494 873; x_wconf 76' lang='lat' dir='ltr'><strong>Anien</strong></span> <span class='ocrx_word' id='word_1_36' title='bbox 516 816 641 872; x_wconf 88' lang='lat' dir='ltr'><strong>dico</strong></span> <span class='ocrx_word' id='word_1_37' title='bbox 663 817 849 887; x_wconf 89' lang='lat' dir='ltr'><strong>vobis,</strong></span> <span class='ocrx_word' id='word_1_38' title='bbox 1028 814 1279 887; x_wconf 84' lang='lat' dir='ltr'><strong>Domine,</strong></span> <span class='ocrx_word' id='word_1_39' title='bbox 1313 816 1515 871; x_wconf 89' lang='lat' dir='ltr'><strong>bonum</strong></span> 
     </span>
    </p>
   </div>
   <div class='ocr_carea' id='block_1_10' title="bbox 177 886 1352 959">
    <p class='ocr_par' dir='ltr' id='par_1_10' title="bbox 177 886 1352 959">
     <span class='ocr_line' id='line_1_10' title="bbox 177 886 1352 959; baseline -0.001 -16"><span class='ocrx_word' id='word_1_40' title='bbox 177 898 311 943; x_wconf 84' lang='lat' dir='ltr'><strong>sunt</strong></span> <span class='ocrx_word' id='word_1_41' title='bbox 334 889 498 959; x_wconf 78' lang='lat' dir='ltr'><strong>aliqui</strong></span> <span class='ocrx_word' id='word_1_42' title='bbox 523 889 594 944; x_wconf 90' lang='lat' dir='ltr'><strong>de</strong></span> <span class='ocrx_word' id='word_1_43' title='bbox 1023 893 1110 943; x_wconf 89' lang='lat' dir='ltr'><strong>est</strong></span> <span class='ocrx_word' id='word_1_44' title='bbox 1134 900 1235 941; x_wconf 90' lang='lat' dir='ltr'><strong>nos</strong></span> <span class='ocrx_word' id='word_1_45' title='bbox 1260 886 1352 959; x_wconf 85' lang='lat' dir='ltr'><strong>hic</strong></span> 
     </span>
    </p>
   </div>
   <div class='ocr_carea' id='block_1_11' title="bbox 176 956 1503 1026">
    <p class='ocr_par' dir='ltr' id='par_1_11' title="bbox 176 956 1503 1026">
     <span class='ocr_line' id='line_1_11' title="bbox 176 956 1503 1026; baseline -0.001 -11"><span class='ocrx_word' id='word_1_46' title='bbox 176 959 305 1015; x_wconf 91' lang='lat' dir='ltr'><strong>istis</strong></span> <span class='ocrx_word' id='word_1_47' title='bbox 330 956 591 1015; x_wconf 82' lang='lat' dir='ltr'><strong>adstanti-</strong></span> <span class='ocrx_word' id='word_1_48' title='bbox 1025 972 1147 1014; x_wconf 85' lang='lat' dir='ltr'><strong>esse</strong></span> <span class='ocrx_word' id='word_1_49' title='bbox 1182 975 1196 1012; x_wconf 91' lang='lat'><strong>:</strong></span> <span class='ocrx_word' id='word_1_50' title='bbox 1225 957 1274 1013; x_wconf 89' lang='lat' dir='ltr'><strong>si</strong></span> <span class='ocrx_word' id='word_1_51' title='bbox 1295 959 1400 1026; x_wconf 88' lang='lat' dir='ltr'><strong>vis,</strong></span> <span class='ocrx_word' id='word_1_52' title='bbox 1427 956 1503 1014; x_wconf 82' lang='lat' dir='ltr'><strong>fa-</strong></span> 
     </span>
    </p>
   </div>
   <div class='ocr_carea' id='block_1_12' title="bbox 175 1029 1343 1103">
    <p class='ocr_par' dir='ltr' id='par_1_12' title="bbox 175 1029 1343 1103">
     <span class='ocr_line' id='line_1_12' title="bbox 175 1029 1343 1103; baseline 0 -18"><span class='ocrx_word' id='word_1_53' title='bbox 175 1029 307 1103; x_wconf 88' lang='lat' dir='ltr'><strong>bus,</strong></span> <span class='ocrx_word' id='word_1_54' title='bbox 342 1032 433 1102; x_wconf 89' lang='lat' dir='ltr'><strong>qui</strong></span> <span class='ocrx_word' id='word_1_55' title='bbox 467 1047 576 1086; x_wconf 90' lang='lat' dir='ltr'><strong>non</strong></span> <span class='ocrx_word' id='word_1_56' title='bbox 606 1046 736 1103; x_wconf 84' lang='lat' dir='ltr'><strong>gus-</strong></span> <span class='ocrx_word' id='word_1_57' title='bbox 1024 1031 1234 1103; x_wconf 77' lang='lat' dir='ltr'><strong>ciamus</strong></span> <span class='ocrx_word' id='word_1_58' title='bbox 1256 1031 1343 1085; x_wconf 89' lang='lat' dir='ltr'><strong>hic</strong></span> 
     </span>
    </p>
   </div>
   <div class='ocr_carea' id='block_1_13' title="bbox 174 1102 661 1170">
    <p class='ocr_par' dir='ltr' id='par_1_13' title="bbox 174 1102 661 1170">
     <span class='ocr_line' id='line_1_13' title="bbox 174 1102 661 1170; baseline 0.004 -15"><span class='ocrx_word' id='word_1_59' title='bbox 174 1102 386 1158; x_wconf 87' lang='lat' dir='ltr'><strong>tabunt</strong></span> <span class='ocrx_word' id='word_1_60' title='bbox 408 1102 661 1170; x_wconf 80' lang='lat' dir='ltr'><strong>mortem,</strong></span> 
     </span>
    </p>
   </div>
   <div class='ocr_carea' id='block_1_14' title="bbox 173 1172 603 1230">
    <p class='ocr_par' dir='ltr' id='par_1_14' title="bbox 173 1172 603 1230">
     <span class='ocr_line' id='line_1_14' title="bbox 173 1172 603 1230; baseline 0.009 -4"><span class='ocrx_word' id='word_1_61' title='bbox 173 1172 366 1229; x_wconf 86' lang='lat' dir='ltr'><strong>donec</strong></span> <span class='ocrx_word' id='word_1_62' title='bbox 384 1174 603 1230; x_wconf 81' lang='lat' dir='ltr'><strong>videant</strong></span> 
     </span>
    </p>
   </div>
   <div class='ocr_carea' id='block_1_15' title="bbox 173 1243 585 1301">
    <p class='ocr_par' dir='ltr' id='par_1_15' title="bbox 173 1243 585 1301">
     <span class='ocr_line' id='line_1_15' title="bbox 173 1243 585 1301; baseline 0.007 -4"><span class='ocrx_word' id='word_1_63' title='bbox 173 1243 385 1301; x_wconf 79' lang='lat' dir='ltr'><strong>Filium</strong></span> <span class='ocrx_word' id='word_1_64' title='bbox 414 1246 585 1300; x_wconf 86' lang='lat' dir='ltr'><strong>homi—</strong></span> 
     </span>
    </p>
   </div>
   <div class='ocr_carea' id='block_1_16' title="bbox 173 1315 615 1374">
    <p class='ocr_par' dir='ltr' id='par_1_16' title="bbox 173 1315 615 1374">
     <span class='ocr_line' id='line_1_16' title="bbox 173 1315 615 1374; baseline 0.009 -4"><span class='ocrx_word' id='word_1_65' title='bbox 173 1315 265 1371; x_wconf 87' lang='lat' dir='ltr'><strong>nis</strong></span> <span class='ocrx_word' id='word_1_66' title='bbox 296 1318 615 1374; x_wconf 78' lang='lat' dir='ltr'><strong>venientem</strong></span> 
     </span>
    </p>
   </div>
   <div class='ocr_carea' id='block_1_17' title="bbox 172 1387 560 1460">
    <p class='ocr_par' dir='ltr' id='par_1_17' title="bbox 172 1387 560 1460">
     <span class='ocr_line' id='line_1_17' title="bbox 172 1387 560 1460; baseline 0.015 -20"><span class='ocrx_word' id='word_1_67' title='bbox 172 1387 228 1441; x_wconf 90' lang='lat' dir='ltr'><strong>in</strong></span> <span class='ocrx_word' id='word_1_68' title='bbox 265 1389 560 1460; x_wconf 77' lang='lat' dir='ltr'><strong>majestate</strong></span> 
     </span>
    </p>
   </div>
   <div class='ocr_carea' id='block_1_18' title="bbox 357 1501 805 1560">
    <p class='ocr_par' dir='ltr' id='par_1_18' title="bbox 357 1501 805 1560">
     <span class='ocr_line' id='line_1_18' title="bbox 357 1501 805 1560; baseline -0.007 0"><span class='ocrx_word' id='word_1_69' title='bbox 357 1501 588 1560; x_wconf 80' lang='lat' dir='ltr'><strong>CAPUT</strong></span> <span class='ocrx_word' id='word_1_70' title='bbox 638 1501 805 1560; x_wconf 75' lang='lat' dir='ltr'><strong>XVII.</strong></span> 
     </span>
    </p>
   </div>
   <div class='ocr_carea' id='block_1_19' title="bbox 245 1595 813 1670">
    <p class='ocr_par' dir='ltr' id='par_1_19' title="bbox 245 1595 813 1670">
     <span class='ocr_line' id='line_1_19' title="bbox 245 1595 813 1670; baseline -0.007 -13"><span class='ocrx_word' id='word_1_71' title='bbox 245 1600 305 1657; x_wconf 71' lang='grc' dir='ltr'><strong>Ι.</strong></span> <span class='ocrx_word' id='word_1_72' title='bbox 354 1613 473 1653; x_wconf 83' lang='lat' dir='ltr'><strong>sua.</strong></span> <span class='ocrx_word' id='word_1_73' title='bbox 496 1596 578 1670; x_wconf 65' lang='lat' dir='ltr'><strong>(ti)</strong></span> <span class='ocrx_word' id='word_1_74' title='bbox 604 1597 674 1655; x_wconf 81' lang='lat' dir='ltr'><strong>Et</strong></span> <span class='ocrx_word' id='word_1_75' title='bbox 699 1595 813 1653; x_wconf 86' lang='lat' dir='ltr'><strong>fac-</strong></span> 
     </span>
    </p>
   </div>
   <div class='ocr_carea' id='block_1_20' title="bbox 170 1670 777 1741">
    <p class='ocr_par' dir='ltr' id='par_1_20' title="bbox 170 1670 777 1741">
     <span class='ocr_line' id='line_1_20' title="bbox 170 1670 777 1741; baseline 0.002 -17"><span class='ocrx_word' id='word_1_76' title='bbox 170 1679 293 1725; x_wconf 88' lang='lat' dir='ltr'><strong>tum</strong></span> <span class='ocrx_word' id='word_1_77' title='bbox 331 1681 419 1726; x_wconf 83' lang='lat' dir='ltr'><strong>est</strong></span> <span class='ocrx_word' id='word_1_78' title='bbox 438 1670 484 1741; x_wconf 65' lang='grc' dir='ltr'><strong>-ι-</strong></span> <span class='ocrx_word' id='word_1_79' title='bbox 511 1679 631 1739; x_wconf 89' lang='lat' dir='ltr'><strong>post</strong></span> <span class='ocrx_word' id='word_1_80' title='bbox 657 1670 777 1725; x_wconf 86' lang='lat' dir='ltr'><strong>dies</strong></span> 
     </span>
    </p>
   </div>
   <div class='ocr_carea' id='block_1_21' title="bbox 167 1742 629 1813">
    <p class='ocr_par' dir='ltr' id='par_1_21' title="bbox 167 1742 629 1813">
     <span class='ocr_line' id='line_1_21' title="bbox 167 1742 629 1813; baseline -0.006 -16"><span class='ocrx_word' id='word_1_81' title='bbox 167 1758 272 1797; x_wconf 79' lang='lat' dir='ltr'><strong>sex</strong></span> <span class='ocrx_word' id='word_1_82' title='bbox 313 1742 629 1813; x_wconf 71' lang='lat' dir='ltr'><strong>adsumpsit</strong></span> 
     </span>
    </p>
   </div>
   <div class='ocr_carea' id='block_1_22' title="bbox 166 1812 613 1879">
    <p class='ocr_par' dir='ltr' id='par_1_22' title="bbox 166 1812 613 1879">
     <span class='ocr_line' id='line_1_22' title="bbox 166 1812 613 1879; baseline -0.002 -11"><span class='ocrx_word' id='word_1_83' title='bbox 166 1813 347 1869; x_wconf 82' lang='lat' dir='ltr'><strong>Jesus</strong></span> <span class='ocrx_word' id='word_1_84' title='bbox 368 1812 613 1879; x_wconf 87' lang='lat' dir='ltr'><strong>Petrum,</strong></span> 
     </span>
    </p>
   </div>
   <div class='ocr_carea' id='block_1_23' title="bbox 164 1884 629 1951">
    <p class='ocr_par' dir='ltr' id='par_1_23' title="bbox 164 1884 629 1951">
     <span class='ocr_line' id='line_1_23' title="bbox 164 1884 629 1951; baseline 0 -12"><span class='ocrx_word' id='word_1_85' title='bbox 164 1894 221 1939; x_wconf 90' lang='lat' dir='ltr'><strong>et</strong></span> <span class='ocrx_word' id='word_1_86' title='bbox 238 1884 542 1951; x_wconf 68' lang='lat' dir='ltr'><strong>lambunt,</strong></span> <span class='ocrx_word' id='word_1_87' title='bbox 572 1894 629 1939; x_wconf 84' lang='lat' dir='ltr'><strong>et</strong></span> 
     </span>
    </p>
   </div>
   <div class='ocr_carea' id='block_1_24' title="bbox 162 1958 478 2011">
    <p class='ocr_par' dir='ltr' id='par_1_24' title="bbox 162 1958 478 2011">
     <span class='ocr_line' id='line_1_24' title="bbox 162 1958 478 2011; baseline -0.006 0"><span class='ocrx_word' id='word_1_88' title='bbox 162 1958 478 2011; x_wconf 79' lang='lat' dir='ltr'><strong>Johannen</strong></span> 
     </span>
    </p>
   </div>
   <div class='ocr_carea' id='block_1_25' title="bbox 167 2025 582 2097">
    <p class='ocr_par' dir='ltr' id='par_1_25' title="bbox 167 2025 582 2097">
     <span class='ocr_line' id='line_1_25' title="bbox 167 2025 582 2097; baseline 0 -16"><span class='ocrx_word' id='word_1_89' title='bbox 167 2026 422 2083; x_wconf 76' lang='lat' dir='ltr'><strong>fratrem</strong></span> <span class='ocrx_word' id='word_1_90' title='bbox 446 2025 582 2097; x_wconf 80' lang='lat' dir='ltr'><strong>ejus,</strong></span> 
     </span>
    </p>
   </div>
   <div class='ocr_carea' id='block_1_26' title="bbox 160 2098 565 2154">
    <p class='ocr_par' dir='ltr' id='par_1_26' title="bbox 160 2098 565 2154">
     <span class='ocr_line' id='line_1_26' title="bbox 160 2098 565 2154; baseline -0.007 0"><span class='ocrx_word' id='word_1_91' title='bbox 160 2109 218 2154; x_wconf 89' lang='lat' dir='ltr'><strong>et</strong></span> <span class='ocrx_word' id='word_1_92' title='bbox 242 2098 565 2153; x_wconf 74' lang='lat' dir='ltr'><strong>duxitillos</strong></span> 
     </span>
    </p>
   </div>
   <div class='ocr_carea' id='block_1_27' title="bbox 163 2172 523 2225">
    <p class='ocr_par' dir='ltr' id='par_1_27' title="bbox 163 2172 523 2225">
     <span class='ocr_line' id='line_1_27' title="bbox 163 2172 523 2225; baseline -0.006 0"><span class='ocrx_word' id='word_1_93' title='bbox 163 2172 220 2225; x_wconf 92' lang='lat' dir='ltr'><strong>in</strong></span> <span class='ocrx_word' id='word_1_94' title='bbox 249 2178 523 2225; x_wconf 85' lang='lat' dir='ltr'><strong>montem</strong></span> 
     </span>
    </p>
   </div>
   <div class='ocr_carea' id='block_1_28' title="bbox 163 2242 603 2299">
    <p class='ocr_par' dir='ltr' id='par_1_28' title="bbox 163 2242 603 2299">
     <span class='ocr_line' id='line_1_28' title="bbox 163 2242 603 2299; baseline -0.005 -1"><span class='ocrx_word' id='word_1_95' title='bbox 163 2242 478 2299; x_wconf 79' lang='lat' dir='ltr'><strong>excelsum</strong></span> <span class='ocrx_word' id='word_1_96' title='bbox 516 2254 603 2296; x_wconf 82' lang='lat' dir='ltr'><strong>se-</strong></span> 
     </span>
    </p>
   </div>
   <div class='ocr_carea' id='block_1_29' title="bbox 161 2313 810 2369">
    <p class='ocr_par' dir='ltr' id='par_1_29' title="bbox 161 2313 810 2369">
     <span class='ocr_line' id='line_1_29' title="bbox 161 2313 810 2369; baseline 0 -1"><span class='ocrx_word' id='word_1_97' title='bbox 161 2313 221 2368; x_wconf 72' lang='lat'><strong>2.</strong></span> <span class='ocrx_word' id='word_1_98' title='bbox 270 2325 476 2369; x_wconf 67' lang='lat' dir='ltr'><strong>orsum</strong></span> <span class='ocrx_word' id='word_1_99' title='bbox 505 2330 518 2365; x_wconf 92' lang='lat'><strong>:</strong></span> <span class='ocrx_word' id='word_1_100' title='bbox 549 2319 604 2368; x_wconf 88' lang='lat' dir='ltr'><strong>et</strong></span> <span class='ocrx_word' id='word_1_101' title='bbox 633 2322 810 2368; x_wconf 80' lang='lat' dir='ltr'><strong>trans-</strong></span> 
     </span>
    </p>
   </div>
   <div class='ocr_carea' id='block_1_30' title="bbox 1025 1100 1416 1156">
    <p class='ocr_par' dir='ltr' id='par_1_30' title="bbox 1025 1100 1416 1156">
     <span class='ocr_line' id='line_1_30' title="bbox 1025 1100 1416 1156; baseline 0.003 -1"><span class='ocrx_word' id='word_1_102' title='bbox 1025 1100 1130 1156; x_wconf 88' lang='lat' dir='ltr'><strong>tria</strong></span> <span class='ocrx_word' id='word_1_103' title='bbox 1161 1101 1416 1156; x_wconf 86' lang='lat' dir='ltr'><strong>taberna-</strong></span> 
     </span>
    </p>
   </div>
   <div class='ocr_carea' id='block_1_31' title="bbox 1025 1173 1508 1239">
    <p class='ocr_par' dir='ltr' id='par_1_31' title="bbox 1025 1173 1508 1239">
     <span class='ocr_line' id='line_1_31' title="bbox 1025 1173 1508 1239; baseline 0 -12"><span class='ocrx_word' id='word_1_104' title='bbox 1025 1174 1167 1235; x_wconf 88' lang='lat' dir='ltr'><strong>cula,</strong></span> <span class='ocrx_word' id='word_1_105' title='bbox 1194 1173 1289 1227; x_wconf 84' lang='lat' dir='ltr'><strong>tibi</strong></span> <span class='ocrx_word' id='word_1_106' title='bbox 1323 1186 1508 1239; x_wconf 90' lang='lat' dir='ltr'><strong>unum,</strong></span> 
     </span>
    </p>
   </div>
   <div class='ocr_carea' id='block_1_32' title="bbox 1025 1243 1497 1309">
    <p class='ocr_par' dir='ltr' id='par_1_32' title="bbox 1025 1243 1497 1309">
     <span class='ocr_line' id='line_1_32' title="bbox 1025 1243 1497 1309; baseline -0.004 -10"><span class='ocrx_word' id='word_1_107' title='bbox 1025 1253 1079 1299; x_wconf 89' lang='lat' dir='ltr'><strong>et</strong></span> <span class='ocrx_word' id='word_1_108' title='bbox 1106 1243 1278 1309; x_wconf 81' lang='lat' dir='ltr'><strong>Moysi</strong></span> <span class='ocrx_word' id='word_1_109' title='bbox 1307 1258 1497 1309; x_wconf 90' lang='lat' dir='ltr'><strong>unum,</strong></span> 
     </span>
    </p>
   </div>
   <div class='ocr_carea' id='block_1_33' title="bbox 1026 1315 1505 1370">
    <p class='ocr_par' dir='ltr' id='par_1_33' title="bbox 1026 1315 1505 1370">
     <span class='ocr_line' id='line_1_33' title="bbox 1026 1315 1505 1370; baseline 0.002 -2"><span class='ocrx_word' id='word_1_110' title='bbox 1026 1324 1081 1368; x_wconf 82' lang='lat' dir='ltr'><strong>ot</strong></span> <span class='ocrx_word' id='word_1_111' title='bbox 1113 1315 1296 1369; x_wconf 83' lang='lat' dir='ltr'><strong>Heliae</strong></span> <span class='ocrx_word' id='word_1_112' title='bbox 1316 1330 1505 1370; x_wconf 91' lang='lat' dir='ltr'><strong>unum.</strong></span> 
     </span>
    </p>
   </div>
   <div class='ocr_carea' id='block_1_34' title="bbox 1025 1385 1518 1442">
    <p class='ocr_par' dir='ltr' id='par_1_34' title="bbox 1025 1385 1518 1442">
     <span class='ocr_line' id='line_1_34' title="bbox 1025 1385 1518 1442; baseline 0 0"><span class='ocrx_word' id='word_1_113' title='bbox 1025 1386 1081 1442; x_wconf 84' lang='lat'><strong>5.</strong></span> <span class='ocrx_word' id='word_1_114' title='bbox 1120 1385 1316 1441; x_wconf 81' lang='lat' dir='ltr'><strong>Adhuc</strong></span> <span class='ocrx_word' id='word_1_115' title='bbox 1343 1401 1410 1441; x_wconf 89' lang='lat' dir='ltr'><strong>eo</strong></span> <span class='ocrx_word' id='word_1_116' title='bbox 1436 1386 1518 1442; x_wconf 88' lang='lat' dir='ltr'><strong>lo-</strong></span> 
     </span>
    </p>
   </div>
   <div class='ocr_carea' id='block_1_35' title="bbox 1023 1469 1399 1528">
    <p class='ocr_par' dir='ltr' id='par_1_35' title="bbox 1023 1469 1399 1528">
     <span class='ocr_line' id='line_1_35' title="bbox 1023 1469 1399 1528; baseline 0.003 -16"><span class='ocrx_word' id='word_1_117' title='bbox 1023 1469 1249 1528; x_wconf 88' lang='lat' dir='ltr'><strong>quente,</strong></span> <span class='ocrx_word' id='word_1_118' title='bbox 1267 1472 1399 1513; x_wconf 91' lang='lat' dir='ltr'><strong>ecce</strong></span> 
     </span>
    </p>
   </div>
   <div class='ocr_carea' id='block_1_36' title="bbox 1029 1528 1367 1585">
    <p class='ocr_par' dir='ltr' id='par_1_36' title="bbox 1029 1528 1367 1585">
     <span class='ocr_line' id='line_1_36' title="bbox 1029 1528 1367 1585; baseline 0.006 -3"><span class='ocrx_word' id='word_1_119' title='bbox 1029 1528 1168 1585; x_wconf 88' lang='lat' dir='ltr'><strong>nubs</strong></span> <span class='ocrx_word' id='word_1_120' title='bbox 1190 1528 1367 1584; x_wconf 84' lang='lat' dir='ltr'><strong>lucida</strong></span> 
     </span>
    </p>
   </div>
   <div class='ocr_carea' id='block_1_37' title="bbox 1026 1599 1359 1655">
    <p class='ocr_par' dir='ltr' id='par_1_37' title="bbox 1026 1599 1359 1655">
     <span class='ocr_line' id='line_1_37' title="bbox 1026 1599 1359 1655; baseline 0 0"><span class='ocrx_word' id='word_1_121' title='bbox 1026 1599 1359 1655; x_wconf 88' lang='lat' dir='ltr'><strong>inumbravit</strong></span> 
     </span>
    </p>
   </div>
   <div class='ocr_carea' id='block_1_38' title="bbox 916 1671 1521 1727">
    <p class='ocr_par' dir='ltr' id='par_1_38' title="bbox 916 1671 1521 1727">
     <span class='ocr_line' id='line_1_38' title="bbox 916 1671 1521 1727; baseline -0.002 0"><span class='ocrx_word' id='word_1_122' title='bbox 916 1696 919 1705; x_wconf 92' lang='grc'><strong>·</strong></span> <span class='ocrx_word' id='word_1_123' title='bbox 1026 1685 1141 1727; x_wconf 91' lang='lat' dir='ltr'><strong>eos.</strong></span> <span class='ocrx_word' id='word_1_124' title='bbox 1170 1671 1237 1726; x_wconf 88' lang='lat' dir='ltr'><strong>Et</strong></span> <span class='ocrx_word' id='word_1_125' title='bbox 1269 1686 1396 1727; x_wconf 88' lang='lat' dir='ltr'><strong>ecce</strong></span> <span class='ocrx_word' id='word_1_126' title='bbox 1418 1685 1521 1727; x_wconf 83' lang='lat' dir='ltr'><strong>vox</strong></span> 
     </span>
    </p>
   </div>
   <div class='ocr_carea' id='block_1_39' title="bbox 1026 1741 1431 1800">
    <p class='ocr_par' dir='ltr' id='par_1_39' title="bbox 1026 1741 1431 1800">
     <span class='ocr_line' id='line_1_39' title="bbox 1026 1741 1431 1800; baseline 0 -3"><span class='ocrx_word' id='word_1_127' title='bbox 1026 1741 1095 1798; x_wconf 89' lang='lat' dir='ltr'><strong>de</strong></span> <span class='ocrx_word' id='word_1_128' title='bbox 1117 1745 1260 1800; x_wconf 86' lang='lat' dir='ltr'><strong>nube</strong></span> <span class='ocrx_word' id='word_1_129' title='bbox 1278 1742 1431 1799; x_wconf 87' lang='lat' dir='ltr'><strong>andi-</strong></span> 
     </span>
    </p>
   </div>
   <div class='ocr_carea' id='block_1_40' title="bbox 1027 1815 1469 1881">
    <p class='ocr_par' dir='ltr' id='par_1_40' title="bbox 1027 1815 1469 1881">
     <span class='ocr_line' id='line_1_40' title="bbox 1027 1815 1469 1881; baseline 0.007 -13"><span class='ocrx_word' id='word_1_130' title='bbox 1027 1822 1207 1881; x_wconf 44' lang='lat' dir='ltr'><strong>ta‘est,</strong></span> <span class='ocrx_word' id='word_1_131' title='bbox 1241 1815 1428 1870; x_wconf 80' lang='lat' dir='ltr'><strong>dicens</strong></span> <span class='ocrx_word' id='word_1_132' title='bbox 1454 1832 1469 1871; x_wconf 71' lang='grc' dir='ltr'>ε</span> 
     </span>
    </p>
   </div>
   <div class='ocr_carea' id='block_1_41' title="bbox 1029 1884 1381 1941">
    <p class='ocr_par' dir='ltr' id='par_1_41' title="bbox 1029 1884 1381 1941">
     <span class='ocr_line' id='line_1_41' title="bbox 1029 1884 1381 1941; baseline -0.003 -1"><span class='ocrx_word' id='word_1_133' title='bbox 1029 1884 1125 1941; x_wconf 88' lang='lat' dir='ltr'><strong>Hic</strong></span> <span class='ocrx_word' id='word_1_134' title='bbox 1150 1896 1237 1941; x_wconf 89' lang='lat' dir='ltr'><strong>est</strong></span> <span class='ocrx_word' id='word_1_135' title='bbox 1253 1885 1381 1941; x_wconf 86' lang='lat' dir='ltr'><strong>Fili-</strong></span> 
     </span>
    </p>
   </div>
   <div class='ocr_carea' id='block_1_42' title="bbox 1028 1958 1455 2013">
    <p class='ocr_par' dir='ltr' id='par_1_42' title="bbox 1028 1958 1455 2013">
     <span class='ocr_line' id='line_1_42' title="bbox 1028 1958 1455 2013; baseline 0.002 -2"><span class='ocrx_word' id='word_1_136' title='bbox 1028 1972 1091 2013; x_wconf 89' lang='lat' dir='ltr'><strong>us</strong></span> <span class='ocrx_word' id='word_1_137' title='bbox 1119 1972 1273 2012; x_wconf 88' lang='lat' dir='ltr'><strong>meus</strong></span> <span class='ocrx_word' id='word_1_138' title='bbox 1289 1958 1455 2012; x_wconf 88' lang='lat' dir='ltr'><strong>dilec-</strong></span> 
     </span>
    </p>
   </div>
   <div class='ocr_carea' id='block_1_43' title="bbox 1026 2030 1489 2099">
    <p class='ocr_par' dir='ltr' id='par_1_43' title="bbox 1026 2030 1489 2099">
     <span class='ocr_line' id='line_1_43' title="bbox 1026 2030 1489 2099; baseline 0.004 -17"><span class='ocrx_word' id='word_1_139' title='bbox 1026 2036 1133 2093; x_wconf 89' lang='lat' dir='ltr'><strong>ttts,</strong></span> <span class='ocrx_word' id='word_1_140' title='bbox 1166 2030 1219 2083; x_wconf 92' lang='lat' dir='ltr'><strong>in</strong></span> <span class='ocrx_word' id='word_1_141' title='bbox 1249 2044 1356 2099; x_wconf 91' lang='lat' dir='ltr'><strong>quo</strong></span> <span class='ocrx_word' id='word_1_142' title='bbox 1387 2030 1489 2084; x_wconf 88' lang='lat' dir='ltr'><strong>uti-</strong></span> 
     </span>
    </p>
   </div>
   <div class='ocr_carea' id='block_1_44' title="bbox 1030 2100 1419 2155">
    <p class='ocr_par' dir='ltr' id='par_1_44' title="bbox 1030 2100 1419 2155">
     <span class='ocr_line' id='line_1_44' title="bbox 1030 2100 1419 2155; baseline -0.003 0"><span class='ocrx_word' id='word_1_143' title='bbox 1030 2100 1083 2155; x_wconf 88' lang='lat' dir='ltr'><strong>hi</strong></span> <span class='ocrx_word' id='word_1_144' title='bbox 1113 2100 1250 2155; x_wconf 83' lang='lat' dir='ltr'><strong>bene</strong></span> <span class='ocrx_word' id='word_1_145' title='bbox 1269 2115 1419 2155; x_wconf 90' lang='lat' dir='ltr'><strong>com-</strong></span> 
     </span>
    </p>
   </div>
   <div class='ocr_carea' id='block_1_45' title="bbox 1029 2171 1451 2243">
    <p class='ocr_par' dir='ltr' id='par_1_45' title="bbox 1029 2171 1451 2243">
     <span class='ocr_line' id='line_1_45' title="bbox 1029 2171 1451 2243; baseline -0.002 -16"><span class='ocrx_word' id='word_1_146' title='bbox 1029 2171 1207 2243; x_wconf 90' lang='lat' dir='ltr'><strong>placni</strong></span> <span class='ocrx_word' id='word_1_147' title='bbox 1234 2189 1248 2226; x_wconf 90' lang='lat'><strong>:</strong></span> <span class='ocrx_word' id='word_1_148' title='bbox 1274 2177 1451 2242; x_wconf 89' lang='lat' dir='ltr'><strong>ipsum</strong></span> 
     </span>
    </p>
   </div>
   <div class='ocr_carea' id='block_1_46' title="bbox 1027 2243 1235 2298">
    <p class='ocr_par' dir='ltr' id='par_1_46' title="bbox 1027 2243 1235 2298">
     <span class='ocr_line' id='line_1_46' title="bbox 1027 2243 1235 2298; baseline -0.014 0"><span class='ocrx_word' id='word_1_149' title='bbox 1027 2243 1235 2298; x_wconf 83' lang='lat' dir='ltr'><strong>audite.</strong></span> 
     </span>
    </p>
   </div>
   <div class='ocr_carea' id='block_1_47' title="bbox 1029 2313 1497 2372">
    <p class='ocr_par' dir='ltr' id='par_1_47' title="bbox 1029 2313 1497 2372">
     <span class='ocr_line' id='line_1_47' title="bbox 1029 2313 1497 2372; baseline 0.002 -2"><span class='ocrx_word' id='word_1_150' title='bbox 1029 2315 1083 2370; x_wconf 89' lang='lat'><strong>6.</strong></span> <span class='ocrx_word' id='word_1_151' title='bbox 1125 2313 1195 2369; x_wconf 90' lang='lat' dir='ltr'><strong>Et</strong></span> <span class='ocrx_word' id='word_1_152' title='bbox 1213 2313 1497 2372; x_wconf 81' lang='lat' dir='ltr'><strong>audientes</strong></span> 
     </span>
    </p>
   </div>
   <div class='ocr_carea' id='block_1_48' title="bbox 165 2385 1399 2456">
    <p class='ocr_par' dir='ltr' id='par_1_48' title="bbox 165 2385 1399 2456">
     <span class='ocr_line' id='line_1_48' title="bbox 165 2385 1399 2456; baseline 0.002 -18"><span class='ocrx_word' id='word_1_153' title='bbox 165 2386 485 2456; x_wconf 76' lang='lat' dir='ltr'><strong>ﬁguratum</strong></span> <span class='ocrx_word' id='word_1_154' title='bbox 603 2453 613 2456; x_wconf 17' lang='grc' dir='ltr'><strong>Α</strong></span> <span class='ocrx_word' id='word_1_155' title='bbox 1029 2385 1278 2456; x_wconf 80' lang='lat' dir='ltr'><strong>discipuli</strong></span> <span class='ocrx_word' id='word_1_156' title='bbox 1308 2400 1399 2440; x_wconf 86' lang='lat' dir='ltr'><strong>ce-</strong></span> 
     </span>
    </p>
   </div>
   <div class='ocr_carea' id='block_1_49' title="bbox 167 2453 1358 2527">
    <p class='ocr_par' dir='ltr' id='par_1_49' title="bbox 167 2453 1358 2527">
     <span class='ocr_line' id='line_1_49' title="bbox 167 2453 1358 2527; baseline -0.002 -15"><span class='ocrx_word' id='word_1_157' title='bbox 167 2453 261 2512; x_wconf 75' lang='lat' dir='ltr'><strong>est</strong></span> <span class='ocrx_word' id='word_1_158' title='bbox 293 2455 384 2527; x_wconf 76' lang='grc' dir='ltr'><strong>(ε)</strong></span> <span class='ocrx_word' id='word_1_159' title='bbox 409 2453 564 2510; x_wconf 81' lang='lat' dir='ltr'><strong>Jesns</strong></span> <span class='ocrx_word' id='word_1_160' title='bbox 588 2453 629 2526; x_wconf 61' lang='grc' dir='ltr'><strong>«ι-</strong></span> <span class='ocrx_word' id='word_1_161' title='bbox 646 2462 775 2512; x_wconf 83' lang='lat' dir='ltr'><strong>ante</strong></span> <span class='ocrx_word' id='word_1_162' title='bbox 1028 2453 1278 2512; x_wconf 83' lang='lat' dir='ltr'><strong>cidernnt</strong></span> <span class='ocrx_word' id='word_1_163' title='bbox 1307 2458 1358 2511; x_wconf 92' lang='lat' dir='ltr'><strong>in</strong></span> 
     </span>
    </p>
   </div>
   <div class='ocr_carea' id='block_1_50' title="bbox 168 2526 1430 2598">
    <p class='ocr_par' dir='ltr' id='par_1_50' title="bbox 168 2526 1430 2598">
     <span class='ocr_line' id='line_1_50' title="bbox 168 2526 1430 2598; baseline 0 -15"><span class='ocrx_word' id='word_1_164' title='bbox 168 2526 319 2583; x_wconf 50' lang='lat' dir='ltr'><strong>eos;</strong></span> <span class='ocrx_word' id='word_1_165' title='bbox 345 2526 416 2598; x_wconf 71' lang='lat' dir='ltr'><strong>Et</strong></span> <span class='ocrx_word' id='word_1_166' title='bbox 438 2527 684 2598; x_wconf 85' lang='lat' dir='ltr'><strong>resplen-</strong></span> <span class='ocrx_word' id='word_1_167' title='bbox 1027 2528 1220 2583; x_wconf 89' lang='lat' dir='ltr'><strong>faciem</strong></span> <span class='ocrx_word' id='word_1_168' title='bbox 1253 2544 1430 2598; x_wconf 86' lang='lat' dir='ltr'><strong>suam,</strong></span> 
     </span>
    </p>
   </div>
   <div class='ocr_carea' id='block_1_51' title="bbox 1028 2601 1401 2655">
    <p class='ocr_par' dir='ltr' id='par_1_51' title="bbox 1028 2601 1401 2655">
     <span class='ocr_line' id='line_1_51' title="bbox 1028 2601 1401 2655; baseline 0 0"><span class='ocrx_word' id='word_1_169' title='bbox 1028 2610 1081 2655; x_wconf 91' lang='lat' dir='ltr'><strong>et</strong></span> <span class='ocrx_word' id='word_1_170' title='bbox 1104 2601 1401 2655; x_wconf 90' lang='lat' dir='ltr'><strong>timuerunt</strong></span> 
     </span>
    </p>
   </div>
   <div class='ocr_carea' id='block_1_52' title="bbox 1030 2671 1522 2727">
    <p class='ocr_par' dir='ltr' id='par_1_52' title="bbox 1030 2671 1522 2727">
     <span class='ocr_line' id='line_1_52' title="bbox 1030 2671 1522 2727; baseline 0.004 -2"><span class='ocrx_word' id='word_1_171' title='bbox 1030 2672 1082 2726; x_wconf 90' lang='lat'><strong>7.</strong></span> <span class='ocrx_word' id='word_1_172' title='bbox 1124 2671 1299 2727; x_wconf 85' lang='lat' dir='ltr'><strong>valde.</strong></span> <span class='ocrx_word' id='word_1_173' title='bbox 1333 2671 1402 2727; x_wconf 85' lang='lat' dir='ltr'><strong>Et</strong></span> <span class='ocrx_word' id='word_1_174' title='bbox 1427 2686 1522 2727; x_wconf 89' lang='lat' dir='ltr'><strong>ac-</strong></span> 
     </span>
    </p>
   </div>
   <div class='ocr_carea' id='block_1_53' title="bbox 1026 2742 1490 2809">
    <p class='ocr_par' dir='ltr' id='par_1_53' title="bbox 1026 2742 1490 2809">
     <span class='ocr_line' id='line_1_53' title="bbox 1026 2742 1490 2809; baseline 0.002 -11"><span class='ocrx_word' id='word_1_175' title='bbox 1026 2745 1191 2799; x_wconf 79' lang='lat' dir='ltr'><strong>cessit</strong></span> <span class='ocrx_word' id='word_1_176' title='bbox 1222 2742 1400 2809; x_wconf 81' lang='lat' dir='ltr'><strong>Jesns,</strong></span> <span class='ocrx_word' id='word_1_177' title='bbox 1434 2754 1490 2799; x_wconf 91' lang='lat' dir='ltr'><strong>et</strong></span> 
     </span>
    </p>
   </div>
   <div class='ocr_carea' id='block_1_54' title="bbox 1031 2815 1479 2885">
    <p class='ocr_par' dir='ltr' id='par_1_54' title="bbox 1031 2815 1479 2885">
     <span class='ocr_line' id='line_1_54' title="bbox 1031 2815 1479 2885; baseline 0.004 -17"><span class='ocrx_word' id='word_1_178' title='bbox 1031 2815 1201 2885; x_wconf 75' lang='lat' dir='ltr'><strong>tetigit</strong></span> <span class='ocrx_word' id='word_1_179' title='bbox 1221 2830 1317 2870; x_wconf 86' lang='lat' dir='ltr'><strong>eos</strong></span> <span class='ocrx_word' id='word_1_180' title='bbox 1334 2831 1349 2881; x_wconf 90' lang='lat'><strong>;</strong></span> <span class='ocrx_word' id='word_1_181' title='bbox 1383 2816 1479 2870; x_wconf 92' lang='lat' dir='ltr'><strong>di-</strong></span> 
     </span>
    </p>
   </div>
   <div class='ocr_carea' id='block_1_55' title="bbox 1030 2885 1512 2956">
    <p class='ocr_par' dir='ltr' id='par_1_55' title="bbox 1030 2885 1512 2956">
     <span class='ocr_line' id='line_1_55' title="bbox 1030 2885 1512 2956; baseline 0.004 -17"><span class='ocrx_word' id='word_1_182' title='bbox 1030 2885 1213 2956; x_wconf 79' lang='lat' dir='ltr'><strong>xitque</strong></span> <span class='ocrx_word' id='word_1_183' title='bbox 1234 2888 1315 2941; x_wconf 89' lang='lat' dir='ltr'><strong>eis</strong></span> <span class='ocrx_word' id='word_1_184' title='bbox 1339 2904 1352 2940; x_wconf 88' lang='lat'><strong>:</strong></span> <span class='ocrx_word' id='word_1_185' title='bbox 1378 2886 1512 2942; x_wconf 88' lang='lat' dir='ltr'><strong>Sur-</strong></span> 
     </span>
    </p>
   </div>
   <div class='ocr_carea' id='block_1_56' title="bbox 1027 2957 1435 3026">
    <p class='ocr_par' dir='ltr' id='par_1_56' title="bbox 1027 2957 1435 3026">
     <span class='ocr_line' id='line_1_56' title="bbox 1027 2957 1435 3026; baseline 0.005 -16"><span class='ocrx_word' id='word_1_186' title='bbox 1027 2957 1157 3026; x_wconf 86' lang='lat' dir='ltr'><strong>gite.</strong></span> <span class='ocrx_word' id='word_1_187' title='bbox 1190 2965 1246 3015; x_wconf 84' lang='lat' dir='ltr'><strong>et</strong></span> <span class='ocrx_word' id='word_1_188' title='bbox 1269 2957 1435 3013; x_wconf 90' lang='lat' dir='ltr'><strong>nolite</strong></span> 
     </span>
    </p>
   </div>
   <div class='ocr_carea' id='block_1_57' title="bbox 1030 3027 1580 3086">
    <p class='ocr_par' dir='ltr' id='par_1_57' title="bbox 1030 3027 1580 3086">
     <span class='ocr_line' id='line_1_57' title="bbox 1030 3027 1580 3086; baseline 0.002 -2"><span class='ocrx_word' id='word_1_189' title='bbox 1030 3027 1085 3086; x_wconf 91' lang='lat'><strong>8.</strong></span> <span class='ocrx_word' id='word_1_190' title='bbox 1129 3030 1342 3085; x_wconf 90' lang='lat' dir='ltr'><strong>timere.</strong></span> <span class='ocrx_word' id='word_1_191' title='bbox 1368 3029 1580 3085; x_wconf 85' lang='lat' dir='ltr'><strong>Levan-</strong></span> 
     </span>
    </p>
   </div>
   <div class='ocr_carea' id='block_1_58' title="bbox 168 2597 506 2653">
    <p class='ocr_par' dir='ltr' id='par_1_58' title="bbox 168 2597 506 2653">
     <span class='ocr_line' id='line_1_58' title="bbox 168 2597 506 2653; baseline -0.003 0"><span class='ocrx_word' id='word_1_192' title='bbox 168 2599 303 2653; x_wconf 89' lang='lat' dir='ltr'><strong>duit</strong></span> <span class='ocrx_word' id='word_1_193' title='bbox 332 2597 506 2652; x_wconf 78' lang='lat' dir='ltr'><strong>facies</strong></span> 
     </span>
    </p>
   </div>
   <div class='ocr_carea' id='block_1_59' title="bbox 168 2669 631 2740">
    <p class='ocr_par' dir='ltr' id='par_1_59' title="bbox 168 2669 631 2740">
     <span class='ocr_line' id='line_1_59' title="bbox 168 2669 631 2740; baseline -0.004 -14"><span class='ocrx_word' id='word_1_194' title='bbox 168 2675 303 2740; x_wconf 86' lang='lat' dir='ltr'><strong>ejus</strong></span> <span class='ocrx_word' id='word_1_195' title='bbox 333 2671 481 2724; x_wconf 86' lang='lat' dir='ltr'><strong>sicut</strong></span> <span class='ocrx_word' id='word_1_196' title='bbox 504 2669 589 2725; x_wconf 76' lang='lat' dir='ltr'><strong>sui</strong></span> <span class='ocrx_word' id='word_1_197' title='bbox 616 2687 631 2724; x_wconf 89' lang='lat'><strong>:</strong></span> 
     </span>
    </p>
   </div>
   <div class='ocr_carea' id='block_1_60' title="bbox 168 2743 520 2824">
    <p class='ocr_par' dir='ltr' id='par_1_60' title="bbox 168 2743 520 2824">
     <span class='ocr_line' id='line_1_60' title="bbox 168 2743 520 2824; baseline -0.011 -27"><span class='ocrx_word' id='word_1_198' title='bbox 168 2743 520 2824; x_wconf 75' lang='lat' dir='ltr'><strong>vestimenta</strong></span> 
     </span>
    </p>
   </div>
   <div class='ocr_carea' id='block_1_61' title="bbox 169 2826 588 2963">
    <p class='ocr_par' dir='ltr' id='par_1_61' title="bbox 169 2826 588 2963">
     <span class='ocr_line' id='line_1_61' title="bbox 170 2826 516 2881; baseline -0.006 -15"><span class='ocrx_word' id='word_1_199' title='bbox 170 2827 377 2868; x_wconf 85' lang='lat' dir='ltr'><strong>autem</strong></span> <span class='ocrx_word' id='word_1_200' title='bbox 398 2826 516 2881; x_wconf 78' lang='lat' dir='ltr'><strong>ejus</strong></span> 
     </span>
     <span class='ocr_line' id='line_1_62' title="bbox 169 2883 588 2963; baseline 0 -24"><span class='ocrx_word' id='word_1_201' title='bbox 169 2884 329 2963; x_wconf 59' lang='lat' dir='ltr'><strong>facta</strong></span> <span class='ocrx_word' id='word_1_202' title='bbox 354 2894 485 2963; x_wconf 81' lang='lat' dir='ltr'><strong>sunt</strong></span> <span class='ocrx_word' id='word_1_203' title='bbox 511 2883 588 2939; x_wconf 83' lang='lat' dir='ltr'><strong>al-</strong></span> 
     </span>
    </p>
   </div>
   <div class='ocr_carea' id='block_1_62' title="bbox 172 2956 760 3013">
    <p class='ocr_par' dir='ltr' id='par_1_62' title="bbox 172 2956 760 3013">
     <span class='ocr_line' id='line_1_63' title="bbox 172 2956 760 3013; baseline 0.002 -1"><span class='ocrx_word' id='word_1_204' title='bbox 172 2958 226 3012; x_wconf 76' lang='lat'><strong>3.</strong></span> <span class='ocrx_word' id='word_1_205' title='bbox 280 2956 359 3012; x_wconf 90' lang='lat' dir='ltr'><strong>ba</strong></span> <span class='ocrx_word' id='word_1_206' title='bbox 384 2958 525 3010; x_wconf 89' lang='lat' dir='ltr'><strong>sicut</strong></span> <span class='ocrx_word' id='word_1_207' title='bbox 552 2958 664 3012; x_wconf 77' lang='lat' dir='ltr'><strong>nix.</strong></span> <span class='ocrx_word' id='word_1_208' title='bbox 690 2957 760 3013; x_wconf 74' lang='lat' dir='ltr'><strong>Et</strong></span> 
     </span>
    </p>
   </div>
   <div class='ocr_carea' id='block_1_63' title="bbox 172 3024 777 3100">
    <p class='ocr_par' dir='ltr' id='par_1_63' title="bbox 172 3024 777 3100">
     <span class='ocr_line' id='line_1_64' title="bbox 172 3024 777 3100; baseline -0.003 -15"><span class='ocrx_word' id='word_1_209' title='bbox 172 3042 313 3085; x_wconf 83' lang='lat' dir='ltr'><strong>ecce</strong></span> <span class='ocrx_word' id='word_1_210' title='bbox 348 3024 435 3100; x_wconf 75' lang='lat' dir='ltr'><strong>(tl)</strong></span> <span class='ocrx_word' id='word_1_211' title='bbox 459 3029 708 3099; x_wconf 81' lang='lat' dir='ltr'><strong>apparuit</strong></span> <span class='ocrx_word' id='word_1_212' title='bbox 732 3027 777 3100; x_wconf 70' lang='grc' dir='ltr'><strong>-ί-</strong></span> 
     </span>
    </p>
   </div>
   <div class='ocr_carea' id='block_1_64' title="bbox 609 3126 1358 3223">
    <p class='ocr_par' dir='ltr' id='par_1_64' title="bbox 609 3126 1358 3223">
     <span class='ocr_line' id='line_1_65' title="bbox 609 3126 1358 3223; baseline -0.003 -1"><span class='ocrx_word' id='word_1_213' title='bbox 609 3164 850 3222; x_wconf 77' lang='lat' dir='ltr'><strong>consx</strong></span> <span class='ocrx_word' id='word_1_214' title='bbox 885 3126 1358 3223; x_wconf 69' lang='lat' dir='ltr'><strong>connstsNSIS.</strong></span> 
     </span>
    </p>
   </div>
   <div class='ocr_carea' id='block_1_65' title="bbox 168 3258 1785 3333">
    <p class='ocr_par' dir='ltr' id='par_1_65' title="bbox 168 3258 1785 3333">
     <span class='ocr_line' id='line_1_66' title="bbox 168 3258 1785 3333; baseline 0 -16"><span class='ocrx_word' id='word_1_215' title='bbox 168 3258 592 3333; x_wconf 78' lang='lat' dir='ltr'><strong>jestatePatris</strong></span> <span class='ocrx_word' id='word_1_216' title='bbox 640 3260 731 3333; x_wconf 79' lang='lat' dir='ltr'><strong>sui</strong></span> <span class='ocrx_word' id='word_1_217' title='bbox 779 3273 905 3316; x_wconf 82' lang='lat' dir='ltr'><strong>cum</strong></span> <span class='ocrx_word' id='word_1_218' title='bbox 955 3261 1165 3333; x_wconf 71' lang='lat' dir='ltr'><strong>angelis</strong></span> <span class='ocrx_word' id='word_1_219' title='bbox 1212 3261 1328 3316; x_wconf 82' lang='lat' dir='ltr'><strong>suis</strong></span> <span class='ocrx_word' id='word_1_220' title='bbox 1360 3279 1375 3316; x_wconf 90' lang='lat'><strong>:</strong></span> <span class='ocrx_word' id='word_1_221' title='bbox 1409 3270 1466 3317; x_wconf 90' lang='lat' dir='ltr'><strong>et</strong></span> <span class='ocrx_word' id='word_1_222' title='bbox 1494 3270 1622 3316; x_wconf 92' lang='lat' dir='ltr'><strong>tunc</strong></span> <span class='ocrx_word' id='word_1_223' title='bbox 1658 3261 1785 3317; x_wconf 82' lang='lat' dir='ltr'><strong>red-</strong></span> 
     </span>
    </p>
   </div>
   <div class='ocr_carea' id='block_1_66' title="bbox 174 3331 1789 3402">
    <p class='ocr_par' dir='ltr' id='par_1_66' title="bbox 174 3331 1789 3402">
     <span class='ocr_line' id='line_1_67' title="bbox 174 3331 1789 3402; baseline 0.001 -14"><span class='ocrx_word' id='word_1_224' title='bbox 174 3331 271 3390; x_wconf 84' lang='lat' dir='ltr'><strong>det</strong></span> <span class='ocrx_word' id='word_1_225' title='bbox 304 3331 607 3402; x_wconf 73' lang='lat' dir='ltr'><strong>unicuique</strong></span> <span class='ocrx_word' id='word_1_226' title='bbox 636 3331 933 3387; x_wconf 76' lang='lat' dir='ltr'><strong>secundum</strong></span> <span class='ocrx_word' id='word_1_227' title='bbox 961 3333 978 3363; x_wconf 88' lang='grc'>¹</span> <span class='ocrx_word' id='word_1_228' title='bbox 1009 3332 1149 3387; x_wconf 85' lang='lat' dir='ltr'><strong>facta</strong></span> <span class='ocrx_word' id='word_1_229' title='bbox 1178 3347 1388 3387; x_wconf 88' lang='lat' dir='ltr'><strong>eorum.</strong></span> <span class='ocrx_word' id='word_1_230' title='bbox 1438 3332 1615 3391; x_wconf 84' lang='lat' dir='ltr'><strong>Amen</strong></span> <span class='ocrx_word' id='word_1_231' title='bbox 1663 3333 1789 3389; x_wconf 85' lang='lat' dir='ltr'><strong>dico</strong></span> 
     </span>
    </p>
   </div>
   <div class='ocr_carea' id='block_1_67' title="bbox 178 3403 1787 3474">
    <p class='ocr_par' dir='ltr' id='par_1_67' title="bbox 178 3403 1787 3474">
     <span class='ocr_line' id='line_1_68' title="bbox 178 3403 1787 3474; baseline 0.001 -18"><span class='ocrx_word' id='word_1_232' title='bbox 178 3406 367 3472; x_wconf 59' lang='lat' dir='ltr'><strong>vobis,</strong></span> <span class='ocrx_word' id='word_1_233' title='bbox 400 3406 421 3435; x_wconf 78' lang='grc'>³</span> <span class='ocrx_word' id='word_1_234' title='bbox 449 3407 575 3474; x_wconf 87' lang='lat' dir='ltr'><strong>quia</strong></span> <span class='ocrx_word' id='word_1_235' title='bbox 602 3413 728 3457; x_wconf 85' lang='lat' dir='ltr'><strong>sunt</strong></span> <span class='ocrx_word' id='word_1_236' title='bbox 760 3403 845 3457; x_wconf 78' lang='lat' dir='ltr'><strong>hit:</strong></span> <span class='ocrx_word' id='word_1_237' title='bbox 869 3404 1032 3472; x_wconf 74' lang='lat' dir='ltr'><strong>aliqui</strong></span> <span class='ocrx_word' id='word_1_238' title='bbox 1065 3404 1132 3459; x_wconf 83' lang='lat' dir='ltr'><strong>de</strong></span> <span class='ocrx_word' id='word_1_239' title='bbox 1163 3404 1526 3471; x_wconf 80' lang='lat' dir='ltr'><strong>adstantibus,</strong></span> <span class='ocrx_word' id='word_1_240' title='bbox 1558 3405 1652 3473; x_wconf 87' lang='lat' dir='ltr'><strong>qui</strong></span> <span class='ocrx_word' id='word_1_241' title='bbox 1680 3423 1787 3469; x_wconf 87' lang='lat' dir='ltr'><strong>tton</strong></span> 
     </span>
    </p>
   </div>
   <div class='ocr_carea' id='block_1_68' title="bbox 178 3474 1787 3545">
    <p class='ocr_par' dir='ltr' id='par_1_68' title="bbox 178 3474 1787 3545">
     <span class='ocr_line' id='line_1_69' title="bbox 178 3474 1787 3545; baseline 0.001 -12"><span class='ocrx_word' id='word_1_242' title='bbox 178 3479 486 3545; x_wconf 72' lang='lat' dir='ltr'><strong>gustabunt</strong></span> <span class='ocrx_word' id='word_1_243' title='bbox 512 3488 763 3540; x_wconf 75' lang='lat' dir='ltr'><strong>mortem,</strong></span> <span class='ocrx_word' id='word_1_244' title='bbox 790 3475 964 3529; x_wconf 91' lang='lat' dir='ltr'><strong>donec</strong></span> <span class='ocrx_word' id='word_1_245' title='bbox 993 3474 1210 3530; x_wconf 83' lang='lat' dir='ltr'><strong>videant</strong></span> <span class='ocrx_word' id='word_1_246' title='bbox 1258 3474 1454 3531; x_wconf 85' lang='lat' dir='ltr'><strong>Filium</strong></span> <span class='ocrx_word' id='word_1_247' title='bbox 1504 3477 1741 3533; x_wconf 83' lang='lat' dir='ltr'><strong>hominis</strong></span> <span class='ocrx_word' id='word_1_248' title='bbox 1766 3476 1787 3508; x_wconf 86' lang='grc'>⁸</span> 
     </span>
    </p>
   </div>
   <div class='ocr_carea' id='block_1_69' title="bbox 179 3546 1172 3614">
    <p class='ocr_par' dir='ltr' id='par_1_69' title="bbox 179 3546 1172 3614">
     <span class='ocr_line' id='line_1_70' title="bbox 179 3546 1172 3614; baseline -0.001 -13"><span class='ocrx_word' id='word_1_249' title='bbox 179 3551 503 3602; x_wconf 75' lang='lat' dir='ltr'><strong>venientem</strong></span> <span class='ocrx_word' id='word_1_250' title='bbox 529 3548 580 3600; x_wconf 90' lang='lat' dir='ltr'><strong>in</strong></span> <span class='ocrx_word' id='word_1_251' title='bbox 616 3562 838 3614; x_wconf 72' lang='lat' dir='ltr'><strong>regnum</strong></span> <span class='ocrx_word' id='word_1_252' title='bbox 862 3546 1037 3600; x_wconf 82' lang='lat' dir='ltr'><strong>Patris</strong></span> <span class='ocrx_word' id='word_1_253' title='bbox 1066 3548 1172 3601; x_wconf 88' lang='lat' dir='ltr'><strong>sui.</strong></span> 
     </span>
    </p>
   </div>
   <div class='ocr_carea' id='block_1_70' title="bbox 250 3617 1792 3687">
    <p class='ocr_par' dir='ltr' id='par_1_70' title="bbox 250 3617 1792 3687">
     <span class='ocr_line' id='line_1_71' title="bbox 250 3617 1792 3687; baseline 0.001 -12"><span class='ocrx_word' id='word_1_254' title='bbox 250 3618 423 3675; x_wconf 75' lang='lat' dir='ltr'><strong>XVII.</strong></span> <span class='ocrx_word' id='word_1_255' title='bbox 452 3618 524 3674; x_wconf 84' lang='lat' dir='ltr'><strong>Et</strong></span> <span class='ocrx_word' id='word_1_256' title='bbox 550 3620 747 3672; x_wconf 84' lang='lat' dir='ltr'><strong>factum</strong></span> <span class='ocrx_word' id='word_1_257' title='bbox 771 3629 854 3672; x_wconf 87' lang='lat' dir='ltr'><strong>est</strong></span> <span class='ocrx_word' id='word_1_258' title='bbox 888 3626 1011 3687; x_wconf 88' lang='lat' dir='ltr'><strong>post</strong></span> <span class='ocrx_word' id='word_1_259' title='bbox 1034 3617 1056 3648; x_wconf 71' lang='grc'>⁸</span> <span class='ocrx_word' id='word_1_260' title='bbox 1082 3618 1224 3672; x_wconf 80' lang='lat' dir='ltr'><strong>diem</strong></span> <span class='ocrx_word' id='word_1_261' title='bbox 1273 3630 1493 3674; x_wconf 79' lang='lat' dir='ltr'><strong>sextum</strong></span> <span class='ocrx_word' id='word_1_262' title='bbox 1534 3620 1792 3677; x_wconf 82' lang='lat' dir='ltr'><strong>assumsit</strong></span> 
     </span>
    </p>
   </div>
   <div class='ocr_carea' id='block_1_71' title="bbox 183 3687 1791 3756">
    <p class='ocr_par' dir='ltr' id='par_1_71' title="bbox 183 3687 1791 3756">
     <span class='ocr_line' id='line_1_72' title="bbox 183 3687 1791 3756; baseline -0.001 -9"><span class='ocrx_word' id='word_1_263' title='bbox 183 3691 342 3747; x_wconf 69' lang='lat' dir='ltr'><strong>Iesus</strong></span> <span class='ocrx_word' id='word_1_264' title='bbox 368 3691 615 3756; x_wconf 71' lang='lat' dir='ltr'><strong>Petrum,</strong></span> <span class='ocrx_word' id='word_1_265' title='bbox 654 3697 712 3743; x_wconf 89' lang='lat' dir='ltr'><strong>et</strong></span> <span class='ocrx_word' id='word_1_266' title='bbox 748 3687 1009 3745; x_wconf 70' lang='lat' dir='ltr'><strong>Iacobum</strong></span> <span class='ocrx_word' id='word_1_267' title='bbox 1039 3731 1052 3750; x_wconf 91' lang='lat'><strong>.</strong></span> <span class='ocrx_word' id='word_1_268' title='bbox 1106 3699 1161 3745; x_wconf 86' lang='lat' dir='ltr'><strong>et</strong></span> <span class='ocrx_word' id='word_1_269' title='bbox 1213 3688 1516 3745; x_wconf 79' lang='lat' dir='ltr'><strong>Johannem</strong></span> <span class='ocrx_word' id='word_1_270' title='bbox 1568 3690 1791 3746; x_wconf 81' lang='lat' dir='ltr'><strong>fratrem</strong></span> 
     </span>
    </p>
   </div>
   <div class='ocr_carea' id='block_1_72' title="bbox 185 3761 1793 3832">
    <p class='ocr_par' dir='ltr' id='par_1_72' title="bbox 185 3761 1793 3832">
     <span class='ocr_line' id='line_1_73' title="bbox 185 3761 1793 3832; baseline 0.003 -17"><span class='ocrx_word' id='word_1_271' title='bbox 185 3764 337 3832; x_wconf 70' lang='lat' dir='ltr'><strong>ejus,</strong></span> <span class='ocrx_word' id='word_1_272' title='bbox 372 3773 425 3817; x_wconf 90' lang='lat' dir='ltr'><strong>et</strong></span> <span class='ocrx_word' id='word_1_273' title='bbox 453 3762 601 3816; x_wconf 90' lang='lat' dir='ltr'><strong>ducit</strong></span> <span class='ocrx_word' id='word_1_274' title='bbox 657 3761 805 3832; x_wconf 87' lang='lat' dir='ltr'><strong>illus</strong></span> <span class='ocrx_word' id='word_1_275' title='bbox 839 3761 892 3813; x_wconf 92' lang='lat' dir='ltr'><strong>in</strong></span> <span class='ocrx_word' id='word_1_276' title='bbox 941 3763 1108 3815; x_wconf 89' lang='lat' dir='ltr'><strong>altum</strong></span> <span class='ocrx_word' id='word_1_277' title='bbox 1158 3772 1397 3817; x_wconf 60' lang='lat' dir='ltr'><strong>montum</strong></span> <span class='ocrx_word' id='word_1_278' title='bbox 1428 3770 1680 3832; x_wconf 80' lang='lat' dir='ltr'><strong>secrt-to:</strong></span> <span class='ocrx_word' id='word_1_279' title='bbox 1737 3772 1793 3820; x_wconf 89' lang='lat' dir='ltr'><strong>ct</strong></span> 
     </span>
    </p>
   </div>
   <div class='ocr_carea' id='block_1_73' title="bbox 187 3831 1790 3903">
    <p class='ocr_par' dir='ltr' id='par_1_73' title="bbox 187 3831 1790 3903">
     <span class='ocr_line' id='line_1_74' title="bbox 187 3831 1790 3903; baseline 0.001 -16"><span class='ocrx_word' id='word_1_280' title='bbox 187 3835 610 3903; x_wconf 80' lang='lat' dir='ltr'><strong>transﬁguratus</strong></span> <span class='ocrx_word' id='word_1_281' title='bbox 654 3841 740 3887; x_wconf 89' lang='lat' dir='ltr'><strong>est</strong></span> <span class='ocrx_word' id='word_1_282' title='bbox 786 3831 947 3888; x_wconf 85' lang='lat' dir='ltr'><strong>Jesus</strong></span> <span class='ocrx_word' id='word_1_283' title='bbox 989 3847 1174 3887; x_wconf 87' lang='lat' dir='ltr'><strong>coram</strong></span> <span class='ocrx_word' id='word_1_284' title='bbox 1221 3833 1349 3886; x_wconf 83' lang='lat' dir='ltr'><strong>illis.</strong></span> <span class='ocrx_word' id='word_1_285' title='bbox 1385 3832 1449 3887; x_wconf 84' lang='lat' dir='ltr'><strong>Et</strong></span> <span class='ocrx_word' id='word_1_286' title='bbox 1477 3831 1679 3889; x_wconf 74' lang='lat' dir='ltr'><strong>effulsit</strong></span> <span class='ocrx_word' id='word_1_287' title='bbox 1708 3833 1790 3888; x_wconf 81' lang='lat' dir='ltr'><strong>la-</strong></span> 
     </span>
    </p>
   </div>
   <div class='ocr_carea' id='block_1_74' title="bbox 183 3904 1794 3976">
    <p class='ocr_par' dir='ltr' id='par_1_74' title="bbox 183 3904 1794 3976">
     <span class='ocr_line' id='line_1_75' title="bbox 183 3904 1794 3976; baseline 0.001 -17"><span class='ocrx_word' id='word_1_288' title='bbox 183 3907 295 3961; x_wconf 78' lang='lat' dir='ltr'><strong>cies</strong></span> <span class='ocrx_word' id='word_1_289' title='bbox 324 3905 446 3976; x_wconf 77' lang='lat' dir='ltr'><strong>ejus</strong></span> <span class='ocrx_word' id='word_1_290' title='bbox 486 3904 747 3976; x_wconf 83' lang='lat' dir='ltr'><strong>sicutlnx</strong></span> <span class='ocrx_word' id='word_1_291' title='bbox 769 3912 873 3976; x_wconf 45' lang='lat' dir='ltr'><strong>iet</strong></span> <span class='ocrx_word' id='word_1_292' title='bbox 900 3905 1220 3959; x_wconf 86' lang='lat' dir='ltr'><strong>vestimenta</strong></span> <span class='ocrx_word' id='word_1_293' title='bbox 1276 3905 1424 3959; x_wconf 90' lang='lat' dir='ltr'><strong>illius</strong></span> <span class='ocrx_word' id='word_1_294' title='bbox 1481 3904 1617 3958; x_wconf 85' lang='lat' dir='ltr'><strong>facta</strong></span> <span class='ocrx_word' id='word_1_295' title='bbox 1668 3912 1794 3961; x_wconf 90' lang='lat' dir='ltr'><strong>sunt</strong></span> 
     </span>
    </p>
   </div>
   <div class='ocr_carea' id='block_1_75' title="bbox 186 3973 1793 4048">
    <p class='ocr_par' dir='ltr' id='par_1_75' title="bbox 186 3973 1793 4048">
     <span class='ocr_line' id='line_1_76' title="bbox 186 3973 1793 4048; baseline 0.001 -17"><span class='ocrx_word' id='word_1_296' title='bbox 186 3973 416 4048; x_wconf 64' lang='lat' dir='ltr'><strong>candida</strong></span> <span class='ocrx_word' id='word_1_297' title='bbox 437 3977 582 4048; x_wconf 76' lang='lat' dir='ltr'><strong>sicut</strong></span> <span class='ocrx_word' id='word_1_298' title='bbox 612 3975 727 4029; x_wconf 77' lang='lat' dir='ltr'><strong>nix.</strong></span> <span class='ocrx_word' id='word_1_299' title='bbox 766 3973 830 4028; x_wconf 85' lang='lat' dir='ltr'><strong>Et</strong></span> <span class='ocrx_word' id='word_1_300' title='bbox 858 3989 988 4030; x_wconf 89' lang='lat' dir='ltr'><strong>ecce</strong></span> <span class='ocrx_word' id='word_1_301' title='bbox 1016 3975 1036 4005; x_wconf 79' lang='grc'><strong><em>⁵</em></strong></span> <span class='ocrx_word' id='word_1_302' title='bbox 1071 3977 1167 4048; x_wconf 84' lang='lat' dir='ltr'><strong>visi</strong></span> <span class='ocrx_word' id='word_1_303' title='bbox 1195 3986 1317 4029; x_wconf 92' lang='lat' dir='ltr'><strong>sunt</strong></span> <span class='ocrx_word' id='word_1_304' title='bbox 1345 3991 1552 4048; x_wconf 74' lang='lat' dir='ltr'><strong>cumet)</strong></span> <span class='ocrx_word' id='word_1_305' title='bbox 1578 3975 1793 4048; x_wconf 79' lang='lat' dir='ltr'><strong>Moyses</strong></span> 
     </span>
    </p>
   </div>
   <div class='ocr_carea' id='block_1_76' title="bbox 186 4046 1792 4116">
    <p class='ocr_par' dir='ltr' id='par_1_76' title="bbox 186 4046 1792 4116">
     <span class='ocr_line' id='line_1_77' title="bbox 186 4046 1792 4116; baseline 0.002 -13"><span class='ocrx_word' id='word_1_306' title='bbox 186 4060 239 4103; x_wconf 81' lang='lat' dir='ltr'><strong>et</strong></span> <span class='ocrx_word' id='word_1_307' title='bbox 265 4047 482 4108; x_wconf 78' lang='lat' dir='ltr'><strong>Belias,</strong></span> <span class='ocrx_word' id='word_1_308' title='bbox 516 4046 803 4116; x_wconf 83' lang='lat' dir='ltr'><strong>loquentes</strong></span> <span class='ocrx_word' id='word_1_309' title='bbox 822 4061 946 4100; x_wconf 91' lang='lat' dir='ltr'><strong>cum</strong></span> <span class='ocrx_word' id='word_1_310' title='bbox 980 4062 1068 4102; x_wconf 89' lang='lat' dir='ltr'><strong>eo.</strong></span> <span class='ocrx_word' id='word_1_311' title='bbox 1101 4046 1193 4101; x_wconf 89' lang='lat' dir='ltr'><strong>Ait</strong></span> <span class='ocrx_word' id='word_1_312' title='bbox 1245 4056 1425 4102; x_wconf 89' lang='lat' dir='ltr'><strong>autem</strong></span> <span class='ocrx_word' id='word_1_313' title='bbox 1476 4046 1681 4102; x_wconf 65' lang='lat' dir='ltr'><strong>Petrus</strong></span> <span class='ocrx_word' id='word_1_314' title='bbox 1722 4048 1792 4106; x_wconf 82' lang='lat' dir='ltr'><strong>at!</strong></span> 
     </span>
    </p>
   </div>
   <div class='ocr_carea' id='block_1_77' title="bbox 187 4117 1793 4191">
    <p class='ocr_par' dir='ltr' id='par_1_77' title="bbox 187 4117 1793 4191">
     <span class='ocr_line' id='line_1_78' title="bbox 187 4117 1793 4191; baseline 0 -17"><span class='ocrx_word' id='word_1_315' title='bbox 187 4117 375 4176; x_wconf 72' lang='lat' dir='ltr'><strong>Iesum</strong></span> <span class='ocrx_word' id='word_1_316' title='bbox 410 4137 422 4172; x_wconf 92' lang='lat'><strong>:</strong></span> <span class='ocrx_word' id='word_1_317' title='bbox 455 4118 711 4191; x_wconf 84' lang='lat' dir='ltr'><strong>Domine,</strong></span> <span class='ocrx_word' id='word_1_318' title='bbox 733 4118 935 4191; x_wconf 85' lang='lat' dir='ltr'><strong>bonum</strong></span> <span class='ocrx_word' id='word_1_319' title='bbox 965 4128 1170 4191; x_wconf 76' lang='lat' dir='ltr'><strong>estnos</strong></span> <span class='ocrx_word' id='word_1_320' title='bbox 1194 4118 1283 4174; x_wconf 91' lang='lat' dir='ltr'><strong>hic</strong></span> <span class='ocrx_word' id='word_1_321' title='bbox 1302 4134 1433 4191; x_wconf 80' lang='lat' dir='ltr'><strong>esse</strong></span> <span class='ocrx_word' id='word_1_322' title='bbox 1466 4135 1480 4173; x_wconf 89' lang='lat'><strong>:</strong></span> <span class='ocrx_word' id='word_1_323' title='bbox 1526 4129 1583 4191; x_wconf 83' lang='lat' dir='ltr'><strong>ct</strong></span> <span class='ocrx_word' id='word_1_324' title='bbox 1610 4119 1656 4174; x_wconf 89' lang='lat' dir='ltr'><strong>si</strong></span> <span class='ocrx_word' id='word_1_325' title='bbox 1685 4120 1793 4191; x_wconf 76' lang='lat' dir='ltr'><strong>vis,</strong></span> 
     </span>
    </p>
   </div>
   <div class='ocr_carea' id='block_1_78' title="bbox 188 4189 1788 4261">
    <p class='ocr_par' dir='ltr' id='par_1_78' title="bbox 188 4189 1788 4261">
     <span class='ocr_line' id='line_1_79' title="bbox 188 4189 1788 4261; baseline 0.001 -16"><span class='ocrx_word' id='word_1_326' title='bbox 188 4191 381 4246; x_wconf 69' lang='lat' dir='ltr'><strong>faciam</strong></span> <span class='ocrx_word' id='word_1_327' title='bbox 407 4190 511 4245; x_wconf 87' lang='lat' dir='ltr'><strong>tria</strong></span> <span class='ocrx_word' id='word_1_328' title='bbox 543 4190 917 4261; x_wconf 85' lang='lat' dir='ltr'><strong>tabernacula,</strong></span> <span class='ocrx_word' id='word_1_329' title='bbox 945 4189 1039 4244; x_wconf 89' lang='lat' dir='ltr'><strong>tibi</strong></span> <span class='ocrx_word' id='word_1_330' title='bbox 1070 4206 1257 4253; x_wconf 87' lang='lat' dir='ltr'><strong>unum,</strong></span> <span class='ocrx_word' id='word_1_331' title='bbox 1293 4190 1314 4221; x_wconf 78' lang='grc'><strong><em>⁸</em></strong></span> <span class='ocrx_word' id='word_1_332' title='bbox 1344 4200 1396 4245; x_wconf 87' lang='lat' dir='ltr'><strong>et</strong></span> <span class='ocrx_word' id='word_1_333' title='bbox 1417 4189 1788 4261; x_wconf 85' lang='lat' dir='ltr'><strong>Moysiunttm,</strong></span> 
     </span>
    </p>
   </div>
   <div class='ocr_carea' id='block_1_79' title="bbox 190 4258 1789 4332">
    <p class='ocr_par' dir='ltr' id='par_1_79' title="bbox 190 4258 1789 4332">
     <span class='ocr_line' id='line_1_80' title="bbox 190 4258 1789 4332; baseline -0.001 -15"><span class='ocrx_word' id='word_1_334' title='bbox 190 4273 240 4317; x_wconf 85' lang='lat' dir='ltr'><strong>et</strong></span> <span class='ocrx_word' id='word_1_335' title='bbox 272 4261 462 4319; x_wconf 76' lang='lat' dir='ltr'><strong>Heliae</strong></span> <span class='ocrx_word' id='word_1_336' title='bbox 489 4276 679 4315; x_wconf 89' lang='lat' dir='ltr'><strong>unuut.</strong></span> <span class='ocrx_word' id='word_1_337' title='bbox 713 4258 904 4315; x_wconf 83' lang='lat' dir='ltr'><strong>Adhuc</strong></span> <span class='ocrx_word' id='word_1_338' title='bbox 934 4276 1001 4317; x_wconf 90' lang='lat' dir='ltr'><strong>eo</strong></span> <span class='ocrx_word' id='word_1_339' title='bbox 1037 4262 1293 4332; x_wconf 88' lang='lat' dir='ltr'><strong>loquente</strong></span> <span class='ocrx_word' id='word_1_340' title='bbox 1323 4302 1338 4325; x_wconf 92' lang='lat'><strong>,</strong></span> <span class='ocrx_word' id='word_1_341' title='bbox 1389 4258 1518 4317; x_wconf 81' lang='lat' dir='ltr'><strong>ecce</strong></span> <span class='ocrx_word' id='word_1_342' title='bbox 1567 4263 1741 4319; x_wconf 87' lang='lat' dir='ltr'><strong>nubes</strong></span> <span class='ocrx_word' id='word_1_343' title='bbox 1768 4263 1789 4295; x_wconf 88' lang='grc'>⁷</span> 
     </span>
    </p>
   </div>
   <div class='ocr_carea' id='block_1_80' title="bbox 192 4332 1791 4401">
    <p class='ocr_par' dir='ltr' id='par_1_80' title="bbox 192 4332 1791 4401">
     <span class='ocr_line' id='line_1_81' title="bbox 192 4332 1791 4401; baseline 0.001 -15"><span class='ocrx_word' id='word_1_344' title='bbox 192 4334 415 4388; x_wconf 77' lang='lat' dir='ltr'><strong>candida</strong></span> <span class='ocrx_word' id='word_1_345' title='bbox 445 4333 793 4388; x_wconf 84' lang='lat' dir='ltr'><strong>obumbravit</strong></span> <span class='ocrx_word' id='word_1_346' title='bbox 819 4346 933 4386; x_wconf 82' lang='lat' dir='ltr'><strong>eos.</strong></span> <span class='ocrx_word' id='word_1_347' title='bbox 962 4333 1026 4387; x_wconf 81' lang='lat' dir='ltr'><strong>Et</strong></span> <span class='ocrx_word' id='word_1_348' title='bbox 1052 4348 1182 4390; x_wconf 89' lang='lat' dir='ltr'><strong>ecce</strong></span> <span class='ocrx_word' id='word_1_349' title='bbox 1210 4348 1317 4388; x_wconf 79' lang='lat' dir='ltr'><strong>vox</strong></span> <span class='ocrx_word' id='word_1_350' title='bbox 1350 4332 1418 4387; x_wconf 83' lang='lat' dir='ltr'><strong>de</strong></span> <span class='ocrx_word' id='word_1_351' title='bbox 1460 4333 1604 4390; x_wconf 90' lang='lat' dir='ltr'><strong>nube</strong></span> <span class='ocrx_word' id='word_1_352' title='bbox 1634 4376 1651 4401; x_wconf 90' lang='lat'><strong>,</strong></span> <span class='ocrx_word' id='word_1_353' title='bbox 1707 4335 1791 4388; x_wconf 86' lang='lat' dir='ltr'><strong>di-</strong></span> 
     </span>
    </p>
   </div>
   <div class='ocr_carea' id='block_1_81' title="bbox 194 4402 1790 4475">
    <p class='ocr_par' dir='ltr' id='par_1_81' title="bbox 194 4402 1790 4475">
     <span class='ocr_line' id='line_1_82' title="bbox 194 4402 1790 4475; baseline 0 -16"><span class='ocrx_word' id='word_1_354' title='bbox 194 4421 315 4459; x_wconf 68' lang='lat' dir='ltr'><strong>cens</strong></span> <span class='ocrx_word' id='word_1_355' title='bbox 344 4423 357 4458; x_wconf 90' lang='lat'>:</span> <span class='ocrx_word' id='word_1_356' title='bbox 385 4404 484 4460; x_wconf 72' lang='lat' dir='ltr'><strong>Hac</strong></span> <span class='ocrx_word' id='word_1_357' title='bbox 503 4414 586 4460; x_wconf 88' lang='lat' dir='ltr'><strong>est</strong></span> <span class='ocrx_word' id='word_1_358' title='bbox 616 4402 786 4460; x_wconf 77' lang='lat' dir='ltr'><strong>Filius</strong></span> <span class='ocrx_word' id='word_1_359' title='bbox 817 4419 969 4475; x_wconf 83' lang='lat' dir='ltr'><strong>meus</strong></span> <span class='ocrx_word' id='word_1_360' title='bbox 1009 4404 1031 4435; x_wconf 80' lang='grc'>⁸</span> <span class='ocrx_word' id='word_1_361' title='bbox 1069 4406 1407 4475; x_wconf 83' lang='lat' dir='ltr'><strong>carissimtts,</strong></span> <span class='ocrx_word' id='word_1_362' title='bbox 1436 4411 1488 4460; x_wconf 87' lang='lat' dir='ltr'><strong>itt</strong></span> <span class='ocrx_word' id='word_1_363' title='bbox 1510 4421 1616 4475; x_wconf 90' lang='lat' dir='ltr'><strong>quo</strong></span> <span class='ocrx_word' id='word_1_364' title='bbox 1638 4421 1790 4463; x_wconf 89' lang='lat' dir='ltr'><strong>cotu-</strong></span> 
     </span>
    </p>
   </div>
   <div class='ocr_carea' id='block_1_82' title="bbox 196 4474 1789 4544">
    <p class='ocr_par' dir='ltr' id='par_1_82' title="bbox 196 4474 1789 4544">
     <span class='ocr_line' id='line_1_83' title="bbox 196 4474 1789 4544; baseline 0.003 -14"><span class='ocrx_word' id='word_1_365' title='bbox 196 4476 362 4541; x_wconf 80' lang='lat' dir='ltr'><strong>placui</strong></span> <span class='ocrx_word' id='word_1_366' title='bbox 394 4494 407 4530; x_wconf 87' lang='lat'>:</span> <span class='ocrx_word' id='word_1_367' title='bbox 455 4475 643 4530; x_wconf 84' lang='lat' dir='ltr'><strong>audite</strong></span> <span class='ocrx_word' id='word_1_368' title='bbox 672 4490 817 4531; x_wconf 89' lang='lat' dir='ltr'><strong>enm.</strong></span> <span class='ocrx_word' id='word_1_369' title='bbox 847 4474 967 4544; x_wconf 85' lang='lat' dir='ltr'><strong>Quo</strong></span> <span class='ocrx_word' id='word_1_370' title='bbox 1004 4475 1193 4530; x_wconf 87' lang='lat' dir='ltr'><strong>audito</strong></span> <span class='ocrx_word' id='word_1_371' title='bbox 1238 4474 1489 4544; x_wconf 75' lang='lat' dir='ltr'><strong>discipuli</strong></span> <span class='ocrx_word' id='word_1_372' title='bbox 1532 4474 1789 4535; x_wconf 79' lang='lat' dir='ltr'><strong>concide-</strong></span> 
     </span>
    </p>
   </div>
   <div class='ocr_carea' id='block_1_83' title="bbox 198 4546 1791 4617">
    <p class='ocr_par' dir='ltr' id='par_1_83' title="bbox 198 4546 1791 4617">
     <span class='ocr_line' id='line_1_84' title="bbox 198 4546 1791 4617; baseline 0.004 -16"><span class='ocrx_word' id='word_1_373' title='bbox 198 4560 309 4601; x_wconf 86' lang='lat' dir='ltr'><strong>runt</strong></span> <span class='ocrx_word' id='word_1_374' title='bbox 341 4549 395 4601; x_wconf 90' lang='lat' dir='ltr'><strong>in</strong></span> <span class='ocrx_word' id='word_1_375' title='bbox 439 4546 633 4602; x_wconf 84' lang='lat' dir='ltr'><strong>facient</strong></span> <span class='ocrx_word' id='word_1_376' title='bbox 679 4561 857 4615; x_wconf 84' lang='lat' dir='ltr'><strong>suam,</strong></span> <span class='ocrx_word' id='word_1_377' title='bbox 905 4556 961 4602; x_wconf 90' lang='lat' dir='ltr'><strong>et</strong></span> <span class='ocrx_word' id='word_1_378' title='bbox 986 4548 1281 4604; x_wconf 87' lang='lat' dir='ltr'><strong>timuerunt</strong></span> <span class='ocrx_word' id='word_1_379' title='bbox 1326 4547 1698 4617; x_wconf 84' lang='lat' dir='ltr'><strong>vehementer,</strong></span> <span class='ocrx_word' id='word_1_380' title='bbox 1731 4560 1791 4607; x_wconf 87' lang='lat' dir='ltr'><strong>et</strong></span> 
     </span>
    </p>
   </div>
   <div class='ocr_carea' id='block_1_84' title="bbox 197 4616 1789 4692">
    <p class='ocr_par' dir='ltr' id='par_1_84' title="bbox 197 4616 1789 4692">
     <span class='ocr_line' id='line_1_85' title="bbox 197 4616 1789 4692; baseline 0.003 -19"><span class='ocrx_word' id='word_1_381' title='bbox 197 4619 418 4692; x_wconf 72' lang='lat' dir='ltr'><strong>accessit</strong></span> <span class='ocrx_word' id='word_1_382' title='bbox 440 4616 653 4692; x_wconf 28' lang='lat' dir='ltr'><strong>Jesus,‘</strong></span> <span class='ocrx_word' id='word_1_383' title='bbox 677 4628 743 4692; x_wconf 86' lang='lat' dir='ltr'><strong>e_t_</strong></span> <span class='ocrx_word' id='word_1_384' title='bbox 771 4618 1002 4689; x_wconf 56' lang='lat' dir='ltr'><strong>tetigit)</strong></span> <span class='ocrx_word' id='word_1_385' title='bbox 1030 4619 1150 4674; x_wconf 86' lang='lat' dir='ltr'><strong>illos</strong></span> <span class='ocrx_word' id='word_1_386' title='bbox 1183 4635 1201 4684; x_wconf 85' lang='lat'><strong>;</strong></span> <span class='ocrx_word' id='word_1_387' title='bbox 1232 4628 1286 4676; x_wconf 92' lang='lat' dir='ltr'><strong>et</strong></span> <span class='ocrx_word' id='word_1_388' title='bbox 1316 4618 1392 4675; x_wconf 88' lang='lat' dir='ltr'><strong>ait</strong></span> <span class='ocrx_word' id='word_1_389' title='bbox 1427 4616 1701 4692; x_wconf 82' lang='lat' dir='ltr'><strong>:Surgite,</strong></span> <span class='ocrx_word' id='word_1_390' title='bbox 1734 4631 1789 4681; x_wconf 84' lang='lat' dir='ltr'><strong>et</strong></span> 
     </span>
    </p>
   </div>
   <div class='ocr_carea' id='block_1_85' title="bbox 200 4688 917 4760">
    <p class='ocr_par' dir='ltr' id='par_1_85' title="bbox 200 4688 917 4760">
     <span class='ocr_line' id='line_1_86' title="bbox 200 4688 917 4760; baseline -0.001 -16"><span class='ocrx_word' id='word_1_391' title='bbox 200 4689 359 4745; x_wconf 69' lang='lat' dir='ltr'><strong>nolite</strong></span> <span class='ocrx_word' id='word_1_392' title='bbox 388 4690 599 4751; x_wconf 85' lang='lat' dir='ltr'><strong>timere.</strong></span> <span class='ocrx_word' id='word_1_393' title='bbox 615 4689 659 4722; x_wconf 83' lang='grc'><strong>¹⁶</strong></span> <span class='ocrx_word' id='word_1_394' title='bbox 682 4688 917 4760; x_wconf 86' lang='lat' dir='ltr'><strong>Elevan-</strong></span> 
     </span>
    </p>
   </div>
   <div class='ocr_carea' id='block_1_86' title="bbox 1164 170 2509 236">
    <p class='ocr_par' dir='ltr' id='par_1_86' title="bbox 1164 170 2509 236">
     <span class='ocr_line' id='line_1_87' title="bbox 1164 170 2509 236; baseline -0.002 -1"><span class='ocrx_word' id='word_1_395' title='bbox 1164 174 1617 236; x_wconf 76' lang='lat' dir='ltr'><strong>EVANGELIUM</strong></span> <span class='ocrx_word' id='word_1_396' title='bbox 1646 171 2032 235; x_wconf 66' lang='lat' dir='ltr'><strong>SECUNDUM</strong></span> <span class='ocrx_word' id='word_1_397' title='bbox 2069 170 2509 232; x_wconf 71' lang='grc' dir='ltr'><strong>ΜΔΤΤΗᾹΞΗΜ..</strong></span> 
     </span>
    </p>
   </div>
   <div class='ocr_carea' id='block_1_87' title="bbox 1864 816 2035 886">
    <p class='ocr_par' dir='ltr' id='par_1_87' title="bbox 1864 816 2035 886">
     <span class='ocr_line' id='line_1_88' title="bbox 1864 816 2035 886; baseline -0.012 -14"><span class='ocrx_word' id='word_1_398' title='bbox 1864 850 1873 861; x_wconf 69' lang='grc' dir='ltr'>ι</span> <span class='ocrx_word' id='word_1_399' title='bbox 1894 816 2035 886; x_wconf 81' lang='lat' dir='ltr'><strong>eius.</strong></span> 
     </span>
    </p>
   </div>
   <div class='ocr_carea' id='block_1_88' title="bbox 1838 2888 2197 2944">
    <p class='ocr_par' dir='ltr' id='par_1_88' title="bbox 1838 2888 2197 2944">
     <span class='ocr_line' id='line_1_89' title="bbox 1838 2888 2197 2944; baseline 0 0"><span class='ocrx_word' id='word_1_400' title='bbox 1838 2912 1856 2933; x_wconf 75' lang='grc' dir='ltr'>ι</span> <span class='ocrx_word' id='word_1_401' title='bbox 1902 2888 2040 2944; x_wconf 82' lang='lat' dir='ltr'><strong>facta</strong></span> <span class='ocrx_word' id='word_1_402' title='bbox 2072 2888 2197 2944; x_wconf 90' lang='lat' dir='ltr'><strong>sunt</strong></span> 
     </span>
    </p>
   </div>
   <div class='ocr_carea' id='block_1_89' title="bbox 2328 288 3053 351">
    <p class='ocr_par' dir='ltr' id='par_1_89' title="bbox 2328 288 3053 351">
     <span class='ocr_line' id='line_1_90' title="bbox 2328 288 3053 351; baseline -0.006 -2"><span class='ocrx_word' id='word_1_403' title='bbox 2328 291 2561 351; x_wconf 82' lang='lat' dir='ltr'><strong>CODEX</strong></span> <span class='ocrx_word' id='word_1_404' title='bbox 2599 288 3053 351; x_wconf 76' lang='lat' dir='ltr'><strong>VERONENSIS.</strong></span> 
     </span>
    </p>
   </div>
   <div class='ocr_carea' id='block_1_90' title="bbox 1894 381 3183 457">
    <p class='ocr_par' dir='ltr' id='par_1_90' title="bbox 1894 381 3183 457">
     <span class='ocr_line' id='line_1_91' title="bbox 1894 381 3183 457; baseline -0.005 -13"><span class='ocrx_word' id='word_1_405' title='bbox 1894 386 2075 444; x_wconf 84' lang='lat' dir='ltr'><strong>Patris</strong></span> <span class='ocrx_word' id='word_1_406' title='bbox 2099 386 2181 443; x_wconf 89' lang='lat' dir='ltr'><strong>sui</strong></span> <span class='ocrx_word' id='word_1_407' title='bbox 2207 402 2330 457; x_wconf 85' lang='lat' dir='ltr'><strong>cum</strong></span> <span class='ocrx_word' id='word_1_408' title='bbox 2728 384 2977 457; x_wconf 80' lang='lat' dir='ltr'><strong>apparuit</strong></span> <span class='ocrx_word' id='word_1_409' title='bbox 3004 383 3045 456; x_wconf 70' lang='grc' dir='ltr'><strong>-ι-</strong></span> <span class='ocrx_word' id='word_1_410' title='bbox 3073 381 3183 439; x_wconf 88' lang='lat' dir='ltr'><strong>illis</strong></span> 
     </span>
    </p>
   </div>
   <div class='ocr_carea' id='block_1_91' title="bbox 1896 455 3017 531">
    <p class='ocr_par' dir='ltr' id='par_1_91' title="bbox 1896 455 3017 531">
     <span class='ocr_line' id='line_1_92' title="bbox 1896 455 3017 531; baseline -0.003 -18"><span class='ocrx_word' id='word_1_411' title='bbox 1896 459 2104 529; x_wconf 77' lang='lat' dir='ltr'><strong>angelis</strong></span> <span class='ocrx_word' id='word_1_412' title='bbox 2124 459 2237 531; x_wconf 82' lang='lat' dir='ltr'><strong>suis</strong></span> <span class='ocrx_word' id='word_1_413' title='bbox 2257 455 2334 531; x_wconf 89' lang='lat' dir='ltr'><strong>(a)</strong></span> <span class='ocrx_word' id='word_1_414' title='bbox 2731 455 2941 531; x_wconf 52' lang='lat' dir='ltr'><strong>Moyses</strong></span> <span class='ocrx_word' id='word_1_415' title='bbox 2961 465 3017 511; x_wconf 87' lang='lat' dir='ltr'><strong>et</strong></span> 
     </span>
    </p>
   </div>
   <div class='ocr_carea' id='block_1_92' title="bbox 1896 528 3058 601">
    <p class='ocr_par' dir='ltr' id='par_1_92' title="bbox 1896 528 3058 601">
     <span class='ocr_line' id='line_1_93' title="bbox 1896 528 3058 601; baseline -0.004 -15"><span class='ocrx_word' id='word_1_416' title='bbox 1896 528 2100 586; x_wconf 86' lang='lat' dir='ltr'><strong>sanctis</strong></span> <span class='ocrx_word' id='word_1_417' title='bbox 2127 529 2169 601; x_wconf 78' lang='grc' dir='ltr'><strong>-ι-</strong></span> <span class='ocrx_word' id='word_1_418' title='bbox 2198 528 2322 585; x_wconf 59' lang='lat' dir='ltr'><strong>:et&#39;</strong></span> <span class='ocrx_word' id='word_1_419' title='bbox 2731 528 2915 601; x_wconf 87' lang='lat' dir='ltr'><strong>Helias</strong></span> <span class='ocrx_word' id='word_1_420' title='bbox 2936 541 3058 583; x_wconf 90' lang='lat' dir='ltr'><strong>cum</strong></span> 
     </span>
    </p>
   </div>
   <div class='ocr_carea' id='block_1_93' title="bbox 1898 600 3130 671">
    <p class='ocr_par' dir='ltr' id='par_1_93' title="bbox 1898 600 3130 671">
     <span class='ocr_line' id='line_1_94' title="bbox 1898 600 3130 671; baseline -0.005 -14"><span class='ocrx_word' id='word_1_421' title='bbox 1898 611 2022 657; x_wconf 92' lang='lat' dir='ltr'><strong>tunc</strong></span> <span class='ocrx_word' id='word_1_422' title='bbox 2054 600 2178 658; x_wconf 89' lang='lat' dir='ltr'><strong>red-</strong></span> <span class='ocrx_word' id='word_1_423' title='bbox 2730 615 2798 671; x_wconf 83' lang='lat' dir='ltr'><strong>eo</strong></span> <span class='ocrx_word' id='word_1_424' title='bbox 2827 600 3130 671; x_wconf 82' lang='lat' dir='ltr'><strong>loquentes.</strong></span> 
     </span>
    </p>
   </div>
   <div class='ocr_carea' id='block_1_94' title="bbox 1897 668 3187 744">
    <p class='ocr_par' dir='ltr' id='par_1_94' title="bbox 1897 668 3187 744">
     <span class='ocr_line' id='line_1_95' title="bbox 1897 668 3187 744; baseline -0.001 -17"><span class='ocrx_word' id='word_1_425' title='bbox 1897 673 1989 729; x_wconf 89' lang='lat' dir='ltr'><strong>det</strong></span> <span class='ocrx_word' id='word_1_426' title='bbox 2016 672 2306 744; x_wconf 86' lang='lat' dir='ltr'><strong>unicuique</strong></span> <span class='ocrx_word' id='word_1_427' title='bbox 2731 670 2786 725; x_wconf 73' lang='grc'><strong>4.</strong></span> <span class='ocrx_word' id='word_1_428' title='bbox 2828 668 3187 744; x_wconf 70' lang='lat' dir='ltr'><strong>Réspondens</strong></span> 
     </span>
    </p>
   </div>
   <div class='ocr_carea' id='block_1_95' title="bbox 1894 740 3141 816">
    <p class='ocr_par' dir='ltr' id='par_1_95' title="bbox 1894 740 3141 816">
     <span class='ocr_line' id='line_1_96' title="bbox 1894 740 3141 816; baseline -0.004 -16"><span class='ocrx_word' id='word_1_429' title='bbox 1894 744 2193 801; x_wconf 87' lang='lat' dir='ltr'><strong>secundum</strong></span> <span class='ocrx_word' id='word_1_430' title='bbox 2217 740 2393 816; x_wconf 73' lang='lat' dir='ltr'><strong>opera</strong></span> <span class='ocrx_word' id='word_1_431' title='bbox 2730 749 2914 816; x_wconf 79' lang='lat' dir='ltr'><strong>autem</strong></span> <span class='ocrx_word' id='word_1_432' title='bbox 2948 740 3141 816; x_wconf 57' lang='lat' dir='ltr'><strong>Petrus</strong></span> 
     </span>
    </p>
   </div>
   <div class='ocr_carea' id='block_1_96' title="bbox 2731 810 3218 869">
    <p class='ocr_par' dir='ltr' id='par_1_96' title="bbox 2731 810 3218 869">
     <span class='ocr_line' id='line_1_97' title="bbox 2731 810 3218 869; baseline -0.004 0"><span class='ocrx_word' id='word_1_433' title='bbox 2731 810 2870 869; x_wconf 79' lang='lat' dir='ltr'><strong>dixit</strong></span> <span class='ocrx_word' id='word_1_434' title='bbox 2898 812 2965 867; x_wconf 88' lang='lat' dir='ltr'><strong>ad</strong></span> <span class='ocrx_word' id='word_1_435' title='bbox 2995 811 3178 867; x_wconf 81' lang='lat' dir='ltr'><strong>Jesttm</strong></span> <span class='ocrx_word' id='word_1_436' title='bbox 3205 830 3218 867; x_wconf 93' lang='lat'><strong>:</strong></span> 
     </span>
    </p>
   </div>
   <div class='ocr_carea' id='block_1_97' title="bbox 2734 885 3205 950">
    <p class='ocr_par' dir='ltr' id='par_1_97' title="bbox 2734 885 3205 950">
     <span class='ocr_line' id='line_1_98' title="bbox 2734 885 3205 950; baseline -0.004 -10"><span class='ocrx_word' id='word_1_437' title='bbox 2734 885 2983 950; x_wconf 88' lang='lat' dir='ltr'><strong>Domine,</strong></span> <span class='ocrx_word' id='word_1_438' title='bbox 3005 885 3205 940; x_wconf 87' lang='lat' dir='ltr'><strong>bonum</strong></span> 
     </span>
    </p>
   </div>
   <div class='ocr_carea' id='block_1_98' title="bbox 2731 956 3056 1012">
    <p class='ocr_par' dir='ltr' id='par_1_98' title="bbox 2731 956 3056 1012">
     <span class='ocr_line' id='line_1_99' title="bbox 2731 956 3056 1012; baseline -0.009 0"><span class='ocrx_word' id='word_1_439' title='bbox 2731 967 2816 1012; x_wconf 90' lang='lat' dir='ltr'><strong>est</strong></span> <span class='ocrx_word' id='word_1_440' title='bbox 2842 970 2940 1012; x_wconf 90' lang='lat' dir='ltr'><strong>nos</strong></span> <span class='ocrx_word' id='word_1_441' title='bbox 2970 956 3056 1010; x_wconf 91' lang='lat' dir='ltr'><strong>hic</strong></span> 
     </span>
    </p>
   </div>
   <div class='ocr_carea' id='block_1_99' title="bbox 2728 1026 3095 1092">
    <p class='ocr_par' dir='ltr' id='par_1_99' title="bbox 2728 1026 3095 1092">
     <span class='ocr_line' id='line_1_100' title="bbox 2728 1026 3095 1092; baseline -0.005 -9"><span class='ocrx_word' id='word_1_442' title='bbox 2728 1041 2851 1084; x_wconf 90' lang='lat' dir='ltr'><strong>esse</strong></span> <span class='ocrx_word' id='word_1_443' title='bbox 2873 1044 2888 1084; x_wconf 83' lang='lat'><strong>:</strong></span> <span class='ocrx_word' id='word_1_444' title='bbox 2919 1027 2964 1083; x_wconf 91' lang='lat' dir='ltr'><strong>si</strong></span> <span class='ocrx_word' id='word_1_445' title='bbox 2991 1026 3095 1092; x_wconf 85' lang='lat' dir='ltr'><strong>vis,</strong></span> 
     </span>
    </p>
   </div>
   <div class='ocr_carea' id='block_1_100' title="bbox 2730 1098 3037 1155">
    <p class='ocr_par' dir='ltr' id='par_1_100' title="bbox 2730 1098 3037 1155">
     <span class='ocr_line' id='line_1_101' title="bbox 2730 1098 3037 1155; baseline -0.013 0"><span class='ocrx_word' id='word_1_446' title='bbox 2730 1099 2921 1155; x_wconf 81' lang='lat' dir='ltr'><strong>faciam</strong></span> <span class='ocrx_word' id='word_1_447' title='bbox 2949 1098 3037 1152; x_wconf 88' lang='lat' dir='ltr'><strong>hic</strong></span> 
     </span>
    </p>
   </div>
   <div class='ocr_carea' id='block_1_101' title="bbox 2730 1171 3183 1227">
    <p class='ocr_par' dir='ltr' id='par_1_101' title="bbox 2730 1171 3183 1227">
     <span class='ocr_line' id='line_1_102' title="bbox 2730 1171 3183 1227; baseline -0.009 0"><span class='ocrx_word' id='word_1_448' title='bbox 2730 1172 2830 1227; x_wconf 87' lang='lat' dir='ltr'><strong>tria</strong></span> <span class='ocrx_word' id='word_1_449' title='bbox 2864 1171 3183 1226; x_wconf 86' lang='lat' dir='ltr'><strong>tabernacu-</strong></span> 
     </span>
    </p>
   </div>
   <div class='ocr_carea' id='block_1_102' title="bbox 2727 1242 3145 1309">
    <p class='ocr_par' dir='ltr' id='par_1_102' title="bbox 2727 1242 3145 1309">
     <span class='ocr_line' id='line_1_103' title="bbox 2727 1242 3145 1309; baseline -0.007 -11"><span class='ocrx_word' id='word_1_450' title='bbox 2727 1243 2802 1309; x_wconf 82' lang='lat' dir='ltr'><strong>la,</strong></span> <span class='ocrx_word' id='word_1_451' title='bbox 2834 1242 2928 1297; x_wconf 89' lang='lat' dir='ltr'><strong>tibi</strong></span> <span class='ocrx_word' id='word_1_452' title='bbox 2958 1255 3145 1306; x_wconf 90' lang='lat' dir='ltr'><strong>unum,</strong></span> 
     </span>
    </p>
   </div>
   <div class='ocr_carea' id='block_1_103' title="bbox 2731 1313 3132 1378">
    <p class='ocr_par' dir='ltr' id='par_1_103' title="bbox 2731 1313 3132 1378">
     <span class='ocr_line' id='line_1_104' title="bbox 2731 1313 3132 1378; baseline -0.007 -9"><span class='ocrx_word' id='word_1_453' title='bbox 2731 1313 2919 1369; x_wconf 82' lang='lat' dir='ltr'><strong>Heliae</strong></span> <span class='ocrx_word' id='word_1_454' title='bbox 2942 1327 3132 1378; x_wconf 90' lang='lat' dir='ltr'><strong>unum,</strong></span> 
     </span>
    </p>
   </div>
   <div class='ocr_carea' id='block_1_104' title="bbox 1894 831 1926 872">
    <p class='ocr_par' dir='ltr' id='par_1_104' title="bbox 1894 831 1926 872">
     <span class='ocr_line' id='line_1_105' title="bbox 1894 831 1926 872; baseline 0 0"><span class='ocrx_word' id='word_1_455' title='bbox 1894 831 1926 872; x_wconf 74' lang='grc' dir='ltr'>Θ</span> 
     </span>
    </p>
   </div>
   <div class='ocr_carea' id='block_1_105' title="bbox 1892 886 2352 943">
    <p class='ocr_par' dir='ltr' id='par_1_105' title="bbox 1892 886 2352 943">
     <span class='ocr_line' id='line_1_106' title="bbox 1892 886 2352 943; baseline -0.002 -1"><span class='ocrx_word' id='word_1_456' title='bbox 1892 887 1984 943; x_wconf 78' lang='grc'><strong>28.</strong></span> <span class='ocrx_word' id='word_1_457' title='bbox 2027 888 2201 943; x_wconf 85' lang='lat' dir='ltr'><strong>Amen</strong></span> <span class='ocrx_word' id='word_1_458' title='bbox 2227 886 2352 941; x_wconf 89' lang='lat' dir='ltr'><strong>dico</strong></span> 
     </span>
    </p>
   </div>
   <div class='ocr_carea' id='block_1_106' title="bbox 1891 952 2368 1028">
    <p class='ocr_par' dir='ltr' id='par_1_106' title="bbox 1891 952 2368 1028">
     <span class='ocr_line' id='line_1_107' title="bbox 1891 952 2368 1028; baseline 0 -15"><span class='ocrx_word' id='word_1_459' title='bbox 1891 959 2044 1015; x_wconf 89' lang='lat' dir='ltr'><strong>vobis</strong></span> <span class='ocrx_word' id='word_1_460' title='bbox 2062 1000 2077 1022; x_wconf 86' lang='lat'><strong>,</strong></span> <span class='ocrx_word' id='word_1_461' title='bbox 2111 952 2368 1028; x_wconf 90' lang='lat' dir='ltr'><strong>quoniam</strong></span> 
     </span>
    </p>
   </div>
   <div class='ocr_carea' id='block_1_107' title="bbox 1893 1030 2205 1101">
    <p class='ocr_par' dir='ltr' id='par_1_107' title="bbox 1893 1030 2205 1101">
     <span class='ocr_line' id='line_1_108' title="bbox 1893 1030 2205 1101; baseline -0.01 -15"><span class='ocrx_word' id='word_1_462' title='bbox 1893 1040 2020 1086; x_wconf 84' lang='lat' dir='ltr'><strong>sunt</strong></span> <span class='ocrx_word' id='word_1_463' title='bbox 2041 1030 2205 1101; x_wconf 90' lang='lat' dir='ltr'><strong>aliqui</strong></span> 
     </span>
    </p>
   </div>
   <div class='ocr_carea' id='block_1_108' title="bbox 1893 1100 2359 1158">
    <p class='ocr_par' dir='ltr' id='par_1_108' title="bbox 1893 1100 2359 1158">
     <span class='ocr_line' id='line_1_109' title="bbox 1893 1100 2359 1158; baseline 0.002 -1"><span class='ocrx_word' id='word_1_464' title='bbox 1893 1102 1964 1158; x_wconf 90' lang='lat' dir='ltr'><strong>de</strong></span> <span class='ocrx_word' id='word_1_465' title='bbox 1992 1101 2112 1158; x_wconf 90' lang='lat' dir='ltr'><strong>istis</strong></span> <span class='ocrx_word' id='word_1_466' title='bbox 2134 1100 2359 1158; x_wconf 79' lang='lat' dir='ltr'><strong>adstan—</strong></span> 
     </span>
    </p>
   </div>
   <div class='ocr_carea' id='block_1_109' title="bbox 1894 1173 2297 1245">
    <p class='ocr_par' dir='ltr' id='par_1_109' title="bbox 1894 1173 2297 1245">
     <span class='ocr_line' id='line_1_110' title="bbox 1894 1173 2297 1245; baseline -0.002 -16"><span class='ocrx_word' id='word_1_467' title='bbox 1894 1173 2059 1236; x_wconf 89' lang='lat' dir='ltr'><strong>tibus,</strong></span> <span class='ocrx_word' id='word_1_468' title='bbox 2078 1173 2169 1245; x_wconf 91' lang='lat' dir='ltr'><strong>qui</strong></span> <span class='ocrx_word' id='word_1_469' title='bbox 2191 1188 2297 1228; x_wconf 91' lang='lat' dir='ltr'><strong>non</strong></span> 
     </span>
    </p>
   </div>
   <div class='ocr_carea' id='block_1_110' title="bbox 1893 1245 2470 1316">
    <p class='ocr_par' dir='ltr' id='par_1_110' title="bbox 1893 1245 2470 1316">
     <span class='ocr_line' id='line_1_111' title="bbox 1893 1245 2470 1316; baseline 0.009 -17"><span class='ocrx_word' id='word_1_470' title='bbox 1893 1245 2187 1316; x_wconf 73' lang='lat' dir='ltr'><strong>gustabunt</strong></span> <span class='ocrx_word' id='word_1_471' title='bbox 2215 1254 2470 1313; x_wconf 87' lang='lat' dir='ltr'><strong>mortem,</strong></span> 
     </span>
    </p>
   </div>
   <div class='ocr_carea' id='block_1_111' title="bbox 1895 1315 2310 1373">
    <p class='ocr_par' dir='ltr' id='par_1_111' title="bbox 1895 1315 2310 1373">
     <span class='ocr_line' id='line_1_112' title="bbox 1895 1315 2310 1373; baseline -0.005 -1"><span class='ocrx_word' id='word_1_472' title='bbox 1895 1315 2072 1373; x_wconf 88' lang='lat' dir='ltr'><strong>donec</strong></span> <span class='ocrx_word' id='word_1_473' title='bbox 2091 1315 2310 1373; x_wconf 85' lang='lat' dir='ltr'><strong>videant</strong></span> 
     </span>
    </p>
   </div>
   <div class='ocr_carea' id='block_1_112' title="bbox 1895 1385 2981 1457">
    <p class='ocr_par' dir='ltr' id='par_1_112' title="bbox 1895 1385 2981 1457">
     <span class='ocr_line' id='line_1_113' title="bbox 1895 1385 2981 1457; baseline -0.006 -13"><span class='ocrx_word' id='word_1_474' title='bbox 1895 1388 2093 1444; x_wconf 86' lang='lat' dir='ltr'><strong>Filium</strong></span> <span class='ocrx_word' id='word_1_475' title='bbox 2131 1386 2367 1446; x_wconf 89' lang='lat' dir='ltr'><strong>hominis</strong></span> <span class='ocrx_word' id='word_1_476' title='bbox 2729 1397 2781 1441; x_wconf 91' lang='lat' dir='ltr'><strong>et</strong></span> <span class='ocrx_word' id='word_1_477' title='bbox 2811 1385 2981 1457; x_wconf 86' lang='lat' dir='ltr'><strong>Moysi</strong></span> 
     </span>
    </p>
   </div>
   <div class='ocr_carea' id='block_1_113' title="bbox 1893 1452 3240 1516">
    <p class='ocr_par' dir='ltr' id='par_1_113' title="bbox 1893 1452 3240 1516">
     <span class='ocr_line' id='line_1_114' title="bbox 1893 1452 3240 1516; baseline 0.001 -6"><span class='ocrx_word' id='word_1_478' title='bbox 1893 1458 2203 1516; x_wconf 86' lang='lat' dir='ltr'><strong>venientem</strong></span> <span class='ocrx_word' id='word_1_479' title='bbox 2245 1461 2301 1515; x_wconf 90' lang='lat' dir='ltr'><strong>in</strong></span> <span class='ocrx_word' id='word_1_480' title='bbox 2576 1500 2583 1505; x_wconf 79' lang='lat'><strong>.</strong></span> <span class='ocrx_word' id='word_1_481' title='bbox 2731 1458 2787 1514; x_wconf 83' lang='lat'><strong>5.</strong></span> <span class='ocrx_word' id='word_1_482' title='bbox 2829 1452 3017 1511; x_wconf 79' lang='lat' dir='ltr'><strong>unum.</strong></span> <span class='ocrx_word' id='word_1_483' title='bbox 3049 1452 3240 1511; x_wconf 83' lang='lat' dir='ltr'><strong>Adhuc</strong></span> 
     </span>
    </p>
   </div>
   <div class='ocr_carea' id='block_1_114' title="bbox 1896 1528 3105 1603">
    <p class='ocr_par' dir='ltr' id='par_1_114' title="bbox 1896 1528 3105 1603">
     <span class='ocr_line' id='line_1_115' title="bbox 1896 1528 3105 1603; baseline -0.004 -17"><span class='ocrx_word' id='word_1_484' title='bbox 1896 1545 2286 1603; x_wconf 59' lang='lat' dir='ltr'><strong>regno_sup._</strong></span> <span class='ocrx_word' id='word_1_485' title='bbox 2334 1601 2367 1603; x_wconf 29' lang='grc' dir='ltr'><em>π</em></span> <span class='ocrx_word' id='word_1_486' title='bbox 2382 1602 2395 1603; x_wconf 21' lang='grc' dir='ltr'><em>γ</em></span> <span class='ocrx_word' id='word_1_487' title='bbox 2408 1601 2467 1603; x_wconf 24' lang='grc' dir='ltr'>ὥ</span> <span class='ocrx_word' id='word_1_488' title='bbox 2728 1543 2795 1584; x_wconf 84' lang='lat' dir='ltr'><strong>eo</strong></span> <span class='ocrx_word' id='word_1_489' title='bbox 2825 1528 3105 1603; x_wconf 78' lang='lat' dir='ltr'><strong>loquente,</strong></span> 
     </span>
    </p>
   </div>
   <div class='ocr_carea' id='block_1_115' title="bbox 2058 1598 3136 1660">
    <p class='ocr_par' dir='ltr' id='par_1_115' title="bbox 2058 1598 3136 1660">
     <span class='ocr_line' id='line_1_116' title="bbox 2058 1598 3136 1660; baseline -0.006 -2"><span class='ocrx_word' id='word_1_490' title='bbox 2058 1600 2288 1660; x_wconf 79' lang='lat' dir='ltr'><strong>CAPUT</strong></span> <span class='ocrx_word' id='word_1_491' title='bbox 2325 1601 2488 1659; x_wconf 76' lang='lat' dir='ltr'><strong>XVII.</strong></span> <span class='ocrx_word' id='word_1_492' title='bbox 2729 1615 2857 1656; x_wconf 86' lang='lat' dir='ltr'><strong>ecce</strong></span> <span class='ocrx_word' id='word_1_493' title='bbox 2892 1598 3028 1653; x_wconf 85' lang='lat' dir='ltr'><strong>nubs</strong></span> <span class='ocrx_word' id='word_1_494' title='bbox 3053 1598 3136 1652; x_wconf 86' lang='lat' dir='ltr'><strong>Iu—</strong></span> 
     </span>
    </p>
   </div>
   <div class='ocr_carea' id='block_1_116' title="bbox 1971 1672 2659 1747">
    <p class='ocr_par' dir='ltr' id='par_1_116' title="bbox 1971 1672 2659 1747">
     <span class='ocr_line' id='line_1_117' title="bbox 1971 1672 2659 1747; baseline 0.001 -19"><span class='ocrx_word' id='word_1_495' title='bbox 1971 1674 2022 1728; x_wconf 77' lang='lat' dir='ltr'><strong>l.</strong></span> <span class='ocrx_word' id='word_1_496' title='bbox 2063 1674 2145 1747; x_wconf 52' lang='lat' dir='ltr'><strong>ib)</strong></span> <span class='ocrx_word' id='word_1_497' title='bbox 2171 1675 2238 1730; x_wconf 87' lang='lat' dir='ltr'><strong>Et</strong></span> <span class='ocrx_word' id='word_1_498' title='bbox 2275 1673 2476 1732; x_wconf 88' lang='lat' dir='ltr'><strong>factum</strong></span> <span class='ocrx_word' id='word_1_499' title='bbox 2506 1680 2591 1733; x_wconf 90' lang='lat' dir='ltr'><strong>est</strong></span> <span class='ocrx_word' id='word_1_500' title='bbox 2617 1672 2659 1746; x_wconf 70' lang='grc' dir='ltr'><strong>-ι-</strong></span> 
     </span>
    </p>
   </div>
   <div class='ocr_carea' id='block_1_117' title="bbox 1898 1744 2279 1817">
    <p class='ocr_par' dir='ltr' id='par_1_117' title="bbox 1898 1744 2279 1817">
     <span class='ocr_line' id='line_1_118' title="bbox 1898 1744 2279 1817; baseline 0.01 -20"><span class='ocrx_word' id='word_1_501' title='bbox 1898 1754 2022 1817; x_wconf 90' lang='lat' dir='ltr'><strong>post</strong></span> <span class='ocrx_word' id='word_1_502' title='bbox 2045 1744 2163 1801; x_wconf 82' lang='lat' dir='ltr'><strong>dies</strong></span> <span class='ocrx_word' id='word_1_503' title='bbox 2185 1761 2279 1817; x_wconf 75' lang='lat' dir='ltr'><strong>sex</strong></span> 
     </span>
    </p>
   </div>
   <div class='ocr_carea' id='block_1_118' title="bbox 1896 1815 2380 1888">
    <p class='ocr_par' dir='ltr' id='par_1_118' title="bbox 1896 1815 2380 1888">
     <span class='ocr_line' id='line_1_119' title="bbox 1896 1815 2380 1888; baseline 0.004 -17"><span class='ocrx_word' id='word_1_504' title='bbox 1896 1815 2197 1888; x_wconf 86' lang='lat' dir='ltr'><strong>adsumpsit</strong></span> <span class='ocrx_word' id='word_1_505' title='bbox 2221 1815 2380 1875; x_wconf 85' lang='lat' dir='ltr'><strong>Jesus</strong></span> 
     </span>
    </p>
   </div>
   <div class='ocr_carea' id='block_1_119' title="bbox 1899 1888 2410 1955">
    <p class='ocr_par' dir='ltr' id='par_1_119' title="bbox 1899 1888 2410 1955">
     <span class='ocr_line' id='line_1_120' title="bbox 1899 1888 2410 1955; baseline 0.006 -12"><span class='ocrx_word' id='word_1_506' title='bbox 1899 1888 2143 1955; x_wconf 83' lang='lat' dir='ltr'><strong>Petrum,</strong></span> <span class='ocrx_word' id='word_1_507' title='bbox 2174 1898 2231 1945; x_wconf 90' lang='lat' dir='ltr'><strong>et</strong></span> <span class='ocrx_word' id='word_1_508' title='bbox 2249 1888 2410 1946; x_wconf 84' lang='lat' dir='ltr'><strong>Jaco-</strong></span> 
     </span>
    </p>
   </div>
   <div class='ocr_carea' id='block_1_120' title="bbox 1896 1959 2363 2026">
    <p class='ocr_par' dir='ltr' id='par_1_120' title="bbox 1896 1959 2363 2026">
     <span class='ocr_line' id='line_1_121' title="bbox 1896 1959 2363 2026; baseline 0.002 -11"><span class='ocrx_word' id='word_1_509' title='bbox 1896 1960 2048 2026; x_wconf 91' lang='lat' dir='ltr'><strong>bnm,</strong></span> <span class='ocrx_word' id='word_1_510' title='bbox 2078 1970 2130 2016; x_wconf 90' lang='lat' dir='ltr'><strong>et</strong></span> <span class='ocrx_word' id='word_1_511' title='bbox 2158 1959 2363 2016; x_wconf 85' lang='lat' dir='ltr'><strong>Johan-</strong></span> 
     </span>
    </p>
   </div>
   <div class='ocr_carea' id='block_1_121' title="bbox 1899 2030 2279 2089">
    <p class='ocr_par' dir='ltr' id='par_1_121' title="bbox 1899 2030 2279 2089">
     <span class='ocr_line' id='line_1_122' title="bbox 1899 2030 2279 2089; baseline 0.008 -3"><span class='ocrx_word' id='word_1_512' title='bbox 1899 2048 2021 2087; x_wconf 90' lang='lat' dir='ltr'><strong>netn</strong></span> <span class='ocrx_word' id='word_1_513' title='bbox 2053 2030 2279 2089; x_wconf 84' lang='lat' dir='ltr'><strong>fratrem</strong></span> 
     </span>
    </p>
   </div>
   <div class='ocr_carea' id='block_1_122' title="bbox 1897 2102 2287 2172">
    <p class='ocr_par' dir='ltr' id='par_1_122' title="bbox 1897 2102 2287 2172">
     <span class='ocr_line' id='line_1_123' title="bbox 1897 2102 2287 2172; baseline 0 -14"><span class='ocrx_word' id='word_1_514' title='bbox 1897 2102 2039 2172; x_wconf 88' lang='lat' dir='ltr'><strong>ejus,</strong></span> <span class='ocrx_word' id='word_1_515' title='bbox 2062 2113 2115 2158; x_wconf 92' lang='lat' dir='ltr'><strong>et</strong></span> <span class='ocrx_word' id='word_1_516' title='bbox 2137 2103 2287 2158; x_wconf 91' lang='lat' dir='ltr'><strong>ducit</strong></span> 
     </span>
    </p>
   </div>
   <div class='ocr_carea' id='block_1_123' title="bbox 1899 2174 2369 2231">
    <p class='ocr_par' dir='ltr' id='par_1_123' title="bbox 1899 2174 2369 2231">
     <span class='ocr_line' id='line_1_124' title="bbox 1899 2174 2369 2231; baseline 0 -2"><span class='ocrx_word' id='word_1_517' title='bbox 1899 2174 2025 2229; x_wconf 90' lang='lat' dir='ltr'><strong>illos</strong></span> <span class='ocrx_word' id='word_1_518' title='bbox 2052 2177 2107 2229; x_wconf 93' lang='lat' dir='ltr'><strong>in</strong></span> <span class='ocrx_word' id='word_1_519' title='bbox 2130 2186 2369 2231; x_wconf 90' lang='lat' dir='ltr'><strong>montem</strong></span> 
     </span>
    </p>
   </div>
   <div class='ocr_carea' id='block_1_124' title="bbox 1895 2246 2357 2303">
    <p class='ocr_par' dir='ltr' id='par_1_124' title="bbox 1895 2246 2357 2303">
     <span class='ocr_line' id='line_1_125' title="bbox 1895 2246 2357 2303; baseline 0.004 -4"><span class='ocrx_word' id='word_1_520' title='bbox 1895 2246 2174 2301; x_wconf 79' lang='lat' dir='ltr'><strong>excelsum</strong></span> <span class='ocrx_word' id='word_1_521' title='bbox 2207 2260 2357 2303; x_wconf 86' lang='lat' dir='ltr'><strong>seor-</strong></span> 
     </span>
    </p>
   </div>
   <div class='ocr_carea' id='block_1_125' title="bbox 1896 2316 2489 2375">
    <p class='ocr_par' dir='ltr' id='par_1_125' title="bbox 1896 2316 2489 2375">
     <span class='ocr_line' id='line_1_126' title="bbox 1896 2316 2489 2375; baseline -0.002 -3"><span class='ocrx_word' id='word_1_522' title='bbox 1896 2317 1951 2372; x_wconf 78' lang='lat'><strong>2.</strong></span> <span class='ocrx_word' id='word_1_523' title='bbox 1993 2332 2113 2373; x_wconf 88' lang='lat' dir='ltr'><strong>sum</strong></span> <span class='ocrx_word' id='word_1_524' title='bbox 2144 2335 2157 2371; x_wconf 92' lang='lat'>:</span> <span class='ocrx_word' id='word_1_525' title='bbox 2188 2326 2243 2372; x_wconf 91' lang='lat' dir='ltr'><strong>et</strong></span> <span class='ocrx_word' id='word_1_526' title='bbox 2272 2316 2489 2375; x_wconf 78' lang='lat' dir='ltr'><strong>transﬂ-</strong></span> 
     </span>
    </p>
   </div>
   <div class='ocr_carea' id='block_1_126' title="bbox 1895 2387 2330 2461">
    <p class='ocr_par' dir='ltr' id='par_1_126' title="bbox 1895 2387 2330 2461">
     <span class='ocr_line' id='line_1_127' title="bbox 1895 2387 2330 2461; baseline 0.002 -18"><span class='ocrx_word' id='word_1_527' title='bbox 1895 2399 2123 2461; x_wconf 79' lang='lat' dir='ltr'><strong>guratus</strong></span> <span class='ocrx_word' id='word_1_528' title='bbox 2144 2399 2228 2445; x_wconf 88' lang='lat' dir='ltr'><strong>est</strong></span> <span class='ocrx_word' id='word_1_529' title='bbox 2259 2387 2330 2461; x_wconf 79' lang='grc' dir='ltr'><strong>(ε)</strong></span> 
     </span>
    </p>
   </div>
   <div class='ocr_carea' id='block_1_127' title="bbox 1894 2460 2274 2532">
    <p class='ocr_par' dir='ltr' id='par_1_127' title="bbox 1894 2460 2274 2532">
     <span class='ocr_line' id='line_1_128' title="bbox 1894 2460 2274 2532; baseline 0.003 -16"><span class='ocrx_word' id='word_1_530' title='bbox 1894 2460 2055 2516; x_wconf 87' lang='lat' dir='ltr'><strong>Jesns</strong></span> <span class='ocrx_word' id='word_1_531' title='bbox 2074 2460 2117 2532; x_wconf 71' lang='grc' dir='ltr'><strong>-ι-</strong></span> <span class='ocrx_word' id='word_1_532' title='bbox 2144 2460 2274 2518; x_wconf 85' lang='lat' dir='ltr'><strong>ante</strong></span> 
     </span>
    </p>
   </div>
   <div class='ocr_carea' id='block_1_128' title="bbox 1894 2532 2243 2588">
    <p class='ocr_par' dir='ltr' id='par_1_128' title="bbox 1894 2532 2243 2588">
     <span class='ocr_line' id='line_1_129' title="bbox 1894 2532 2243 2588; baseline 0 -1"><span class='ocrx_word' id='word_1_533' title='bbox 1894 2548 2013 2587; x_wconf 88' lang='lat' dir='ltr'><strong>eos.</strong></span> <span class='ocrx_word' id='word_1_534' title='bbox 2041 2532 2104 2587; x_wconf 87' lang='lat' dir='ltr'><strong>Et</strong></span> <span class='ocrx_word' id='word_1_535' title='bbox 2127 2548 2243 2588; x_wconf 90' lang='lat' dir='ltr'><strong>res-</strong></span> 
     </span>
    </p>
   </div>
   <div class='ocr_carea' id='block_1_129' title="bbox 1897 2602 2439 2676">
    <p class='ocr_par' dir='ltr' id='par_1_129' title="bbox 1897 2602 2439 2676">
     <span class='ocr_line' id='line_1_130' title="bbox 1897 2602 2439 2676; baseline 0.006 -20"><span class='ocrx_word' id='word_1_536' title='bbox 1897 2604 2147 2676; x_wconf 88' lang='lat' dir='ltr'><strong>plendttit</strong></span> <span class='ocrx_word' id='word_1_537' title='bbox 2178 2602 2343 2659; x_wconf 80' lang='lat' dir='ltr'><strong>iacies</strong></span> <span class='ocrx_word' id='word_1_538' title='bbox 2408 2636 2439 2668; x_wconf 64' lang='grc' dir='ltr'><strong><em>η</em></strong></span> 
     </span>
    </p>
   </div>
   <div class='ocr_carea' id='block_1_130' title="bbox 1895 2675 2331 2746">
    <p class='ocr_par' dir='ltr' id='par_1_130' title="bbox 1895 2675 2331 2746">
     <span class='ocr_line' id='line_1_131' title="bbox 1895 2675 2331 2746; baseline 0 -14"><span class='ocrx_word' id='word_1_539' title='bbox 1895 2675 2014 2746; x_wconf 82' lang='lat' dir='ltr'><strong>ejus</strong></span> <span class='ocrx_word' id='word_1_540' title='bbox 2039 2676 2178 2731; x_wconf 90' lang='lat' dir='ltr'><strong>sicut</strong></span> <span class='ocrx_word' id='word_1_541' title='bbox 2202 2676 2286 2732; x_wconf 88' lang='lat' dir='ltr'><strong>sol</strong></span> <span class='ocrx_word' id='word_1_542' title='bbox 2318 2694 2331 2731; x_wconf 93' lang='lat'><strong>:</strong></span> 
     </span>
    </p>
   </div>
   <div class='ocr_carea' id='block_1_131' title="bbox 1899 2749 2224 2802">
    <p class='ocr_par' dir='ltr' id='par_1_131' title="bbox 1899 2749 2224 2802">
     <span class='ocr_line' id='line_1_132' title="bbox 1899 2749 2224 2802; baseline 0.003 -1"><span class='ocrx_word' id='word_1_543' title='bbox 1899 2749 2224 2802; x_wconf 87' lang='lat' dir='ltr'><strong>vestimenta</strong></span> 
     </span>
    </p>
   </div>
   <div class='ocr_carea' id='block_1_132' title="bbox 1900 2819 2231 2889">
    <p class='ocr_par' dir='ltr' id='par_1_132' title="bbox 1900 2819 2231 2889">
     <span class='ocr_line' id='line_1_133' title="bbox 1900 2819 2231 2889; baseline 0.009 -17"><span class='ocrx_word' id='word_1_544' title='bbox 1900 2831 2080 2889; x_wconf 85' lang='lat' dir='ltr'><strong>autem</strong></span> <span class='ocrx_word' id='word_1_545' title='bbox 2112 2819 2231 2889; x_wconf 90' lang='lat' dir='ltr'><strong>ejus</strong></span> 
     </span>
    </p>
   </div>
   <div class='ocr_carea' id='block_1_133' title="bbox 2730 1668 3204 1728">
    <p class='ocr_par' dir='ltr' id='par_1_133' title="bbox 2730 1668 3204 1728">
     <span class='ocr_line' id='line_1_134' title="bbox 2730 1668 3204 1728; baseline -0.008 0"><span class='ocrx_word' id='word_1_546' title='bbox 2730 1671 2849 1728; x_wconf 88' lang='lat' dir='ltr'><strong>cida</strong></span> <span class='ocrx_word' id='word_1_547' title='bbox 2872 1668 3204 1726; x_wconf 88' lang='lat' dir='ltr'><strong>inumbravit</strong></span> 
     </span>
    </p>
   </div>
   <div class='ocr_carea' id='block_1_134' title="bbox 2729 1743 3097 1799">
    <p class='ocr_par' dir='ltr' id='par_1_134' title="bbox 2729 1743 3097 1799">
     <span class='ocr_line' id='line_1_135' title="bbox 2729 1743 3097 1799; baseline -0.011 0"><span class='ocrx_word' id='word_1_548' title='bbox 2729 1758 2845 1799; x_wconf 87' lang='lat' dir='ltr'><strong>eos.</strong></span> <span class='ocrx_word' id='word_1_549' title='bbox 2878 1743 2941 1797; x_wconf 85' lang='lat' dir='ltr'><strong>Et</strong></span> <span class='ocrx_word' id='word_1_550' title='bbox 2968 1755 3097 1796; x_wconf 90' lang='lat' dir='ltr'><strong>ecce</strong></span> 
     </span>
    </p>
   </div>
   <div class='ocr_carea' id='block_1_135' title="bbox 2729 1813 3118 1879">
    <p class='ocr_par' dir='ltr' id='par_1_135' title="bbox 2729 1813 3118 1879">
     <span class='ocr_line' id='line_1_136' title="bbox 2729 1813 3118 1879; baseline -0.015 -9"><span class='ocrx_word' id='word_1_551' title='bbox 2729 1829 2832 1870; x_wconf 73' lang='lat' dir='ltr'><strong>vos</strong></span> <span class='ocrx_word' id='word_1_552' title='bbox 2864 1813 2933 1870; x_wconf 94' lang='lat' dir='ltr'><strong>de</strong></span> <span class='ocrx_word' id='word_1_553' title='bbox 2955 1813 3118 1879; x_wconf 89' lang='lat' dir='ltr'><strong>nube,</strong></span> 
     </span>
    </p>
   </div>
   <div class='ocr_carea' id='block_1_136' title="bbox 2731 1882 3089 1943">
    <p class='ocr_par' dir='ltr' id='par_1_136' title="bbox 2731 1882 3089 1943">
     <span class='ocr_line' id='line_1_137' title="bbox 2731 1882 3089 1943; baseline -0.014 -1"><span class='ocrx_word' id='word_1_554' title='bbox 2731 1886 2918 1943; x_wconf 92' lang='lat' dir='ltr'><strong>dicens</strong></span> <span class='ocrx_word' id='word_1_555' title='bbox 2948 1901 2961 1938; x_wconf 90' lang='lat'><strong>:</strong></span> <span class='ocrx_word' id='word_1_556' title='bbox 2989 1882 3089 1939; x_wconf 86' lang='lat' dir='ltr'><strong>Hic</strong></span> 
     </span>
    </p>
   </div>
   <div class='ocr_carea' id='block_1_137' title="bbox 2732 1956 3203 2013">
    <p class='ocr_par' dir='ltr' id='par_1_137' title="bbox 2732 1956 3203 2013">
     <span class='ocr_line' id='line_1_138' title="bbox 2732 1956 3203 2013; baseline -0.011 0"><span class='ocrx_word' id='word_1_557' title='bbox 2732 1967 2816 2013; x_wconf 85' lang='lat' dir='ltr'><strong>est</strong></span> <span class='ocrx_word' id='word_1_558' title='bbox 2844 1956 3018 2012; x_wconf 86' lang='lat' dir='ltr'><strong>Filius</strong></span> <span class='ocrx_word' id='word_1_559' title='bbox 3047 1968 3203 2010; x_wconf 89' lang='lat' dir='ltr'><strong>meus</strong></span> 
     </span>
    </p>
   </div>
   <div class='ocr_carea' id='block_1_138' title="bbox 2731 2025 3060 2091">
    <p class='ocr_par' dir='ltr' id='par_1_138' title="bbox 2731 2025 3060 2091">
     <span class='ocr_line' id='line_1_139' title="bbox 2731 2025 3060 2091; baseline -0.015 -7"><span class='ocrx_word' id='word_1_560' title='bbox 2731 2025 2982 2091; x_wconf 88' lang='lat' dir='ltr'><strong>dilectus,</strong></span> <span class='ocrx_word' id='word_1_561' title='bbox 3005 2025 3060 2080; x_wconf 90' lang='lat' dir='ltr'><strong>in</strong></span> 
     </span>
    </p>
   </div>
   <div class='ocr_carea' id='block_1_139' title="bbox 2730 2098 3121 2172">
    <p class='ocr_par' dir='ltr' id='par_1_139' title="bbox 2730 2098 3121 2172">
     <span class='ocr_line' id='line_1_140' title="bbox 2730 2098 3121 2172; baseline -0.008 -17"><span class='ocrx_word' id='word_1_562' title='bbox 2730 2117 2838 2172; x_wconf 91' lang='lat' dir='ltr'><strong>quo</strong></span> <span class='ocrx_word' id='word_1_563' title='bbox 2864 2098 2999 2172; x_wconf 79' lang='lat' dir='ltr'><strong>mihi</strong></span> <span class='ocrx_word' id='word_1_564' title='bbox 3025 2100 3121 2172; x_wconf 90' lang='lat' dir='ltr'><strong>be-_</strong></span> 
     </span>
    </p>
   </div>
   <div class='ocr_carea' id='block_1_140' title="bbox 2732 2167 3178 2240">
    <p class='ocr_par' dir='ltr' id='par_1_140' title="bbox 2732 2167 3178 2240">
     <span class='ocr_line' id='line_1_141' title="bbox 2732 2167 3178 2240; baseline -0.016 -12"><span class='ocrx_word' id='word_1_565' title='bbox 2732 2167 2801 2228; x_wconf 78' lang='lat' dir='ltr'><strong>tie</strong></span> <span class='ocrx_word' id='word_1_566' title='bbox 2826 2167 3131 2240; x_wconf 81' lang='lat' dir='ltr'><strong>complacni</strong></span> <span class='ocrx_word' id='word_1_567' title='bbox 3164 2185 3178 2221; x_wconf 89' lang='lat'>:</span> 
     </span>
    </p>
   </div>
   <div class='ocr_carea' id='block_1_141' title="bbox 2729 2241 3136 2312">
    <p class='ocr_par' dir='ltr' id='par_1_141' title="bbox 2729 2241 3136 2312">
     <span class='ocr_line' id='line_1_142' title="bbox 2729 2241 3136 2312; baseline -0.01 -14"><span class='ocrx_word' id='word_1_568' title='bbox 2729 2244 2904 2312; x_wconf 90' lang='lat' dir='ltr'><strong>ipsum</strong></span> <span class='ocrx_word' id='word_1_569' title='bbox 2932 2241 3136 2296; x_wconf 89' lang='lat' dir='ltr'><strong>audite.</strong></span> 
     </span>
    </p>
   </div>
   <div class='ocr_carea' id='block_1_142' title="bbox 2730 2313 3201 2371">
    <p class='ocr_par' dir='ltr' id='par_1_142' title="bbox 2730 2313 3201 2371">
     <span class='ocr_line' id='line_1_143' title="bbox 2730 2313 3201 2371; baseline -0.011 0"><span class='ocrx_word' id='word_1_570' title='bbox 2730 2314 2784 2371; x_wconf 89' lang='lat'><strong>6.</strong></span> <span class='ocrx_word' id='word_1_571' title='bbox 2828 2314 2895 2369; x_wconf 87' lang='lat' dir='ltr'><strong>Et</strong></span> <span class='ocrx_word' id='word_1_572' title='bbox 2916 2313 3201 2367; x_wconf 81' lang='lat' dir='ltr'><strong>audientes</strong></span> 
     </span>
    </p>
   </div>
   <div class='ocr_carea' id='block_1_143' title="bbox 2729 2385 3091 2454">
    <p class='ocr_par' dir='ltr' id='par_1_143' title="bbox 2729 2385 3091 2454">
     <span class='ocr_line' id='line_1_144' title="bbox 2729 2385 3091 2454; baseline -0.011 -12"><span class='ocrx_word' id='word_1_573' title='bbox 2729 2385 2977 2454; x_wconf 85' lang='lat' dir='ltr'><strong>discipuli</strong></span> <span class='ocrx_word' id='word_1_574' title='bbox 3000 2398 3091 2439; x_wconf 89' lang='lat' dir='ltr'><strong>ce-</strong></span> 
     </span>
    </p>
   </div>
   <div class='ocr_carea' id='block_1_144' title="bbox 2728 2456 3059 2513">
    <p class='ocr_par' dir='ltr' id='par_1_144' title="bbox 2728 2456 3059 2513">
     <span class='ocr_line' id='line_1_145' title="bbox 2728 2456 3059 2513; baseline -0.009 0"><span class='ocrx_word' id='word_1_575' title='bbox 2728 2457 2979 2513; x_wconf 90' lang='lat' dir='ltr'><strong>ciderunt</strong></span> <span class='ocrx_word' id='word_1_576' title='bbox 3004 2456 3059 2511; x_wconf 91' lang='lat' dir='ltr'><strong>iu</strong></span> 
     </span>
    </p>
   </div>
   <div class='ocr_carea' id='block_1_145' title="bbox 2729 2528 3131 2592">
    <p class='ocr_par' dir='ltr' id='par_1_145' title="bbox 2729 2528 3131 2592">
     <span class='ocr_line' id='line_1_146' title="bbox 2729 2528 3131 2592; baseline -0.012 -7"><span class='ocrx_word' id='word_1_577' title='bbox 2729 2528 2920 2585; x_wconf 86' lang='lat' dir='ltr'><strong>faciem</strong></span> <span class='ocrx_word' id='word_1_578' title='bbox 2954 2542 3131 2592; x_wconf 86' lang='lat' dir='ltr'><strong>suam,</strong></span> 
     </span>
    </p>
   </div>
   <div class='ocr_carea' id='block_1_146' title="bbox 2730 2601 3111 2656">
    <p class='ocr_par' dir='ltr' id='par_1_146' title="bbox 2730 2601 3111 2656">
     <span class='ocr_line' id='line_1_147' title="bbox 2730 2601 3111 2656; baseline -0.008 0"><span class='ocrx_word' id='word_1_579' title='bbox 2730 2610 2785 2656; x_wconf 90' lang='lat' dir='ltr'><strong>et</strong></span> <span class='ocrx_word' id='word_1_580' title='bbox 2813 2601 3111 2656; x_wconf 88' lang='lat' dir='ltr'><strong>timuerunt</strong></span> 
     </span>
    </p>
   </div>
   <div class='ocr_carea' id='block_1_147' title="bbox 2732 2670 3224 2727">
    <p class='ocr_par' dir='ltr' id='par_1_147' title="bbox 2732 2670 3224 2727">
     <span class='ocr_line' id='line_1_148' title="bbox 2732 2670 3224 2727; baseline -0.006 0"><span class='ocrx_word' id='word_1_581' title='bbox 2732 2671 2787 2727; x_wconf 87' lang='lat'><strong>7.</strong></span> <span class='ocrx_word' id='word_1_582' title='bbox 2829 2670 3006 2727; x_wconf 86' lang='lat' dir='ltr'><strong>valde.</strong></span> <span class='ocrx_word' id='word_1_583' title='bbox 3041 2671 3110 2725; x_wconf 85' lang='lat' dir='ltr'><strong>Et</strong></span> <span class='ocrx_word' id='word_1_584' title='bbox 3133 2683 3224 2724; x_wconf 88' lang='lat' dir='ltr'><strong>ac-</strong></span> 
     </span>
    </p>
   </div>
   <div class='ocr_carea' id='block_1_148' title="bbox 2731 2743 3116 2807">
    <p class='ocr_par' dir='ltr' id='par_1_148' title="bbox 2731 2743 3116 2807">
     <span class='ocr_line' id='line_1_149' title="bbox 2731 2743 3116 2807; baseline -0.01 -7"><span class='ocrx_word' id='word_1_585' title='bbox 2731 2744 2894 2800; x_wconf 87' lang='lat' dir='ltr'><strong>cessit</strong></span> <span class='ocrx_word' id='word_1_586' title='bbox 2920 2743 3080 2799; x_wconf 83' lang='lat' dir='ltr'><strong>Jesus</strong></span> <span class='ocrx_word' id='word_1_587' title='bbox 3099 2782 3116 2807; x_wconf 93' lang='lat'><strong>,</strong></span> 
     </span>
    </p>
   </div>
   <div class='ocr_carea' id='block_1_149' title="bbox 2732 2815 3148 2885">
    <p class='ocr_par' dir='ltr' id='par_1_149' title="bbox 2732 2815 3148 2885">
     <span class='ocr_line' id='line_1_150' title="bbox 2732 2815 3148 2885; baseline -0.01 -13"><span class='ocrx_word' id='word_1_588' title='bbox 2732 2825 2788 2872; x_wconf 93' lang='lat' dir='ltr'><strong>et</strong></span> <span class='ocrx_word' id='word_1_589' title='bbox 2808 2815 2984 2885; x_wconf 83' lang='lat' dir='ltr'><strong>tetigit</strong></span> <span class='ocrx_word' id='word_1_590' title='bbox 3012 2828 3109 2869; x_wconf 85' lang='lat' dir='ltr'><strong>eos</strong></span> <span class='ocrx_word' id='word_1_591' title='bbox 3132 2828 3148 2879; x_wconf 87' lang='lat'><strong>;</strong></span> 
     </span>
    </p>
   </div>
   <div class='ocr_carea' id='block_1_150' title="bbox 2732 2885 3131 2956">
    <p class='ocr_par' dir='ltr' id='par_1_150' title="bbox 2732 2885 3131 2956">
     <span class='ocr_line' id='line_1_151' title="bbox 2732 2885 3131 2956; baseline -0.013 -15"><span class='ocrx_word' id='word_1_592' title='bbox 2732 2886 2977 2956; x_wconf 77' lang='lat' dir='ltr'><strong>dixitque</strong></span> <span class='ocrx_word' id='word_1_593' title='bbox 3004 2885 3087 2940; x_wconf 90' lang='lat' dir='ltr'><strong>eis</strong></span> <span class='ocrx_word' id='word_1_594' title='bbox 3118 2900 3131 2936; x_wconf 88' lang='lat'><strong>:</strong></span> 
     </span>
    </p>
   </div>
   <div class='ocr_carea' id='block_1_151' title="bbox 2734 2959 3192 3028">
    <p class='ocr_par' dir='ltr' id='par_1_151' title="bbox 2734 2959 3192 3028">
     <span class='ocr_line' id='line_1_152' title="bbox 2734 2959 3192 3028; baseline -0.002 -14"><span class='ocrx_word' id='word_1_595' title='bbox 2734 2959 2950 3028; x_wconf 88' lang='lat' dir='ltr'><strong>Surgite</strong></span> <span class='ocrx_word' id='word_1_596' title='bbox 2973 2996 2988 3022; x_wconf 89' lang='lat'><strong>,</strong></span> <span class='ocrx_word' id='word_1_597' title='bbox 3012 2965 3068 3010; x_wconf 92' lang='lat' dir='ltr'><strong>et</strong></span> <span class='ocrx_word' id='word_1_598' title='bbox 3097 2966 3192 3013; x_wconf 85' lang='lat' dir='ltr'><strong>n0.-</strong></span> 
     </span>
    </p>
   </div>
   <div class='ocr_carea' id='block_1_152' title="bbox 2732 3030 3069 3086">
    <p class='ocr_par' dir='ltr' id='par_1_152' title="bbox 2732 3030 3069 3086">
     <span class='ocr_line' id='line_1_153' title="bbox 2732 3030 3069 3086; baseline -0.018 0"><span class='ocrx_word' id='word_1_599' title='bbox 2732 3030 2828 3086; x_wconf 89' lang='lat' dir='ltr'><strong>lite</strong></span> <span class='ocrx_word' id='word_1_600' title='bbox 2855 3030 3069 3083; x_wconf 90' lang='lat' dir='ltr'><strong>timere.</strong></span> 
     </span>
    </p>
   </div>
   <div class='ocr_carea' id='block_1_153' title="bbox 1902 2955 2297 3017">
    <p class='ocr_par' dir='ltr' id='par_1_153' title="bbox 1902 2955 2297 3017">
     <span class='ocr_line' id='line_1_154' title="bbox 1902 2955 2297 3017; baseline 0 -3"><span class='ocrx_word' id='word_1_601' title='bbox 1902 2961 2129 3015; x_wconf 84' lang='lat' dir='ltr'><strong>candida</strong></span> <span class='ocrx_word' id='word_1_602' title='bbox 2155 2955 2297 3017; x_wconf 88' lang='lat' dir='ltr'><strong>sicut</strong></span> 
     </span>
    </p>
   </div>
   <div class='ocr_carea' id='block_1_154' title="bbox 1903 3030 2472 3105">
    <p class='ocr_par' dir='ltr' id='par_1_154' title="bbox 1903 3030 2472 3105">
     <span class='ocr_line' id='line_1_155' title="bbox 1903 3030 2472 3105; baseline -0.004 -16"><span class='ocrx_word' id='word_1_603' title='bbox 1903 3032 1959 3089; x_wconf 77' lang='lat'><strong>5.</strong></span> <span class='ocrx_word' id='word_1_604' title='bbox 2002 3030 2114 3089; x_wconf 81' lang='lat' dir='ltr'><strong>nix.</strong></span> <span class='ocrx_word' id='word_1_605' title='bbox 2141 3033 2208 3088; x_wconf 89' lang='lat' dir='ltr'><strong>Et</strong></span> <span class='ocrx_word' id='word_1_606' title='bbox 2235 3047 2364 3089; x_wconf 92' lang='lat' dir='ltr'><strong>ecce</strong></span> <span class='ocrx_word' id='word_1_607' title='bbox 2391 3030 2472 3105; x_wconf 80' lang='grc' dir='ltr'><strong>(ἀ)</strong></span> 
     </span>
    </p>
   </div>
   <div class='ocr_carea' id='block_1_155' title="bbox 2357 3163 3026 3225">
    <p class='ocr_par' dir='ltr' id='par_1_155' title="bbox 2357 3163 3026 3225">
     <span class='ocr_line' id='line_1_156' title="bbox 2357 3163 3026 3225; baseline -0.007 0"><span class='ocrx_word' id='word_1_608' title='bbox 2357 3167 2589 3225; x_wconf 80' lang='lat' dir='ltr'><strong>CODEX</strong></span> <span class='ocrx_word' id='word_1_609' title='bbox 2630 3163 3026 3223; x_wconf 70' lang='lat' dir='ltr'><strong>BRIXIANUS.</strong></span> 
     </span>
    </p>
   </div>
   <div class='ocr_carea' id='block_1_156' title="bbox 1894 3254 3491 3335">
    <p class='ocr_par' dir='ltr' id='par_1_156' title="bbox 1894 3254 3491 3335">
     <span class='ocr_line' id='line_1_157' title="bbox 1894 3254 3491 3335; baseline -0.009 -12"><span class='ocrx_word' id='word_1_610' title='bbox 1894 3267 2070 3323; x_wconf 88' lang='lat' dir='ltr'><strong>Patris</strong></span> <span class='ocrx_word' id='word_1_611' title='bbox 2103 3267 2185 3323; x_wconf 88' lang='lat' dir='ltr'><strong>sui</strong></span> <span class='ocrx_word' id='word_1_612' title='bbox 2226 3281 2351 3323; x_wconf 90' lang='lat' dir='ltr'><strong>cum</strong></span> <span class='ocrx_word' id='word_1_613' title='bbox 2394 3263 2600 3335; x_wconf 85' lang='lat' dir='ltr'><strong>angelis</strong></span> <span class='ocrx_word' id='word_1_614' title='bbox 2648 3263 2761 3319; x_wconf 77' lang='lat' dir='ltr'><strong>suis</strong></span> <span class='ocrx_word' id='word_1_615' title='bbox 2797 3269 2854 3316; x_wconf 94' lang='lat' dir='ltr'><strong>et</strong></span> <span class='ocrx_word' id='word_1_616' title='bbox 2885 3270 3013 3315; x_wconf 86' lang='lat' dir='ltr'><strong>tunc</strong></span> <span class='ocrx_word' id='word_1_617' title='bbox 3049 3256 3241 3315; x_wconf 76' lang='lat' dir='ltr'><strong>reddet</strong></span> <span class='ocrx_word' id='word_1_618' title='bbox 3280 3254 3491 3312; x_wconf 82' lang='lat' dir='ltr'><strong>unicui-</strong></span> 
     </span>
    </p>
   </div>
   <div class='ocr_carea' id='block_1_157' title="bbox 1892 3335 3201 3412">
    <p class='ocr_par' dir='ltr' id='par_1_157' title="bbox 1892 3335 3201 3412">
     <span class='ocr_line' id='line_1_158' title="bbox 1892 3335 3201 3412; baseline -0.003 -18"><span class='ocrx_word' id='word_1_619' title='bbox 1892 3356 1999 3410; x_wconf 88' lang='lat' dir='ltr'><strong>que</strong></span> <span class='ocrx_word' id='word_1_620' title='bbox 2028 3340 2324 3412; x_wconf 82' lang='lat' dir='ltr'><strong>secundnm</strong></span> <span class='ocrx_word' id='word_1_621' title='bbox 2350 3353 2514 3412; x_wconf 61' lang='lat' dir='ltr'><strong>opera</strong></span> <span class='ocrx_word' id='word_1_622' title='bbox 2542 3335 2680 3412; x_wconf 69' lang='lat' dir='ltr'><strong>ejus.</strong></span> <span class='ocrx_word' id='word_1_623' title='bbox 2876 3404 2889 3412; x_wconf 89' lang='lat'>_</span> <span class='ocrx_word' id='word_1_624' title='bbox 2914 3404 2925 3412; x_wconf 90' lang='lat'><em>_</em></span> <span class='ocrx_word' id='word_1_625' title='bbox 3067 3401 3081 3412; x_wconf 87' lang='lat'><em>_</em></span> <span class='ocrx_word' id='word_1_626' title='bbox 3150 3401 3163 3412; x_wconf 87' lang='lat'>_</span> <span class='ocrx_word' id='word_1_627' title='bbox 3188 3401 3201 3412; x_wconf 45' lang='lat'>.</span> 
     </span>
    </p>
   </div>
   <div class='ocr_carea' id='block_1_158' title="bbox 1965 3397 3491 3477">
    <p class='ocr_par' dir='ltr' id='par_1_158' title="bbox 1965 3397 3491 3477">
     <span class='ocr_line' id='line_1_159' title="bbox 1965 3397 3491 3477; baseline -0.012 -10"><span class='ocrx_word' id='word_1_628' title='bbox 1965 3414 2137 3467; x_wconf 78' lang='lat' dir='ltr'><strong>Amen</strong></span> <span class='ocrx_word' id='word_1_629' title='bbox 2158 3410 2281 3469; x_wconf 84' lang='lat' dir='ltr'><strong>dico</strong></span> <span class='ocrx_word' id='word_1_630' title='bbox 2312 3397 2467 3464; x_wconf 80' lang='lat' dir='ltr'><strong>vobis</strong></span> <span class='ocrx_word' id='word_1_631' title='bbox 2488 3397 2613 3477; x_wconf 69' lang='lat' dir='ltr'><strong>quia</strong></span> <span class='ocrx_word' id='word_1_632' title='bbox 2648 3416 2775 3465; x_wconf 68' lang='lat' dir='ltr'><strong>sunt</strong></span> <span class='ocrx_word' id='word_1_633' title='bbox 2800 3404 3016 3477; x_wconf 77' lang='lat' dir='ltr'><strong>quidam</strong></span> <span class='ocrx_word' id='word_1_634' title='bbox 3048 3401 3116 3457; x_wconf 92' lang='lat' dir='ltr'><strong>dc</strong></span> <span class='ocrx_word' id='word_1_635' title='bbox 3150 3401 3236 3477; x_wconf 73' lang='lat' dir='ltr'><strong>hic</strong></span> <span class='ocrx_word' id='word_1_636' title='bbox 3269 3397 3491 3477; x_wconf 43' lang='lat' dir='ltr'><strong>adstan-</strong></span> 
     </span>
    </p>
   </div>
   <div class='ocr_carea' id='block_1_159' title="bbox 1894 3470 3492 3554">
    <p class='ocr_par' dir='ltr' id='par_1_159' title="bbox 1894 3470 3492 3554">
     <span class='ocr_line' id='line_1_160' title="bbox 1894 3470 3492 3554; baseline -0.008 -16"><span class='ocrx_word' id='word_1_637' title='bbox 1894 3483 2038 3538; x_wconf 87' lang='lat' dir='ltr'><strong>tibus</strong></span> <span class='ocrx_word' id='word_1_638' title='bbox 2063 3485 2152 3552; x_wconf 89' lang='lat' dir='ltr'><strong>qtti</strong></span> <span class='ocrx_word' id='word_1_639' title='bbox 2183 3497 2287 3538; x_wconf 87' lang='lat' dir='ltr'><strong>non</strong></span> <span class='ocrx_word' id='word_1_640' title='bbox 2310 3470 2602 3552; x_wconf 71' lang='lat' dir='ltr'><strong>gustabunt</strong></span> <span class='ocrx_word' id='word_1_641' title='bbox 2631 3470 2883 3554; x_wconf 71' lang='lat' dir='ltr'><strong>mni-tom.</strong></span> <span class='ocrx_word' id='word_1_642' title='bbox 2936 3475 3111 3531; x_wconf 76' lang='lat' dir='ltr'><strong>donec</strong></span> <span class='ocrx_word' id='word_1_643' title='bbox 3133 3472 3359 3554; x_wconf 71' lang='lat' dir='ltr'><strong>videant</strong></span> <span class='ocrx_word' id='word_1_644' title='bbox 3393 3470 3492 3554; x_wconf 57' lang='lat' dir='ltr'><strong>fi-</strong></span> 
     </span>
    </p>
   </div>
   <div class='ocr_carea' id='block_1_160' title="bbox 1894 3546 3492 3619">
    <p class='ocr_par' dir='ltr' id='par_1_160' title="bbox 1894 3546 3492 3619">
     <span class='ocr_line' id='line_1_161' title="bbox 1894 3546 3492 3619; baseline -0.008 -9"><span class='ocrx_word' id='word_1_645' title='bbox 1894 3555 2024 3610; x_wconf 91' lang='lat' dir='ltr'><strong>lium</strong></span> <span class='ocrx_word' id='word_1_646' title='bbox 2059 3546 2290 3608; x_wconf 80' lang='lat' dir='ltr'><strong>hominis</strong></span> <span class='ocrx_word' id='word_1_647' title='bbox 2312 3546 2621 3607; x_wconf 61' lang='lat' dir='ltr'><strong>vettientem</strong></span> <span class='ocrx_word' id='word_1_648' title='bbox 2654 3550 2707 3604; x_wconf 86' lang='lat' dir='ltr'><strong>in</strong></span> <span class='ocrx_word' id='word_1_649' title='bbox 2734 3556 2959 3619; x_wconf 63' lang='lat' dir='ltr'><strong>regno}l</strong></span> <span class='ocrx_word' id='word_1_650' title='bbox 2980 3562 3101 3619; x_wconf 76' lang='lat' dir='ltr'><strong>syo.</strong></span> <span class='ocrx_word' id='word_1_651' title='bbox 3136 3546 3201 3599; x_wconf 78' lang='lat' dir='ltr'><strong>Et</strong></span> <span class='ocrx_word' id='word_1_652' title='bbox 3226 3546 3492 3619; x_wconf 10' lang='lat' dir='ltr'><strong>postrtlios</strong></span> 
     </span>
    </p>
   </div>
   <div class='ocr_carea' id='block_1_161' title="bbox 1893 3614 3489 3681">
    <p class='ocr_par' dir='ltr' id='par_1_161' title="bbox 1893 3614 3489 3681">
     <span class='ocr_line' id='line_1_162' title="bbox 1893 3614 3489 3681; baseline -0.009 -1"><span class='ocrx_word' id='word_1_653' title='bbox 1893 3642 1990 3681; x_wconf 80' lang='lat' dir='ltr'><strong>sex</strong></span> <span class='ocrx_word' id='word_1_654' title='bbox 2020 3625 2286 3680; x_wconf 78' lang='lat' dir='ltr'><strong>adsumsit</strong></span> <span class='ocrx_word' id='word_1_655' title='bbox 2321 3623 2477 3681; x_wconf 78' lang='lat' dir='ltr'><strong>Jcsus</strong></span> <span class='ocrx_word' id='word_1_656' title='bbox 2507 3623 2746 3681; x_wconf 56' lang='lat' dir='ltr'><strong>Petrum.</strong></span> <span class='ocrx_word' id='word_1_657' title='bbox 2801 3614 2863 3675; x_wconf 65' lang='lat' dir='ltr'><strong>ct</strong></span> <span class='ocrx_word' id='word_1_658' title='bbox 2906 3614 3168 3675; x_wconf 81' lang='lat' dir='ltr'><strong>Jacobum</strong></span> <span class='ocrx_word' id='word_1_659' title='bbox 3200 3614 3258 3671; x_wconf 86' lang='lat' dir='ltr'><strong>ct</strong></span> <span class='ocrx_word' id='word_1_660' title='bbox 3284 3614 3489 3675; x_wconf 45' lang='lat' dir='ltr'><strong>Joltan,</strong></span> 
     </span>
    </p>
   </div>
   <div class='ocr_carea' id='block_1_162' title="bbox 1895 3687 3493 3766">
    <p class='ocr_par' dir='ltr' id='par_1_162' title="bbox 1895 3687 3493 3766">
     <span class='ocr_line' id='line_1_163' title="bbox 1895 3687 3493 3766; baseline -0.009 -13"><span class='ocrx_word' id='word_1_661' title='bbox 1895 3714 2019 3753; x_wconf 83' lang='lat' dir='ltr'><strong>nent</strong></span> <span class='ocrx_word' id='word_1_662' title='bbox 2051 3697 2270 3753; x_wconf 81' lang='lat' dir='ltr'><strong>fratrem</strong></span> <span class='ocrx_word' id='word_1_663' title='bbox 2299 3697 2434 3766; x_wconf 88' lang='lat' dir='ltr'><strong>ejus.</strong></span> <span class='ocrx_word' id='word_1_664' title='bbox 2459 3706 2513 3749; x_wconf 91' lang='lat' dir='ltr'><strong>et</strong></span> <span class='ocrx_word' id='word_1_665' title='bbox 2546 3695 2699 3766; x_wconf 83' lang='lat' dir='ltr'><strong>duxit</strong></span> <span class='ocrx_word' id='word_1_666' title='bbox 2730 3692 2849 3766; x_wconf 85' lang='lat' dir='ltr'><strong>illos</strong></span> <span class='ocrx_word' id='word_1_667' title='bbox 2868 3693 2919 3745; x_wconf 91' lang='lat' dir='ltr'><strong>in</strong></span> <span class='ocrx_word' id='word_1_668' title='bbox 2944 3701 3186 3744; x_wconf 84' lang='lat' dir='ltr'><strong>montem</strong></span> <span class='ocrx_word' id='word_1_669' title='bbox 3209 3687 3493 3766; x_wconf 77' lang='lat' dir='ltr'><strong>excelsum</strong></span> 
     </span>
    </p>
   </div>
   <div class='ocr_carea' id='block_1_163' title="bbox 1893 3762 3492 3835">
    <p class='ocr_par' dir='ltr' id='par_1_163' title="bbox 1893 3762 3492 3835">
     <span class='ocr_line' id='line_1_164' title="bbox 1893 3762 3492 3835; baseline -0.008 -11"><span class='ocrx_word' id='word_1_670' title='bbox 1893 3783 2138 3826; x_wconf 85' lang='lat' dir='ltr'><strong>seorsum</strong></span> <span class='ocrx_word' id='word_1_671' title='bbox 2165 3776 2220 3824; x_wconf 82' lang='lat' dir='ltr'><strong>et</strong></span> <span class='ocrx_word' id='word_1_672' title='bbox 2250 3762 2648 3835; x_wconf 71' lang='lat' dir='ltr'><strong>traitsligttravit</strong></span> <span class='ocrx_word' id='word_1_673' title='bbox 2678 3780 2735 3821; x_wconf 80' lang='lat' dir='ltr'><strong>se</strong></span> <span class='ocrx_word' id='word_1_674' title='bbox 2767 3764 2819 3818; x_wconf 93' lang='lat' dir='ltr'><strong>in</strong></span> <span class='ocrx_word' id='word_1_675' title='bbox 2852 3772 3147 3835; x_wconf 66' lang='lat' dir='ltr'><strong>consnectu</strong></span> <span class='ocrx_word' id='word_1_676' title='bbox 3184 3774 3394 3814; x_wconf 86' lang='lat' dir='ltr'><strong>eorum.</strong></span> <span class='ocrx_word' id='word_1_677' title='bbox 3427 3762 3492 3817; x_wconf 70' lang='grc' dir='ltr'>Μ</span> 
     </span>
    </p>
   </div>
   <div class='ocr_carea' id='block_1_164' title="bbox 1895 3832 3489 3910">
    <p class='ocr_par' dir='ltr' id='par_1_164' title="bbox 1895 3832 3489 3910">
     <span class='ocr_line' id='line_1_165' title="bbox 1895 3832 3489 3910; baseline -0.008 -15"><span class='ocrx_word' id='word_1_678' title='bbox 1895 3840 2232 3910; x_wconf 78' lang='lat' dir='ltr'><strong>rosplenduit</strong></span> <span class='ocrx_word' id='word_1_679' title='bbox 2280 3832 2589 3906; x_wconf 47' lang='lat' dir='ltr'><strong>facies—ejus</strong></span> <span class='ocrx_word' id='word_1_680' title='bbox 2619 3838 2758 3910; x_wconf 84' lang='lat' dir='ltr'><strong>sicut</strong></span> <span class='ocrx_word' id='word_1_681' title='bbox 2799 3834 2901 3910; x_wconf 73' lang='lat' dir='ltr'><strong>sol.</strong></span> <span class='ocrx_word' id='word_1_682' title='bbox 2956 3832 3276 3887; x_wconf 88' lang='lat' dir='ltr'><strong>vestimenta</strong></span> <span class='ocrx_word' id='word_1_683' title='bbox 3309 3839 3489 3910; x_wconf 80' lang='lat' dir='ltr'><strong>autent</strong></span> 
     </span>
    </p>
   </div>
   <div class='ocr_carea' id='block_1_165' title="bbox 1895 3906 3493 3983">
    <p class='ocr_par' dir='ltr' id='par_1_165' title="bbox 1895 3906 3493 3983">
     <span class='ocr_line' id='line_1_166' title="bbox 1895 3906 3493 3983; baseline -0.008 -16"><span class='ocrx_word' id='word_1_684' title='bbox 1895 3906 2036 3983; x_wconf 77' lang='lat' dir='ltr'><strong>ejus.</strong></span> <span class='ocrx_word' id='word_1_685' title='bbox 2069 3914 2209 3966; x_wconf 86' lang='lat' dir='ltr'><strong>facta</strong></span> <span class='ocrx_word' id='word_1_686' title='bbox 2229 3920 2355 3983; x_wconf 72' lang='lat' dir='ltr'><strong>sunt</strong></span> <span class='ocrx_word' id='word_1_687' title='bbox 2380 3911 2501 3966; x_wconf 84' lang='lat' dir='ltr'><strong>alba</strong></span> <span class='ocrx_word' id='word_1_688' title='bbox 2529 3909 2667 3963; x_wconf 86' lang='lat' dir='ltr'><strong>sicut</strong></span> <span class='ocrx_word' id='word_1_689' title='bbox 2701 3907 2811 3983; x_wconf 63' lang='lat' dir='ltr'><strong>nix.</strong></span> <span class='ocrx_word' id='word_1_690' title='bbox 2858 3906 2923 3959; x_wconf 69' lang='lat' dir='ltr'><strong>lit</strong></span> <span class='ocrx_word' id='word_1_691' title='bbox 2946 3917 3075 3959; x_wconf 81' lang='lat' dir='ltr'><strong>ecce</strong></span> <span class='ocrx_word' id='word_1_692' title='bbox 3120 3909 3493 3983; x_wconf 74' lang='lat' dir='ltr'><strong>apparuerunt</strong></span> 
     </span>
    </p>
   </div>
   <div class='ocr_carea' id='block_1_166' title="bbox 1894 3972 3492 4054">
    <p class='ocr_par' dir='ltr' id='par_1_166' title="bbox 1894 3972 3492 4054">
     <span class='ocr_line' id='line_1_167' title="bbox 1894 3972 3492 4054; baseline -0.008 -17"><span class='ocrx_word' id='word_1_693' title='bbox 1894 3972 1975 4038; x_wconf 78' lang='lat' dir='ltr'><strong>cis</strong></span> <span class='ocrx_word' id='word_1_694' title='bbox 2000 3983 2210 4054; x_wconf 73' lang='lat' dir='ltr'><strong>Moyses</strong></span> <span class='ocrx_word' id='word_1_695' title='bbox 2237 3990 2293 4038; x_wconf 81' lang='lat' dir='ltr'><strong>ot</strong></span> <span class='ocrx_word' id='word_1_696' title='bbox 2317 3982 2667 4054; x_wconf 77' lang='lat' dir='ltr'><strong>Helias._(-t_nn</strong></span> <span class='ocrx_word' id='word_1_697' title='bbox 2699 3994 2764 4033; x_wconf 90' lang='lat' dir='ltr'><strong>eo</strong></span> <span class='ocrx_word' id='word_1_698' title='bbox 2796 3978 3096 4054; x_wconf 58' lang='lat' dir='ltr'><strong>tumentes.</strong></span> <span class='ocrx_word' id='word_1_699' title='bbox 3132 3972 3492 4049; x_wconf 76' lang='lat' dir='ltr'><strong>ltcspondens</strong></span> 
     </span>
    </p>
   </div>
   <div class='ocr_carea' id='block_1_167' title="bbox 1894 4046 3493 4111">
    <p class='ocr_par' dir='ltr' id='par_1_167' title="bbox 1894 4046 3493 4111">
     <span class='ocr_line' id='line_1_168' title="bbox 1894 4046 3493 4111; baseline -0.008 -1"><span class='ocrx_word' id='word_1_700' title='bbox 1894 4046 2298 4111; x_wconf 61' lang='lat' dir='ltr'><strong>autem&#39;Petrns</strong></span> <span class='ocrx_word' id='word_1_701' title='bbox 2321 4054 2458 4109; x_wconf 81' lang='lat' dir='ltr'><strong>dixit</strong></span> <span class='ocrx_word' id='word_1_702' title='bbox 2483 4051 2548 4106; x_wconf 81' lang='lat' dir='ltr'><strong>ad</strong></span> <span class='ocrx_word' id='word_1_703' title='bbox 2577 4049 2762 4106; x_wconf 84' lang='lat' dir='ltr'><strong>Jesunt</strong></span> <span class='ocrx_word' id='word_1_704' title='bbox 2795 4047 3040 4102; x_wconf 85' lang='lat' dir='ltr'><strong>Domine.</strong></span> <span class='ocrx_word' id='word_1_705' title='bbox 3068 4046 3263 4098; x_wconf 84' lang='lat' dir='ltr'><strong>honuni</strong></span> <span class='ocrx_word' id='word_1_706' title='bbox 3285 4054 3368 4099; x_wconf 67' lang='lat' dir='ltr'><strong>cst</strong></span> <span class='ocrx_word' id='word_1_707' title='bbox 3393 4056 3493 4097; x_wconf 88' lang='lat' dir='ltr'><strong>nos</strong></span> 
     </span>
    </p>
   </div>
   <div class='ocr_carea' id='block_1_168' title="bbox 1894 4112 3495 4182">
    <p class='ocr_par' dir='ltr' id='par_1_168' title="bbox 1894 4112 3495 4182">
     <span class='ocr_line' id='line_1_169' title="bbox 1894 4112 3495 4182; baseline -0.007 -2"><span class='ocrx_word' id='word_1_708' title='bbox 1894 4126 1981 4181; x_wconf 85' lang='lat' dir='ltr'><strong>hic</strong></span> <span class='ocrx_word' id='word_1_709' title='bbox 2008 4141 2150 4182; x_wconf 80' lang='lat' dir='ltr'><strong>esse.</strong></span> <span class='ocrx_word' id='word_1_710' title='bbox 2207 4127 2253 4181; x_wconf 90' lang='lat' dir='ltr'><strong>si</strong></span> <span class='ocrx_word' id='word_1_711' title='bbox 2293 4126 2374 4180; x_wconf 90' lang='lat' dir='ltr'><strong>vis</strong></span> <span class='ocrx_word' id='word_1_712' title='bbox 2417 4123 2675 4178; x_wconf 85' lang='lat' dir='ltr'><strong>faciamus</strong></span> <span class='ocrx_word' id='word_1_713' title='bbox 2727 4119 2815 4175; x_wconf 90' lang='lat' dir='ltr'><strong>hic</strong></span> <span class='ocrx_word' id='word_1_714' title='bbox 2862 4119 2964 4172; x_wconf 87' lang='lat' dir='ltr'><strong>tria</strong></span> <span class='ocrx_word' id='word_1_715' title='bbox 3003 4113 3353 4175; x_wconf 84' lang='lat' dir='ltr'><strong>tabernacula</strong></span> <span class='ocrx_word' id='word_1_716' title='bbox 3393 4112 3495 4175; x_wconf 78' lang='lat' dir='ltr'><strong>tibi</strong></span> 
     </span>
    </p>
   </div>
   <div class='ocr_carea' id='block_1_169' title="bbox 1896 4186 3493 4269">
    <p class='ocr_par' dir='ltr' id='par_1_169' title="bbox 1896 4186 3493 4269">
     <span class='ocr_line' id='line_1_170' title="bbox 1896 4186 3493 4269; baseline -0.009 -16"><span class='ocrx_word' id='word_1_717' title='bbox 1896 4213 2065 4255; x_wconf 85' lang='lat' dir='ltr'><strong>unum</strong></span> <span class='ocrx_word' id='word_1_718' title='bbox 2092 4210 2147 4252; x_wconf 86' lang='lat' dir='ltr'><strong>et</strong></span> <span class='ocrx_word' id='word_1_719' title='bbox 2174 4196 2344 4269; x_wconf 72' lang='lat' dir='ltr'><strong>Moysi</strong></span> <span class='ocrx_word' id='word_1_720' title='bbox 2372 4211 2534 4269; x_wconf 75' lang='lat' dir='ltr'><strong>nuntii</strong></span> <span class='ocrx_word' id='word_1_721' title='bbox 2567 4203 2621 4269; x_wconf 79' lang='lat' dir='ltr'><strong>et</strong></span> <span class='ocrx_word' id='word_1_722' title='bbox 2652 4191 2837 4269; x_wconf 75' lang='lat' dir='ltr'><strong>Heliae</strong></span> <span class='ocrx_word' id='word_1_723' title='bbox 2866 4204 3050 4269; x_wconf 76' lang='lat' dir='ltr'><strong>unum.</strong></span> <span class='ocrx_word' id='word_1_724' title='bbox 3084 4186 3371 4269; x_wconf 42' lang='lat' dir='ltr'><strong>Atlltnc‘co</strong></span> <span class='ocrx_word' id='word_1_725' title='bbox 3413 4188 3493 4239; x_wconf 78' lang='grc' dir='ltr'><strong>ιο·-</strong></span> 
     </span>
    </p>
   </div>
   <div class='ocr_carea' id='block_1_170' title="bbox 1893 4256 3492 4340">
    <p class='ocr_par' dir='ltr' id='par_1_170' title="bbox 1893 4256 3492 4340">
     <span class='ocr_line' id='line_1_171' title="bbox 1893 4256 3492 4340; baseline -0.006 -19"><span class='ocrx_word' id='word_1_726' title='bbox 1893 4278 2092 4340; x_wconf 88' lang='lat' dir='ltr'><strong>quente</strong></span> <span class='ocrx_word' id='word_1_727' title='bbox 2117 4256 2449 4331; x_wconf 57' lang='lat' dir='ltr'><strong>eccc&#39;nubes</strong></span> <span class='ocrx_word' id='word_1_728' title='bbox 2480 4265 2657 4340; x_wconf 73' lang='lat' dir='ltr'><strong>lucida</strong></span> <span class='ocrx_word' id='word_1_729' title='bbox 2696 4261 3041 4340; x_wconf 47' lang='lat' dir='ltr'><strong>obumbravit</strong></span> <span class='ocrx_word' id='word_1_730' title='bbox 3087 4273 3226 4340; x_wconf 52' lang='lat' dir='ltr'><strong>eos.”</strong></span> <span class='ocrx_word' id='word_1_731' title='bbox 3256 4256 3320 4340; x_wconf 87' lang='lat' dir='ltr'><strong>Et</strong></span> <span class='ocrx_word' id='word_1_732' title='bbox 3360 4271 3492 4338; x_wconf 74' lang='lat' dir='ltr'><strong>ecce</strong></span> 
     </span>
    </p>
   </div>
   <div class='ocr_carea' id='block_1_171' title="bbox 1892 4328 3493 4399">
    <p class='ocr_par' dir='ltr' id='par_1_171' title="bbox 1892 4328 3493 4399">
     <span class='ocr_line' id='line_1_172' title="bbox 1892 4328 3493 4399; baseline -0.007 -4"><span class='ocrx_word' id='word_1_733' title='bbox 1892 4328 1997 4399; x_wconf 63' lang='lat' dir='ltr'><strong>vox</strong></span> <span class='ocrx_word' id='word_1_734' title='bbox 2029 4342 2097 4399; x_wconf 85' lang='lat' dir='ltr'><strong>de</strong></span> <span class='ocrx_word' id='word_1_735' title='bbox 2131 4328 2481 4399; x_wconf 17' lang='lat' dir='ltr'><strong>nubc‘diccus</strong></span> <span class='ocrx_word' id='word_1_736' title='bbox 2511 4338 2605 4392; x_wconf 87' lang='lat' dir='ltr'><strong>llic</strong></span> <span class='ocrx_word' id='word_1_737' title='bbox 2636 4343 2722 4391; x_wconf 86' lang='lat' dir='ltr'><strong>est</strong></span> <span class='ocrx_word' id='word_1_738' title='bbox 2747 4333 2917 4389; x_wconf 80' lang='lat' dir='ltr'><strong>Filius</strong></span> <span class='ocrx_word' id='word_1_739' title='bbox 2954 4344 3109 4389; x_wconf 79' lang='lat' dir='ltr'><strong>meus</strong></span> <span class='ocrx_word' id='word_1_740' title='bbox 3155 4328 3389 4399; x_wconf 82' lang='lat' dir='ltr'><strong>dilectus</strong></span> <span class='ocrx_word' id='word_1_741' title='bbox 3434 4328 3493 4383; x_wconf 83' lang='lat' dir='ltr'><strong>in</strong></span> 
     </span>
    </p>
   </div>
   <div class='ocr_carea' id='block_1_172' title="bbox 1894 4397 3491 4483">
    <p class='ocr_par' dir='ltr' id='par_1_172' title="bbox 1894 4397 3491 4483">
     <span class='ocr_line' id='line_1_173' title="bbox 1894 4397 3491 4483; baseline -0.012 -11"><span class='ocrx_word' id='word_1_742' title='bbox 1894 4429 2004 4483; x_wconf 69' lang='lat' dir='ltr'><strong>quo</strong></span> <span class='ocrx_word' id='word_1_743' title='bbox 2035 4397 2164 4469; x_wconf 64' lang='lat' dir='ltr'><strong>mihi</strong></span> <span class='ocrx_word' id='word_1_744' title='bbox 2198 4413 2339 4470; x_wconf 81' lang='lat' dir='ltr'><strong>bene</strong></span> <span class='ocrx_word' id='word_1_745' title='bbox 2362 4397 2906 4483; x_wconf 72' lang='lat' dir='ltr'><strong>t-onplacuit._ipsutn</strong></span> <span class='ocrx_word' id='word_1_746' title='bbox 2931 4401 3134 4457; x_wconf 85' lang='lat' dir='ltr'><strong>audite.</strong></span> <span class='ocrx_word' id='word_1_747' title='bbox 3170 4397 3247 4483; x_wconf 84' lang='lat' dir='ltr'><strong>Et</strong></span> <span class='ocrx_word' id='word_1_748' title='bbox 3263 4400 3491 4482; x_wconf 84' lang='lat' dir='ltr'><strong>audien-</strong></span> 
     </span>
    </p>
   </div>
   <div class='ocr_carea' id='block_1_173' title="bbox 1896 4476 3492 4553">
    <p class='ocr_par' dir='ltr' id='par_1_173' title="bbox 1896 4476 3492 4553">
     <span class='ocr_line' id='line_1_174' title="bbox 1896 4476 3492 4553; baseline -0.01 -13"><span class='ocrx_word' id='word_1_749' title='bbox 1896 4476 1980 4540; x_wconf 71' lang='lat' dir='ltr'><strong>tes</strong></span> <span class='ocrx_word' id='word_1_750' title='bbox 1996 4484 2255 4553; x_wconf 79' lang='lat' dir='ltr'><strong>discipuli</strong></span> <span class='ocrx_word' id='word_1_751' title='bbox 2285 4476 2691 4553; x_wconf 64' lang='lat' dir='ltr'><strong>cabeciderunt</strong></span> <span class='ocrx_word' id='word_1_752' title='bbox 2712 4478 2765 4532; x_wconf 92' lang='lat' dir='ltr'><strong>in</strong></span> <span class='ocrx_word' id='word_1_753' title='bbox 2789 4476 2979 4531; x_wconf 76' lang='lat' dir='ltr'><strong>faciem</strong></span> <span class='ocrx_word' id='word_1_754' title='bbox 3012 4487 3162 4553; x_wconf 74' lang='lat' dir='ltr'><strong>suam</strong></span> <span class='ocrx_word' id='word_1_755' title='bbox 3202 4482 3256 4526; x_wconf 86' lang='lat' dir='ltr'><strong>et</strong></span> <span class='ocrx_word' id='word_1_756' title='bbox 3298 4476 3492 4553; x_wconf 73' lang='lat' dir='ltr'><strong>litum:-</strong></span> 
     </span>
    </p>
   </div>
   <div class='ocr_carea' id='block_1_174' title="bbox 1895 4545 3495 4617">
    <p class='ocr_par' dir='ltr' id='par_1_174' title="bbox 1895 4545 3495 4617">
     <span class='ocr_line' id='line_1_175' title="bbox 1895 4545 3495 4617; baseline -0.007 -7"><span class='ocrx_word' id='word_1_757' title='bbox 1895 4545 2022 4612; x_wconf 82' lang='lat' dir='ltr'><strong>runt</strong></span> <span class='ocrx_word' id='word_1_758' title='bbox 2061 4545 2238 4612; x_wconf 78' lang='lat' dir='ltr'><strong>valde.</strong></span> <span class='ocrx_word' id='word_1_759' title='bbox 2282 4557 2350 4610; x_wconf 79' lang='lat' dir='ltr'><strong>Et</strong></span> <span class='ocrx_word' id='word_1_760' title='bbox 2393 4548 2812 4609; x_wconf 75' lang='lat' dir='ltr'><strong>accessitJesns</strong></span> <span class='ocrx_word' id='word_1_761' title='bbox 2840 4556 2896 4602; x_wconf 90' lang='lat' dir='ltr'><strong>et</strong></span> <span class='ocrx_word' id='word_1_762' title='bbox 2935 4545 3109 4617; x_wconf 83' lang='lat' dir='ltr'><strong>tetigit</strong></span> <span class='ocrx_word' id='word_1_763' title='bbox 3156 4557 3252 4603; x_wconf 87' lang='lat' dir='ltr'><strong>eos</strong></span> <span class='ocrx_word' id='word_1_764' title='bbox 3302 4545 3495 4599; x_wconf 77' lang='lat' dir='ltr'><strong>dicens</strong></span> 
     </span>
    </p>
   </div>
   <div class='ocr_carea' id='block_1_175' title="bbox 1896 4620 2875 4700">
    <p class='ocr_par' dir='ltr' id='par_1_175' title="bbox 1896 4620 2875 4700">
     <span class='ocr_line' id='line_1_176' title="bbox 1896 4620 2875 4700; baseline -0.009 -15"><span class='ocrx_word' id='word_1_765' title='bbox 1896 4626 2119 4700; x_wconf 71' lang='lat' dir='ltr'><strong>Surgite</strong></span> <span class='ocrx_word' id='word_1_766' title='bbox 2145 4636 2201 4684; x_wconf 89' lang='lat' dir='ltr'><strong>ct</strong></span> <span class='ocrx_word' id='word_1_767' title='bbox 2226 4628 2401 4687; x_wconf 76' lang='lat' dir='ltr'><strong>nolite,</strong></span> <span class='ocrx_word' id='word_1_768' title='bbox 2418 4624 2631 4683; x_wconf 82' lang='lat' dir='ltr'><strong>timere.</strong></span> <span class='ocrx_word' id='word_1_769' title='bbox 2666 4620 2875 4677; x_wconf 67' lang='lat' dir='ltr'><strong>Levan-</strong></span> 
     </span>
    </p>
   </div>
   <div class='ocr_carea' id='block_1_176' title="bbox 873 4823 2810 4888">
    <p class='ocr_par' dir='ltr' id='par_1_176' title="bbox 873 4823 2810 4888">
     <span class='ocr_line' id='line_1_177' title="bbox 873 4823 2810 4888; baseline -0.001 -4"><span class='ocrx_word' id='word_1_770' title='bbox 873 4824 1273 4885; x_wconf 72' lang='lat' dir='ltr'><strong>YARIANTES</strong></span> <span class='ocrx_word' id='word_1_771' title='bbox 1308 4823 1695 4886; x_wconf 69' lang='lat' dir='ltr'><strong>LBCTIONES</strong></span> <span class='ocrx_word' id='word_1_772' title='bbox 1729 4827 2003 4888; x_wconf 68' lang='grc' dir='ltr'><strong>αωειε</strong></span> <span class='ocrx_word' id='word_1_773' title='bbox 2043 4829 2154 4886; x_wconf 76' lang='lat' dir='ltr'>IIS.</span> <span class='ocrx_word' id='word_1_774' title='bbox 2194 4829 2254 4887; x_wconf 83' lang='lat' dir='ltr'><strong>S.</strong></span> <span class='ocrx_word' id='word_1_775' title='bbox 2296 4825 2810 4887; x_wconf 72' lang='lat' dir='ltr'><strong>GERMANENSIS.</strong></span> 
     </span>
    </p>
   </div>
   <div class='ocr_carea' id='block_1_177' title="bbox 257 4925 1293 5060">
    <p class='ocr_par' dir='ltr' id='par_1_177' title="bbox 257 4925 1293 5060">
     <span class='ocr_line' id='line_1_178' title="bbox 257 4925 1293 5060; baseline 0.014 -36"><span class='ocrx_word' id='word_1_776' title='bbox 257 4925 282 5060; x_wconf 56' lang='grc' dir='ltr'>ἒ</span> <span class='ocrx_word' id='word_1_777' title='bbox 307 4935 672 5060; x_wconf 38' lang='grc' dir='ltr'><strong>ᾕὶῗὲξωιι</strong></span> <span class='ocrx_word' id='word_1_778' title='bbox 696 4983 845 5048; x_wconf 86' lang='lat' dir='ltr'><strong>aliqui</strong></span> <span class='ocrx_word' id='word_1_779' title='bbox 862 4983 932 5060; x_wconf 91' lang='lat' dir='ltr'><strong>de</strong></span> <span class='ocrx_word' id='word_1_780' title='bbox 952 4982 1033 5035; x_wconf 88' lang='lat' dir='ltr'><strong>hic</strong></span> <span class='ocrx_word' id='word_1_781' title='bbox 1048 4984 1293 5037; x_wconf 71' lang='lat' dir='ltr'><strong>stantibus</strong></span> 
     </span>
    </p>
   </div>
   <div class='ocr_carea' id='block_1_178' title="bbox 260 5047 880 5122">
    <p class='ocr_par' dir='ltr' id='par_1_178' title="bbox 260 5047 880 5122">
     <span class='ocr_line' id='line_1_179' title="bbox 260 5047 880 5122; baseline -0.002 -24"><span class='ocrx_word' id='word_1_782' title='bbox 260 5049 281 5122; x_wconf 64' lang='grc' dir='ltr'><em>ξ</em></span> <span class='ocrx_word' id='word_1_783' title='bbox 310 5047 519 5122; x_wconf 67' lang='lat' dir='ltr'><strong>hominis</strong></span> <span class='ocrx_word' id='word_1_784' title='bbox 538 5050 588 5098; x_wconf 88' lang='lat' dir='ltr'><strong>in</strong></span> <span class='ocrx_word' id='word_1_785' title='bbox 611 5047 880 5122; x_wconf 42' lang='lat' dir='ltr'><strong>regno-aulo</strong></span> 
     </span>
    </p>
   </div>
   <div class='ocr_carea' id='block_1_179' title="bbox 259 5107 1328 5184">
    <p class='ocr_par' dir='ltr' id='par_1_179' title="bbox 259 5107 1328 5184">
     <span class='ocr_line' id='line_1_180' title="bbox 259 5107 1328 5184; baseline 0 0"><span class='ocrx_word' id='word_1_786' title='bbox 259 5112 282 5184; x_wconf 87' lang='lat'>:</span> <span class='ocrx_word' id='word_1_787' title='bbox 339 5111 448 5160; x_wconf 68' lang='lat' dir='ltr'><strong>dies</strong></span> <span class='ocrx_word' id='word_1_788' title='bbox 467 5107 730 5184; x_wconf 42' lang='lat'><strong>59.2.9139</strong></span> <span class='ocrx_word' id='word_1_789' title='bbox 756 5109 903 5175; x_wconf 46' lang='lat' dir='ltr'><strong>Vulgo</strong></span> <span class='ocrx_word' id='word_1_790' title='bbox 927 5107 1184 5184; x_wconf 39' lang='lat' dir='ltr'><strong>mam</strong></span> <span class='ocrx_word' id='word_1_791' title='bbox 1206 5120 1328 5184; x_wconf 59' lang='lat'><strong>9909</strong></span> 
     </span>
    </p>
   </div>
   <div class='ocr_carea' id='block_1_180' title="bbox 258 5169 1360 5289">
    <p class='ocr_par' dir='ltr' id='par_1_180' title="bbox 258 5169 1360 5289">
     <span class='ocr_line' id='line_1_181' title="bbox 259 5169 1360 5289; baseline 0.001 -66"><span class='ocrx_word' id='word_1_792' title='bbox 259 5173 282 5205; x_wconf 79' lang='lat'>&#39;</span> <span class='ocrx_word' id='word_1_793' title='bbox 312 5169 651 5289; x_wconf 47' lang='lat' dir='ltr'><strong>witha</strong></span> <span class='ocrx_word' id='word_1_794' title='bbox 670 5169 887 5236; x_wconf 67' lang='lat' dir='ltr'><strong>Marses.</strong></span> <span class='ocrx_word' id='word_1_795' title='bbox 910 5169 1039 5236; x_wconf 64' lang='lat' dir='ltr'><strong>etei,</strong></span> <span class='ocrx_word' id='word_1_796' title='bbox 1059 5169 1113 5225; x_wconf 77' lang='lat' dir='ltr'><strong>tit</strong></span> <span class='ocrx_word' id='word_1_797' title='bbox 1133 5171 1189 5225; x_wconf 68' lang='lat' dir='ltr'><strong>in</strong></span> <span class='ocrx_word' id='word_1_798' title='bbox 1214 5169 1360 5241; x_wconf 70' lang='lat' dir='ltr'><strong>Vulg.</strong></span> 
     </span>
     <span class='ocr_line' id='line_1_182' title="bbox 258 5235 720 5289; baseline -0.002 -1"><span class='ocrx_word' id='word_1_799' title='bbox 258 5235 280 5267; x_wconf 88' lang='grc'>⁶</span> <span class='ocrx_word' id='word_1_800' title='bbox 309 5242 365 5288; x_wconf 73' lang='lat' dir='ltr'><strong>et</strong></span> <span class='ocrx_word' id='word_1_801' title='bbox 568 5249 720 5289; x_wconf 82' lang='lat' dir='ltr'><strong>unum</strong></span> 
     </span>
    </p>
   </div>
   <div class='ocr_carea' id='block_1_181' title="bbox 203 5432 1781 5577">
    <p class='ocr_par' dir='ltr' id='par_1_181' title="bbox 203 5432 1781 5577">
     <span class='ocr_line' id='line_1_183' title="bbox 203 5432 1781 5577; baseline 0.004 -90"><span class='ocrx_word' id='word_1_802' title='bbox 203 5442 430 5577; x_wconf 41' lang='lat'><strong>“£32,</strong></span> <span class='ocrx_word' id='word_1_803' title='bbox 456 5433 665 5507; x_wconf 72' lang='lat' dir='ltr'><strong>ypsilon</strong></span> <span class='ocrx_word' id='word_1_804' title='bbox 709 5448 810 5506; x_wconf 86' lang='lat' dir='ltr'><strong>pro</strong></span> <span class='ocrx_word' id='word_1_805' title='bbox 838 5450 894 5490; x_wconf 71' lang='grc' dir='ltr'><strong>υ.</strong></span> <span class='ocrx_word' id='word_1_806' title='bbox 924 5432 1072 5508; x_wconf 89' lang='lat' dir='ltr'><strong>quod</strong></span> <span class='ocrx_word' id='word_1_807' title='bbox 1093 5441 1151 5492; x_wconf 90' lang='lat' dir='ltr'><strong>et</strong></span> <span class='ocrx_word' id='word_1_808' title='bbox 1169 5432 1300 5492; x_wconf 88' lang='lat' dir='ltr'><strong>alibi</strong></span> <span class='ocrx_word' id='word_1_809' title='bbox 1330 5435 1611 5508; x_wconf 86' lang='lat' dir='ltr'><strong>usurpavit</strong></span> <span class='ocrx_word' id='word_1_810' title='bbox 1635 5437 1781 5492; x_wconf 88' lang='lat' dir='ltr'><strong>anti-</strong></span> 
     </span>
    </p>
   </div>
   <div class='ocr_carea' id='block_1_182' title="bbox 305 5639 1789 5720">
    <p class='ocr_par' dir='ltr' id='par_1_182' title="bbox 305 5639 1789 5720">
     <span class='ocr_line' id='line_1_184' title="bbox 305 5639 1789 5720; baseline 0 -20"><span class='ocrx_word' id='word_1_811' title='bbox 305 5642 397 5720; x_wconf 68' lang='lat' dir='ltr'><strong>(a)</strong></span> <span class='ocrx_word' id='word_1_812' title='bbox 443 5641 893 5720; x_wconf 36' lang='lat' dir='ltr'><strong>Addit‘sanctt&#39;s,‘</strong></span> <span class='ocrx_word' id='word_1_813' title='bbox 931 5642 1094 5717; x_wconf 82' lang='lat' dir='ltr'><strong>etiam</strong></span> <span class='ocrx_word' id='word_1_814' title='bbox 1151 5639 1479 5720; x_wconf 76' lang='lat' dir='ltr'><strong>cod._Cant.</strong></span> <span class='ocrx_word' id='word_1_815' title='bbox 1528 5642 1789 5720; x_wconf 55' lang='grc' dir='ltr'><strong>ᾇσχίειςμ-</strong></span> 
     </span>
    </p>
   </div>
   <div class='ocr_carea' id='block_1_183' title="bbox 1956 4924 3289 4989">
    <p class='ocr_par' dir='ltr' id='par_1_183' title="bbox 1956 4924 3289 4989">
     <span class='ocr_line' id='line_1_185' title="bbox 1956 4924 3289 4989; baseline 0.012 -16"><span class='ocrx_word' id='word_1_816' title='bbox 1956 4924 2489 4989; x_wconf 64' lang='grc' dir='ltr'><strong>Τιυρὶἁαὶυιιωδνθνιι</strong></span> <span class='ocrx_word' id='word_1_817' title='bbox 2506 4935 2595 4989; x_wconf 76' lang='lat' dir='ltr'><strong>eos</strong></span> <span class='ocrx_word' id='word_1_818' title='bbox 2682 4982 2722 4989; x_wconf 87' lang='lat'><em>_</em></span> <span class='ocrx_word' id='word_1_819' title='bbox 2842 4984 2872 4989; x_wconf 47' lang='grc' dir='ltr'>η</span> <span class='ocrx_word' id='word_1_820' title='bbox 2950 4987 2956 4989; x_wconf 96' lang='lat'>_</span> <span class='ocrx_word' id='word_1_821' title='bbox 3101 4984 3110 4989; x_wconf 89' lang='lat'>_</span> <span class='ocrx_word' id='word_1_822' title='bbox 3242 4975 3289 4989; x_wconf 76' lang='lat'><strong>..</strong></span> 
     </span>
    </p>
   </div>
   <div class='ocr_carea' id='block_1_184' title="bbox 1953 4975 3489 5052">
    <p class='ocr_par' dir='ltr' id='par_1_184' title="bbox 1953 4975 3489 5052">
     <span class='ocr_line' id='line_1_186' title="bbox 1953 4975 3489 5052; baseline -0.004 -16"><span class='ocrx_word' id='word_1_823' title='bbox 1953 4987 1977 5020; x_wconf 76' lang='grc'><strong><em>⁸</em></strong></span> <span class='ocrx_word' id='word_1_824' title='bbox 2008 4987 2278 5039; x_wconf 89' lang='lat' dir='ltr'><strong>dilectus...</strong></span> <span class='ocrx_word' id='word_1_825' title='bbox 2300 4990 2457 5052; x_wconf 87' lang='lat' dir='ltr'><strong>ipsum</strong></span> <span class='ocrx_word' id='word_1_826' title='bbox 2474 4985 2660 5038; x_wconf 89' lang='lat' dir='ltr'><strong>audite.</strong></span> <span class='ocrx_word' id='word_1_827' title='bbox 2682 4982 2747 5038; x_wconf 83' lang='lat' dir='ltr'><strong>Et</strong></span> <span class='ocrx_word' id='word_1_828' title='bbox 2763 4984 3053 5048; x_wconf 72' lang='lat' dir='ltr'><strong>audientes,</strong></span> <span class='ocrx_word' id='word_1_829' title='bbox 3065 4984 3183 5044; x_wconf 85' lang='lat' dir='ltr'><strong>etc.,</strong></span> <span class='ocrx_word' id='word_1_830' title='bbox 3200 4982 3254 5032; x_wconf 75' lang='lat' dir='ltr'><strong>ut</strong></span> <span class='ocrx_word' id='word_1_831' title='bbox 3269 4975 3322 5030; x_wconf 74' lang='lat' dir='ltr'><strong>in</strong></span> <span class='ocrx_word' id='word_1_832' title='bbox 3342 4975 3489 5041; x_wconf 62' lang='lat' dir='ltr'><strong>Vulg.</strong></span> 
     </span>
    </p>
   </div>
   <div class='ocr_carea' id='block_1_185' title="bbox 1890 5052 2229 5145">
    <p class='ocr_par' dir='ltr' id='par_1_185' title="bbox 1890 5052 2229 5145">
     <span class='ocr_line' id='line_1_187' title="bbox 1890 5052 2229 5145; baseline 0 0"><span class='ocrx_word' id='word_1_833' title='bbox 1890 5052 2229 5145; x_wconf 57' lang='grc' dir='ltr'><strong>Ὕαξὲἒίῖὲἓ</strong></span> 
     </span>
    </p>
   </div>
   <div class='ocr_carea' id='block_1_186' title="bbox 2010 5126 2310 5178">
    <p class='ocr_par' dir='ltr' id='par_1_186' title="bbox 2010 5126 2310 5178">
     <span class='ocr_line' id='line_1_188' title="bbox 2010 5126 2310 5178; baseline 0.007 -16"><span class='ocrx_word' id='word_1_834' title='bbox 2010 5126 2117 5178; x_wconf 88' lang='lat' dir='ltr'><strong>e_os,</strong></span> <span class='ocrx_word' id='word_1_835' title='bbox 2140 5126 2310 5165; x_wconf 84' lang='lat' dir='ltr'><strong>atceus</strong></span> 
     </span>
    </p>
   </div>
   <div class='ocr_carea' id='block_1_187' title="bbox 1955 5175 2282 5229">
    <p class='ocr_par' dir='ltr' id='par_1_187' title="bbox 1955 5175 2282 5229">
     <span class='ocr_line' id='line_1_189' title="bbox 1955 5175 2282 5229; baseline 0.006 -2"><span class='ocrx_word' id='word_1_836' title='bbox 1955 5177 2001 5211; x_wconf 73' lang='grc'><strong>⁸⁸</strong></span> <span class='ocrx_word' id='word_1_837' title='bbox 2032 5175 2282 5229; x_wconf 76' lang='lat' dir='ltr'><strong>Levantes</strong></span> 
     </span>
    </p>
   </div>
   <div class='ocr_carea' id='block_1_188' title="bbox 1515 5285 2157 5413">
    <p class='ocr_par' dir='ltr' id='par_1_188' title="bbox 1515 5285 2157 5413">
     <span class='ocr_line' id='line_1_190' title="bbox 1515 5285 2157 5413; baseline 0.016 -17"><span class='ocrx_word' id='word_1_838' title='bbox 1515 5285 1886 5413; x_wconf 73' lang='lat' dir='ltr'><strong>BLANCHINI</strong></span> <span class='ocrx_word' id='word_1_839' title='bbox 1923 5341 2157 5405; x_wconf 63' lang='grc' dir='ltr'><strong>ΝΟΤΕ.</strong></span> 
     </span>
    </p>
   </div>
   <div class='ocr_carea' id='block_1_189' title="bbox 1953 5435 2849 5512">
    <p class='ocr_par' dir='ltr' id='par_1_189' title="bbox 1953 5435 2849 5512">
     <span class='ocr_line' id='line_1_191' title="bbox 1953 5435 2849 5512; baseline 0.003 -18"><span class='ocrx_word' id='word_1_840' title='bbox 1953 5435 1984 5477; x_wconf 67' lang='grc' dir='ltr'>δ</span> <span class='ocrx_word' id='word_1_841' title='bbox 2009 5456 2043 5494; x_wconf 86' lang='lat' dir='ltr'><strong>a</strong></span> <span class='ocrx_word' id='word_1_842' title='bbox 2064 5438 2114 5497; x_wconf 83' lang='lat' dir='ltr'><strong>ia</strong></span> <span class='ocrx_word' id='word_1_843' title='bbox 2141 5441 2491 5512; x_wconf 80' lang='lat' dir='ltr'><strong>caeciderttnt,</strong></span> <span class='ocrx_word' id='word_1_844' title='bbox 2524 5441 2718 5500; x_wconf 83' lang='lat' dir='ltr'><strong>abrasa</strong></span> <span class='ocrx_word' id='word_1_845' title='bbox 2742 5450 2849 5498; x_wconf 86' lang='lat' dir='ltr'><strong>est.</strong></span> 
     </span>
    </p>
   </div>
   <div class='ocr_carea' id='block_1_190' title="bbox 1857 5627 3489 5729">
    <p class='ocr_par' dir='ltr' id='par_1_190' title="bbox 1857 5627 3489 5729">
     <span class='ocr_line' id='line_1_192' title="bbox 1857 5627 3489 5729; baseline -0.023 -11"><span class='ocrx_word' id='word_1_846' title='bbox 1857 5643 1991 5729; x_wconf 56' lang='grc' dir='ltr'><strong>λιπες</strong></span> <span class='ocrx_word' id='word_1_847' title='bbox 2015 5657 2094 5729; x_wconf 43' lang='grc' dir='ltr'><strong>ελ</strong></span> <span class='ocrx_word' id='word_1_848' title='bbox 2120 5645 2245 5708; x_wconf 81' lang='lat' dir='ltr'><strong>cod.</strong></span> <span class='ocrx_word' id='word_1_849' title='bbox 2278 5644 2439 5712; x_wconf 81' lang='lat' dir='ltr'><strong>Cant,</strong></span> <span class='ocrx_word' id='word_1_850' title='bbox 2480 5649 2569 5724; x_wconf 59' lang='grc' dir='ltr'><strong>τᾳι</strong></span> <span class='ocrx_word' id='word_1_851' title='bbox 2618 5645 2834 5729; x_wconf 47' lang='lat' dir='ltr'><strong>imm.</strong></span> <span class='ocrx_word' id='word_1_852' title='bbox 2864 5668 2937 5706; x_wconf 57' lang='grc' dir='ltr'><strong>τμ-</strong></span> <span class='ocrx_word' id='word_1_853' title='bbox 2956 5634 3033 5725; x_wconf 74' lang='grc' dir='ltr'><strong>(ε)</strong></span> <span class='ocrx_word' id='word_1_854' title='bbox 3060 5627 3489 5695; x_wconf 65' lang='lat' dir='ltr'><strong>Additur-Jews,</strong></span> 
     </span>
    </p>
   </div>
   <div class='ocr_carea' id='block_1_191' title="bbox 204 5711 1789 5802">
    <p class='ocr_par' dir='ltr' id='par_1_191' title="bbox 204 5711 1781 5791">
     <span class='ocr_line' id='line_1_193' title="bbox 204 5711 1781 5791; baseline -0.002 -15"><span class='ocrx_word' id='word_1_855' title='bbox 204 5711 438 5776; x_wconf 76' lang='lat' dir='ltr'><strong>etiamin</strong></span> <span class='ocrx_word' id='word_1_856' title='bbox 460 5715 585 5772; x_wconf 84' lang='lat' dir='ltr'><strong>cuti.</strong></span> <span class='ocrx_word' id='word_1_857' title='bbox 614 5713 801 5787; x_wconf 60' lang='lat' dir='ltr'><strong>(Satin,</strong></span> <span class='ocrx_word' id='word_1_858' title='bbox 831 5714 860 5774; x_wconf 81' lang='grc' dir='ltr'><strong><em>ὅ</em></strong></span> <span class='ocrx_word' id='word_1_859' title='bbox 878 5711 1262 5791; x_wconf 46' lang='lat' dir='ltr'><strong>amas—(a)</strong></span> <span class='ocrx_word' id='word_1_860' title='bbox 1291 5715 1366 5779; x_wconf 86' lang='lat' dir='ltr'><strong>lta</strong></span> <span class='ocrx_word' id='word_1_861' title='bbox 1392 5724 1448 5774; x_wconf 90' lang='lat' dir='ltr'><strong>et</strong></span> <span class='ocrx_word' id='word_1_862' title='bbox 1469 5711 1593 5776; x_wconf 77' lang='lat' dir='ltr'><strong>cott&#39;.</strong></span> <span class='ocrx_word' id='word_1_863' title='bbox 1621 5714 1781 5779; x_wconf 82' lang='lat' dir='ltr'><strong>Cant.</strong></span> 
     </span>
    </p>
   </div>
   <div class='ocr_carea' id='block_1_192' title="bbox 1898 5711 2244 5802">
    <p class='ocr_par' dir='ltr' id='par_1_192' title="bbox 1898 5718 2244 5791">
     <span class='ocr_line' id='line_1_194' title="bbox 1898 5718 2244 5791; baseline -0.02 0"><span class='ocrx_word' id='word_1_864' title='bbox 1898 5721 1959 5791; x_wconf 76' lang='grc' dir='ltr'><strong>ἠ.</strong></span> <span class='ocrx_word' id='word_1_865' title='bbox 1984 5734 2017 5781; x_wconf 80' lang='lat' dir='ltr'><strong>c</strong></span> <span class='ocrx_word' id='word_1_866' title='bbox 2043 5718 2244 5785; x_wconf 70' lang='lat' dir='ltr'><strong>Marco.</strong></span> 
     </span>
    </p>
   </div>
  </div>
