3980 6192
498 186 605 246 2ἲῶ

896 309 1127 368 CODEX
1159 308 1697 366 VERCELLENSIS.

499 413 584 462 tes
611 412 792 462 autem
815 420 944 460 oeu-
1334 414 1530 459 xerunt
1554 403 1715 459 disci-

500 478 586 535 los
609 494 737 533 suos
755 520 769 543 ,
803 493 900 532 ne-
1338 476 1445 544 puli
1482 476 1623 545 quod
1646 475 1715 529 de

500 552 701 607 minem
733 549 886 604 vide-
1335 546 1581 602 Johanne
1610 546 1749 614 Bap-

501 631 649 681 runt.
676 620 773 675 nisi
804 620 978 674 solum
1338 618 1458 672 tista
1486 618 1623 671 dixit
1653 618 1719 671 il—

501 693 555 750 9.
596 693 799 748 Jesum.
834 690 901 747 Et
928 690 1051 747 des-
1338 690 1405 745 iis
1429 707 1442 743 :
1472 688 1544 760 (c)
1573 692 1661 743 Sic
1690 697 1744 745 et
1773 688 1901 744 Fili-

501 763 860 821 eeodentibus
1339 777 1402 815 us
1437 760 1668 815 hominis

501 836 607 892 illis
636 836 701 890 de
732 848 887 888 mon-

502 916 579 969 te.
612 905 873 975 praecipit

502 979 581 1034 eis
610 978 768 1033 Jesus
788 978 973 1033 dicens
999 992 1014 1031 :

503 1050 696 1104 Videte
722 1049 895 1103 nemi-

503 1122 559 1177 ni
586 1120 834 1175 dixeritis

504 1194 702 1257 visum,
735 1190 909 1246 donec

504 1264 678 1321 Filius
714 1262 946 1317 hominis

506 1351 536 1390 a
570 1335 794 1389 mortuis
816 1350 904 1391 re-

503 1416 706 1474 surgat.

505 1478 595 1533 10.
640 1478 703 1532 Ει
734 1476 1035 1551 interroga-

504 1559 697 1604 verunt
726 1565 849 1603 eum

505 1620 778 1689 discipuli.
806 1620 889 1674 di-

504 1703 693 1747 centes
727 1711 738 1744 :
772 1694 921 1760 Quo-

504 1765 667 1818 modo
694 1778 825 1832 ergo
856 1763 1000 1819 Seri-

508 1834 611 1890 bae
640 1833 827 1888 dicunt

1341 848 1563 888 necesse
1592 834 1655 885 lia
1672 861 1685 871 -

1340 904 1428 958 bet
1459 904 1565 973 pati
1598 904 1665 955 ab
1689 903 1767 957 eis
1796 904 1857 973 in

1343 976 1431 1029 H.
1477 974 1686 1028 Etcum
1723 976 1903 1031 venis-

1341 1055 1424 1101 set
1445 1046 1510 1099 ad
1541 1048 1751 1099 turbam

1342 1117 1572 1172 accessit
1594 1117 1659 1169 ad
1690 1132 1814 1172 eum

1342 1188 1505 1243 homo
1535 1188 1763 1258 genibus

1340 1260 1695 1332 probolutans

1342 1330 1468 1387 ante
1493 1347 1638 1397 eum,
1671 1330 1751 1384 di-

1344 1418 1473 1458 cens
1500 1421 1512 1455 :
1548 1402 1795 1469 Domine,

1346 1478 1609 1529 miserere

1345 1547 1456 1600 {ilio
1489 1562 1631 1610 meo,
1654 1546 1779 1617 quia

1345 1618 1614 1672 lunaucus

1344 1698 1429 1744 est
1459 1698 1513 1743 ct
1544 1689 1685 1742 male
1712 1703 1805 1757 pa-

1347 1760 1477 1815 titur
1503 1778 1515 1812 :
1548 1776 1668 1813 nam
1698 1773 1818 1815 sae-

1346 1847 1413 1901 pe
1439 1832 1583 1885 cadit
1611 1833 1661 1884 in
1692 1832 1765 1901 ig-

1346 1919 1471 1957 nem
1494 1944 1508 1967 ,
1543 1913 1594 1957 et
1625 1902 1704 1973 (d)
1736 1901 1835 1956 ali-

1347 1974 1565 2043 quando
1595 1974 1636 2045 ’ξ’
1667 1976 1717 2028 in
1746 1990 1804 2026 a-

1353 2047 1441 2101 15.
1486 2063 1663 2116 quam.
1701 2046 1765 2099 Et
1793 2060 1892 2117 op-

1349 2117 1446 2173 tuli
1474 2134 1596 2172 eum
1628 2118 1741 2172 dis-

1348 2191 1544 2260 cipulis
1577 2190 1680 2244 tuis
1696 2229 1711 2254 ,
1744 2198 1800 2244 ct

507 1905 649 1975 quod
684 1904 871 1961 llelian

507 1986 718 2046 oportet
750 1978 858 2047 pri-

508 2063 655 2102 mum
688 2047 827 2103 veni-

510 2121 598 2174 11.
641 2121 737 2174 re?
775 2120 855 2176 Ad
884 2120 1001 2190 ipse

510 2190 866 2259 respondens,

510 2264 587 2317 ait
616 2280 627 2315 :
659 2261 838 2317 llelias
868 2263 986 2332 qui-
1349 2277 1458 2316 non
1493 2271 1679 2331 potue-

510 2333 636 2390 detn
669 2345 927 2389 venturus
1348 2344 1477 2387 runt
1498 2348 1655 2388 cura-

511 2417 595 2461 est
616 2420 891 2476 COﬂpOﬂC-
1352 2421 1410 2459 re
1436 2421 1581 2460 eum.

512 2476 603 2531 12.
645 2492 704 2531 re
732 2480 934 2533 omnia.
967 2477 1097 2533 Dico

509 2560 691 2603 autem
727 2549 903 2614 vobis,

511 2618 655 2690 quod
686 2620 867 2675 Helias

514 2690 730 2760 quidem
757 2692 867 2761 jam

514 2764 681 2827 venit,
710 2775 765 2818 et
787 2779 897 2818 non

514 2845 885 2903 cognoverunt

513 2920 659 2969 eum.
692 2906 786 2961 sed
815 2908 959 2961 ἱερε-

513 2988 640 3033 runt
671 2979 744 3047 (ὁ)
772 2978 820 3032 ei
847 2977 887 3049 -ι-
906 2993 1075 3049 quan-

516 3057 565 3102 ta
590 3048 895 3104 voluerunt.
926 3048 935 3049 7
1349 3048 1560 3103 Adhuc.
1592 3091 1604 3103 .
1634 3090 1646 3102 .
1680 3065 1709 3104 e
1738 3049 1840 3105 hoc

518 3121 605 3174 15.
646 3120 798 3178 Tunc
824 3121 1037 3177 intclle-
1352 3121 1505 3176 illum
1530 3121 1597 3176 ad
1633 3136 1739 3177 me.

950 3236 1177 3296 CODEX
1219 3238 1691 3293 CORBEIENSIS.

517 3344 601 3389 tes
653 3343 833 3388 autem
870 3334 1055 3387 oculos
1110 3347 1275 3398 suos,
1346 3333 1620 3386 nemiuem
1672 3332 1948 3394 viderunt,
2008 3332 2110 3386 nisi

518 3406 694 3460 solum
733 3404 943 3458 Jesum.
979 3406 994 3435 ί
1027 3405 1093 3457 Ει
1140 3419 1263 3458 cum
1318 3403 1720 3459 descenderent
1764 3403 1832 3457 de
1886 3414 2069 3457 monte
2098 3444 2114 3461 .

519 3476 799 3546 praecepit
825 3475 929 3546 illis
955 3473 1121 3546 Jesus,
1147 3474 1336 3528 ἀίει-ηε
1362 3492 1375 3527 :
1398 3476 1419 3505 ²
1456 3475 1644 3529 Videte
1677 3490 1743 3527 uc
1774 3476 1860 3527 cui
1904 3475 2109 3528 dixeri-

519 3545 611 3613 tis,
645 3546 818 3600 donec
846 3545 1017 3601 Filius
1044 3545 1280 3599 hominis
1308 3561 1337 3599 a
1368 3548 1593 3599 mortuis
1626 3556 1889 3615 resorgat.
1920 3546 1939 3575 ³
1966 3546 2115 3601 Tunc

521 3619 997 3685 interrogaverunt
1046 3618 1194 3669 illum
1224 3616 1243 3646 δ
1269 3617 1517 3685 discipuli
1553 3659 1567 3683 ,
1608 3618 1890 3671 dicentes:
1939 3618 2115 3684 Quare

523 3704 657 3756 ergo
690 3690 915 3744 Scribae
947 3689 1134 3742 dicunt
1162 3689 1181 3718 "
1211 3690 1335 3758 quia
1381 3700 1596 3759 oportet
1629 3690 1862 3757 primum
1910 3689 2115 3743 Heliam

525 3760 756 3814 venire?
778 3760 981 3828 Quibus
1016 3763 1355 3826 tespmnlcns
1376 3802 1388 3823 ,
1419 3762 1493 3813 ait
1525 3778 1537 3813 ε
1575 3761 1751 3814 llelias
1780 3762 1998 3830 quidem
2028 3776 2119 3812 ve-

528 3833 661 3893 niet.
686 3844 739 3885 ut
759 3832 937 3885 omnia
970 3834 1237 3885 restitUaI.
1264 3832 1368 3886 Sed
1399 3848 1499 3900 ego
1519 3833 1642 3886 dico
1662 3833 1837 3895 vobis,
1864 3832 2117 3902 quoniam

527 3904 709 3959 Helias
731 3904 842 3973 jam
866 3905 1034 3965 venit,
1068 3913 1117 3957 et
1149 3919 1254 3957 n0n
1284 3915 1654 3974 cognoverunt
1698 3919 1846 3969 eum,
1896 3904 1989 3957 Sed
2042 3902 2119 3955 fe-

522 3984 714 4029 cerunt
768 3975 843 4045 (b)
892 3977 940 4031 ei
1000 3974 1040 4046 -ξ-
1072 3986 1267 4045 quanta
1316 3976 1626 4029 voluerunt.
1663 3986 1689 4012 ει
1719 3974 1872 4029 Tune
1916 3975 2119 4029 6intel-

526 4048 777 4100 lexerunt
808 4048 1053 4112 diScipttli
1085 4048 1203 4113 ejus
1224 4047 1347 4114 quia
1398 4047 1465 4100 de
1519 4046 1767 4101 Joliaunc
1796 4047 1927 4100 dixit
1962 4047 2067 4099 illis
2094 4062 2106 4097 :

520 4120 610 4175 Sic
638 4129 693 4172 et
719 4117 890 4173 Filius
921 4119 1155 4172 hominis
1178 4120 1194 4148 τ
1231 4133 1487 4186 passurus
1512 4129 1594 4171 cst
1624 4121 1694 4172 ah
1724 4120 1826 4172 eis.
1874 4117 1942 4172 Et
1984 4133 2112 4171 ecce

519 4188 587 4244 de
614 4191 767 4243 turba
796 4190 1027 4245 accessit
1050 4190 1114 4242 ad
1138 4205 1259 4243 eum
1290 4191 1310 4220 ⁸
1358 4188 1519 4243 homo
1537 4191 1766 4259 genibus
1791 4188 2113 4259 provolutus

521 4262 876 4331 depraceans,
908 4271 961 4314 et
990 4260 1177 4315 dicens
1204 4279 1215 4313 :
1250 4260 1500 4325 Domine,
1538 4265 1797 4315 miserere
1827 4262 1936 4314 lilio
1970 4276 2112 4325 meo,

522 4335 647 4401 quia
678 4333 949 4387 lunaticus
983 4344 1085 4399 est,
1116 4343 1168 4386 et
1224 4333 1404 4386 male9
1459 4342 1684 4386 vexatur
1733 4349 1745 4385 :
1807 4333 2116 4400 frequenter

521 4405 662 4457 enim
690 4405 834 4457 cadit
888 4420 918 4457 a
973 4406 1259 4457 daemonio
1302 4406 1352 4455 in
1398 4404 1614 4473 ignem,
1654 4411 1715 4457 et
1743 4402 2032 4473 aliquando
2065 4404 2116 4457 in

523 4489 737 4543 aquam.
776 4474 838 4529 Et
890 4476 1059 4529 obtuli
1100 4492 1221 4529 eum
1252 4474 1536 4544 discipulis
1558 4475 1684 4536 tuis.
1712 4485 1765 4528 et
1796 4492 1900 4528 non
1932 4486 2118 4542 potue-

523 4556 653 4600 runt
676 4547 716 4575 ¹⁰
744 4545 888 4599 illum
935 4561 1149 4601 sanare.
1201 4546 1556 4616 Respondens
1594 4548 1643 4601 ei
1669 4546 1827 4601 Jesns
1865 4547 2041 4600 dixit:
2077 4547 2121 4600 0

526 4620 673 4670 natio
701 4618 973 4671 incredula
997 4626 1053 4674 et
1089 4634 1341 4688 perversa
1378 4659 1392 4679 .
1460 4632 1740 4687 quousque
1770 4620 1809 4649 “
1845 4618 2121 4674 vobiscum

525 4690 688 4743 sum?
717 4688 956 4759 quandiu
1000 4704 1094 4745 vos
1123 4690 1336 4760 patior?
1368 4688 1571 4745 Aﬂerte
1609 4690 1758 4744 illum
1818 4691 1941 4744 huc.

1352 2477 1441 2530 16.
1475 2477 1539 2531 Ει
1560 2475 1899 2546 respondens

1348 2547 1541 2613 Jesus,
1572 2548 1647 2601 ait
1677 2564 1691 2599 :
1725 2548 1769 2603 0
1796 2563 1889 2617 ge-

1351 2620 1559 2673 neratio
1589 2620 1669 2673 in-

1349 2691 1623 2744 credibilis
1643 2733 1657 2755 ,

1350 2772 1405 2817 et
1434 2778 1687 2832 perversa
1712 2803 1728 2828 ,

1350 2848 1632 2904 quousque
1661 2834 1799 2901 pali-

1350 2922 1412 2959 ar
1439 2907 1574 2959 vos?
1602 2921 1882 2975 quousque

1350 2992 1444 3032 ero
1471 2978 1791 3032 vobiscum?

1030 189 1295 250 EUSEBII
1340 190 1673 247 VERCELI..
1721 189 2174 248 EVANGEUUM
2217 190 2357 247 CUM
2405 190 2628 248 VARIIS
2664 190 2821 248 COD.
2862 189 3251 250 COLLATUM.

2625 306 2857 364 CODliX
2898 306 3354 365 VERONENSIS.

2199 402 2255 457 8.
2300 402 2563 458 Levantes
2593 412 2793 469 autem.
3032 399 3283 471 discipuli
3310 400 3450 471 quod

2200 477 2387 529 oculos
2416 490 2545 530 suos
2564 516 2579 537 ,
3033 471 3102 526 de
3130 470 3377 528 Johanne

2200 546 2475 601 neminem
2508 545 2655 600 vidc-

2203 628 2327 672 runt
2349 660 2361 675 .
2398 618 2497 672 nisi
2530 632 2617 671 so-

2203 689 2311 743 lum
2340 689 2543 744 Jesum.

2203 762 2257 815 9.
2305 762 2367 814 Et
2397 758 2858 815 descendentibus

2206 832 2315 886 illis
2345 832 2409 885 de
2442 841 2623 886 monte
2642 872 2655 896 ,

2207 904 2476 972 praecepit
2508 904 2587 957 eis

2205 974 2365 1029 vaus
2394 976 2581 1028 dicens
2610 990 2621 1025 :

2207 1046 2418 1100 Nemini
2448 1047 2601 1101 dixe-

2208 1120 2328 1173 ritis
2359 1118 2568 1183 visum,

2208 1190 2381 1244 donec
2406 1187 2576 1244 Filius

3039 542 3277 610 Baptista
3307 546 3387 598 di-

3037 614 3177 687 xerit
3208 616 3314 687 illis
3340 634 3352 668 :
3388 616 3460 687 (c)

3037 684 3129 739 Sic
3155 698 3204 739 et
3236 684 3403 741 Filius

3041 755 3276 811 hominis
3307 774 3402 813 tie-

3040 842 3194 882 cesse
3223 831 3385 885 habet

3039 900 3151 971 pati
3178 902 3244 953 ab
3270 902 3349 955 eis

3042 968 3129 1023 14.
3175 971 3244 1026 Ει
3272 968 3399 1027 cuni
3424 988 3521 1029 ve.

3040 1043 3212 1098 nisset
3241 1045 3305 1097 ad
3338 1052 3449 1099 tor—

3042 1112 3165 1166 bato
3200 1117 3430 1171 accessit

3043 1184 3109 1237 ad
3133 1200 3254 1239 eum
3281 1188 3442 1241 ltomo

2212 1261 2444 1315 hominis
3044 1256 3269 1325 genibus
3304 1274 3497 1327 provo-

2210 1347 2237 1385 a
2273 1332 2498 1386 mortuis
2531 1346 2614 1387 re-
3049 1328 3198 1384 lutus
3228 1340 3352 1384 ante
3381 1346 3503 1384 eum
3531 1372 3545 1395 ,

2209 1414 2415 1473 surgat.
3045 1414 3239 1469 rogans
3270 1418 3416 1466 eum,
3446 1412 3499 1456 Ci.

2213 1476 2301 1530 10.
2348 1474 2416 1528 Ει
2442 1476 2741 1548 interroga-

2213 1556 2409 1600 verunt
2434 1562 2556 1600 eum

2213 1618 2462 1687 discipuli
2481 1659 2495 1681 ,
2525 1618 2609 1671 di-

2214 1699 2398 1743 centes
2424 1708 2435 1742 :
2470 1688 2608 1757 Quid

2214 1776 2345 1830 ergo
2374 1761 2597 1816 Serthae

2213 1832 2403 1885 dicunt
2426 1833 2568 1901 quod

2212 1903 2420 1958 Heliam
2448 1912 2669 1971 Oportet

2213 1975 2452 2042 primum
2481 1977 2703 2030 venire?

2216 2048 2302 2099 11.
2336 2046 2417 2100 Ad
2450 2046 2565 2113 ipse
2597 2064 2680 2101 re-

2213 2120 2487 2185 Spondens
2504 2159 2519 2183 ,
2552 2120 2627 2173 ait
2657 2137 2667 2171 :

2214 2190 2395 2244 Helias
2426 2192 2641 2259 quidem

3045 1483 3233 1538 dicens
3264 1492 3276 1527 :
3310 1475 3535 1527 Domine
3555 1514 3569 1535 ,

3046 1554 3304 1607 miserere
3338 1545 3450 1599 lilio
3480 1559 3629 1608 meo.

3044 1624 3168 1693 quia
3198 1615 3463 1693 lunaticus

3044 1692 3147 1759 est,
3180 1705 3233 1744 et
3265 1692 3403 1743 male

3046 1773 3363 1836 torquetur;
3399 1776 3521 1836 nam

3046 1833 3209 1906 saepe
3237 1834 3386 1906 cadit
3410 1833 3462 1906 in

3046 1902 3260 1980 ignem,
3286 1912 3344 1980 et

3046 1974 3336 2050 a'liquaudo
3363 1974 3403 2045 -ξ-
3432 1976 3484 2028 ἱιι

3048 2051 3137 2107 15.
3182 2064 3399 2117 aquam.

3049 2126 3114 2178 lit
3143 2119 3311 2192 optuli

3050 2189 3480 2259 eum'discipulis

2215 2273 2475 2315 venturus
2505 2273 2586 2316 est
2616 2264 2695 2334 (ιι)

2215 2334 2503 2387 restituere
2526 2334 2566 2404 ’ξ’

2216 2404 2304 2459 12.
2348 2405 2551 2459 omnia.
2584 2408 2712 2463 Dico

3054 2266 3179 2329 tuis,
3208 2274 3263 2319 et
3291 2277 3395 2317 non

3052 2346 3342 2409 potuerunt
3370 2346 3564 2389 curare

2216 2425 2304 2459 'IZ.
2348 2425 2551 2459 Olllllla.
2584 2425 2712 2463 UICO
3048 2425 3196 2464 811111.

2214 2486 2393 2549 autem
2424 2478 2607 2549 vobis,
3050 2480 3138 2536 16.
3184 2476 3541 2549 Respondeas

2215 2548 2358 2617 quod
2392 2547 2572 2603 llelias
3045 2552 3224 2615 Jesus,

2211 2620 2322 2689 jam
2354 2619 2537 2685 venit,

2217 2698 2270 2743 8i.
2296 2707 2401 2744 0011
2433 2706 2527 2745 εο-

2216 2772 2519 2832 gnoverunt

2218 2850 2341 2887 eum
2374 2876 2388 2897 ,
2422 2846 2476 2888 et
2505 2834 2647 2889 fece-

2219 2916 2343 2959 runt
2372 2906 2447 2977 (b)
2480 2908 2526 2960 ei
2552 2906 2592 2976 ’ἓ

2219 2986 2418 3045 quanta
2452 2981 2637 3033 volue-

2220 3048 2309 3103 15.
2354 3060 2502 3104 runt.
2538 3050 2604 3104 Et
2636 3059 2761 3106 tunc

2222 3121 2605 3177 intellexerunt

3048 2626 3123 2678 ait
3154 2642 3167 2677 :
3199 2624 3242 2676 0
3273 2619 3555 2686 generatio

3052 2694 3390 2751 incredibilis
3410 2734 3425 2759 ,
3456 2702 3511 2745 et

3054 2780 3332 2837 perversa,
3362 2778 3568 2834 quous-

3054 2836 3157 2909 que
3188 2836 3361 2908 patiar

3053 2910 3188 2963 vos?
3218 2922 3497 2977 quousque

3054 2995 3149 3037 ero
3182 2978 3497 3033 vobiscum?

3055 3053 3277 3108 Adferte
3305 3051 3409 3104 huc

3058 3126 3207 3179 illum
3237 3123 3303 3177 ad
3333 3138 3441 3179 me.

2685 3238 2918 3294 CODEX
2960 3237 3354 3295 BRIXIANUS.

2220 3341 2302 3385 tes
2360 3342 2538 3387 autem
2618 3332 2804 3386 oculos
2849 3348 2977 3387 suos
3046 3333 3318 3388 neminem
3397 3331 3660 3386 viderunt
3729 3330 3827 3385 nisi

2219 3405 2391 3458 solum
2417 3403 2621 3457 Jesum.
2650 3405 2710 3457 Et
2733 3404 3190 3459 descendentibus
3221 3405 3327 3458 illis
3355 3403 3421 3459 de
3454 3415 3646 3458 monte
3678 3419 3831 3471 prac-

2220 3475 2367 3542 cepit
2393 3474 2469 3528 ris
2510 3475 2669 3529 Ji-sus
2700 3477 2883 3530 dicens
2925 3477 3130 3530 Nemini
3171 3476 3418 3530 dixeritis
3465 3475 3614 3529 hanc
3661 3476 3831 3528 visio-

2224 3563 2366 3600 nem.
2409 3547 2581 3601 dOIICC
2622 3548 2789 3601 Filius
2838 3547 3072 3601 hominis
3125 3564 3153 3600 a
3189 3550 3418 3601 mortuis
3450 3558 3732 3616 resurgat.
3768 3546 3834 3599 Et

2224 3618 2686 3687 interrogaverunt
2719 3636 2840 3671 cum
2897 3620 3143 3689 discipuli
3198 3621 3313 3685 ejus
3360 3618 3631 3672 dicentes.
3692 3617 3833 3684 Quid

2222 3691 2588 3759 ergoScribae
2614 3690 2796 3744 dicunt
2827 3692 2969 3759 quod
2999 3691 3203 3743 Heliam
3228 3700 3439 3755 Oportet
3467 3693 3710 3757 primum
3742 3704 3837 3741 ve-

2224 3762 2360 3815 nire.
2386 3761 2543 3815 Jesus
2568 3774 2745 3814 autem
2773 3762 3106 3830 res‘pomleus
3131 3763 3201 3814 ait
3228 3761 3355 3815 illis.
3394 3760 3582 3814 llelias
3604 3763 3829 3829 quidem

2219 3836 2401 3885 veniet
2456 3837 2684 3901 primum
2718 3845 2771 3886 et
2803 3836 3050 3886 restituet
3104 3835 3303 3886 omnia.
3344 3833 3472 3885 Diuo
3514 3844 3708 3885 autent
3739 3848 3836 3883 vo-

2222 3904 2324 3957 bis.
2360 3905 2479 3974 quia
2518 3905 2714 3958 “t'li-lS.
2746 3907 2854 3970 jam
2882 3906 3045 3959 venit.
3071 3914 3125 3958 et
3148 3920 3250 3956 non
3276 3912 3665 3971 cognoverunt
3688 3919 3836 3974 eum.

2223 3976 2315 4028 sed
2339 3973 2581 4030 fecerunt
2604 3976 2673 4029 ei.
2710 3992 3079 4043 quaecumque
3112 3977 3414 4028 voluerunt.
3442 3974 3531 4028 Sic
3561 3986 3623 4027 et
3668 3973 3842 4027 Filius

2226 4047 2457 4099 hominis
2519 4063 2772 4115 passurus
2819 4058 2902 4101 est
2965 4048 3032 4101 ab
3076 4048 3173 4101 eis.
3210 4046 3360 4100 Tune
3430 4047 3843 4100 intellexerunt

2221 4118 2491 4186 discipuli.
2537 4119 2658 4185 quia
2710 4119 2779 4172 de
2821 4118 3068 4173 Johanne
3110 4118 3347 4189 Baptista
3380 4117 3616 4189 dixisset
3654 4121 3759 4170 eis.

2297 4190 2360 4243 Et
2390 4206 2507 4243 eum
2538 4191 2775 4243 venisset
2804 4191 2871 4243 ad
2906 4191 3141 4244 turbim.
3166 4188 3394 4244 accessit
3416 4188 3483 4242 ad
3514 4204 3647 4242 eum
3674 4190 3846 4242 homo

2223 4263 2450 4330 genibus
2490 4262 2833 4332 proviilntus.
2883 4272 2936 4315 et
2999 4262 3206 4316 dicens.
3267 4261 3509 4313 Domine.
3560 4262 3846 4332 miserere

2226 4333 2336 4387 lilio
2368 4331 2636 4402 tneo’quia
2669 4333 3112 4387 lunaticnsest.et
3146 4333 3284 4385 male
3310 4334 3523 4402 patitur.
3558 4331 3834 4401 frequen-

2227 4419 2311 4459 ter
2336 4407 2479 4459 enim
2510 4400 2651 4458 cadit
2679 4422 2729 4476 in
2756 4406 3012 4473 ignemazt
3036 4404 3116 4476 (ά)
3145 4405 3431 4473 aliquando
3452 4400 3492 4472 οξ·
3521 4405 3573 4454 in
3612 4400 3843 4466 aquam.

2230 4478 2297 4532 Et
2317 4476 2485 4529 ohtuli
2506 4492 2626 4530 eum
2657 4475 2934 4544 discipulis
2966 4475 3161 4529 tuis.’et
3179 4491 3284 4529 non
3321 4484 3612 4544 potuerunt
3640 4489 3849 4527 curare

2229 4564 2375 4603 eum.
2444 4543 2807 4617 Respondens
2864 4558 3043 4601 autem
3108 4547 3265 4601 Jesus
3311 4546 3387 4598 ait
3428 4543 3507 4617 Ο.
3540 4545 3847 4613 generatio

2233 4619 2503 4674 incredula
2556 4616 2611 4674 et
2660 4632 3220 4688 perversa.quousque
3248 4633 3344 4672 ero
3392 4616 3711 4688 vobiscum.
3761 4631 3852 4671 us-

2233 4706 2447 4762 quequo
2477 4695 2646 4761 patiar
2665 4687 2782 4744 Vos.
2814 4687 3015 4745 Alierte
3062 4690 3166 4747 huc
3192 4689 3345 4744 illum
3378 4687 3445 4743 ad
3492 4702 3602 4742 me.

1206 4807 1604 4865 VADIANTES
1641 4804 2029 4863 LECTIONES
2066 4804 2333 4863 CODICIS
2372 4806 2484 4863 MS.
2527 4807 2587 4863 S.
2627 4802 3145 4862 GERMANENSIS.

588 4907 607 4935 ι
640 4903 1075 4954 Descendentibus
1095 4904 1191 4954 illis

588 4970 609 4999 ³
644 4966 838 5016 Nemini
862 4966 1093 5017 dixeritis
1116 4970 1273 5015 visum

589 5032 610 5061 ³
646 5029 708 5078 Et
729 5032 1161 5087 interrogaverunt

586 5092 607 5122 ὀ
641 5091 882 5151 discipuli.
910 5092 1035 5150 Quid

588 5157 609 5186 ⁵
643 5154 773 5217 quod
798 5162 994 5215 Oportet
1030 5153 1220 5203 Heliam
1252 5154 1457 5215 primum
1482 5153 1676 5202 venire.
1710 5154 1775 5203 At
1799 5154 1966 5216 ipse...
2002 5166 2123 5205 ven-

524 5224 664 5269 turus
690 5224 767 5266 est
790 5217 1058 5265 restituere
1084 5218 1265 5265 omnia.
1286 5217 1405 5265 Dico
1425 5222 1589 5265 autem

590 5281 611 5311 ⁸
644 5286 984 5343 cognoverunt
1004 5280 1225 5343 discipuli
1247 5279 1434 5344 quod...
1460 5278 1521 5329 Et
1552 5292 1661 5329 cum
1684 5283 1903 5330 venisset
1934 5280 1994 5329 ad
2020 5287 2125 5330 tur-

2292 4968 2310 4995 ⁷
2349 4978 2559 5015 necesse
2582 4965 2732 5015 habet
2756 4966 2855 5028 pati

2291 5029 2312 5059 ⁸
2345 5028 2597 5088 quidam...
2627 5038 2740 5078 ante
2760 5027 2899 5086 eum,
2925 5027 3098 5075 dicens

2292 5092 2332 5157 ﬂ
2352 5092 2414 5141 Ut
2428 5088 2479 5141 in
2508 5092 2652 5157 Vulg.
2680 5103 2856 5157 nque,
2882 5092 3123 5157 inignetn

2295 5155 2338 5185 ὀ
2371 5167 2545 5202 curare
2574 5146 2705 5203 ei'un.
2730 5146 3056 5214 Respondeas
3076 5150 3239 5205 Jesus.
3266 5150 3332 5197 ait
3356 5164 3366 5198 :
3386 5146 3426 5214 ς)
3446 5151 3730 5209 generatio

2292 5217 2338 5249 ⁸⁸
2376 5218 2531 5279 patiar
2571 5218 2688 5267 vos?
2711 5211 2967 5279 quousque
3009 5227 3097 5264 ero
3123 5212 3406 5263 vobiscum?
3440 5220 3558 5275 etin,
3588 5220 3649 5262 ut
3704 5211 3865 5275 Vulg.

2231 5290 2400 5343 usque,
2425 5281 2613 5343 ejicere
2638 5279 2790 5329 illum.

1848 5370 2218 5428 BLANCIIINI
2255 5370 2485 5429 ΝΟΤᾹΞ.

599 5471 625 5498 ⁸
648 5462 765 5518 Duo
784 5477 917 5518 mss.
942 5461 1159 5518 codices
1180 5464 1349 5519 nostri
1375 5465 1517 5519 hunc
1544 5474 1831 5519 contextus
1874 5466 2121 5520 ordinem

526 5544 782 5603 servant;
814 5535 868 5591 in
904 5534 1129 5607 Vulgata
1181 5546 1363 5592 autem
1394 5580 1408 5603 ,
1444 5536 1535 5592 Sic
1574 5547 1621 5591 et
1654 5536 1829 5591 Filius
1875 5538 2122 5603 hominis,

2226 5476 2357 5527 etc..
2390 5467 2623 5535 positum
2654 5465 2851 5534 legitur
2880 5471 3006 5535 ante
3032 5504 3046 5526 ,
3087 5460 3230 5516 Tunc
3270 5460 3677 5527 intellexerunt,
3715 5467 3869 5525 etc.,

2226 5533 2585 5593 conl'oi'miter
2616 5537 2682 5591 ad
2715 5533 2923 5592 fontem
2952 5533 3225 5591 Graecum.

591 5642 687 5721 in)
729 5649 803 5704 Ita
837 5660 892 5706 et
918 5650 1229 5723 codtrCant.
1262 5654 1783 5723 éﬁomad’fﬁdat.—
1810 5650 1991 5723 (br)rlta
2036 5660 2116 5705 ett

2258 5650 2414 5707 Cant.
2442 5655 2607 5723 αὐτῷ,
2633 5668 2697 5707 ex
2725 5651 2926 5723 Marco.
2950 5680 3021 5691 —
3041 5647 3113 5723 (c)
3144 5647 3279 5723 C_od.
3310 5661 3522 5723 quoque
3540 5643 3727 5706 Cant.
3761 5651 3875 5705 huc

540 5712 831 5790 transfert,
866 5712 987 5787 quoi
1020 5722 1174 5791 Vulg.
1208 5722 1328 5778 Lat.
1358 5733 1412 5781 et
1446 5732 1625 5777 textus
1647 5712 1884 5777 Gra’etis'
1906 5712 2100 5779 habent
2130 5725 2185 5779 in
2219 5721 2325 5780 line
2356 5740 2407 5779 v.
2443 5712 2651 5777 tif-'—
2692 5724 2770 5794 (η)
2813 5722 2886 5779 lto
2916 5731 2963 5777 et
2999 5712 3118 5775 eod;
3154 5720 3306 5777 Cant.
3330 5712 3506 5773 ἒνὶὸὲὲ.
