1990 3096
104 146 152 173 ‘33?

292 202 414 231 CODEX
429 202 695 232 VERCELLENSIS.

105 251 147 278 17.
167 250 195 278 Et
205 250 354 285 increpavit
515 251 645 278 Futurum
661 256 718 284 est,

103 295 162 314 eum
174 286 250 313 Jesus
263 306 269 316 ,
285 291 314 312 et
515 293 543 314 ut
558 286 642 314 Filius
656 286 743 314 homi-

101 322 169 350 exiit
181 322 212 349 ab
224 329 257 349 co
270 321 336 349 dae-
515 323 556 349 nis
570 322 691 350 tradatur

99 359 215 386 monium
228 378 234 389 ,
252 363 280 385 et
514 360 540 385 in
556 366 662 386 manus.
674 379 680 386 .
695 379 701 385 .
717 379 723 385 .
740 378 746 384 .

100 399 204 421 curatus
215 398 258 421 est
512 394 557 421 22.
581 414 588 420 .
611 414 619 421 .
643 415 648 420 .
671 413 679 421 .
702 415 709 422 .
730 401 795 421 um:
814 398 842 422 et

100 438 166 465 puer
176 438 206 456 cx
223 429 269 456 illa
514 430 640 457 occident
651 439 723 462 eum,

99 467 174 493 liora.
514 470 541 492 et
555 466 594 502 (α)
612 471 672 500 post
687 465 796 494 tertium

102 502 144 529 18.
165 501 238 529 Tunc
252 508 365 529 ncesse-

98 542 163 565 runt
175 537 251 564 disci.
263 557 270 563 .
283 558 289 564 .

98 574 115 600 li
131 573 165 600 ad
179 573 268 601 Iesum
284 580 329 600 sc-

98 614 184 640 crelo,
198 614 224 636 et
236 609 313 636 dixe-

98 651 163 672 runt
176 646 198 672 ei
212 653 218 670 :
231 645 303 678 Qua—

96 689 126 708 re
144 689 191 708 "05
206 688 259 707 non

97 717 212 752 potttiin.
226 737 232 743 .
247 735 254 743 .
274 717 314 743 ei-

94 761 162 780 cere
176 752 250 779 illum
259 752 272 778 ’ἰ
321 754 326 758 ’

98 788 143 816 19.
167 789 234 815 Dixit
247 787 304 815 illis
317 797 323 814 :
337 787 423 823 Prop-

94 829 139 851 ter
156 823 278 851 incredu-

93 860 202 887 litatetn
217 867 274 887 ves-

92 901 178 922 ιηιιι.

91 932 184 959 Amen
200 931 259 959 dico
272 938 319 959 vo-

91 968 176 995 vobis
185 988 193 999 ,
208 969 228 994 si
243 967 342 995 habue-

90 1005 160 1030 ritis
175 1003 251 1031 [idem
263 1024 270 1035 ,

89 1040 173 1067 sicut
187 1046 296 1073 granum

88 1075 207 1109 sinapis
217 1095 224 1105 ,
236 1075 307 1102 dice-

90 1110 129 1137 tis
145 1111 235 1137 tnonti
251 1110 326 1142 huic,

89 1146 196 1173 Transi
212 1145 272 1173 hinc

88 1181 180 1213 illuc,
197 1187 224 1208 et
239 1186 307 1209 tran-

88 1217 161 1244 sibit
170 1238 178 1250 ,
193 1221 220 1244 ct
231 1217 295 1245 nihil

89 1253 255 1286 inpossibile

88 1289 138 1316 20.
164 1288 217 1316 erit
230 1289 315 1316 vobis.
331 1288 388 1316 Hoc

89 1330 185 1351 autem
200 1332 287 1359 genus

88 1361 230 1387 daemonii
244 1369 297 1388 non

88 1395 195 1423 eicitur
209 1396 258 1423 nisi

88 1440 143 1466 per
160 1432 310 1459 orationem

87 1474 115 1494 ct
130 1467 277 1502 jejunium.

87 1503 135 1529 21.
163 1504 228 1537 Ipsis
243 1509 331 1531 autem
345 1510 412 1531 con-

87 1539 267 1567 xcrsmtibus
512 1540 570 1567 xit:
588 1539 630 1566 Ab
643 1539 750 1566 alienis.

87 1574 114 1601 in
129 1574 251 1602 Galilaea
263 1595 270 1608 ,
398 1576 403 1583 ‘
514 1575 584 1602 Dixit
602 1575 640 1602 illi
654 1574 752 1602 .Iesus:

86 1610 161 1637 dixit
176 1610 231 1637 illis
242 1610 341 1639 Jcsus:
514 1611 584 1646 Ergo
598 1611 697 1638 libera-

307 1668 423 1696 CODEX
442 1667 678 1696 CORBEIENSIS.

90 1717 120 1744 Et
136 1716 283 1750 imperavit
292 1715 316 1743 ei
327 1715 448 1748 Jesns,ct
458 1715 586 1742 continuo
594 1714 854 1742 cxivitdaemonium
863 1714 896 1742 ab

92 1753 153 1781 illo.
175 1756 203 1779 et
218 1757 328 1779 sanatus
338 1756 380 1779 est
396 1759 462 1784 puer
476 1758 511 1777 ex
528 1751 571 1777 illa
585 1752 660 1777 liora.
677 1750 754 1777 'l‘unc
773 1759 897 1778 accesse-

89 1793 157 1815 runt
170 1788 204 1814 ad
229 1787 320 1814 .Icsuui
337 1793 443 1814 secreto
458 1786 592 1820 discipuli,
605 1791 632 1813 et
643 1787 770 1814 dixerunt
785 1795 791 1812 :
809 1788 897 1819 Quare

91 1832 141 1850 nos
162 1832 216 1849 ttoti
237 1823 375 1858 potuimus
396 1822 496 1857 ejicere
517 1822 614 1848 illtnn?
634 1822 679 1849 Ait
693 1823 763 1849 illis:
780 1822 895 1855 Propter

90 1859 311 1886 incredulitatem
325 1864 454 1885 vestram.
476 1858 562 1885 Atncn
575 1858 636 1885 diro
651 1858 726 1884 vobis
737 1878 744 1890 ,
759 1858 781 1884 si
793 1858 894 1884 habue-

90 1896 149 1921 ritis
163 1895 243 1921 [idem
253 1915 260 1926 ,
273 1894 461 1929 sicutgranum
475 1894 588 1928 sinapis,
604 1894 699 1920 dicetis
712 1893 774 1920 huic
790 1894 873 1919 monti
885 1914 892 1925 ,

89 1931 188 1957 Transi
201 1930 264 1957 hinc
276 1930 384 1961 illuc,et
396 1930 403 1945 ‘
417 1930 650 1961 transict,etnihil
663 1929 831 1962 impossibile
844 1931 895 1956 erit

88 1967 180 1992 rubis.
191 1967 201 1981 ¹
211 1965 417 1992 “Redeuntith
426 1965 609 1992 autemillisin
622 1965 783 1996 Galilaeam,
799 1965 837 1991 ait
851 1964 897 1992 Je-

86 2009 144 2028 sns.
160 2002 170 2016 ³
185 2002 298 2035 lncipict
315 2001 398 2028 Filius
422 2001 539 2028 hominis
555 2001 622 2028 tradi
639 2002 665 2028 in
693 2001 817 2026 manibus
832 2008 894 2034 pec-

86 2043 214 2065 catorum
229 2046 235 2063 :
251 2041 279 2064 et
297 2038 423 2065 occident
445 2037 519 2064 iltntn
530 2057 537 2068 ,
552 2041 579 2063 et
596 2036 673 2063 tertia
690 2035 735 2063 die
759 2040 891 2070 resurget.

86 2073 147 2106 Quo
170 2073 263 2100 audita
277 2072 402 2106 discipuli
424 2072 482 2106 (‘jlls
503 2073 654 2099 contristati
669 2076 732 2099 sunt
744 2071 892 2098 vehemen-

87 2116 140 2135 ter.
158 2110 192 2135 l-Lt
210 2117 293 2142 quum
309 2109 450 2135 venis~ent
471 2108 678 2142 Cupltaruanm,
694 2111 866 2134 accesserunt
882 2106 891 2121 "

86 2145 110 2170 hi
129 2146 180 2176 qui
195 2145 328 2172 tributum
342 2145 469 2178 exigunt,
485 2149 511 2171 et
524 2143 668 2170 dixerunt:
685 2143 813 2177 Magister
829 2150 890 2169 ves-

87 2185 130 2206 ter
148 2181 159 2196 ⁵
171 2188 256 2215 quare
273 2188 327 2207 non
343 2181 424 2207 solvit
438 2179 639 2215 tributum‘tEt
652 2187 732 2213 quum
752 2178 893 2215 introisset

85 2213 201 2243 domum
218 2217 327 2247 Petrus,
342 2215 481 2250 praevenit
497 2215 572 2242 illum
587 2213 677 2247 Jesus,
692 2215 785 2241 dicens
799 2223 805 2241 :
822 2214 891 2247 Quid

86 2252 135 2278 tibi
153 2253 262 2278 videtur
278 2251 394 2280 Simon?
410 2251 498 2285 Reges
514 2256 602 2278 terrae
617 2258 631 2277 a
645 2250 743 2285 quibus
757 2250 894 2283 accipiunt

86 2288 222 2315 tributum
244 2287 287 2315 vel
311 2286 441 2315 censum?
464 2294 479 2313 a
494 2287 562 2319 suis,
582 2293 615 2313 an
630 2286 665 2312 ab
678 2286 836 2313 extraneis?
859 2288 894 2312 At

85 2324 133 2350 ille
149 2323 338 2357 respondens,
352 2323 410 2350 ait:
427 2322 468 2350 Ab
481 2322 628 2350 extraneis.
646 2322 721 2349 Dixit
735 2321 774 2349 illi
794 2321 891 2349 .lesus:

85 2358 166 2395 Ergo
177 2359 258 2387 liberi

515 501 585 529 diem
600 501 621 537 ’ί-
637 511 728 530 resur-

513 541 566 573 get.
581 537 640 571 Quo
653 538 731 565 audi-

514 580 540 600 lO
555 578 700 601 εοιιιτιςιεια

515 609 532 636 ti
547 614 609 636 sunt
623 611 705 637 velic-

514 652 573 672 tuen
579 651 628 672 lel'.

512 680 558 707 25.
579 680 613 708 Ει
626 688 687 708 cum
702 680 791 708 venis-

513 722 573 744 sent
585 716 715 744 Carama-

514 761 558 779 ntn
568 773 575 784 ,
592 760 715 780 acces~e~

514 793 577 815 runt
591 788 624 815 ad
641 788 750 815 Petrum

513 825 557 859 qtti
574 825 700 851 tributum

513 859 670 895 exigebant,
687 864 713 887 et

513 896 638 922 dixerunt
653 896 677 922 ei
690 904 698 922 :

512 931 639 966 Magister
654 938 700 958 ves
707 945 715 951 -

515 972 556 994 ter
568 975 621 994 non
635 968 690 994 sul-

513 1004 551 1029 vit
567 1003 716 1030 tributum?

513 1038 558 1066 2L
579 1040 617 1065 ait
630 1043 657 1066 et
668 1038 731 1065 ille:
747 1037 806 1065 Uti-

512 1082 575 1109 que.
598 1074 631 1101 Et
646 1074 750 1101 intran-

513 1115 553 1137 tes
570 1111 595 1136 in
610 1110 731 1142 domum,

513 1146 654 1180 praevenit

512 1189 573 1209 eum
587 1181 682 1213 Jesus,
695 1181 787 1209 dicens
801 1189 807 1207 :

511 1217 580 1250 Quid
597 1217 645 1244 tibi
658 1217 733 1245 vide-

513 1290 599 1324 Reges
621 1309 627 1315 .
651 1310 657 1317 .
681 1308 687 1315 .
711 1309 718 1316 .

512 1333 526 1352 a
541 1325 638 1360 quibus
649 1325 721 1352 acci-

513 1361 589 1395 piunt
610 1361 693 1388 tribu—

513 1402 568 1424 tum
581 1396 624 1423 vel
639 1404 704 1424 cen-

543 1453 550 1460 .
574 1452 581 1458 .
603 1432 649 1459 in?
669 1440 682 1459 a
699 1431 760 1459 ﬁliis
773 1438 820 1458 su-

512 1468 546 1499 is,
562 1473 609 1495 aut
621 1468 656 1495 ab
670 1467 738 1494 alie-

511 1503 555 1530 25.
577 1503 637 1530 nis?
653 1503 685 1530 Et
701 1503 745 1530 ille
760 1502 801 1529 di-

585 145 810 175 EVANGELIUM
828 145 1015 176 SECUNDUM
1036 145 1253 175 ΜΛΤΤΙΙᾸΞΠΜ.

1693 146 1748 176 9.58

1160 203 1276 231 CODEX
1300 203 1527 234 VERONENSIS.

948 251 991 279 l7.
1014 251 1047 278 Et
1062 251 1210 285 increpavit
1366 256 1396 279 ut
1413 251 1497 278 Filius
1510 251 1558 279 ho-

947 294 1008 315 eum
1023 287 1112 319 Jesus,
1129 292 1156 314 et
1367 287 1446 314 minis
1462 287 1583 316 tradatur

946 324 1013 349 exiit
1029 323 1063 349 ab
1079 330 1112 350 eo
1366 323 1393 350 itt
1408 324 1531 351 manibus
1545 324 1593 352 ho-

946 358 1119 386 daemonium
1132 379 1139 391 ,
1159 362 1187 385 et
1365 358 1411 385 ‘22.
1433 359 1552 387 tninttm:
1567 365 1595 388 et

946 399 1055 421 curatus
1071 399 1113 421 est
1366 395 1491 422 occident
1507 403 1578 423 eum.

947 437 1014 464 puer
1027 438 1059 457 ex
1075 430 1119 457 illa
1144 430 1220 457 hora.
1366 435 1393 457 et
1407 430 1445 466 (η)
1461 436 1523 466 post
1536 437 1591 459 ter-

949 466 991 493 18.
1013 465 1088 493 Tunc
1102 472 1225 502 accesse-
1366 465 1432 493 tium
1446 465 1517 494 diem
1531 467 1551 502 i-

946 506 1009 537 runt
1023 501 1148 536 discipuli
1365 508 1499 537 resurget.
1517 501 1551 530 Et

945 537 979 563 ad
994 536 1087 564 Jesum
1103 544 1148 564 se-
1364 545 1425 565 cum
1443 536 1493 565 hoc
1504 546 1551 566 au-

946 578 1073 616 creto,_ct
1081 574 1128 614 _di-
1364 573 1468 616 disserit
1478 574 1604 616 discipuli

947 613 1044 636 xerunt
1063 613 1100 641 ei,
1364 613 1515 638 contristati

1365 650 1429 672 Sunt
1442 646 1646 675 vchenmenter.

1366 681 1410 708 23.
1434 682 1465 709 Et
1476 690 1536 709 cum
1552 690 1598 710 ve-

1367 718 1472 745 nissent
1486 718 1607 753 Caphar-

1366 760 1459 787 naum,
1473 761 1598 781 accesse-

1366 794 1427 816 runt
1442 789 1487 824 qui
1501 789 1543 817 di-

1365 824 1475 860 dragma
1489 825 1580 860 exige-

1365 859 1429 887 bant
1444 860 1477 887 ad
1493 859 1613 895 Petrum,

1365 900 1392 922 et
1403 895 1532 923 dixerunt

1366 931 1390 958 ei
1403 939 1410 958 :
1427 932 1554 967 Magister

1366 973 1457 995 vester
1470 976 1556 1003 quare

1366 1011 1420 1031 non
1431 1004 1511 1031 solvit
1521 1004 1563 1031 di-

1366 1039 1486 1074 dragma,
1503 1040 1545 1067 vel

1365 1073 1562 1103 Q‘Lcensum?
1573 1075 1611 1103 ait
1627 1085 1632 1089 -

1367 1110 1465 1142 Utique
1483 1120 1546 1139 non.

1367 1146 1400 1173 Et
1417 1147 1453 1183 (lt)
1467 1147 1577 1174 intranti
1590 1147 1611 1182 ἦ

1367 1183 1393 1209 in
1410 1186 1530 1214 domum,
1548 1191 1626 1217 prae-

1366 1219 1438 1245 venit
1449 1227 1509 1246 eum
1527 1219 1570 1246 Je—

1365 1261 1422 1287 sus,
1437 1255 1532 1282 dicens
1548 1264 1554 1281 :

1365 1289 1434 1323 Quid
1450 1290 1497 1318 tibi
1508 1290 1582 1318 vide-

1366 1329 1409 1352 tur
1423 1326 1518 1354 Simon
1529 1326 1541 1353 7
1553 1326 1642 1361 Reges

1365 1365 1466 1394 terrae,
1481 1370 1496 1389 a
1511 1362 1608 1396 quibus

1365 1397 1503 1431 accipiunt
1519 1398 1600 1425 tribu-

1367 1436 1423 1459 tum
1439 1433 1482 1461 bel
1496 1432 1626 1461 censum?

1366 1476 1381 1495 a
1391 1468 1454 1495 ﬁliis
1468 1469 1535 1500 suis,
1551 1472 1598 1495 aut

1365 1503 1412 1530 ‘25.
1432 1504 1467 1530 ab
1477 1504 1592 1531 alienis?
1603 1503 1637 1531 Et

1367 1539 1414 1566 ille
1424 1538 1555 1566 dixit:Ab
1569 1539 1674 1567 alienis.

1368 1574 1441 1601 Dixit
1455 1574 1491 1601 illi
1508 1583 1515 1603 :

1366 1609 1438 1645 Ergo
1453 1610 1531 1638 liberi
1545 1614 1608 1638 sunt

1181 1667 1297 1695 CODEX
1317 1667 1514 1696 BRIXIANUS.

951 1713 982 1741 Et
1004 1714 1185 1742 comminatus
1208 1718 1250 1742 est
1271 1714 1295 1742 ei
1315 1714 1404 1742 Jesus.
1429 1720 1456 1743 ct
1476 1715 1619 1744 confestim
1634 1715 1648 1735 δ
1664 1716 1749 1744 exibit

948 1750 982 1775 ah
997 1758 1031 1777 co
1045 1750 1228 1777 daemonium.
1244 1756 1271 1777 et
1290 1756 1399 1778 curatus
1415 1757 1456 1778 est
1471 1760 1537 1785 puer
1549 1760 1581 1779 cx
1610 1752 1655 1779 illa
1669 1752 1747 1780 hora.

949 1785 1025 1813 Tttnc
1049 1791 1224 1813 accesserunt
1249 1787 1376 1820 discipuli
1410 1787 1443 1814 ad
1464 1788 1557 1815 Jesum
1587 1792 1694 1815 Secreto
1721 1792 1750 1816 et

947 1820 1075 1857 dixerunt
1095 1822 1129 1849 ei.
1148 1823 1236 1855 Quare
1252 1831 1302 1850 nos
1317 1831 1370 1850 non
1399 1824 1534 1857 potuimus
1550 1824 1639 1851 eicere
1661 1823 1747 1851 illum.

947 1856 1027 1884 Jesus
1048 1862 1137 1885 autem
1159 1859 1226 1884 dixit
1249 1858 1312 1885 illis.
1332 1856 1445 1892 Propter
1457 1858 1674 1887 incredulitatem
1689 1867 1750 1887 ves-

948 1896 1027 1919 trum.
1049 1894 1135 1920 Amen
1149 1893 1210 1921 dico
1224 1894 1299 1920 vobis
1315 1895 1336 1920 si
1347 1894 1495 1921 habueritis
1510 1895 1587 1921 [idem
1604 1895 1675 1921 sicut
1688 1903 1750 1929 κτεὶς

948 1936 1010 1955 tutm
1031 1929 1142 1963 sinapis.
1161 1929 1257 1956 dicetis
1273 1930 1356 1956 monti
1373 1929 1445 1956 huic.
1474 1930 1569 1957 Transi
1598 1930 1661 1957 ltinc
1686 1930 1750 1958 illnc

946 1968 973 1990 ct
991 1964 1114 1992 transiet.
1129 1970 1155 1992 ct
1172 1966 1238 1992 nihil
1254 1965 1411 1999 inpossibile
1426 1965 1478 1992 erit
1493 1965 1580 1992 vobis.
1595 1965 1650 1992 lloc
1658 1970 1749 1993 autem

946 2007 1031 2034 genus
1057 2001 1083 2027 in
1110 2001 1183 2028 nullo
1199 2001 1306 2027 eicitur.
1335 2000 1386 2028 nisi
1411 2001 1436 2027 in
1459 2001 1581 2028 oratione
1596 2001 1746 2034 ctjejttuio.

946 2035 1176 2063 Conversantibus
1193 2041 1282 2063 autent
1299 2037 1339 2064 eis
1358 2037 1383 2063 itt
1397 2035 1515 2064 Galilaca
1528 2036 1597 2063 dixit
1608 2036 1749 2064 illichsttS

948 2076 959 2089 ε
972 2070 1074 2098 Futuro
1085 2076 1128 2099 est
1143 2078 1168 2098 ttt
1182 2072 1266 2099 Filius
1279 2071 1407 2099 hominis.
1422 2073 1543 2099 tradatur
1557 2073 1581 2098 itt
1591 2079 1687 2099 manus
1699 2072 1750 2099 lto-

946 2106 1047 2133 niinum
1060 2111 1087 2134 et
1100 2108 1225 2135 occident
1245 2115 1305 2135 eum
1322 2112 1349 2134 et
1360 2108 1437 2135 tertia
1453 2107 1497 2135 die
1513 2113 1615 2142 surget.
1636 2108 1669 2134 Et
1682 2116 1748 2135 con-

947 2143 1044 2169 tristati
1060 2149 1122 2169 sunt
1134 2144 1224 2170 nimis.
1235 2143 1412 2170 Venicntibus
1431 2149 1520 2170 autem
1532 2144 1571 2170 eis
1586 2143 1612 2170 itt
1626 2144 1748 2178 Caphar-

947 2185 1039 2204 naum.
1053 2184 1227 2206 accesserunt
1237 2179 1283 2213 qui
1295 2179 1424 2206 tribtttutn
1433 2179 1579 2214 exigebant
1592 2180 1624 2206 ad
1638 2179 1749 2207 Petrum

947 2218 974 2250 et
986 2213 1123 2241 dixerunt.
1137 2215 1264 2250 Magister
1280 2219 1379 2241 vester.
1394 2222 1447 2241 non
1467 2215 1548 2242 solvit
1563 2214 1706 2242 tributum.
1720 2219 1749 2243 et

946 2249 984 2284 ait
997 2250 1090 2276 etiatn.
1106 2250 1141 2277 Et
1153 2249 1216 2278 cum
1230 2251 1357 2278 intrassu
1373 2250 1399 2277 in
1413 2250 1523 2277 domum
1537 2251 1748 2284 praeveniteum

947 2283 1027 2322 Jesus
1042 2286 1146 2313 dicens.
1163 2286 1233 2320 Quid
1249 2287 1295 2313 tibi
1311 2286 1418 2313 videtur
1429 2286 1523 2322 Simon
1538 2283 1629 2322 Reges
1647 2291 1747 2314 terrae.

947 2327 962 2347 a
977 2321 1074 2355 quibus
1097 2322 1235 2356 accipiunt
1251 2322 1377 2349 tributum
1393 2321 1436 2349 vel
1450 2329 1572 2349 censutn.
1586 2321 1603 2349 a
1618 2322 1680 2350 ﬁliis
1692 2322 1749 2349 suis

948 2363 981 2382 an
997 2356 1032 2383 ab
1053 2356 1160 2384 alienis.
1177 2357 1212 2384 Et
1230 2357 1334 2385 dixitei
1349 2357 1455 2385 Petrus.
1470 2357 1512 2386 Ab
1524 2357 1630 2386 alienis.
1645 2357 1691 2386 Ait
1710 2357 1750 2386 illi

947 2391 1036 2419 Jesus.
1049 2391 1122 2428 Ergo
1136 2392 1214 2421 liberi

948 644 1061 672 Domine
1073 654 1079 671 :
1094 644 1184 678 Quare

947 687 997 706 nos
1012 688 1065 707 non
1081 688 1131 715 po-

947 716 1047 742 tuimus
1060 715 1149 743 eicere
1163 715 1258 742 illum?

947 751 990 778 t9.
1013 751 1083 779 Dicit
1104 751 1159 779 illis
1174 751 1219 779 Je-

946 795 992 814 sus
1005 796 1011 813 :
1027 788 1140 822 Propter

947 822 1162 850 incredulitatem
1187 828 1315 850 vestram.

947 859 1032 885 Amen
1048 859 1112 886 dico

947 894 1033 926 vobis,
1047 895 1069 921 si
1085 894 1185 921 habue-

946 930 1005 957 ritis
1017 931 1110 962 tidem,

946 965 1017 993 sicut
1035 973 1149 1001 granum

947 1001 1064 1036 sinapis,
1079 1002 1151 1029 dice-

948 1038 1014 1065 retis
1030 1038 1114 1065 monti

948 1072 1021 1106 huic,
1035 1072 1133 1101 Transi

947 1107 1011 1136 hinc
1025 1110 1098 1142 illuc,
1113 1113 1141 1136 et

947 1145 1089 1177 transibit,
1103 1148 1131 1172 et

947 1179 1014 1208 nihil
1029 1179 1197 1216 impossibile

946 1216 998 1243 erit
1014 1217 1101 1244 vobis.

946 1251 992 1279 20.
1013 1251 1070 1279 Hoc
1083 1256 1173 1279 autem

946 1295 1032 1322 genus
1045 1288 1157 1315 daemo-

947 1322 1022 1350 nium
1042 1332 1096 1351 non
1110 1323 1150 1351 ei-

947 1358 1016 1386 citur
1032 1360 1082 1387 nisi
1099 1367 1148 1395 per

947 1396 1110 1429 orationem,
1121 1400 1151 1423 et

945 1430 1088 1464 jejunium.

947 1466 993 1493 21.
1016 1466 1085 1499 Ipsis
1096 1471 1186 1494 autem

948 1502 1172 1530 conversantibus

948 1537 974 1564 itt
989 1537 1149 1571 Galilaeam,

948 1572 1015 1600 dixit
1029 1573 1127 1600 Jesus:

949 1608 1080 1637 Futurum
1095 1613 1138 1637 est
1148 1631 1154 1643 ,

440 2448 638 2492 VARIéNTES
657 2448 849 2477 LECTIONES
867 2448 1002 2478 CODICIS
1020 2449 1075 2479 MS.
1098 2450 1129 2479 S.
1149 2450 1402 2480 GERMANENSIS.

123 2509 130 2524 ‘
153 2509 266 2535 transibit

119 2541 130 2572 Ἴ
152 2541 207 2565 Hoc
217 2545 302 2566 autem
313 2541 337 2569 ⁸,
349 2543 410 2569 etc...
423 2538 536 2572 παιγνίας.
549 2544 633 2571 usque,
647 2538 730 2572 Jesus.

118 2571 131 2587 ³
151 2571 271 2598 Futurum
283 2576 322 2597 est
332 2574 389 2596 ut...
402 2569 522 2601 tradatur;
533 2569 594 2601 etc.,
606 2573 632 2595 ut
646 2569 721 2602 Vulg.
733 2576 807 2602 usque
819 2569 896 2595 vehe-

948 2512 1210 2596 m‘intlliiididragmam
1223 2540 1366 2572 exigebant,
1381 2540 1521 2567 adPetrum

979 2572 990 2587 ⁸
1031 2574 1042 2596 ε
1056 2570 1128 2596 Vala.
1140 2578 1225 2596 mue.
1237 2575 1323 2596 aoerto
1336 2579 1380 2596 ore

979 2572 990 2587 ⁸
1010 2570 1042 2597 Ut
1056 2570 1225 2604 Vulgfusque,
1237 2570 1323 2604 apiario
1336 2570 1380 2598 ore

760 2611 944 2640 BLANCHINI
964 2612 1080 2641 NOTAE.

123 2666 137 2679 ἰ
155 2661 253 2689 Tutum
267 2660 341 2697 quod
367 2659 467 2697 dicitur
497 2660 532 2688 de
563 2667 671 2697 genere
684 2659 893 2697 daemoniorum,

82 2698 165 2735 quod
184 2695 289 2732 eiicitur
306 2704 358 2735 per
372 2695 524 2735 orationem
548 2700 576 2723 et
587 2696 719 2735 jejunium
732 2715 740 2727 ,
763 2695 894 2735 omissum

82 2730 128 2760 est
157 2734 184 2760 in
198 2730 258 2761 'nts.
288 2730 385 2760 codice
417 2732 592 2764 Corbeiensn;
607 2731 655 2759 sed
671 2731 812 2765 exemplar
826 2730 895 2757 San-

80 2768 136 2796 Ger
144 2777 276 2796 ntanense
290 2769 366 2795 illum
382 2776 489 2796 versum
503 2769 635 2803 integrum
651 2766 747 2794 retinet
762 2770 841 2801 prout
856 2766 896 2793 le.

78 2804 163 2839 gitur
175 2806 199 2832 in
214 2805 327 2841 Vulgata
340 2803 437 2831 Latina
448 2825 455 2838 ,
466 2803 539 2839 quod
550 2802 617 2831 satis
628 2803 744 2830 innuunt
756 2802 897 2830 Variantes

946 2660 1101 2689 Lectiones.

983 2695 998 2715 h
1017 2696 1095 2724 exibit
1105 2717 1113 2728 ,
1129 2704 1179 2732 pro
1195 2697 1282 2725 exivit.

986 2737 1005 2769 ον
1019 2733 1150 2769 ηιγῆηθιίε
1169 2733 1196 2760 in
1224 2734 1341 2768 futurum
1363 2733 1451 2762 deest.
1467 2733 1540 2761 nulla
1555 2732 1638 2761 etiam
1652 2739 1750 2769 super-

948 2768 1036 2803 posita
1051 2768 1164 2803 lineola,
1179 2777 1241 2805 quae
1256 2769 1322 2797 illud
1334 2769 1469 2805 designet.

117 2864 167 2897 (η)
181 2858 238 2891 Coti
264 2861 344 2890 Cant.
362 2862 430 2897 μετὰ
454 2865 522 2898 τρεῖς
538 2862 644 2897 ἡμέρας,
661 2864 689 2888 ut
711 2860 738 2888 in
754 2859 892 2895 superiori

949 2858 1003 2893 iitc,
1022 2867 1049 2887 v.
1063 2858 1109 2887 21.
1122 2874 1155 2879 --
1178 2858 1217 2894 (b)
1232 2858 1271 2887 Ita
1287 2862 1314 2886 ct
1327 2857 1388 2886 cod.
1406 2856 1484 2885 Cant.
1505 2855 1648 2884 εἰσελθόντι.
1669 2855 1751 2884 Favet

77 2898 170 2926 etiam
185 2900 262 2927 Brix.
