  <div class='ocr_page' id='page_1' title='image "/cluster/home/n/w/nwhite01/storage/ocr_20150623/12/uva.x000826551/135.png"; bbox 0 0 3980 6192; ppageno 0'>
   <div class='ocr_carea' id='block_1_1' title="bbox 545 286 2137 364">
    <p class='ocr_par' dir='ltr' id='par_1_1' title="bbox 545 286 2137 364">
     <span class='ocr_line' id='line_1_1' title="bbox 545 286 2137 364; baseline -0.006 0"><span class='ocrx_word' id='word_1_1' title='bbox 545 304 656 364; x_wconf 62' lang='grc' dir='ltr'><strong>ςδο</strong></span> <span class='ocrx_word' id='word_1_2' title='bbox 1078 302 1355 364; x_wconf 82' lang='lat' dir='ltr'><strong>EUSEBII</strong></span> <span class='ocrx_word' id='word_1_3' title='bbox 1392 286 1728 361; x_wconf 75' lang='lat' dir='ltr'><strong>VERCELL.</strong></span> <span class='ocrx_word' id='word_1_4' title='bbox 1771 299 2137 360; x_wconf 63' lang='lat' dir='ltr'><strong>EVANGELII</strong></span> 
     </span>
    </p>
   </div>
   <div class='ocr_carea' id='block_1_2' title="bbox 2245 286 3304 364">
    <p class='ocr_par' dir='ltr' id='par_1_2' title="bbox 2257 292 3304 358">
     <span class='ocr_line' id='line_1_2' title="bbox 2257 292 3304 358; baseline -0.011 0"><span class='ocrx_word' id='word_1_5' title='bbox 2257 299 2399 358; x_wconf 79' lang='lat' dir='ltr'><strong>CUM</strong></span> <span class='ocrx_word' id='word_1_6' title='bbox 2442 298 2669 357; x_wconf 81' lang='lat' dir='ltr'><strong>VARIIS</strong></span> <span class='ocrx_word' id='word_1_7' title='bbox 2706 295 2863 356; x_wconf 81' lang='lat' dir='ltr'><strong>COD.</strong></span> <span class='ocrx_word' id='word_1_8' title='bbox 2909 292 3304 354; x_wconf 75' lang='lat' dir='ltr'><strong>COLLATUM.</strong></span> 
     </span>
    </p>
   </div>
   <div class='ocr_carea' id='block_1_3' title="bbox 943 416 1752 476">
    <p class='ocr_par' dir='ltr' id='par_1_3' title="bbox 943 416 1752 476">
     <span class='ocr_line' id='line_1_3' title="bbox 943 416 1752 476; baseline -0.009 0"><span class='ocrx_word' id='word_1_9' title='bbox 943 417 1176 476; x_wconf 79' lang='lat' dir='ltr'><strong>CODEX</strong></span> <span class='ocrx_word' id='word_1_10' title='bbox 1220 416 1752 474; x_wconf 76' lang='lat' dir='ltr'><strong>VERCELLENSIS.</strong></span> 
     </span>
    </p>
   </div>
   <div class='ocr_carea' id='block_1_4' title="bbox 555 494 891 550">
    <p class='ocr_par' dir='ltr' id='par_1_4' title="bbox 555 494 891 550">
     <span class='ocr_line' id='line_1_4' title="bbox 555 494 891 550; baseline -0.003 0"><span class='ocrx_word' id='word_1_11' title='bbox 555 495 592 550; x_wconf 89' lang='lat' dir='ltr'><strong>ti</strong></span> <span class='ocrx_word' id='word_1_12' title='bbox 623 505 748 550; x_wconf 92' lang='lat' dir='ltr'><strong>sunt</strong></span> <span class='ocrx_word' id='word_1_13' title='bbox 774 494 891 550; x_wconf 84' lang='lat' dir='ltr'><strong>ﬁlii.</strong></span> 
     </span>
    </p>
   </div>
   <div class='ocr_carea' id='block_1_5' title="bbox 552 565 1101 623">
    <p class='ocr_par' dir='ltr' id='par_1_5' title="bbox 552 565 1101 623">
     <span class='ocr_line' id='line_1_5' title="bbox 552 565 1101 623; baseline -0.007 -2"><span class='ocrx_word' id='word_1_14' title='bbox 552 568 642 623; x_wconf 72' lang='lat'><strong>26.</strong></span> <span class='ocrx_word' id='word_1_15' title='bbox 684 565 757 623; x_wconf 92' lang='lat' dir='ltr'><strong>Ut</strong></span> <span class='ocrx_word' id='word_1_16' title='bbox 784 578 963 622; x_wconf 81' lang='lat' dir='ltr'><strong>autem</strong></span> <span class='ocrx_word' id='word_1_17' title='bbox 992 578 1101 618; x_wconf 84' lang='lat' dir='ltr'><strong>non</strong></span> 
     </span>
    </p>
   </div>
   <div class='ocr_carea' id='block_1_6' title="bbox 553 639 919 694">
    <p class='ocr_par' dir='ltr' id='par_1_6' title="bbox 553 639 919 694">
     <span class='ocr_line' id='line_1_6' title="bbox 553 639 919 694; baseline -0.003 0"><span class='ocrx_word' id='word_1_18' title='bbox 553 639 919 694; x_wconf 80' lang='lat' dir='ltr'><strong>scandalixze-</strong></span> 
     </span>
    </p>
   </div>
   <div class='ocr_carea' id='block_1_7' title="bbox 554 706 989 776">
    <p class='ocr_par' dir='ltr' id='par_1_7' title="bbox 554 706 989 776">
     <span class='ocr_line' id='line_1_7' title="bbox 554 706 989 776; baseline -0.007 -11"><span class='ocrx_word' id='word_1_19' title='bbox 554 727 672 765; x_wconf 91' lang='lat' dir='ltr'><strong>mus</strong></span> <span class='ocrx_word' id='word_1_20' title='bbox 695 726 787 765; x_wconf 89' lang='lat' dir='ltr'><strong>eos</strong></span> <span class='ocrx_word' id='word_1_21' title='bbox 807 751 822 776; x_wconf 90' lang='lat'><strong>,</strong></span> <span class='ocrx_word' id='word_1_22' title='bbox 852 706 989 763; x_wconf 89' lang='lat' dir='ltr'><strong>vade</strong></span> 
     </span>
    </p>
   </div>
   <div class='ocr_carea' id='block_1_8' title="bbox 551 778 1058 847">
    <p class='ocr_par' dir='ltr' id='par_1_8' title="bbox 551 778 1058 847">
     <span class='ocr_line' id='line_1_8' title="bbox 551 778 1058 847; baseline -0.008 -11"><span class='ocrx_word' id='word_1_23' title='bbox 551 783 616 836; x_wconf 90' lang='lat' dir='ltr'><strong>ad</strong></span> <span class='ocrx_word' id='word_1_24' title='bbox 646 798 817 847; x_wconf 89' lang='lat' dir='ltr'><strong>mare,</strong></span> <span class='ocrx_word' id='word_1_25' title='bbox 848 790 904 837; x_wconf 91' lang='lat' dir='ltr'><strong>et</strong></span> <span class='ocrx_word' id='word_1_26' title='bbox 932 778 1058 833; x_wconf 73' lang='lat' dir='ltr'><strong>mito</strong></span> 
     </span>
    </p>
   </div>
   <div class='ocr_carea' id='block_1_9' title="bbox 552 853 976 909">
    <p class='ocr_par' dir='ltr' id='par_1_9' title="bbox 552 853 976 909">
     <span class='ocr_line' id='line_1_9' title="bbox 552 853 976 909; baseline -0.005 -2"><span class='ocrx_word' id='word_1_27' title='bbox 552 863 603 908; x_wconf 92' lang='lat' dir='ltr'><strong>te</strong></span> <span class='ocrx_word' id='word_1_28' title='bbox 630 853 848 909; x_wconf 82' lang='lat' dir='ltr'><strong>hamum</strong></span> <span class='ocrx_word' id='word_1_29' title='bbox 873 870 887 906; x_wconf 90' lang='lat'><strong>:</strong></span> <span class='ocrx_word' id='word_1_30' title='bbox 918 859 976 907; x_wconf 84' lang='lat' dir='ltr'><strong>et</strong></span> 
     </span>
    </p>
   </div>
   <div class='ocr_carea' id='block_1_10' title="bbox 550 926 933 995">
    <p class='ocr_par' dir='ltr' id='par_1_10' title="bbox 550 926 933 995">
     <span class='ocr_line' id='line_1_10' title="bbox 550 926 933 995; baseline -0.008 -14"><span class='ocrx_word' id='word_1_31' title='bbox 550 940 673 981; x_wconf 91' lang='lat' dir='ltr'><strong>eum</strong></span> <span class='ocrx_word' id='word_1_32' title='bbox 707 926 933 995; x_wconf 81' lang='lat' dir='ltr'><strong>piscem,</strong></span> 
     </span>
    </p>
   </div>
   <div class='ocr_carea' id='block_1_11' title="bbox 549 996 881 1067">
    <p class='ocr_par' dir='ltr' id='par_1_11' title="bbox 549 996 881 1067">
     <span class='ocr_line' id='line_1_11' title="bbox 549 996 881 1067; baseline 0.006 -18"><span class='ocrx_word' id='word_1_33' title='bbox 549 996 642 1067; x_wconf 84' lang='lat' dir='ltr'><strong>qui</strong></span> <span class='ocrx_word' id='word_1_34' title='bbox 672 996 809 1067; x_wconf 84' lang='lat' dir='ltr'><strong>prim</strong></span> <span class='ocrx_word' id='word_1_35' title='bbox 818 1010 881 1051; x_wconf 90' lang='lat' dir='ltr'><strong>us</strong></span> 
     </span>
    </p>
   </div>
   <div class='ocr_carea' id='block_1_12' title="bbox 550 1067 882 1132">
    <p class='ocr_par' dir='ltr' id='par_1_12' title="bbox 550 1067 882 1132">
     <span class='ocr_line' id='line_1_12' title="bbox 550 1067 882 1132; baseline -0.003 -9"><span class='ocrx_word' id='word_1_36' title='bbox 550 1067 882 1132; x_wconf 76' lang='lat' dir='ltr'><strong>ascenderit,</strong></span> 
     </span>
    </p>
   </div>
   <div class='ocr_carea' id='block_1_13' title="bbox 554 1140 1102 1207">
    <p class='ocr_par' dir='ltr' id='par_1_13' title="bbox 554 1140 1102 1207">
     <span class='ocr_line' id='line_1_13' title="bbox 554 1140 1102 1207; baseline -0.004 -14"><span class='ocrx_word' id='word_1_37' title='bbox 554 1140 716 1193; x_wconf 88' lang='lat' dir='ltr'><strong>tolle:</strong></span> <span class='ocrx_word' id='word_1_38' title='bbox 750 1150 801 1194; x_wconf 92' lang='lat' dir='ltr'><strong>et</strong></span> <span class='ocrx_word' id='word_1_39' title='bbox 828 1143 1018 1207; x_wconf 88' lang='lat' dir='ltr'><strong>aperto</strong></span> <span class='ocrx_word' id='word_1_40' title='bbox 1043 1151 1102 1192; x_wconf 79' lang='lat' dir='ltr'><strong>o—</strong></span> 
     </span>
    </p>
   </div>
   <div class='ocr_carea' id='block_1_14' title="bbox 554 1210 961 1281">
    <p class='ocr_par' dir='ltr' id='par_1_14' title="bbox 554 1210 961 1281">
     <span class='ocr_line' id='line_1_14' title="bbox 554 1210 961 1281; baseline -0.005 -16"><span class='ocrx_word' id='word_1_41' title='bbox 554 1226 613 1265; x_wconf 87' lang='lat' dir='ltr'><strong>re</strong></span> <span class='ocrx_word' id='word_1_42' title='bbox 638 1210 776 1281; x_wconf 85' lang='lat' dir='ltr'><strong>ejus,</strong></span> <span class='ocrx_word' id='word_1_43' title='bbox 811 1212 961 1281; x_wconf 82' lang='lat' dir='ltr'><strong>inve-</strong></span> 
     </span>
    </p>
   </div>
   <div class='ocr_carea' id='block_1_15' title="bbox 553 1280 1133 1352">
    <p class='ocr_par' dir='ltr' id='par_1_15' title="bbox 553 1280 1133 1352">
     <span class='ocr_line' id='line_1_15' title="bbox 553 1280 1133 1352; baseline 0 -17"><span class='ocrx_word' id='word_1_44' title='bbox 553 1280 677 1336; x_wconf 85' lang='lat' dir='ltr'><strong>nies</strong></span> <span class='ocrx_word' id='word_1_45' title='bbox 697 1283 771 1352; x_wconf 69' lang='lat' dir='ltr'><strong>(at</strong></span> <span class='ocrx_word' id='word_1_46' title='bbox 800 1282 873 1337; x_wconf 86' lang='lat' dir='ltr'><strong>ibi</strong></span> <span class='ocrx_word' id='word_1_47' title='bbox 898 1280 939 1352; x_wconf 73' lang='lat'><strong>1-</strong></span> <span class='ocrx_word' id='word_1_48' title='bbox 966 1286 1133 1335; x_wconf 78' lang='lat' dir='ltr'><strong>state-</strong></span> 
     </span>
    </p>
   </div>
   <div class='ocr_carea' id='block_1_16' title="bbox 552 1355 1024 1408">
    <p class='ocr_par' dir='ltr' id='par_1_16' title="bbox 552 1355 1024 1408">
     <span class='ocr_line' id='line_1_16' title="bbox 552 1355 1024 1408; baseline 0 -1"><span class='ocrx_word' id='word_1_49' title='bbox 552 1368 667 1408; x_wconf 86' lang='lat' dir='ltr'><strong>rem</strong></span> <span class='ocrx_word' id='word_1_50' title='bbox 692 1371 705 1406; x_wconf 90' lang='lat'>:</span> <span class='ocrx_word' id='word_1_51' title='bbox 748 1355 899 1408; x_wconf 89' lang='lat' dir='ltr'><strong>illum</strong></span> <span class='ocrx_word' id='word_1_52' title='bbox 930 1366 1024 1407; x_wconf 84' lang='lat' dir='ltr'><strong>su-</strong></span> 
     </span>
    </p>
   </div>
   <div class='ocr_carea' id='block_1_17' title="bbox 550 1424 909 1479">
    <p class='ocr_par' dir='ltr' id='par_1_17' title="bbox 550 1424 909 1479">
     <span class='ocr_line' id='line_1_17' title="bbox 550 1424 909 1479; baseline 0.003 -1"><span class='ocrx_word' id='word_1_53' title='bbox 550 1440 705 1479; x_wconf 91' lang='lat' dir='ltr'><strong>ntens</strong></span> <span class='ocrx_word' id='word_1_54' title='bbox 731 1424 799 1479; x_wconf 90' lang='lat' dir='ltr'><strong>da</strong></span> <span class='ocrx_word' id='word_1_55' title='bbox 826 1425 909 1479; x_wconf 87' lang='lat' dir='ltr'><strong>eis</strong></span> 
     </span>
    </p>
   </div>
   <div class='ocr_carea' id='block_1_18' title="bbox 549 1504 971 1567">
    <p class='ocr_par' dir='ltr' id='par_1_18' title="bbox 549 1504 971 1567">
     <span class='ocr_line' id='line_1_18' title="bbox 549 1504 971 1567; baseline -0.007 -16"><span class='ocrx_word' id='word_1_56' title='bbox 549 1512 648 1567; x_wconf 91' lang='lat' dir='ltr'><strong>pro</strong></span> <span class='ocrx_word' id='word_1_57' title='bbox 675 1511 783 1562; x_wconf 91' lang='lat' dir='ltr'><strong>me,</strong></span> <span class='ocrx_word' id='word_1_58' title='bbox 814 1504 872 1552; x_wconf 86' lang='lat' dir='ltr'><strong>et</strong></span> <span class='ocrx_word' id='word_1_59' title='bbox 898 1505 971 1551; x_wconf 83' lang='lat' dir='ltr'><strong>te.</strong></span> 
     </span>
    </p>
   </div>
   <div class='ocr_carea' id='block_1_19' title="bbox 689 1605 1147 1665">
    <p class='ocr_par' dir='ltr' id='par_1_19' title="bbox 689 1605 1147 1665">
     <span class='ocr_line' id='line_1_19' title="bbox 689 1605 1147 1665; baseline -0.007 0"><span class='ocrx_word' id='word_1_60' title='bbox 689 1607 920 1665; x_wconf 84' lang='lat' dir='ltr'><strong>CAPUT</strong></span> <span class='ocrx_word' id='word_1_61' title='bbox 958 1605 1147 1664; x_wconf 76' lang='lat' dir='ltr'><strong>XVIII.</strong></span> 
     </span>
    </p>
   </div>
   <div class='ocr_carea' id='block_1_20' title="bbox 550 1702 1151 1758">
    <p class='ocr_par' dir='ltr' id='par_1_20' title="bbox 550 1702 1151 1758">
     <span class='ocr_line' id='line_1_20' title="bbox 550 1702 1151 1758; baseline -0.002 0"><span class='ocrx_word' id='word_1_62' title='bbox 550 1706 599 1758; x_wconf 84' lang='lat' dir='ltr'><strong>l.</strong></span> <span class='ocrx_word' id='word_1_63' title='bbox 645 1703 702 1758; x_wconf 93' lang='lat' dir='ltr'><strong>In</strong></span> <span class='ocrx_word' id='word_1_64' title='bbox 735 1703 826 1758; x_wconf 89' lang='lat' dir='ltr'><strong>illa</strong></span> <span class='ocrx_word' id='word_1_65' title='bbox 852 1702 944 1758; x_wconf 88' lang='lat' dir='ltr'><strong>die</strong></span> <span class='ocrx_word' id='word_1_66' title='bbox 966 1714 1151 1758; x_wconf 74' lang='lat' dir='ltr'><strong>acces-</strong></span> 
     </span>
    </p>
   </div>
   <div class='ocr_carea' id='block_1_21' title="bbox 547 1772 931 1831">
    <p class='ocr_par' dir='ltr' id='par_1_21' title="bbox 547 1772 931 1831">
     <span class='ocr_line' id='line_1_21' title="bbox 547 1772 931 1831; baseline -0.01 -1"><span class='ocrx_word' id='word_1_67' title='bbox 547 1786 736 1831; x_wconf 91' lang='lat' dir='ltr'><strong>serunt</strong></span> <span class='ocrx_word' id='word_1_68' title='bbox 764 1772 931 1827; x_wconf 87' lang='lat' dir='ltr'><strong>disci-</strong></span> 
     </span>
    </p>
   </div>
   <div class='ocr_carea' id='block_1_22' title="bbox 550 1844 991 1916">
    <p class='ocr_par' dir='ltr' id='par_1_22' title="bbox 550 1844 991 1916">
     <span class='ocr_line' id='line_1_22' title="bbox 550 1844 991 1916; baseline -0.002 -16"><span class='ocrx_word' id='word_1_69' title='bbox 550 1847 661 1916; x_wconf 87' lang='lat' dir='ltr'><strong>puli</strong></span> <span class='ocrx_word' id='word_1_70' title='bbox 686 1846 751 1899; x_wconf 91' lang='lat' dir='ltr'><strong>ad</strong></span> <span class='ocrx_word' id='word_1_71' title='bbox 781 1844 991 1907; x_wconf 83' lang='lat' dir='ltr'><strong>Jesum,</strong></span> 
     </span>
    </p>
   </div>
   <div class='ocr_carea' id='block_1_23' title="bbox 545 1916 1027 1973">
    <p class='ocr_par' dir='ltr' id='par_1_23' title="bbox 545 1916 1027 1973">
     <span class='ocr_line' id='line_1_23' title="bbox 545 1916 1027 1973; baseline 0.002 -2"><span class='ocrx_word' id='word_1_72' title='bbox 545 1918 820 1973; x_wconf 76' lang='lat' dir='ltr'><strong>dicentes:</strong></span> <span class='ocrx_word' id='word_1_73' title='bbox 866 1958 880 1972; x_wconf 94' lang='lat'><strong>.</strong></span> <span class='ocrx_word' id='word_1_74' title='bbox 923 1954 939 1969; x_wconf 94' lang='lat'><strong>.</strong></span> <span class='ocrx_word' id='word_1_75' title='bbox 982 1916 1027 1972; x_wconf 92' lang='lat' dir='ltr'><strong>is</strong></span> 
     </span>
    </p>
   </div>
   <div class='ocr_carea' id='block_1_24' title="bbox 546 1988 905 2058">
    <p class='ocr_par' dir='ltr' id='par_1_24' title="bbox 546 1988 905 2058">
     <span class='ocr_line' id='line_1_24' title="bbox 546 1988 905 2058; baseline 0.003 -18"><span class='ocrx_word' id='word_1_76' title='bbox 546 1998 706 2058; x_wconf 85' lang='lat' dir='ltr'><strong>putas</strong></span> <span class='ocrx_word' id='word_1_77' title='bbox 733 1988 905 2058; x_wconf 89' lang='lat' dir='ltr'><strong>major</strong></span> 
     </span>
    </p>
   </div>
   <div class='ocr_carea' id='block_1_25' title="bbox 546 2060 913 2129">
    <p class='ocr_par' dir='ltr' id='par_1_25' title="bbox 546 2060 913 2129">
     <span class='ocr_line' id='line_1_25' title="bbox 546 2060 913 2129; baseline -0.003 -13"><span class='ocrx_word' id='word_1_78' title='bbox 546 2070 629 2116; x_wconf 89' lang='lat' dir='ltr'><strong>est</strong></span> <span class='ocrx_word' id='word_1_79' title='bbox 657 2060 711 2114; x_wconf 90' lang='lat' dir='ltr'><strong>in</strong></span> <span class='ocrx_word' id='word_1_80' title='bbox 744 2074 913 2129; x_wconf 90' lang='lat' dir='ltr'><strong>regno</strong></span> 
     </span>
    </p>
   </div>
   <div class='ocr_carea' id='block_1_26' title="bbox 546 2131 859 2186">
    <p class='ocr_par' dir='ltr' id='par_1_26' title="bbox 546 2131 859 2186">
     <span class='ocr_line' id='line_1_26' title="bbox 546 2131 859 2186; baseline -0.003 0"><span class='ocrx_word' id='word_1_81' title='bbox 546 2131 859 2186; x_wconf 79' lang='lat' dir='ltr'><strong>caelorum?</strong></span> 
     </span>
    </p>
   </div>
   <div class='ocr_carea' id='block_1_27' title="bbox 544 2201 1087 2260">
    <p class='ocr_par' dir='ltr' id='par_1_27' title="bbox 544 2201 1087 2260">
     <span class='ocr_line' id='line_1_27' title="bbox 544 2201 1087 2260; baseline 0.007 -4"><span class='ocrx_word' id='word_1_82' title='bbox 544 2202 599 2256; x_wconf 78' lang='grc'><strong>2.</strong></span> <span class='ocrx_word' id='word_1_83' title='bbox 644 2201 714 2258; x_wconf 87' lang='grc' dir='ltr'>Ει</span> <span class='ocrx_word' id='word_1_84' title='bbox 741 2201 901 2257; x_wconf 75' lang='lat' dir='ltr'><strong>Iesus</strong></span> <span class='ocrx_word' id='word_1_85' title='bbox 929 2218 1087 2260; x_wconf 85' lang='lat' dir='ltr'><strong>voca-</strong></span> 
     </span>
    </p>
   </div>
   <div class='ocr_carea' id='block_1_28' title="bbox 546 2273 951 2345">
    <p class='ocr_par' dir='ltr' id='par_1_28' title="bbox 546 2273 951 2345">
     <span class='ocr_line' id='line_1_28' title="bbox 546 2273 951 2345; baseline 0.002 -17"><span class='ocrx_word' id='word_1_86' title='bbox 546 2275 620 2329; x_wconf 91' lang='lat' dir='ltr'><strong>vit</strong></span> <span class='ocrx_word' id='word_1_87' title='bbox 642 2273 707 2328; x_wconf 89' lang='lat' dir='ltr'><strong>ad</strong></span> <span class='ocrx_word' id='word_1_88' title='bbox 734 2288 794 2328; x_wconf 89' lang='lat' dir='ltr'><strong>se</strong></span> <span class='ocrx_word' id='word_1_89' title='bbox 818 2288 951 2345; x_wconf 84' lang='lat' dir='ltr'><strong>pue-</strong></span> 
     </span>
    </p>
   </div>
   <div class='ocr_carea' id='block_1_29' title="bbox 545 2354 965 2411">
    <p class='ocr_par' dir='ltr' id='par_1_29' title="bbox 545 2354 965 2411">
     <span class='ocr_line' id='line_1_29' title="bbox 545 2354 965 2411; baseline 0.002 -12"><span class='ocrx_word' id='word_1_90' title='bbox 545 2361 689 2411; x_wconf 91' lang='lat' dir='ltr'><strong>rum,</strong></span> <span class='ocrx_word' id='word_1_91' title='bbox 717 2355 771 2400; x_wconf 92' lang='lat' dir='ltr'><strong>et</strong></span> <span class='ocrx_word' id='word_1_92' title='bbox 795 2354 965 2400; x_wconf 83' lang='lat' dir='ltr'><strong>statu-</strong></span> 
     </span>
    </p>
   </div>
   <div class='ocr_carea' id='block_1_30' title="bbox 545 2415 953 2472">
    <p class='ocr_par' dir='ltr' id='par_1_30' title="bbox 545 2415 953 2472">
     <span class='ocr_line' id='line_1_30' title="bbox 545 2415 953 2472; baseline 0.005 -2"><span class='ocrx_word' id='word_1_93' title='bbox 545 2417 583 2470; x_wconf 91' lang='lat' dir='ltr'><strong>it</strong></span> <span class='ocrx_word' id='word_1_94' title='bbox 607 2432 731 2471; x_wconf 93' lang='lat' dir='ltr'><strong>eum</strong></span> <span class='ocrx_word' id='word_1_95' title='bbox 757 2415 812 2471; x_wconf 89' lang='lat' dir='ltr'><strong>in</strong></span> <span class='ocrx_word' id='word_1_96' title='bbox 842 2432 953 2472; x_wconf 67' lang='lat' dir='ltr'><strong>meo</strong></span> 
     </span>
    </p>
   </div>
   <div class='ocr_carea' id='block_1_31' title="bbox 543 2488 1051 2557">
    <p class='ocr_par' dir='ltr' id='par_1_31' title="bbox 543 2488 1051 2557">
     <span class='ocr_line' id='line_1_31' title="bbox 543 2488 1051 2557; baseline 0.008 -15"><span class='ocrx_word' id='word_1_97' title='bbox 543 2488 598 2542; x_wconf 79' lang='grc'><strong>5.</strong></span> <span class='ocrx_word' id='word_1_98' title='bbox 640 2489 730 2542; x_wconf 88' lang='lat' dir='ltr'><strong>dio</strong></span> <span class='ocrx_word' id='word_1_99' title='bbox 755 2502 966 2557; x_wconf 88' lang='lat' dir='ltr'><strong>eorum,</strong></span> <span class='ocrx_word' id='word_1_100' title='bbox 993 2496 1051 2546; x_wconf 86' lang='lat' dir='ltr'><strong>et</strong></span> 
     </span>
    </p>
   </div>
   <div class='ocr_carea' id='block_1_32' title="bbox 541 2559 713 2614">
    <p class='ocr_par' dir='ltr' id='par_1_32' title="bbox 541 2559 713 2614">
     <span class='ocr_line' id='line_1_32' title="bbox 541 2559 713 2614; baseline 0.006 -1"><span class='ocrx_word' id='word_1_101' title='bbox 541 2559 713 2614; x_wconf 80' lang='lat' dir='ltr'><strong>dixit:</strong></span> 
     </span>
    </p>
   </div>
   <div class='ocr_carea' id='block_1_33' title="bbox 542 2631 983 2687">
    <p class='ocr_par' dir='ltr' id='par_1_33' title="bbox 542 2631 983 2687">
     <span class='ocr_line' id='line_1_33' title="bbox 542 2631 983 2687; baseline 0.009 -4"><span class='ocrx_word' id='word_1_102' title='bbox 542 2632 715 2685; x_wconf 80' lang='lat' dir='ltr'><strong>Amen</strong></span> <span class='ocrx_word' id='word_1_103' title='bbox 737 2631 861 2686; x_wconf 87' lang='lat' dir='ltr'><strong>dico</strong></span> <span class='ocrx_word' id='word_1_104' title='bbox 886 2646 983 2687; x_wconf 87' lang='lat' dir='ltr'><strong>vo-</strong></span> 
     </span>
    </p>
   </div>
   <div class='ocr_carea' id='block_1_34' title="bbox 543 2701 1027 2763">
    <p class='ocr_par' dir='ltr' id='par_1_34' title="bbox 543 2701 1027 2763">
     <span class='ocr_line' id='line_1_34' title="bbox 543 2701 1027 2763; baseline 0.002 -7"><span class='ocrx_word' id='word_1_105' title='bbox 543 2701 646 2763; x_wconf 89' lang='lat' dir='ltr'><strong>bis.</strong></span> <span class='ocrx_word' id='word_1_106' title='bbox 677 2704 775 2757; x_wconf 90' lang='lat' dir='ltr'><strong>nisi</strong></span> <span class='ocrx_word' id='word_1_107' title='bbox 796 2717 1027 2759; x_wconf 79' lang='lat' dir='ltr'><strong>conver-</strong></span> 
     </span>
    </p>
   </div>
   <div class='ocr_carea' id='block_1_35' title="bbox 540 2774 927 2835">
    <p class='ocr_par' dir='ltr' id='par_1_35' title="bbox 540 2774 927 2835">
     <span class='ocr_line' id='line_1_35' title="bbox 540 2774 927 2835; baseline 0.01 -8"><span class='ocrx_word' id='word_1_108' title='bbox 540 2775 585 2827; x_wconf 90' lang='lat' dir='ltr'><strong>si</strong></span> <span class='ocrx_word' id='word_1_109' title='bbox 615 2774 846 2835; x_wconf 87' lang='lat' dir='ltr'><strong>fueritis.</strong></span> <span class='ocrx_word' id='word_1_110' title='bbox 871 2784 927 2831; x_wconf 90' lang='lat' dir='ltr'><strong>et</strong></span> 
     </span>
    </p>
   </div>
   <div class='ocr_carea' id='block_1_36' title="bbox 541 2844 852 2901">
    <p class='ocr_par' dir='ltr' id='par_1_36' title="bbox 541 2844 852 2901">
     <span class='ocr_line' id='line_1_36' title="bbox 541 2844 852 2901; baseline 0.006 -2"><span class='ocrx_word' id='word_1_111' title='bbox 541 2844 852 2901; x_wconf 86' lang='lat' dir='ltr'><strong>el‘liciamini</strong></span> 
     </span>
    </p>
   </div>
   <div class='ocr_carea' id='block_1_37' title="bbox 540 2915 884 2986">
    <p class='ocr_par' dir='ltr' id='par_1_37' title="bbox 540 2915 884 2986">
     <span class='ocr_line' id='line_1_37' title="bbox 540 2915 884 2986; baseline 0.009 -17"><span class='ocrx_word' id='word_1_112' title='bbox 540 2915 679 2970; x_wconf 90' lang='lat' dir='ltr'><strong>sicut</strong></span> <span class='ocrx_word' id='word_1_113' title='bbox 706 2916 884 2986; x_wconf 87' lang='lat' dir='ltr'><strong>pueri.</strong></span> 
     </span>
    </p>
   </div>
   <div class='ocr_carea' id='block_1_38' title="bbox 540 2987 908 3043">
    <p class='ocr_par' dir='ltr' id='par_1_38' title="bbox 540 2987 908 3043">
     <span class='ocr_line' id='line_1_38' title="bbox 540 2987 908 3043; baseline 0.008 -3"><span class='ocrx_word' id='word_1_114' title='bbox 540 3002 651 3041; x_wconf 90' lang='lat' dir='ltr'><strong>non</strong></span> <span class='ocrx_word' id='word_1_115' title='bbox 682 2987 908 3043; x_wconf 82' lang='lat' dir='ltr'><strong>intrabi-</strong></span> 
     </span>
    </p>
   </div>
   <div class='ocr_carea' id='block_1_39' title="bbox 541 3058 889 3130">
    <p class='ocr_par' dir='ltr' id='par_1_39' title="bbox 541 3058 889 3130">
     <span class='ocr_line' id='line_1_39' title="bbox 541 3058 889 3130; baseline 0.011 -18"><span class='ocrx_word' id='word_1_116' title='bbox 541 3058 611 3130; x_wconf 79' lang='lat' dir='ltr'><strong>tis</strong></span> <span class='ocrx_word' id='word_1_117' title='bbox 638 3059 691 3113; x_wconf 90' lang='lat' dir='ltr'><strong>in</strong></span> <span class='ocrx_word' id='word_1_118' title='bbox 719 3073 889 3130; x_wconf 85' lang='lat' dir='ltr'><strong>regno</strong></span> 
     </span>
    </p>
   </div>
   <div class='ocr_carea' id='block_1_40' title="bbox 539 3128 1093 3199">
    <p class='ocr_par' dir='ltr' id='par_1_40' title="bbox 539 3128 1093 3199">
     <span class='ocr_line' id='line_1_40' title="bbox 539 3128 1093 3199; baseline 0.009 -18"><span class='ocrx_word' id='word_1_119' title='bbox 539 3128 593 3182; x_wconf 77' lang='grc'><strong>4.</strong></span> <span class='ocrx_word' id='word_1_120' title='bbox 634 3128 929 3186; x_wconf 82' lang='lat' dir='ltr'><strong>caelorum.</strong></span> <span class='ocrx_word' id='word_1_121' title='bbox 963 3128 1093 3199; x_wconf 86' lang='lat' dir='ltr'><strong>Qui-</strong></span> 
     </span>
    </p>
   </div>
   <div class='ocr_carea' id='block_1_41' title="bbox 539 3215 930 3271">
    <p class='ocr_par' dir='ltr' id='par_1_41' title="bbox 539 3215 930 3271">
     <span class='ocr_line' id='line_1_41' title="bbox 539 3215 930 3271; baseline 0.01 -17"><span class='ocrx_word' id='word_1_122' title='bbox 539 3215 771 3271; x_wconf 85' lang='lat' dir='ltr'><strong>cumque</strong></span> <span class='ocrx_word' id='word_1_123' title='bbox 799 3216 930 3271; x_wconf 78' lang='lat' dir='ltr'><strong>ergo</strong></span> 
     </span>
    </p>
   </div>
   <div class='ocr_carea' id='block_1_42' title="bbox 541 3270 864 3325">
    <p class='ocr_par' dir='ltr' id='par_1_42' title="bbox 541 3270 864 3325">
     <span class='ocr_line' id='line_1_42' title="bbox 541 3270 864 3325; baseline 0.006 -2"><span class='ocrx_word' id='word_1_124' title='bbox 541 3270 864 3325; x_wconf 89' lang='lat' dir='ltr'><strong>ltumiliave-</strong></span> 
     </span>
    </p>
   </div>
   <div class='ocr_carea' id='block_1_43' title="bbox 542 3342 1017 3412">
    <p class='ocr_par' dir='ltr' id='par_1_43' title="bbox 542 3342 1017 3412">
     <span class='ocr_line' id='line_1_43' title="bbox 542 3342 1017 3412; baseline -0.004 -15"><span class='ocrx_word' id='word_1_125' title='bbox 542 3343 613 3397; x_wconf 87' lang='lat' dir='ltr'><strong>rit</strong></span> <span class='ocrx_word' id='word_1_126' title='bbox 636 3357 694 3396; x_wconf 90' lang='lat' dir='ltr'><strong>se</strong></span> <span class='ocrx_word' id='word_1_127' title='bbox 716 3342 853 3396; x_wconf 91' lang='lat' dir='ltr'><strong>sicut</strong></span> <span class='ocrx_word' id='word_1_128' title='bbox 884 3356 1017 3412; x_wconf 90' lang='lat' dir='ltr'><strong>pue-</strong></span> 
     </span>
    </p>
   </div>
   <div class='ocr_carea' id='block_1_44' title="bbox 1386 489 1809 554">
    <p class='ocr_par' dir='ltr' id='par_1_44' title="bbox 1386 489 1809 554">
     <span class='ocr_line' id='line_1_44' title="bbox 1386 489 1809 554; baseline 0 -9"><span class='ocrx_word' id='word_1_129' title='bbox 1386 507 1414 545; x_wconf 90' lang='lat' dir='ltr'><strong>r</strong></span> <span class='ocrx_word' id='word_1_130' title='bbox 1439 490 1562 554; x_wconf 89' lang='lat' dir='ltr'><strong>iste,</strong></span> <span class='ocrx_word' id='word_1_131' title='bbox 1595 489 1683 544; x_wconf 86' lang='lat' dir='ltr'><strong>hic</strong></span> <span class='ocrx_word' id='word_1_132' title='bbox 1704 489 1809 545; x_wconf 88' lang='lat' dir='ltr'><strong>erit</strong></span> 
     </span>
    </p>
   </div>
   <div class='ocr_carea' id='block_1_45' title="bbox 1387 561 1781 631">
    <p class='ocr_par' dir='ltr' id='par_1_45' title="bbox 1387 561 1781 631">
     <span class='ocr_line' id='line_1_45' title="bbox 1387 561 1781 631; baseline -0.013 -15"><span class='ocrx_word' id='word_1_133' title='bbox 1387 561 1561 629; x_wconf 85' lang='lat' dir='ltr'><strong>major</strong></span> <span class='ocrx_word' id='word_1_134' title='bbox 1587 561 1637 614; x_wconf 94' lang='lat' dir='ltr'><strong>in</strong></span> <span class='ocrx_word' id='word_1_135' title='bbox 1661 575 1781 631; x_wconf 77' lang='lat' dir='ltr'><strong>reg-</strong></span> 
     </span>
    </p>
   </div>
   <div class='ocr_carea' id='block_1_46' title="bbox 1386 632 1774 687">
    <p class='ocr_par' dir='ltr' id='par_1_46' title="bbox 1386 632 1774 687">
     <span class='ocr_line' id='line_1_46' title="bbox 1386 632 1774 687; baseline -0.005 -1"><span class='ocrx_word' id='word_1_136' title='bbox 1386 649 1457 687; x_wconf 91' lang='lat' dir='ltr'><strong>no</strong></span> <span class='ocrx_word' id='word_1_137' title='bbox 1478 632 1774 686; x_wconf 90' lang='lat' dir='ltr'><strong>caelorum.</strong></span> 
     </span>
    </p>
   </div>
   <div class='ocr_carea' id='block_1_47' title="bbox 1386 704 1932 773">
    <p class='ocr_par' dir='ltr' id='par_1_47' title="bbox 1386 704 1932 773">
     <span class='ocr_line' id='line_1_47' title="bbox 1386 704 1932 773; baseline 0.002 -14"><span class='ocrx_word' id='word_1_138' title='bbox 1386 706 1439 760; x_wconf 82' lang='lat'><strong>5.</strong></span> <span class='ocrx_word' id='word_1_139' title='bbox 1488 704 1550 757; x_wconf 85' lang='lat' dir='ltr'><strong>Et</strong></span> <span class='ocrx_word' id='word_1_140' title='bbox 1571 704 1660 773; x_wconf 92' lang='lat' dir='ltr'><strong>qui</strong></span> <span class='ocrx_word' id='word_1_141' title='bbox 1675 717 1932 773; x_wconf 56' lang='lat' dir='ltr'><strong>accoepe</strong></span> 
     </span>
    </p>
   </div>
   <div class='ocr_carea' id='block_1_48' title="bbox 1384 776 1811 843">
    <p class='ocr_par' dir='ltr' id='par_1_48' title="bbox 1384 776 1811 843">
     <span class='ocr_line' id='line_1_48' title="bbox 1384 776 1811 843; baseline -0.002 -13"><span class='ocrx_word' id='word_1_142' title='bbox 1384 776 1454 830; x_wconf 89' lang='lat' dir='ltr'><strong>rit</strong></span> <span class='ocrx_word' id='word_1_143' title='bbox 1484 790 1649 828; x_wconf 91' lang='lat' dir='ltr'><strong>unum</strong></span> <span class='ocrx_word' id='word_1_144' title='bbox 1680 791 1811 843; x_wconf 81' lang='lat' dir='ltr'><strong>pue-</strong></span> 
     </span>
    </p>
   </div>
   <div class='ocr_carea' id='block_1_49' title="bbox 1386 846 1826 913">
    <p class='ocr_par' dir='ltr' id='par_1_49' title="bbox 1386 846 1826 913">
     <span class='ocr_line' id='line_1_49' title="bbox 1386 846 1826 913; baseline 0.002 -13"><span class='ocrx_word' id='word_1_145' title='bbox 1386 862 1502 900; x_wconf 89' lang='lat' dir='ltr'><strong>rutn</strong></span> <span class='ocrx_word' id='word_1_146' title='bbox 1529 846 1708 913; x_wconf 92' lang='lat' dir='ltr'><strong>talem,</strong></span> <span class='ocrx_word' id='word_1_147' title='bbox 1740 861 1826 901; x_wconf 87' lang='lat' dir='ltr'><strong>me</strong></span> 
     </span>
    </p>
   </div>
   <div class='ocr_carea' id='block_1_50' title="bbox 1386 917 1957 987">
    <p class='ocr_par' dir='ltr' id='par_1_50' title="bbox 1386 917 1957 987">
     <span class='ocr_line' id='line_1_50' title="bbox 1386 917 1957 987; baseline 0 -15"><span class='ocrx_word' id='word_1_148' title='bbox 1386 918 1440 972; x_wconf 90' lang='lat'><strong>6.</strong></span> <span class='ocrx_word' id='word_1_149' title='bbox 1482 918 1698 986; x_wconf 90' lang='lat' dir='ltr'><strong>accipit.</strong></span> <span class='ocrx_word' id='word_1_150' title='bbox 1730 917 1830 987; x_wconf 88' lang='lat' dir='ltr'><strong>Qui</strong></span> <span class='ocrx_word' id='word_1_151' title='bbox 1858 932 1957 972; x_wconf 77' lang='lat' dir='ltr'><strong>au-</strong></span> 
     </span>
    </p>
   </div>
   <div class='ocr_carea' id='block_1_51' title="bbox 1388 989 1791 1044">
    <p class='ocr_par' dir='ltr' id='par_1_51' title="bbox 1388 989 1791 1044">
     <span class='ocr_line' id='line_1_51' title="bbox 1388 989 1791 1044; baseline 0 -3"><span class='ocrx_word' id='word_1_152' title='bbox 1388 999 1492 1044; x_wconf 90' lang='lat' dir='ltr'><strong>tem</strong></span> <span class='ocrx_word' id='word_1_153' title='bbox 1518 989 1791 1043; x_wconf 78' lang='lat' dir='ltr'><strong>scandali-</strong></span> 
     </span>
    </p>
   </div>
   <div class='ocr_carea' id='block_1_52' title="bbox 1385 1061 1779 1114">
    <p class='ocr_par' dir='ltr' id='par_1_52' title="bbox 1385 1061 1779 1114">
     <span class='ocr_line' id='line_1_52' title="bbox 1385 1061 1779 1114; baseline 0.005 -2"><span class='ocrx_word' id='word_1_154' title='bbox 1385 1061 1587 1114; x_wconf 86' lang='lat' dir='ltr'><strong>zaverit</strong></span> <span class='ocrx_word' id='word_1_155' title='bbox 1615 1074 1779 1114; x_wconf 92' lang='lat' dir='ltr'><strong>unum</strong></span> 
     </span>
    </p>
   </div>
   <div class='ocr_carea' id='block_1_53' title="bbox 1384 1130 1835 1200">
    <p class='ocr_par' dir='ltr' id='par_1_53' title="bbox 1384 1130 1835 1200">
     <span class='ocr_line' id='line_1_53' title="bbox 1384 1130 1835 1200; baseline 0.002 -15"><span class='ocrx_word' id='word_1_156' title='bbox 1384 1130 1454 1185; x_wconf 89' lang='lat' dir='ltr'><strong>de</strong></span> <span class='ocrx_word' id='word_1_157' title='bbox 1482 1132 1712 1200; x_wconf 84' lang='lat' dir='ltr'><strong>pusillis,</strong></span> <span class='ocrx_word' id='word_1_158' title='bbox 1744 1132 1835 1200; x_wconf 83' lang='lat' dir='ltr'><strong>qui</strong></span> 
     </span>
    </p>
   </div>
   <div class='ocr_carea' id='block_1_54' title="bbox 1386 1202 1828 1269">
    <p class='ocr_par' dir='ltr' id='par_1_54' title="bbox 1386 1202 1828 1269">
     <span class='ocr_line' id='line_1_54' title="bbox 1386 1202 1828 1269; baseline 0.005 -14"><span class='ocrx_word' id='word_1_159' title='bbox 1386 1202 1441 1256; x_wconf 90' lang='lat' dir='ltr'><strong>in</strong></span> <span class='ocrx_word' id='word_1_160' title='bbox 1468 1218 1553 1256; x_wconf 92' lang='lat' dir='ltr'><strong>me</strong></span> <span class='ocrx_word' id='word_1_161' title='bbox 1582 1202 1828 1269; x_wconf 84' lang='lat' dir='ltr'><strong>credunt,</strong></span> 
     </span>
    </p>
   </div>
   <div class='ocr_carea' id='block_1_55' title="bbox 1383 1273 1751 1342">
    <p class='ocr_par' dir='ltr' id='par_1_55' title="bbox 1383 1273 1751 1342">
     <span class='ocr_line' id='line_1_55' title="bbox 1383 1273 1751 1342; baseline 0 -15"><span class='ocrx_word' id='word_1_162' title='bbox 1383 1273 1599 1342; x_wconf 83' lang='lat' dir='ltr'><strong>expedit</strong></span> <span class='ocrx_word' id='word_1_163' title='bbox 1622 1274 1669 1327; x_wconf 91' lang='lat' dir='ltr'><strong>ei</strong></span> <span class='ocrx_word' id='word_1_164' title='bbox 1694 1283 1751 1328; x_wconf 91' lang='lat' dir='ltr'><strong>ut</strong></span> 
     </span>
    </p>
   </div>
   <div class='ocr_carea' id='block_1_56' title="bbox 1384 1345 1751 1410">
    <p class='ocr_par' dir='ltr' id='par_1_56' title="bbox 1384 1345 1751 1410">
     <span class='ocr_line' id='line_1_56' title="bbox 1384 1345 1751 1410; baseline 0.005 -13"><span class='ocrx_word' id='word_1_165' title='bbox 1384 1345 1751 1410; x_wconf 84' lang='lat' dir='ltr'><strong>suspendatur</strong></span> 
     </span>
    </p>
   </div>
   <div class='ocr_carea' id='block_1_57' title="bbox 1387 1416 1777 1470">
    <p class='ocr_par' dir='ltr' id='par_1_57' title="bbox 1387 1416 1777 1470">
     <span class='ocr_line' id='line_1_57' title="bbox 1387 1416 1777 1470; baseline 0 -2"><span class='ocrx_word' id='word_1_166' title='bbox 1387 1416 1530 1470; x_wconf 83' lang='lat' dir='ltr'><strong>mola</strong></span> <span class='ocrx_word' id='word_1_167' title='bbox 1544 1416 1777 1470; x_wconf 78' lang='lat' dir='ltr'><strong>asinaria</strong></span> 
     </span>
    </p>
   </div>
   <div class='ocr_carea' id='block_1_58' title="bbox 1385 1486 1773 1557">
    <p class='ocr_par' dir='ltr' id='par_1_58' title="bbox 1385 1486 1773 1557">
     <span class='ocr_line' id='line_1_58' title="bbox 1385 1486 1773 1557; baseline 0.008 -17"><span class='ocrx_word' id='word_1_168' title='bbox 1385 1486 1439 1540; x_wconf 92' lang='lat' dir='ltr'><strong>iu</strong></span> <span class='ocrx_word' id='word_1_169' title='bbox 1467 1488 1609 1541; x_wconf 89' lang='lat' dir='ltr'><strong>collo</strong></span> <span class='ocrx_word' id='word_1_170' title='bbox 1634 1487 1773 1557; x_wconf 80' lang='lat' dir='ltr'><strong>ejus,</strong></span> 
     </span>
    </p>
   </div>
   <div class='ocr_carea' id='block_1_59' title="bbox 1388 1558 1753 1629">
    <p class='ocr_par' dir='ltr' id='par_1_59' title="bbox 1388 1558 1753 1629">
     <span class='ocr_line' id='line_1_59' title="bbox 1388 1558 1753 1629; baseline -0.003 -17"><span class='ocrx_word' id='word_1_171' title='bbox 1388 1568 1442 1612; x_wconf 90' lang='lat' dir='ltr'><strong>et</strong></span> <span class='ocrx_word' id='word_1_172' title='bbox 1471 1558 1753 1629; x_wconf 82' lang='lat' dir='ltr'><strong>demerga-</strong></span> 
     </span>
    </p>
   </div>
   <div class='ocr_carea' id='block_1_60' title="bbox 1388 1630 1809 1697">
    <p class='ocr_par' dir='ltr' id='par_1_60' title="bbox 1388 1630 1809 1697">
     <span class='ocr_line' id='line_1_60' title="bbox 1388 1630 1809 1697; baseline 0.007 -15"><span class='ocrx_word' id='word_1_173' title='bbox 1388 1638 1476 1684; x_wconf 87' lang='lat' dir='ltr'><strong>tur</strong></span> <span class='ocrx_word' id='word_1_174' title='bbox 1496 1630 1551 1685; x_wconf 91' lang='lat' dir='ltr'><strong>in</strong></span> <span class='ocrx_word' id='word_1_175' title='bbox 1584 1631 1809 1697; x_wconf 79' lang='lat' dir='ltr'><strong>profun-</strong></span> 
     </span>
    </p>
   </div>
   <div class='ocr_carea' id='block_1_61' title="bbox 1387 1700 1723 1754">
    <p class='ocr_par' dir='ltr' id='par_1_61' title="bbox 1387 1700 1723 1754">
     <span class='ocr_line' id='line_1_61' title="bbox 1387 1700 1723 1754; baseline 0.003 -1"><span class='ocrx_word' id='word_1_176' title='bbox 1387 1700 1514 1754; x_wconf 91' lang='lat' dir='ltr'><strong>dum</strong></span> <span class='ocrx_word' id='word_1_177' title='bbox 1537 1704 1723 1754; x_wconf 90' lang='lat' dir='ltr'><strong>maris.</strong></span> 
     </span>
    </p>
   </div>
   <div class='ocr_carea' id='block_1_62' title="bbox 1387 1770 1962 1827">
    <p class='ocr_par' dir='ltr' id='par_1_62' title="bbox 1387 1770 1962 1827">
     <span class='ocr_line' id='line_1_62' title="bbox 1387 1770 1962 1827; baseline 0.005 -3"><span class='ocrx_word' id='word_1_178' title='bbox 1387 1772 1441 1824; x_wconf 92' lang='lat'><strong>7.</strong></span> <span class='ocrx_word' id='word_1_179' title='bbox 1488 1770 1598 1826; x_wconf 90' lang='lat' dir='ltr'><strong>Vae</strong></span> <span class='ocrx_word' id='word_1_180' title='bbox 1626 1783 1804 1827; x_wconf 87' lang='lat' dir='ltr'><strong>autem</strong></span> <span class='ocrx_word' id='word_1_181' title='bbox 1837 1770 1962 1827; x_wconf 83' lang='lat' dir='ltr'><strong>huic</strong></span> 
     </span>
    </p>
   </div>
   <div class='ocr_carea' id='block_1_63' title="bbox 1387 1843 1828 1899">
    <p class='ocr_par' dir='ltr' id='par_1_63' title="bbox 1387 1843 1828 1899">
     <span class='ocr_line' id='line_1_63' title="bbox 1387 1843 1828 1899; baseline 0.009 -4"><span class='ocrx_word' id='word_1_182' title='bbox 1387 1843 1590 1897; x_wconf 92' lang='lat' dir='ltr'><strong>mundo</strong></span> <span class='ocrx_word' id='word_1_183' title='bbox 1614 1858 1641 1895; x_wconf 91' lang='lat' dir='ltr'><strong>a</strong></span> <span class='ocrx_word' id='word_1_184' title='bbox 1670 1858 1828 1899; x_wconf 91' lang='lat' dir='ltr'><strong>scan-</strong></span> 
     </span>
    </p>
   </div>
   <div class='ocr_carea' id='block_1_64' title="bbox 1384 1913 2041 1971">
    <p class='ocr_par' dir='ltr' id='par_1_64' title="bbox 1384 1913 2041 1971">
     <span class='ocr_line' id='line_1_64' title="bbox 1384 1913 2041 1971; baseline 0.002 -3"><span class='ocrx_word' id='word_1_185' title='bbox 1384 1913 1542 1968; x_wconf 90' lang='lat' dir='ltr'><strong>dalis.</strong></span> <span class='ocrx_word' id='word_1_186' title='bbox 1581 1913 1725 1971; x_wconf 88' lang='lat' dir='ltr'><strong>Nece</strong></span> <span class='ocrx_word' id='word_1_187' title='bbox 1774 1956 1786 1968; x_wconf 92' lang='lat'><strong>.</strong></span> <span class='ocrx_word' id='word_1_188' title='bbox 1837 1956 1850 1967; x_wconf 93' lang='lat'><strong>.</strong></span> <span class='ocrx_word' id='word_1_189' title='bbox 1898 1956 1913 1971; x_wconf 95' lang='lat'><strong>.</strong></span> <span class='ocrx_word' id='word_1_190' title='bbox 1958 1923 2041 1970; x_wconf 86' lang='lat' dir='ltr'><strong>est</strong></span> 
     </span>
    </p>
   </div>
   <div class='ocr_carea' id='block_1_65' title="bbox 1383 1985 1840 2040">
    <p class='ocr_par' dir='ltr' id='par_1_65' title="bbox 1383 1985 1840 2040">
     <span class='ocr_line' id='line_1_65' title="bbox 1383 1985 1840 2040; baseline -0.002 0"><span class='ocrx_word' id='word_1_191' title='bbox 1383 1985 1527 2040; x_wconf 88' lang='lat' dir='ltr'><strong>enim</strong></span> <span class='ocrx_word' id='word_1_192' title='bbox 1560 1986 1715 2040; x_wconf 83' lang='lat' dir='ltr'><strong>venir</strong></span> <span class='ocrx_word' id='word_1_193' title='bbox 1760 2027 1773 2039; x_wconf 95' lang='lat'><strong>.</strong></span> <span class='ocrx_word' id='word_1_194' title='bbox 1826 2024 1840 2039; x_wconf 95' lang='lat'><strong>.</strong></span> 
     </span>
    </p>
   </div>
   <div class='ocr_carea' id='block_1_66' title="bbox 1380 2056 1802 2113">
    <p class='ocr_par' dir='ltr' id='par_1_66' title="bbox 1380 2056 1802 2113">
     <span class='ocr_line' id='line_1_66' title="bbox 1380 2056 1802 2113; baseline 0.007 -5"><span class='ocrx_word' id='word_1_195' title='bbox 1380 2056 1637 2111; x_wconf 81' lang='lat' dir='ltr'><strong>scandala</strong></span> <span class='ocrx_word' id='word_1_196' title='bbox 1666 2076 1677 2113; x_wconf 93' lang='lat'>:</span> <span class='ocrx_word' id='word_1_197' title='bbox 1709 2073 1741 2111; x_wconf 83' lang='grc' dir='ltr'><strong>ν</strong></span> <span class='ocrx_word' id='word_1_198' title='bbox 1788 2097 1802 2111; x_wconf 91' lang='grc'><strong>.</strong></span> 
     </span>
    </p>
   </div>
   <div class='ocr_carea' id='block_1_67' title="bbox 1381 2096 2092 2185">
    <p class='ocr_par' dir='ltr' id='par_1_67' title="bbox 1381 2096 2092 2185">
     <span class='ocr_line' id='line_1_67' title="bbox 1381 2096 2092 2185; baseline 0.003 -3"><span class='ocrx_word' id='word_1_199' title='bbox 1381 2096 1677 2182; x_wconf 58' lang='grc' dir='ltr'><strong>ἱεἭῪΤῙ</strong></span> <span class='ocrx_word' id='word_1_200' title='bbox 1715 2096 1815 2185; x_wconf 52' lang='lat' dir='ltr'><strong>ira;</strong></span> <span class='ocrx_word' id='word_1_201' title='bbox 1844 2096 1972 2185; x_wconf 68' lang='lat' dir='ltr'><strong>iio&#39;.</strong></span> <span class='ocrx_word' id='word_1_202' title='bbox 2019 2170 2031 2182; x_wconf 94' lang='lat'><strong>.</strong></span> <span class='ocrx_word' id='word_1_203' title='bbox 2081 2171 2092 2184; x_wconf 95' lang='lat'><strong>.</strong></span> 
     </span>
    </p>
   </div>
   <div class='ocr_carea' id='block_1_68' title="bbox 1380 2199 1790 2269">
    <p class='ocr_par' dir='ltr' id='par_1_68' title="bbox 1380 2199 1790 2269">
     <span class='ocr_line' id='line_1_68' title="bbox 1380 2199 1790 2269; baseline 0.002 -15"><span class='ocrx_word' id='word_1_204' title='bbox 1380 2199 1480 2264; x_wconf 88' lang='lat' dir='ltr'><strong>illi,</strong></span> <span class='ocrx_word' id='word_1_205' title='bbox 1510 2214 1606 2269; x_wconf 91' lang='lat' dir='ltr'><strong>per</strong></span> <span class='ocrx_word' id='word_1_206' title='bbox 1631 2216 1790 2269; x_wconf 84' lang='lat' dir='ltr'><strong>quem</strong></span> 
     </span>
    </p>
   </div>
   <div class='ocr_carea' id='block_1_69' title="bbox 1379 2272 1695 2327">
    <p class='ocr_par' dir='ltr' id='par_1_69' title="bbox 1379 2272 1695 2327">
     <span class='ocr_line' id='line_1_69' title="bbox 1379 2272 1695 2327; baseline 0.009 -3"><span class='ocrx_word' id='word_1_207' title='bbox 1379 2272 1695 2327; x_wconf 88' lang='lat' dir='ltr'><strong>scandalum</strong></span> 
     </span>
    </p>
   </div>
   <div class='ocr_carea' id='block_1_70' title="bbox 1378 2342 1545 2396">
    <p class='ocr_par' dir='ltr' id='par_1_70' title="bbox 1378 2342 1545 2396">
     <span class='ocr_line' id='line_1_70' title="bbox 1378 2342 1545 2396; baseline 0.006 -1"><span class='ocrx_word' id='word_1_208' title='bbox 1378 2342 1545 2396; x_wconf 83' lang='lat' dir='ltr'><strong>venit.</strong></span> 
     </span>
    </p>
   </div>
   <div class='ocr_carea' id='block_1_71' title="bbox 1378 2412 1929 2481">
    <p class='ocr_par' dir='ltr' id='par_1_71' title="bbox 1378 2412 1929 2481">
     <span class='ocr_line' id='line_1_71' title="bbox 1378 2412 1929 2481; baseline 0.011 -15"><span class='ocrx_word' id='word_1_209' title='bbox 1378 2412 1431 2467; x_wconf 92' lang='lat'><strong>8.</strong></span> <span class='ocrx_word' id='word_1_210' title='bbox 1474 2412 1627 2481; x_wconf 87' lang='lat' dir='ltr'><strong>Quod</strong></span> <span class='ocrx_word' id='word_1_211' title='bbox 1657 2414 1701 2469; x_wconf 90' lang='lat' dir='ltr'><strong>si</strong></span> <span class='ocrx_word' id='word_1_212' title='bbox 1739 2428 1929 2471; x_wconf 89' lang='lat' dir='ltr'><strong>manus</strong></span> 
     </span>
    </p>
   </div>
   <div class='ocr_carea' id='block_1_72' title="bbox 1380 2486 1835 2555">
    <p class='ocr_par' dir='ltr' id='par_1_72' title="bbox 1380 2486 1835 2555">
     <span class='ocr_line' id='line_1_72' title="bbox 1380 2486 1835 2555; baseline 0.013 -18"><span class='ocrx_word' id='word_1_213' title='bbox 1380 2494 1491 2550; x_wconf 89' lang='lat' dir='ltr'><strong>tua,</strong></span> <span class='ocrx_word' id='word_1_214' title='bbox 1516 2486 1597 2539; x_wconf 86' lang='lat' dir='ltr'><strong>vel</strong></span> <span class='ocrx_word' id='word_1_215' title='bbox 1631 2501 1723 2555; x_wconf 85' lang='lat' dir='ltr'><strong>pes</strong></span> <span class='ocrx_word' id='word_1_216' title='bbox 1749 2499 1835 2543; x_wconf 86' lang='lat' dir='ltr'><strong>tu-</strong></span> 
     </span>
    </p>
   </div>
   <div class='ocr_carea' id='block_1_73' title="bbox 1378 2558 1734 2611">
    <p class='ocr_par' dir='ltr' id='par_1_73' title="bbox 1378 2558 1734 2611">
     <span class='ocr_line' id='line_1_73' title="bbox 1378 2558 1734 2611; baseline 0.014 -4"><span class='ocrx_word' id='word_1_217' title='bbox 1378 2568 1442 2608; x_wconf 93' lang='lat' dir='ltr'><strong>us</strong></span> <span class='ocrx_word' id='word_1_218' title='bbox 1469 2558 1734 2611; x_wconf 83' lang='lat' dir='ltr'><strong>scandali—</strong></span> 
     </span>
    </p>
   </div>
   <div class='ocr_carea' id='block_1_74' title="bbox 1378 2628 1823 2691">
    <p class='ocr_par' dir='ltr' id='par_1_74' title="bbox 1378 2628 1823 2691">
     <span class='ocr_line' id='line_1_74' title="bbox 1378 2628 1823 2691; baseline 0.009 -12"><span class='ocrx_word' id='word_1_219' title='bbox 1378 2634 1466 2679; x_wconf 82' lang='lat' dir='ltr'><strong>zat</strong></span> <span class='ocrx_word' id='word_1_220' title='bbox 1495 2633 1569 2691; x_wconf 89' lang='lat' dir='ltr'><strong>te,</strong></span> <span class='ocrx_word' id='word_1_221' title='bbox 1601 2628 1823 2683; x_wconf 85' lang='lat' dir='ltr'><strong>abscide</strong></span> 
     </span>
    </p>
   </div>
   <div class='ocr_carea' id='block_1_75' title="bbox 1378 2699 1821 2767">
    <p class='ocr_par' dir='ltr' id='par_1_75' title="bbox 1378 2699 1821 2767">
     <span class='ocr_line' id='line_1_75' title="bbox 1378 2699 1821 2767; baseline 0.011 -16"><span class='ocrx_word' id='word_1_222' title='bbox 1378 2712 1524 2761; x_wconf 86' lang='lat' dir='ltr'><strong>eum,</strong></span> <span class='ocrx_word' id='word_1_223' title='bbox 1558 2708 1611 2752; x_wconf 92' lang='lat' dir='ltr'><strong>et</strong></span> <span class='ocrx_word' id='word_1_224' title='bbox 1640 2699 1821 2767; x_wconf 80' lang='lat' dir='ltr'><strong>proice</strong></span> 
     </span>
    </p>
   </div>
   <div class='ocr_carea' id='block_1_76' title="bbox 1374 2768 1813 2825">
    <p class='ocr_par' dir='ltr' id='par_1_76' title="bbox 1374 2768 1813 2825">
     <span class='ocr_line' id='line_1_76' title="bbox 1374 2768 1813 2825; baseline 0.011 -5"><span class='ocrx_word' id='word_1_225' title='bbox 1374 2768 1473 2822; x_wconf 87' lang='lat' dir='ltr'><strong>abs</strong></span> <span class='ocrx_word' id='word_1_226' title='bbox 1503 2778 1555 2823; x_wconf 91' lang='lat' dir='ltr'><strong>te</strong></span> <span class='ocrx_word' id='word_1_227' title='bbox 1574 2785 1587 2821; x_wconf 89' lang='lat'><strong>:</strong></span> <span class='ocrx_word' id='word_1_228' title='bbox 1615 2770 1813 2825; x_wconf 91' lang='lat' dir='ltr'><strong>bonum</strong></span> 
     </span>
    </p>
   </div>
   <div class='ocr_carea' id='block_1_77' title="bbox 1377 2840 1767 2895">
    <p class='ocr_par' dir='ltr' id='par_1_77' title="bbox 1377 2840 1767 2895">
     <span class='ocr_line' id='line_1_77' title="bbox 1377 2840 1767 2895; baseline 0.008 -2"><span class='ocrx_word' id='word_1_229' title='bbox 1377 2840 1471 2893; x_wconf 92' lang='lat' dir='ltr'><strong>tibi</strong></span> <span class='ocrx_word' id='word_1_230' title='bbox 1501 2850 1583 2894; x_wconf 91' lang='lat' dir='ltr'><strong>est</strong></span> <span class='ocrx_word' id='word_1_231' title='bbox 1608 2841 1658 2895; x_wconf 92' lang='lat' dir='ltr'><strong>in</strong></span> <span class='ocrx_word' id='word_1_232' title='bbox 1690 2842 1767 2895; x_wconf 87' lang='lat' dir='ltr'><strong>vi-</strong></span> 
     </span>
    </p>
   </div>
   <div class='ocr_carea' id='block_1_78' title="bbox 1379 2913 1707 2968">
    <p class='ocr_par' dir='ltr' id='par_1_78' title="bbox 1379 2913 1707 2968">
     <span class='ocr_line' id='line_1_78' title="bbox 1379 2913 1707 2968; baseline 0.015 -5"><span class='ocrx_word' id='word_1_233' title='bbox 1379 2920 1487 2965; x_wconf 89' lang='lat' dir='ltr'><strong>tam</strong></span> <span class='ocrx_word' id='word_1_234' title='bbox 1517 2913 1707 2968; x_wconf 87' lang='lat' dir='ltr'><strong>venire</strong></span> 
     </span>
    </p>
   </div>
   <div class='ocr_carea' id='block_1_79' title="bbox 1375 2981 1726 3040">
    <p class='ocr_par' dir='ltr' id='par_1_79' title="bbox 1375 2981 1726 3040">
     <span class='ocr_line' id='line_1_79' title="bbox 1375 2981 1726 3040; baseline 0.006 -3"><span class='ocrx_word' id='word_1_235' title='bbox 1375 2981 1613 3038; x_wconf 84' lang='lat' dir='ltr'><strong>debilem</strong></span> <span class='ocrx_word' id='word_1_236' title='bbox 1638 2986 1726 3040; x_wconf 92' lang='lat' dir='ltr'><strong>vel</strong></span> 
     </span>
    </p>
   </div>
   <div class='ocr_carea' id='block_1_80' title="bbox 1374 3054 1804 3126">
    <p class='ocr_par' dir='ltr' id='par_1_80' title="bbox 1374 3054 1804 3126">
     <span class='ocr_line' id='line_1_80' title="bbox 1374 3054 1804 3126; baseline 0.007 -18"><span class='ocrx_word' id='word_1_237' title='bbox 1374 3054 1614 3119; x_wconf 88' lang='lat' dir='ltr'><strong>clodmn,</strong></span> <span class='ocrx_word' id='word_1_238' title='bbox 1642 3071 1804 3126; x_wconf 87' lang='lat' dir='ltr'><strong>quam</strong></span> 
     </span>
    </p>
   </div>
   <div class='ocr_carea' id='block_1_81' title="bbox 1377 3126 1815 3195">
    <p class='ocr_par' dir='ltr' id='par_1_81' title="bbox 1377 3126 1815 3195">
     <span class='ocr_line' id='line_1_81' title="bbox 1377 3126 1815 3195; baseline 0.011 -17"><span class='ocrx_word' id='word_1_239' title='bbox 1377 3126 1513 3180; x_wconf 91' lang='lat' dir='ltr'><strong>duos</strong></span> <span class='ocrx_word' id='word_1_240' title='bbox 1539 3128 1701 3195; x_wconf 87' lang='lat' dir='ltr'><strong>pedes</strong></span> <span class='ocrx_word' id='word_1_241' title='bbox 1732 3127 1815 3183; x_wconf 87' lang='lat' dir='ltr'><strong>vel</strong></span> 
     </span>
    </p>
   </div>
   <div class='ocr_carea' id='block_1_82' title="bbox 1376 3196 1723 3253">
    <p class='ocr_par' dir='ltr' id='par_1_82' title="bbox 1376 3196 1723 3253">
     <span class='ocr_line' id='line_1_82' title="bbox 1376 3196 1723 3253; baseline 0.006 -2"><span class='ocrx_word' id='word_1_242' title='bbox 1376 3196 1511 3252; x_wconf 90' lang='lat' dir='ltr'><strong>duas</strong></span> <span class='ocrx_word' id='word_1_243' title='bbox 1534 3214 1723 3253; x_wconf 89' lang='lat' dir='ltr'><strong>manus</strong></span> 
     </span>
    </p>
   </div>
   <div class='ocr_carea' id='block_1_83' title="bbox 1380 3267 1669 3322">
    <p class='ocr_par' dir='ltr' id='par_1_83' title="bbox 1380 3267 1669 3322">
     <span class='ocr_line' id='line_1_83' title="bbox 1380 3267 1669 3322; baseline 0.007 -2"><span class='ocrx_word' id='word_1_244' title='bbox 1380 3267 1669 3322; x_wconf 76' lang='lat' dir='ltr'><strong>habentem</strong></span> 
     </span>
    </p>
   </div>
   <div class='ocr_carea' id='block_1_84' title="bbox 1378 3340 1815 3409">
    <p class='ocr_par' dir='ltr' id='par_1_84' title="bbox 1378 3340 1815 3409">
     <span class='ocr_line' id='line_1_84' title="bbox 1378 3340 1815 3409; baseline 0.009 -18"><span class='ocrx_word' id='word_1_245' title='bbox 1378 3340 1516 3392; x_wconf 80' lang='lat' dir='ltr'><strong>mitti</strong></span> <span class='ocrx_word' id='word_1_246' title='bbox 1551 3340 1605 3393; x_wconf 87' lang='lat' dir='ltr'><strong>in</strong></span> <span class='ocrx_word' id='word_1_247' title='bbox 1635 3340 1815 3409; x_wconf 89' lang='lat' dir='ltr'><strong>ignem</strong></span> 
     </span>
    </p>
   </div>
   <div class='ocr_carea' id='block_1_85' title="bbox 2680 409 3411 471">
    <p class='ocr_par' dir='ltr' id='par_1_85' title="bbox 2680 409 3411 471">
     <span class='ocr_line' id='line_1_85' title="bbox 2680 409 3411 471; baseline -0.012 0"><span class='ocrx_word' id='word_1_248' title='bbox 2680 414 2913 471; x_wconf 78' lang='lat' dir='ltr'><strong>CUDEX</strong></span> <span class='ocrx_word' id='word_1_249' title='bbox 2956 409 3411 470; x_wconf 71' lang='lat' dir='ltr'><strong>VEBONENSIS.</strong></span> 
     </span>
    </p>
   </div>
   <div class='ocr_carea' id='block_1_86' title="bbox 2249 487 2715 559">
    <p class='ocr_par' dir='ltr' id='par_1_86' title="bbox 2249 487 2715 559">
     <span class='ocr_line' id='line_1_86' title="bbox 2249 487 2715 559; baseline 0 -17"><span class='ocrx_word' id='word_1_250' title='bbox 2249 489 2385 543; x_wconf 86' lang='lat' dir='ltr'><strong>ﬁlii?</strong></span> <span class='ocrx_word' id='word_1_251' title='bbox 2416 487 2715 559; x_wconf 82' lang='lat' dir='ltr'><strong>Respondit</strong></span> 
     </span>
    </p>
   </div>
   <div class='ocr_carea' id='block_1_87' title="bbox 2246 558 2842 617">
    <p class='ocr_par' dir='ltr' id='par_1_87' title="bbox 2246 558 2842 617">
     <span class='ocr_line' id='line_1_87' title="bbox 2246 558 2842 617; baseline -0.002 -2"><span class='ocrx_word' id='word_1_252' title='bbox 2246 560 2339 615; x_wconf 73' lang='lat'><strong>26.</strong></span> <span class='ocrx_word' id='word_1_253' title='bbox 2380 558 2547 616; x_wconf 86' lang='lat' dir='ltr'><strong>certe.</strong></span> <span class='ocrx_word' id='word_1_254' title='bbox 2575 558 2644 617; x_wconf 89' lang='lat' dir='ltr'><strong>Ut</strong></span> <span class='ocrx_word' id='word_1_255' title='bbox 2663 568 2842 615; x_wconf 82' lang='lat' dir='ltr'><strong>autem</strong></span> 
     </span>
    </p>
   </div>
   <div class='ocr_carea' id='block_1_88' title="bbox 2249 631 2713 689">
    <p class='ocr_par' dir='ltr' id='par_1_88' title="bbox 2249 631 2713 689">
     <span class='ocr_line' id='line_1_88' title="bbox 2249 631 2713 689; baseline 0.006 -3"><span class='ocrx_word' id='word_1_256' title='bbox 2249 648 2356 687; x_wconf 93' lang='lat' dir='ltr'><strong>non</strong></span> <span class='ocrx_word' id='word_1_257' title='bbox 2380 631 2713 689; x_wconf 83' lang='lat' dir='ltr'><strong>scandalize-</strong></span> 
     </span>
    </p>
   </div>
   <div class='ocr_carea' id='block_1_89' title="bbox 2251 704 2680 771">
    <p class='ocr_par' dir='ltr' id='par_1_89' title="bbox 2251 704 2680 771">
     <span class='ocr_line' id='line_1_89' title="bbox 2251 704 2680 771; baseline 0.002 -13"><span class='ocrx_word' id='word_1_258' title='bbox 2251 719 2370 758; x_wconf 92' lang='lat' dir='ltr'><strong>mus</strong></span> <span class='ocrx_word' id='word_1_259' title='bbox 2396 720 2511 771; x_wconf 88' lang='lat' dir='ltr'><strong>eos,</strong></span> <span class='ocrx_word' id='word_1_260' title='bbox 2546 704 2680 759; x_wconf 81' lang='lat' dir='ltr'><strong>vade</strong></span> 
     </span>
    </p>
   </div>
   <div class='ocr_carea' id='block_1_90' title="bbox 2247 775 2772 842">
    <p class='ocr_par' dir='ltr' id='par_1_90' title="bbox 2247 775 2772 842">
     <span class='ocr_line' id='line_1_90' title="bbox 2247 775 2772 842; baseline -0.002 -13"><span class='ocrx_word' id='word_1_261' title='bbox 2247 775 2315 829; x_wconf 89' lang='lat' dir='ltr'><strong>ad</strong></span> <span class='ocrx_word' id='word_1_262' title='bbox 2337 790 2505 842; x_wconf 81' lang='lat' dir='ltr'><strong>mare,</strong></span> <span class='ocrx_word' id='word_1_263' title='bbox 2537 785 2592 830; x_wconf 90' lang='lat' dir='ltr'><strong>et</strong></span> <span class='ocrx_word' id='word_1_264' title='bbox 2618 776 2772 829; x_wconf 87' lang='lat' dir='ltr'><strong>mitte</strong></span> 
     </span>
    </p>
   </div>
   <div class='ocr_carea' id='block_1_91' title="bbox 2252 847 2740 901">
    <p class='ocr_par' dir='ltr' id='par_1_91' title="bbox 2252 847 2740 901">
     <span class='ocr_line' id='line_1_91' title="bbox 2252 847 2740 901; baseline -0.004 -1"><span class='ocrx_word' id='word_1_265' title='bbox 2252 847 2469 900; x_wconf 86' lang='lat' dir='ltr'><strong>hamum</strong></span> <span class='ocrx_word' id='word_1_266' title='bbox 2496 864 2509 900; x_wconf 87' lang='lat'>:</span> <span class='ocrx_word' id='word_1_267' title='bbox 2540 857 2594 901; x_wconf 92' lang='lat' dir='ltr'><strong>et</strong></span> <span class='ocrx_word' id='word_1_268' title='bbox 2614 862 2740 901; x_wconf 89' lang='lat' dir='ltr'><strong>euut</strong></span> 
     </span>
    </p>
   </div>
   <div class='ocr_carea' id='block_1_92' title="bbox 2250 918 2738 988">
    <p class='ocr_par' dir='ltr' id='par_1_92' title="bbox 2250 918 2738 988">
     <span class='ocr_line' id='line_1_92' title="bbox 2250 918 2738 988; baseline 0.006 -19"><span class='ocrx_word' id='word_1_269' title='bbox 2250 920 2473 987; x_wconf 81' lang='lat' dir='ltr'><strong>piscem,</strong></span> <span class='ocrx_word' id='word_1_270' title='bbox 2500 918 2597 987; x_wconf 90' lang='lat' dir='ltr'><strong>qui</strong></span> <span class='ocrx_word' id='word_1_271' title='bbox 2622 918 2738 988; x_wconf 88' lang='lat' dir='ltr'><strong>pri-</strong></span> 
     </span>
    </p>
   </div>
   <div class='ocr_carea' id='block_1_93' title="bbox 2252 989 2721 1052">
    <p class='ocr_par' dir='ltr' id='par_1_93' title="bbox 2252 989 2721 1052">
     <span class='ocr_line' id='line_1_93' title="bbox 2252 989 2721 1052; baseline -0.004 -11"><span class='ocrx_word' id='word_1_272' title='bbox 2252 1004 2371 1043; x_wconf 89' lang='lat' dir='ltr'><strong>mus</strong></span> <span class='ocrx_word' id='word_1_273' title='bbox 2394 989 2721 1052; x_wconf 84' lang='lat' dir='ltr'><strong>ascenderit,</strong></span> 
     </span>
    </p>
   </div>
   <div class='ocr_carea' id='block_1_94' title="bbox 2250 1061 2725 1142">
    <p class='ocr_par' dir='ltr' id='par_1_94' title="bbox 2250 1061 2725 1142">
     <span class='ocr_line' id='line_1_94' title="bbox 2250 1061 2725 1142; baseline 0 -29"><span class='ocrx_word' id='word_1_274' title='bbox 2250 1061 2381 1115; x_wconf 90' lang='lat' dir='ltr'><strong>tolle</strong></span> <span class='ocrx_word' id='word_1_275' title='bbox 2404 1078 2425 1142; x_wconf 44' lang='lat' dir='ltr'><strong>.z</strong></span> <span class='ocrx_word' id='word_1_276' title='bbox 2456 1072 2507 1115; x_wconf 89' lang='lat' dir='ltr'><strong>et</strong></span> <span class='ocrx_word' id='word_1_277' title='bbox 2535 1070 2725 1142; x_wconf 70' lang='lat' dir='ltr'><strong>aperto</strong></span> 
     </span>
    </p>
   </div>
   <div class='ocr_carea' id='block_1_95' title="bbox 2250 1146 2689 1199">
    <p class='ocr_par' dir='ltr' id='par_1_95' title="bbox 2250 1146 2689 1199">
     <span class='ocr_line' id='line_1_95' title="bbox 2250 1146 2689 1199; baseline 0.007 -16"><span class='ocrx_word' id='word_1_278' title='bbox 2250 1146 2345 1187; x_wconf 89' lang='lat' dir='ltr'><strong>ore</strong></span> <span class='ocrx_word' id='word_1_279' title='bbox 2368 1146 2507 1199; x_wconf 70' lang='lat' dir='ltr'><strong>OJUS,</strong></span> <span class='ocrx_word' id='word_1_280' title='bbox 2538 1146 2689 1186; x_wconf 80' lang='grc' dir='ltr'>ιιινε-</span> 
     </span>
    </p>
   </div>
   <div class='ocr_carea' id='block_1_96' title="bbox 2252 1201 2782 1276">
    <p class='ocr_par' dir='ltr' id='par_1_96' title="bbox 2252 1201 2782 1276">
     <span class='ocr_line' id='line_1_96' title="bbox 2252 1201 2782 1276; baseline 0 -21"><span class='ocrx_word' id='word_1_281' title='bbox 2252 1204 2367 1257; x_wconf 88' lang='lat' dir='ltr'><strong>nies</strong></span> <span class='ocrx_word' id='word_1_282' title='bbox 2399 1201 2477 1276; x_wconf 77' lang='grc' dir='ltr'>(ιι)</span> <span class='ocrx_word' id='word_1_283' title='bbox 2506 1203 2575 1276; x_wconf 84' lang='lat' dir='ltr'><strong>ibi</strong></span> <span class='ocrx_word' id='word_1_284' title='bbox 2603 1202 2644 1272; x_wconf 69' lang='grc' dir='ltr'><strong>-ι-</strong></span> <span class='ocrx_word' id='word_1_285' title='bbox 2672 1209 2782 1256; x_wconf 86' lang='lat' dir='ltr'><strong>sta-</strong></span> 
     </span>
    </p>
   </div>
   <div class='ocr_carea' id='block_1_97' title="bbox 2252 1275 2762 1328">
    <p class='ocr_par' dir='ltr' id='par_1_97' title="bbox 2252 1275 2762 1328">
     <span class='ocr_line' id='line_1_97' title="bbox 2252 1275 2762 1328; baseline 0 -1"><span class='ocrx_word' id='word_1_286' title='bbox 2252 1275 2423 1328; x_wconf 84' lang='lat' dir='ltr'><strong>terent</strong></span> <span class='ocrx_word' id='word_1_287' title='bbox 2447 1291 2461 1327; x_wconf 91' lang='lat'><strong>:</strong></span> <span class='ocrx_word' id='word_1_288' title='bbox 2492 1275 2642 1328; x_wconf 92' lang='lat' dir='ltr'><strong>illum</strong></span> <span class='ocrx_word' id='word_1_289' title='bbox 2672 1287 2762 1327; x_wconf 89' lang='lat' dir='ltr'><strong>su-</strong></span> 
     </span>
    </p>
   </div>
   <div class='ocr_carea' id='block_1_98' title="bbox 2251 1343 2724 1413">
    <p class='ocr_par' dir='ltr' id='par_1_98' title="bbox 2251 1343 2724 1413">
     <span class='ocr_line' id='line_1_98' title="bbox 2251 1343 2724 1413; baseline -0.004 -14"><span class='ocrx_word' id='word_1_290' title='bbox 2251 1360 2406 1399; x_wconf 90' lang='lat' dir='ltr'><strong>mens</strong></span> <span class='ocrx_word' id='word_1_291' title='bbox 2432 1343 2499 1399; x_wconf 82' lang='lat' dir='ltr'><strong>da</strong></span> <span class='ocrx_word' id='word_1_292' title='bbox 2527 1345 2609 1399; x_wconf 87' lang='lat' dir='ltr'><strong>eis</strong></span> <span class='ocrx_word' id='word_1_293' title='bbox 2627 1359 2724 1413; x_wconf 91' lang='lat' dir='ltr'><strong>pro</strong></span> 
     </span>
    </p>
   </div>
   <div class='ocr_carea' id='block_1_99' title="bbox 2255 1424 2672 1485">
    <p class='ocr_par' dir='ltr' id='par_1_99' title="bbox 2255 1424 2672 1485">
     <span class='ocr_line' id='line_1_99' title="bbox 2255 1424 2672 1485; baseline 0.002 -15"><span class='ocrx_word' id='word_1_294' title='bbox 2255 1432 2363 1482; x_wconf 90' lang='lat' dir='ltr'><strong>me,</strong></span> <span class='ocrx_word' id='word_1_295' title='bbox 2390 1426 2443 1471; x_wconf 91' lang='lat' dir='ltr'><strong>et</strong></span> <span class='ocrx_word' id='word_1_296' title='bbox 2474 1431 2570 1485; x_wconf 88' lang='lat' dir='ltr'><strong>pro</strong></span> <span class='ocrx_word' id='word_1_297' title='bbox 2597 1424 2672 1471; x_wconf 83' lang='lat' dir='ltr'><strong>te.</strong></span> 
     </span>
    </p>
   </div>
   <div class='ocr_carea' id='block_1_100' title="bbox 2406 1556 2854 1614">
    <p class='ocr_par' dir='ltr' id='par_1_100' title="bbox 2406 1556 2854 1614">
     <span class='ocr_line' id='line_1_100' title="bbox 2406 1556 2854 1614; baseline -0.007 -1"><span class='ocrx_word' id='word_1_298' title='bbox 2406 1556 2634 1614; x_wconf 75' lang='lat' dir='ltr'><strong>CAPUT</strong></span> <span class='ocrx_word' id='word_1_299' title='bbox 2667 1556 2854 1612; x_wconf 67' lang='lat' dir='ltr'><strong>XVIII.</strong></span> 
     </span>
    </p>
   </div>
   <div class='ocr_carea' id='block_1_101' title="bbox 2327 1699 2819 1756">
    <p class='ocr_par' dir='ltr' id='par_1_101' title="bbox 2327 1699 2819 1756">
     <span class='ocr_line' id='line_1_101' title="bbox 2327 1699 2819 1756; baseline -0.002 0"><span class='ocrx_word' id='word_1_300' title='bbox 2327 1702 2378 1756; x_wconf 81' lang='lat' dir='ltr'><strong>l.</strong></span> <span class='ocrx_word' id='word_1_301' title='bbox 2424 1702 2478 1755; x_wconf 89' lang='lat' dir='ltr'><strong>In</strong></span> <span class='ocrx_word' id='word_1_302' title='bbox 2509 1700 2592 1753; x_wconf 88' lang='lat' dir='ltr'><strong>illa</strong></span> <span class='ocrx_word' id='word_1_303' title='bbox 2617 1699 2704 1755; x_wconf 90' lang='lat' dir='ltr'><strong>die</strong></span> <span class='ocrx_word' id='word_1_304' title='bbox 2728 1715 2819 1755; x_wconf 87' lang='lat' dir='ltr'><strong>ac-</strong></span> 
     </span>
    </p>
   </div>
   <div class='ocr_carea' id='block_1_102' title="bbox 2254 1772 2802 1841">
    <p class='ocr_par' dir='ltr' id='par_1_102' title="bbox 2254 1772 2802 1841">
     <span class='ocr_line' id='line_1_102' title="bbox 2254 1772 2802 1841; baseline -0.004 -12"><span class='ocrx_word' id='word_1_305' title='bbox 2254 1781 2534 1829; x_wconf 88' lang='lat' dir='ltr'><strong>cesserunt</strong></span> <span class='ocrx_word' id='word_1_306' title='bbox 2552 1772 2802 1841; x_wconf 86' lang='lat' dir='ltr'><strong>discipuli</strong></span> 
     </span>
    </p>
   </div>
   <div class='ocr_carea' id='block_1_103' title="bbox 2253 1843 2765 1908">
    <p class='ocr_par' dir='ltr' id='par_1_103' title="bbox 2253 1843 2765 1908">
     <span class='ocr_line' id='line_1_103' title="bbox 2253 1843 2765 1908; baseline -0.008 -9"><span class='ocrx_word' id='word_1_307' title='bbox 2253 1844 2319 1899; x_wconf 89' lang='lat' dir='ltr'><strong>ad</strong></span> <span class='ocrx_word' id='word_1_308' title='bbox 2346 1843 2551 1908; x_wconf 89' lang='lat' dir='ltr'><strong>Jesum,</strong></span> <span class='ocrx_word' id='word_1_309' title='bbox 2580 1843 2765 1899; x_wconf 60' lang='lat' dir='ltr'><strong>dicen-</strong></span> 
     </span>
    </p>
   </div>
   <div class='ocr_carea' id='block_1_104' title="bbox 2255 1915 2748 1985">
    <p class='ocr_par' dir='ltr' id='par_1_104' title="bbox 2255 1915 2748 1985">
     <span class='ocr_line' id='line_1_104' title="bbox 2255 1915 2748 1985; baseline 0.002 -15"><span class='ocrx_word' id='word_1_310' title='bbox 2255 1926 2337 1971; x_wconf 92' lang='lat' dir='ltr'><strong>tes</strong></span> <span class='ocrx_word' id='word_1_311' title='bbox 2368 1934 2379 1969; x_wconf 91' lang='lat'>:</span> <span class='ocrx_word' id='word_1_312' title='bbox 2410 1916 2542 1981; x_wconf 83' lang='lat' dir='ltr'><strong>Quis</strong></span> <span class='ocrx_word' id='word_1_313' title='bbox 2565 1915 2748 1985; x_wconf 82' lang='lat' dir='ltr'><strong>utique</strong></span> 
     </span>
    </p>
   </div>
   <div class='ocr_carea' id='block_1_105' title="bbox 2252 1986 2615 2056">
    <p class='ocr_par' dir='ltr' id='par_1_105' title="bbox 2252 1986 2615 2056">
     <span class='ocr_line' id='line_1_105' title="bbox 2252 1986 2615 2056; baseline -0.014 -13"><span class='ocrx_word' id='word_1_314' title='bbox 2252 1987 2425 2056; x_wconf 89' lang='lat' dir='ltr'><strong>major</strong></span> <span class='ocrx_word' id='word_1_315' title='bbox 2453 1996 2535 2042; x_wconf 90' lang='lat' dir='ltr'><strong>est</strong></span> <span class='ocrx_word' id='word_1_316' title='bbox 2561 1986 2615 2040; x_wconf 89' lang='lat' dir='ltr'><strong>in</strong></span> 
     </span>
    </p>
   </div>
   <div class='ocr_carea' id='block_1_106' title="bbox 2252 2058 2753 2127">
    <p class='ocr_par' dir='ltr' id='par_1_106' title="bbox 2252 2058 2753 2127">
     <span class='ocr_line' id='line_1_106' title="bbox 2252 2058 2753 2127; baseline -0.01 -12"><span class='ocrx_word' id='word_1_317' title='bbox 2252 2075 2419 2127; x_wconf 79' lang='lat' dir='ltr'><strong>regno</strong></span> <span class='ocrx_word' id='word_1_318' title='bbox 2439 2058 2753 2115; x_wconf 86' lang='lat' dir='ltr'><strong>caelorum?</strong></span> 
     </span>
    </p>
   </div>
   <div class='ocr_carea' id='block_1_107' title="bbox 2250 2129 2784 2195">
    <p class='ocr_par' dir='ltr' id='par_1_107' title="bbox 2250 2129 2784 2195">
     <span class='ocr_line' id='line_1_107' title="bbox 2250 2129 2784 2195; baseline 0 -10"><span class='ocrx_word' id='word_1_319' title='bbox 2250 2131 2305 2185; x_wconf 73' lang='lat'><strong>2.</strong></span> <span class='ocrx_word' id='word_1_320' title='bbox 2348 2129 2415 2184; x_wconf 89' lang='lat' dir='ltr'><strong>Et</strong></span> <span class='ocrx_word' id='word_1_321' title='bbox 2444 2130 2784 2195; x_wconf 85' lang='lat' dir='ltr'><strong>Jesusvoca-</strong></span> 
     </span>
    </p>
   </div>
   <div class='ocr_carea' id='block_1_108' title="bbox 2252 2202 2688 2272">
    <p class='ocr_par' dir='ltr' id='par_1_108' title="bbox 2252 2202 2688 2272">
     <span class='ocr_line' id='line_1_108' title="bbox 2252 2202 2688 2272; baseline -0.005 -14"><span class='ocrx_word' id='word_1_322' title='bbox 2252 2202 2332 2258; x_wconf 94' lang='lat' dir='ltr'><strong>bit</strong></span> <span class='ocrx_word' id='word_1_323' title='bbox 2352 2216 2601 2272; x_wconf 85' lang='lat' dir='ltr'><strong>puerum,</strong></span> <span class='ocrx_word' id='word_1_324' title='bbox 2628 2210 2688 2256; x_wconf 90' lang='grc' dir='ltr'><strong>ει</strong></span> 
     </span>
    </p>
   </div>
   <div class='ocr_carea' id='block_1_109' title="bbox 2250 2274 2658 2329">
    <p class='ocr_par' dir='ltr' id='par_1_109' title="bbox 2250 2274 2658 2329">
     <span class='ocr_line' id='line_1_109' title="bbox 2250 2274 2658 2329; baseline -0.015 0"><span class='ocrx_word' id='word_1_325' title='bbox 2250 2275 2437 2329; x_wconf 83' lang='lat' dir='ltr'><strong>statuit</strong></span> <span class='ocrx_word' id='word_1_326' title='bbox 2459 2288 2580 2328; x_wconf 91' lang='lat' dir='ltr'><strong>eum</strong></span> <span class='ocrx_word' id='word_1_327' title='bbox 2606 2274 2658 2324; x_wconf 92' lang='lat' dir='ltr'><strong>in</strong></span> 
     </span>
    </p>
   </div>
   <div class='ocr_carea' id='block_1_110' title="bbox 2252 2346 2674 2409">
    <p class='ocr_par' dir='ltr' id='par_1_110' title="bbox 2252 2346 2674 2409">
     <span class='ocr_line' id='line_1_110' title="bbox 2252 2346 2674 2409; baseline -0.007 -10"><span class='ocrx_word' id='word_1_328' title='bbox 2252 2346 2434 2400; x_wconf 88' lang='lat' dir='ltr'><strong>medio</strong></span> <span class='ocrx_word' id='word_1_329' title='bbox 2459 2360 2674 2409; x_wconf 87' lang='lat' dir='ltr'><strong>eorum,</strong></span> 
     </span>
    </p>
   </div>
   <div class='ocr_carea' id='block_1_111' title="bbox 2249 2416 2801 2472">
    <p class='ocr_par' dir='ltr' id='par_1_111' title="bbox 2249 2416 2801 2472">
     <span class='ocr_line' id='line_1_111' title="bbox 2249 2416 2801 2472; baseline -0.009 -1"><span class='ocrx_word' id='word_1_330' title='bbox 2249 2416 2305 2472; x_wconf 83' lang='grc'><strong>5.</strong></span> <span class='ocrx_word' id='word_1_331' title='bbox 2347 2426 2402 2471; x_wconf 88' lang='grc' dir='ltr'><strong>ει</strong></span> <span class='ocrx_word' id='word_1_332' title='bbox 2426 2416 2560 2469; x_wconf 81' lang='lat' dir='ltr'><strong>dixit</strong></span> <span class='ocrx_word' id='word_1_333' title='bbox 2588 2432 2600 2467; x_wconf 89' lang='lat'><strong>:</strong></span> <span class='ocrx_word' id='word_1_334' title='bbox 2628 2418 2801 2469; x_wconf 80' lang='lat' dir='ltr'><strong>Amen</strong></span> 
     </span>
    </p>
   </div>
   <div class='ocr_carea' id='block_1_112' title="bbox 2249 2486 2495 2542">
    <p class='ocr_par' dir='ltr' id='par_1_112' title="bbox 2249 2486 2495 2542">
     <span class='ocr_line' id='line_1_112' title="bbox 2249 2486 2495 2542; baseline -0.008 -1"><span class='ocrx_word' id='word_1_335' title='bbox 2249 2486 2373 2542; x_wconf 73' lang='lat' dir='ltr'><strong>dico</strong></span> <span class='ocrx_word' id='word_1_336' title='bbox 2402 2501 2495 2539; x_wconf 79' lang='lat' dir='ltr'><strong>vo-</strong></span> 
     </span>
    </p>
   </div>
   <div class='ocr_carea' id='block_1_113' title="bbox 2248 2557 2645 2625">
    <p class='ocr_par' dir='ltr' id='par_1_113' title="bbox 2248 2557 2645 2625">
     <span class='ocr_line' id='line_1_113' title="bbox 2248 2557 2645 2625; baseline -0.005 -14"><span class='ocrx_word' id='word_1_337' title='bbox 2248 2558 2353 2625; x_wconf 86' lang='lat' dir='ltr'><strong>bis,</strong></span> <span class='ocrx_word' id='word_1_338' title='bbox 2387 2557 2487 2611; x_wconf 82' lang='lat' dir='ltr'><strong>nisi</strong></span> <span class='ocrx_word' id='word_1_339' title='bbox 2516 2572 2645 2611; x_wconf 89' lang='lat' dir='ltr'><strong>cou-</strong></span> 
     </span>
    </p>
   </div>
   <div class='ocr_carea' id='block_1_114' title="bbox 2252 2628 2651 2692">
    <p class='ocr_par' dir='ltr' id='par_1_114' title="bbox 2252 2628 2651 2692">
     <span class='ocr_line' id='line_1_114' title="bbox 2252 2628 2651 2692; baseline 0 -10"><span class='ocrx_word' id='word_1_340' title='bbox 2252 2628 2397 2685; x_wconf 86' lang='lat' dir='ltr'><strong>vcrsi</strong></span> <span class='ocrx_word' id='word_1_341' title='bbox 2426 2628 2651 2692; x_wconf 84' lang='lat' dir='ltr'><strong>fueritis,</strong></span> 
     </span>
    </p>
   </div>
   <div class='ocr_carea' id='block_1_115' title="bbox 2248 2699 2642 2755">
    <p class='ocr_par' dir='ltr' id='par_1_115' title="bbox 2248 2699 2642 2755">
     <span class='ocr_line' id='line_1_115' title="bbox 2248 2699 2642 2755; baseline -0.003 -2"><span class='ocrx_word' id='word_1_342' title='bbox 2248 2713 2303 2753; x_wconf 90' lang='lat' dir='ltr'><strong>et</strong></span> <span class='ocrx_word' id='word_1_343' title='bbox 2332 2699 2642 2755; x_wconf 80' lang='lat' dir='ltr'><strong>el‘liciamiui</strong></span> 
     </span>
    </p>
   </div>
   <div class='ocr_carea' id='block_1_116' title="bbox 2248 2771 2589 2842">
    <p class='ocr_par' dir='ltr' id='par_1_116' title="bbox 2248 2771 2589 2842">
     <span class='ocr_line' id='line_1_116' title="bbox 2248 2771 2589 2842; baseline 0 -17"><span class='ocrx_word' id='word_1_344' title='bbox 2248 2773 2387 2827; x_wconf 88' lang='lat' dir='ltr'><strong>sicut</strong></span> <span class='ocrx_word' id='word_1_345' title='bbox 2412 2771 2589 2842; x_wconf 90' lang='lat' dir='ltr'><strong>pueri,</strong></span> 
     </span>
    </p>
   </div>
   <div class='ocr_carea' id='block_1_117' title="bbox 2249 2842 2656 2897">
    <p class='ocr_par' dir='ltr' id='par_1_117' title="bbox 2249 2842 2656 2897">
     <span class='ocr_line' id='line_1_117' title="bbox 2249 2842 2656 2897; baseline -0.002 -1"><span class='ocrx_word' id='word_1_346' title='bbox 2249 2858 2357 2897; x_wconf 91' lang='lat' dir='ltr'><strong>non</strong></span> <span class='ocrx_word' id='word_1_347' title='bbox 2388 2842 2656 2897; x_wconf 88' lang='lat' dir='ltr'><strong>intrabitis</strong></span> 
     </span>
    </p>
   </div>
   <div class='ocr_carea' id='block_1_118' title="bbox 2250 2915 2649 2985">
    <p class='ocr_par' dir='ltr' id='par_1_118' title="bbox 2250 2915 2649 2985">
     <span class='ocr_line' id='line_1_118' title="bbox 2250 2915 2649 2985; baseline 0.005 -18"><span class='ocrx_word' id='word_1_348' title='bbox 2250 2915 2303 2967; x_wconf 93' lang='lat' dir='ltr'><strong>in</strong></span> <span class='ocrx_word' id='word_1_349' title='bbox 2337 2930 2503 2985; x_wconf 88' lang='lat' dir='ltr'><strong>regno</strong></span> <span class='ocrx_word' id='word_1_350' title='bbox 2524 2928 2649 2969; x_wconf 85' lang='lat' dir='ltr'><strong>cae—</strong></span> 
     </span>
    </p>
   </div>
   <div class='ocr_carea' id='block_1_119' title="bbox 2200 2985 2446 3040">
    <p class='ocr_par' dir='ltr' id='par_1_119' title="bbox 2200 2985 2446 3040">
     <span class='ocr_line' id='line_1_119' title="bbox 2200 2985 2446 3040; baseline 0.004 -1"><span class='ocrx_word' id='word_1_351' title='bbox 2200 2992 2205 3003; x_wconf 88' lang='lat'><em>&#39;</em></span> <span class='ocrx_word' id='word_1_352' title='bbox 2247 2985 2446 3040; x_wconf 91' lang='lat' dir='ltr'><strong>lorum.</strong></span> 
     </span>
    </p>
   </div>
   <div class='ocr_carea' id='block_1_120' title="bbox 2245 3056 2832 3139">
    <p class='ocr_par' dir='ltr' id='par_1_120' title="bbox 2245 3056 2832 3139">
     <span class='ocr_line' id='line_1_120' title="bbox 2245 3056 2832 3139; baseline 0.002 -28"><span class='ocrx_word' id='word_1_353' title='bbox 2245 3056 2302 3139; x_wconf 55' lang='lat' dir='ltr'><strong>ft.</strong></span> <span class='ocrx_word' id='word_1_354' title='bbox 2336 3058 2670 3139; x_wconf 67' lang='lat' dir='ltr'><strong>Quicumque</strong></span> <span class='ocrx_word' id='word_1_355' title='bbox 2702 3068 2832 3125; x_wconf 88' lang='lat' dir='ltr'><strong>ergo</strong></span> 
     </span>
    </p>
   </div>
   <div class='ocr_carea' id='block_1_121' title="bbox 2246 3127 2702 3210">
    <p class='ocr_par' dir='ltr' id='par_1_121' title="bbox 2246 3127 2702 3210">
     <span class='ocr_line' id='line_1_121' title="bbox 2246 3127 2702 3210; baseline 0 -28"><span class='ocrx_word' id='word_1_356' title='bbox 2246 3127 2617 3210; x_wconf 72' lang='lat' dir='ltr'><strong>h_tttttiliaberit</strong></span> <span class='ocrx_word' id='word_1_357' title='bbox 2643 3141 2702 3183; x_wconf 89' lang='lat' dir='ltr'><strong>se</strong></span> 
     </span>
    </p>
   </div>
   <div class='ocr_carea' id='block_1_122' title="bbox 2245 3209 2695 3269">
    <p class='ocr_par' dir='ltr' id='par_1_122' title="bbox 2245 3209 2695 3269">
     <span class='ocr_line' id='line_1_122' title="bbox 2245 3209 2695 3269; baseline 0 -16"><span class='ocrx_word' id='word_1_358' title='bbox 2245 3209 2387 3254; x_wconf 79' lang='lat' dir='ltr'><strong>SlClll</strong></span> <span class='ocrx_word' id='word_1_359' title='bbox 2413 3216 2543 3269; x_wconf 91' lang='lat' dir='ltr'><strong>puer</strong></span> <span class='ocrx_word' id='word_1_360' title='bbox 2572 3209 2695 3263; x_wconf 87' lang='lat' dir='ltr'><strong>iste,</strong></span> 
     </span>
    </p>
   </div>
   <div class='ocr_carea' id='block_1_123' title="bbox 2180 3270 2669 3341">
    <p class='ocr_par' dir='ltr' id='par_1_123' title="bbox 2180 3270 2669 3341">
     <span class='ocr_line' id='line_1_123' title="bbox 2180 3270 2669 3341; baseline -0.004 -16"><span class='ocrx_word' id='word_1_361' title='bbox 2180 3286 2187 3293; x_wconf 83' lang='lat'><strong><em>&#39;</em></strong></span> <span class='ocrx_word' id='word_1_362' title='bbox 2247 3270 2337 3325; x_wconf 90' lang='lat' dir='ltr'><strong>ltic</strong></span> <span class='ocrx_word' id='word_1_363' title='bbox 2365 3272 2536 3341; x_wconf 83' lang='lat' dir='ltr'><strong>major</strong></span> <span class='ocrx_word' id='word_1_364' title='bbox 2565 3272 2669 3325; x_wconf 90' lang='lat' dir='ltr'><strong>erit</strong></span> 
     </span>
    </p>
   </div>
   <div class='ocr_carea' id='block_1_124' title="bbox 2244 3341 2709 3413">
    <p class='ocr_par' dir='ltr' id='par_1_124' title="bbox 2244 3341 2709 3413">
     <span class='ocr_line' id='line_1_124' title="bbox 2244 3341 2709 3413; baseline 0.002 -18"><span class='ocrx_word' id='word_1_365' title='bbox 2244 3341 2301 3395; x_wconf 87' lang='lat' dir='ltr'><strong>in</strong></span> <span class='ocrx_word' id='word_1_366' title='bbox 2331 3359 2500 3413; x_wconf 83' lang='lat' dir='ltr'><strong>regno</strong></span> <span class='ocrx_word' id='word_1_367' title='bbox 2529 3342 2709 3398; x_wconf 84' lang='lat' dir='ltr'><strong>caelo—</strong></span> 
     </span>
    </p>
   </div>
   <div class='ocr_carea' id='block_1_125' title="bbox 3086 479 3523 564">
    <p class='ocr_par' dir='ltr' id='par_1_125' title="bbox 3086 479 3523 564">
     <span class='ocr_line' id='line_1_125' title="bbox 3086 479 3523 564; baseline -0.002 -29"><span class='ocrx_word' id='word_1_368' title='bbox 3086 481 3137 535; x_wconf 84' lang='lat'><strong>5.</strong></span> <span class='ocrx_word' id='word_1_369' title='bbox 3168 482 3402 564; x_wconf 42' lang='lat' dir='ltr'><strong>runt..Et</strong></span> <span class='ocrx_word' id='word_1_370' title='bbox 3431 479 3523 549; x_wconf 88' lang='lat' dir='ltr'><strong>qui</strong></span> 
     </span>
    </p>
   </div>
   <div class='ocr_carea' id='block_1_126' title="bbox 3082 564 3547 620">
    <p class='ocr_par' dir='ltr' id='par_1_126' title="bbox 3082 564 3547 620">
     <span class='ocr_line' id='line_1_126' title="bbox 3082 564 3547 620; baseline -0.009 -11"><span class='ocrx_word' id='word_1_371' title='bbox 3082 564 3353 620; x_wconf 87' lang='lat' dir='ltr'><strong>acceperit</strong></span> <span class='ocrx_word' id='word_1_372' title='bbox 3380 567 3547 606; x_wconf 92' lang='lat' dir='ltr'><strong>unum</strong></span> 
     </span>
    </p>
   </div>
   <div class='ocr_carea' id='block_1_127' title="bbox 3086 625 3503 692">
    <p class='ocr_par' dir='ltr' id='par_1_127' title="bbox 3086 625 3503 692">
     <span class='ocr_line' id='line_1_127' title="bbox 3086 625 3503 692; baseline -0.002 -13"><span class='ocrx_word' id='word_1_373' title='bbox 3086 640 3310 692; x_wconf 89' lang='lat' dir='ltr'><strong>puerum</strong></span> <span class='ocrx_word' id='word_1_374' title='bbox 3342 625 3503 679; x_wconf 81' lang='lat' dir='ltr'><strong>talem</strong></span> 
     </span>
    </p>
   </div>
   <div class='ocr_carea' id='block_1_128' title="bbox 3083 697 3386 751">
    <p class='ocr_par' dir='ltr' id='par_1_128' title="bbox 3083 697 3386 751">
     <span class='ocr_line' id='line_1_128' title="bbox 3083 697 3386 751; baseline -0.01 0"><span class='ocrx_word' id='word_1_375' title='bbox 3083 697 3137 751; x_wconf 84' lang='lat' dir='ltr'><strong>iit</strong></span> <span class='ocrx_word' id='word_1_376' title='bbox 3172 697 3386 750; x_wconf 86' lang='lat' dir='ltr'><strong>nomine</strong></span> 
     </span>
    </p>
   </div>
   <div class='ocr_carea' id='block_1_129' title="bbox 3083 766 3581 836">
    <p class='ocr_par' dir='ltr' id='par_1_129' title="bbox 3083 766 3581 836">
     <span class='ocr_line' id='line_1_129' title="bbox 3083 766 3581 836; baseline -0.004 -15"><span class='ocrx_word' id='word_1_377' title='bbox 3083 783 3226 833; x_wconf 91' lang='lat' dir='ltr'><strong>meo,</strong></span> <span class='ocrx_word' id='word_1_378' title='bbox 3255 784 3339 822; x_wconf 90' lang='lat' dir='ltr'><strong>me</strong></span> <span class='ocrx_word' id='word_1_379' title='bbox 3364 766 3581 836; x_wconf 87' lang='lat' dir='ltr'><strong>accipit.</strong></span> 
     </span>
    </p>
   </div>
   <div class='ocr_carea' id='block_1_130' title="bbox 3084 838 3673 907">
    <p class='ocr_par' dir='ltr' id='par_1_130' title="bbox 3084 838 3673 907">
     <span class='ocr_line' id='line_1_130' title="bbox 3084 838 3673 907; baseline 0.005 -14"><span class='ocrx_word' id='word_1_380' title='bbox 3084 838 3136 893; x_wconf 85' lang='lat'><strong>6.</strong></span> <span class='ocrx_word' id='word_1_381' title='bbox 3171 839 3272 907; x_wconf 86' lang='lat' dir='ltr'><strong>Qui</strong></span> <span class='ocrx_word' id='word_1_382' title='bbox 3298 848 3477 893; x_wconf 88' lang='lat' dir='ltr'><strong>autem</strong></span> <span class='ocrx_word' id='word_1_383' title='bbox 3506 852 3673 896; x_wconf 82' lang='lat' dir='ltr'><strong>scan-</strong></span> 
     </span>
    </p>
   </div>
   <div class='ocr_carea' id='block_1_131' title="bbox 3084 910 3471 965">
    <p class='ocr_par' dir='ltr' id='par_1_131' title="bbox 3084 910 3471 965">
     <span class='ocr_line' id='line_1_131' title="bbox 3084 910 3471 965; baseline 0.003 -1"><span class='ocrx_word' id='word_1_384' title='bbox 3084 910 3281 964; x_wconf 87' lang='lat' dir='ltr'><strong>dalizat</strong></span> <span class='ocrx_word' id='word_1_385' title='bbox 3309 926 3471 965; x_wconf 91' lang='lat' dir='ltr'><strong>unum</strong></span> 
     </span>
    </p>
   </div>
   <div class='ocr_carea' id='block_1_132' title="bbox 3084 981 3559 1051">
    <p class='ocr_par' dir='ltr' id='par_1_132' title="bbox 3084 981 3559 1051">
     <span class='ocr_line' id='line_1_132' title="bbox 3084 981 3559 1051; baseline -0.002 -13"><span class='ocrx_word' id='word_1_386' title='bbox 3084 981 3151 1038; x_wconf 92' lang='lat' dir='ltr'><strong>de</strong></span> <span class='ocrx_word' id='word_1_387' title='bbox 3184 981 3390 1051; x_wconf 86' lang='lat' dir='ltr'><strong>pusillis</strong></span> <span class='ocrx_word' id='word_1_388' title='bbox 3419 983 3559 1047; x_wconf 85' lang='lat' dir='ltr'><strong>istis.</strong></span> 
     </span>
    </p>
   </div>
   <div class='ocr_carea' id='block_1_133' title="bbox 3123 1068 3521 1109">
    <p class='ocr_par' dir='ltr' id='par_1_133' title="bbox 3123 1068 3521 1109">
     <span class='ocr_line' id='line_1_133' title="bbox 3123 1068 3521 1109; baseline 0.008 -3"><span class='ocrx_word' id='word_1_389' title='bbox 3123 1070 3171 1107; x_wconf 86' lang='lat' dir='ltr'><strong>UI</strong></span> <span class='ocrx_word' id='word_1_390' title='bbox 3204 1070 3253 1106; x_wconf 85' lang='grc' dir='ltr'><strong>ΙΙΙ</strong></span> <span class='ocrx_word' id='word_1_391' title='bbox 3288 1068 3374 1107; x_wconf 89' lang='lat' dir='ltr'><strong>me</strong></span> <span class='ocrx_word' id='word_1_392' title='bbox 3401 1070 3521 1109; x_wconf 85' lang='lat' dir='ltr'><strong>cre-</strong></span> 
     </span>
    </p>
   </div>
   <div class='ocr_carea' id='block_1_134' title="bbox 3128 1126 3493 1194">
    <p class='ocr_par' dir='ltr' id='par_1_134' title="bbox 3128 1126 3493 1194">
     <span class='ocr_line' id='line_1_134' title="bbox 3128 1126 3493 1194; baseline 0.005 -17"><span class='ocrx_word' id='word_1_393' title='bbox 3128 1135 3241 1191; x_wconf 90' lang='lat' dir='ltr'><strong>unt,</strong></span> <span class='ocrx_word' id='word_1_394' title='bbox 3274 1126 3493 1194; x_wconf 80' lang='lat' dir='ltr'><strong>expedit</strong></span> 
     </span>
    </p>
   </div>
   <div class='ocr_carea' id='block_1_135' title="bbox 3085 1196 3541 1265">
    <p class='ocr_par' dir='ltr' id='par_1_135' title="bbox 3085 1196 3541 1265">
     <span class='ocr_line' id='line_1_135' title="bbox 3085 1196 3541 1265; baseline 0.004 -15"><span class='ocrx_word' id='word_1_395' title='bbox 3085 1196 3133 1250; x_wconf 91' lang='lat' dir='ltr'><strong>ei</strong></span> <span class='ocrx_word' id='word_1_396' title='bbox 3164 1204 3220 1250; x_wconf 92' lang='lat' dir='ltr'><strong>ut</strong></span> <span class='ocrx_word' id='word_1_397' title='bbox 3240 1197 3541 1265; x_wconf 85' lang='lat' dir='ltr'><strong>suspenda-</strong></span> 
     </span>
    </p>
   </div>
   <div class='ocr_carea' id='block_1_136' title="bbox 3086 1268 3546 1324">
    <p class='ocr_par' dir='ltr' id='par_1_136' title="bbox 3086 1268 3546 1324">
     <span class='ocr_line' id='line_1_136' title="bbox 3086 1268 3546 1324; baseline 0.007 -3"><span class='ocrx_word' id='word_1_398' title='bbox 3086 1275 3173 1322; x_wconf 91' lang='lat' dir='ltr'><strong>tur</strong></span> <span class='ocrx_word' id='word_1_399' title='bbox 3202 1268 3343 1321; x_wconf 88' lang='lat' dir='ltr'><strong>mola</strong></span> <span class='ocrx_word' id='word_1_400' title='bbox 3371 1268 3546 1324; x_wconf 81' lang='lat' dir='ltr'><strong>asina-</strong></span> 
     </span>
    </p>
   </div>
   <div class='ocr_carea' id='block_1_137' title="bbox 3085 1338 3424 1393">
    <p class='ocr_par' dir='ltr' id='par_1_137' title="bbox 3085 1338 3424 1393">
     <span class='ocr_line' id='line_1_137' title="bbox 3085 1338 3424 1393; baseline -0.003 0"><span class='ocrx_word' id='word_1_401' title='bbox 3085 1339 3164 1393; x_wconf 89' lang='lat' dir='ltr'><strong>ria</strong></span> <span class='ocrx_word' id='word_1_402' title='bbox 3196 1340 3248 1393; x_wconf 90' lang='lat' dir='ltr'><strong>in</strong></span> <span class='ocrx_word' id='word_1_403' title='bbox 3279 1338 3424 1393; x_wconf 91' lang='lat' dir='ltr'><strong>collo</strong></span> 
     </span>
    </p>
   </div>
   <div class='ocr_carea' id='block_1_138' title="bbox 3084 1409 3551 1479">
    <p class='ocr_par' dir='ltr' id='par_1_138' title="bbox 3084 1409 3551 1479">
     <span class='ocr_line' id='line_1_138' title="bbox 3084 1409 3551 1479; baseline 0 -15"><span class='ocrx_word' id='word_1_404' title='bbox 3084 1409 3224 1479; x_wconf 89' lang='lat' dir='ltr'><strong>ejus,</strong></span> <span class='ocrx_word' id='word_1_405' title='bbox 3252 1420 3307 1465; x_wconf 93' lang='lat' dir='ltr'><strong>et</strong></span> <span class='ocrx_word' id='word_1_406' title='bbox 3340 1410 3551 1467; x_wconf 81' lang='lat' dir='ltr'><strong>demer-</strong></span> 
     </span>
    </p>
   </div>
   <div class='ocr_carea' id='block_1_139' title="bbox 3086 1482 3582 1551">
    <p class='ocr_par' dir='ltr' id='par_1_139' title="bbox 3086 1482 3582 1551">
     <span class='ocr_line' id='line_1_139' title="bbox 3086 1482 3582 1551; baseline 0.006 -16"><span class='ocrx_word' id='word_1_407' title='bbox 3086 1492 3242 1551; x_wconf 87' lang='lat' dir='ltr'><strong>gatur</strong></span> <span class='ocrx_word' id='word_1_408' title='bbox 3273 1482 3324 1535; x_wconf 91' lang='lat' dir='ltr'><strong>in</strong></span> <span class='ocrx_word' id='word_1_409' title='bbox 3360 1482 3582 1550; x_wconf 85' lang='lat' dir='ltr'><strong>profun-</strong></span> 
     </span>
    </p>
   </div>
   <div class='ocr_carea' id='block_1_140' title="bbox 3086 1552 3430 1609">
    <p class='ocr_par' dir='ltr' id='par_1_140' title="bbox 3086 1552 3430 1609">
     <span class='ocr_line' id='line_1_140' title="bbox 3086 1552 3430 1609; baseline 0.009 -3"><span class='ocrx_word' id='word_1_410' title='bbox 3086 1552 3213 1607; x_wconf 91' lang='lat' dir='ltr'><strong>dum</strong></span> <span class='ocrx_word' id='word_1_411' title='bbox 3243 1554 3430 1609; x_wconf 87' lang='lat' dir='ltr'><strong>maris.</strong></span> 
     </span>
    </p>
   </div>
   <div class='ocr_carea' id='block_1_141' title="bbox 3089 1624 3494 1680">
    <p class='ocr_par' dir='ltr' id='par_1_141' title="bbox 3089 1624 3494 1680">
     <span class='ocr_line' id='line_1_141' title="bbox 3089 1624 3494 1680; baseline 0.005 -3"><span class='ocrx_word' id='word_1_412' title='bbox 3089 1624 3138 1677; x_wconf 88' lang='lat'><strong>7.</strong></span> <span class='ocrx_word' id='word_1_413' title='bbox 3174 1624 3283 1678; x_wconf 89' lang='lat' dir='ltr'><strong>Vae</strong></span> <span class='ocrx_word' id='word_1_414' title='bbox 3312 1634 3494 1680; x_wconf 83' lang='lat' dir='ltr'><strong>autent</strong></span> 
     </span>
    </p>
   </div>
   <div class='ocr_carea' id='block_1_142' title="bbox 3094 1694 3454 1751">
    <p class='ocr_par' dir='ltr' id='par_1_142' title="bbox 3094 1694 3454 1751">
     <span class='ocr_line' id='line_1_142' title="bbox 3094 1694 3454 1751; baseline 0.006 -3"><span class='ocrx_word' id='word_1_415' title='bbox 3094 1694 3220 1750; x_wconf 84' lang='lat' dir='ltr'><strong>huic</strong></span> <span class='ocrx_word' id='word_1_416' title='bbox 3254 1697 3454 1751; x_wconf 84' lang='lat' dir='ltr'><strong>nmndo</strong></span> 
     </span>
    </p>
   </div>
   <div class='ocr_carea' id='block_1_143' title="bbox 3089 1766 3472 1823">
    <p class='ocr_par' dir='ltr' id='par_1_143' title="bbox 3089 1766 3472 1823">
     <span class='ocr_line' id='line_1_143' title="bbox 3089 1766 3472 1823; baseline -0.003 -2"><span class='ocrx_word' id='word_1_417' title='bbox 3089 1766 3158 1822; x_wconf 87' lang='lat' dir='ltr'><strong>ab</strong></span> <span class='ocrx_word' id='word_1_418' title='bbox 3188 1768 3472 1823; x_wconf 83' lang='lat' dir='ltr'><strong>scandatis.</strong></span> 
     </span>
    </p>
   </div>
   <div class='ocr_carea' id='block_1_144' title="bbox 3088 1838 3433 1894">
    <p class='ocr_par' dir='ltr' id='par_1_144' title="bbox 3088 1838 3433 1894">
     <span class='ocr_line' id='line_1_144' title="bbox 3088 1838 3433 1894; baseline 0 0"><span class='ocrx_word' id='word_1_419' title='bbox 3088 1838 3322 1894; x_wconf 83' lang='lat' dir='ltr'><strong>Necesse</strong></span> <span class='ocrx_word' id='word_1_420' title='bbox 3347 1847 3433 1894; x_wconf 81' lang='lat' dir='ltr'><strong>est</strong></span> 
     </span>
    </p>
   </div>
   <div class='ocr_carea' id='block_1_145' title="bbox 3090 1910 3461 1966">
    <p class='ocr_par' dir='ltr' id='par_1_145' title="bbox 3090 1910 3461 1966">
     <span class='ocr_line' id='line_1_145' title="bbox 3090 1910 3461 1966; baseline 0.003 -1"><span class='ocrx_word' id='word_1_421' title='bbox 3090 1910 3235 1966; x_wconf 91' lang='lat' dir='ltr'><strong>enim</strong></span> <span class='ocrx_word' id='word_1_422' title='bbox 3273 1911 3461 1966; x_wconf 84' lang='lat' dir='ltr'><strong>venire</strong></span> 
     </span>
    </p>
   </div>
   <div class='ocr_carea' id='block_1_146' title="bbox 3088 1982 3627 2037">
    <p class='ocr_par' dir='ltr' id='par_1_146' title="bbox 3088 1982 3627 2037">
     <span class='ocr_line' id='line_1_146' title="bbox 3088 1982 3627 2037; baseline 0 0"><span class='ocrx_word' id='word_1_423' title='bbox 3088 1982 3340 2037; x_wconf 83' lang='lat' dir='ltr'><strong>sc:tndala</strong></span> <span class='ocrx_word' id='word_1_424' title='bbox 3363 2001 3373 2034; x_wconf 90' lang='lat'>:</span> <span class='ocrx_word' id='word_1_425' title='bbox 3407 1998 3627 2037; x_wconf 80' lang='lat' dir='ltr'><strong>verum—</strong></span> 
     </span>
    </p>
   </div>
   <div class='ocr_carea' id='block_1_147' title="bbox 3091 2054 3534 2111">
    <p class='ocr_par' dir='ltr' id='par_1_147' title="bbox 3091 2054 3534 2111">
     <span class='ocr_line' id='line_1_147' title="bbox 3091 2054 3534 2111; baseline 0.009 -4"><span class='ocrx_word' id='word_1_426' title='bbox 3091 2064 3269 2108; x_wconf 89' lang='lat' dir='ltr'><strong>tamen</strong></span> <span class='ocrx_word' id='word_1_427' title='bbox 3303 2068 3401 2109; x_wconf 82' lang='lat' dir='ltr'><strong>vae</strong></span> <span class='ocrx_word' id='word_1_428' title='bbox 3436 2054 3534 2111; x_wconf 84' lang='lat' dir='ltr'><strong>lto-</strong></span> 
     </span>
    </p>
   </div>
   <div class='ocr_carea' id='block_1_148' title="bbox 3088 2124 3478 2195">
    <p class='ocr_par' dir='ltr' id='par_1_148' title="bbox 3088 2124 3478 2195">
     <span class='ocr_line' id='line_1_148' title="bbox 3088 2124 3478 2195; baseline 0.003 -16"><span class='ocrx_word' id='word_1_429' title='bbox 3088 2126 3219 2181; x_wconf 90' lang='lat' dir='ltr'><strong>mini</strong></span> <span class='ocrx_word' id='word_1_430' title='bbox 3252 2124 3347 2189; x_wconf 88' lang='lat' dir='ltr'><strong>illi,</strong></span> <span class='ocrx_word' id='word_1_431' title='bbox 3381 2141 3478 2195; x_wconf 91' lang='lat' dir='ltr'><strong>per</strong></span> 
     </span>
    </p>
   </div>
   <div class='ocr_carea' id='block_1_149' title="bbox 3089 2197 3613 2265">
    <p class='ocr_par' dir='ltr' id='par_1_149' title="bbox 3089 2197 3613 2265">
     <span class='ocr_line' id='line_1_149' title="bbox 3089 2197 3613 2265; baseline 0.004 -14"><span class='ocrx_word' id='word_1_432' title='bbox 3089 2212 3251 2265; x_wconf 82' lang='lat' dir='ltr'><strong>quem</strong></span> <span class='ocrx_word' id='word_1_433' title='bbox 3284 2197 3613 2254; x_wconf 77' lang='lat' dir='ltr'><strong>scandalum</strong></span> 
     </span>
    </p>
   </div>
   <div class='ocr_carea' id='block_1_150' title="bbox 3088 2269 3255 2324">
    <p class='ocr_par' dir='ltr' id='par_1_150' title="bbox 3088 2269 3255 2324">
     <span class='ocr_line' id='line_1_150' title="bbox 3088 2269 3255 2324; baseline 0.018 -4"><span class='ocrx_word' id='word_1_434' title='bbox 3088 2269 3255 2324; x_wconf 82' lang='lat' dir='ltr'><strong>venit.</strong></span> 
     </span>
    </p>
   </div>
   <div class='ocr_carea' id='block_1_151' title="bbox 3089 2338 3409 2409">
    <p class='ocr_par' dir='ltr' id='par_1_151' title="bbox 3089 2338 3409 2409">
     <span class='ocr_line' id='line_1_151' title="bbox 3089 2338 3409 2409; baseline 0 -14"><span class='ocrx_word' id='word_1_435' title='bbox 3089 2340 3143 2395; x_wconf 92' lang='lat'><strong>8.</strong></span> <span class='ocrx_word' id='word_1_436' title='bbox 3175 2338 3331 2409; x_wconf 87' lang='lat' dir='ltr'><strong>Quod</strong></span> <span class='ocrx_word' id='word_1_437' title='bbox 3365 2340 3409 2395; x_wconf 87' lang='lat' dir='ltr'><strong>si</strong></span> 
     </span>
    </p>
   </div>
   <div class='ocr_carea' id='block_1_152' title="bbox 3090 2428 3283 2466">
    <p class='ocr_par' dir='ltr' id='par_1_152' title="bbox 3090 2428 3283 2466">
     <span class='ocr_line' id='line_1_152' title="bbox 3090 2428 3283 2466; baseline 0.005 -1"><span class='ocrx_word' id='word_1_438' title='bbox 3090 2428 3283 2466; x_wconf 88' lang='lat' dir='ltr'><strong>manus</strong></span> 
     </span>
    </p>
   </div>
   <div class='ocr_carea' id='block_1_153' title="bbox 3092 2482 3537 2538">
    <p class='ocr_par' dir='ltr' id='par_1_153' title="bbox 3092 2482 3537 2538">
     <span class='ocr_line' id='line_1_153' title="bbox 3092 2482 3537 2538; baseline 0.004 -2"><span class='ocrx_word' id='word_1_439' title='bbox 3092 2493 3180 2538; x_wconf 89' lang='lat' dir='ltr'><strong>tua</strong></span> <span class='ocrx_word' id='word_1_440' title='bbox 3206 2482 3537 2538; x_wconf 65' lang='lat' dir='ltr'><strong>scandalilat</strong></span> 
     </span>
    </p>
   </div>
   <div class='ocr_carea' id='block_1_154' title="bbox 3088 2556 3407 2624">
    <p class='ocr_par' dir='ltr' id='par_1_154' title="bbox 3088 2556 3407 2624">
     <span class='ocr_line' id='line_1_154' title="bbox 3088 2556 3407 2624; baseline -0.003 -14"><span class='ocrx_word' id='word_1_441' title='bbox 3088 2564 3162 2618; x_wconf 89' lang='lat' dir='ltr'><strong>te,</strong></span> <span class='ocrx_word' id='word_1_442' title='bbox 3195 2556 3279 2611; x_wconf 88' lang='lat' dir='ltr'><strong>vel</strong></span> <span class='ocrx_word' id='word_1_443' title='bbox 3309 2564 3407 2624; x_wconf 79' lang='lat' dir='ltr'><strong>pes</strong></span> 
     </span>
    </p>
   </div>
   <div class='ocr_carea' id='block_1_155' title="bbox 3089 2624 3488 2692">
    <p class='ocr_par' dir='ltr' id='par_1_155' title="bbox 3089 2624 3488 2692">
     <span class='ocr_line' id='line_1_155' title="bbox 3089 2624 3488 2692; baseline 0 -11"><span class='ocrx_word' id='word_1_444' title='bbox 3089 2636 3235 2692; x_wconf 88' lang='lat' dir='ltr'><strong>tuus,</strong></span> <span class='ocrx_word' id='word_1_445' title='bbox 3266 2624 3488 2681; x_wconf 86' lang='lat' dir='ltr'><strong>abscide</strong></span> 
     </span>
    </p>
   </div>
   <div class='ocr_carea' id='block_1_156' title="bbox 3086 2698 3533 2765">
    <p class='ocr_par' dir='ltr' id='par_1_156' title="bbox 3086 2698 3533 2765">
     <span class='ocr_line' id='line_1_156' title="bbox 3086 2698 3533 2765; baseline 0 -12"><span class='ocrx_word' id='word_1_446' title='bbox 3086 2713 3233 2760; x_wconf 84' lang='lat' dir='ltr'><strong>eum.</strong></span> <span class='ocrx_word' id='word_1_447' title='bbox 3266 2706 3319 2751; x_wconf 92' lang='lat' dir='ltr'><strong>et</strong></span> <span class='ocrx_word' id='word_1_448' title='bbox 3351 2698 3533 2765; x_wconf 84' lang='lat' dir='ltr'><strong>proice</strong></span> 
     </span>
    </p>
   </div>
   <div class='ocr_carea' id='block_1_157' title="bbox 3087 2768 3526 2825">
    <p class='ocr_par' dir='ltr' id='par_1_157' title="bbox 3087 2768 3526 2825">
     <span class='ocr_line' id='line_1_157' title="bbox 3087 2768 3526 2825; baseline 0.002 -3"><span class='ocrx_word' id='word_1_449' title='bbox 3087 2771 3185 2823; x_wconf 87' lang='lat' dir='ltr'><strong>abs</strong></span> <span class='ocrx_word' id='word_1_450' title='bbox 3211 2778 3292 2825; x_wconf 91' lang='lat' dir='ltr'><strong>te:</strong></span> <span class='ocrx_word' id='word_1_451' title='bbox 3325 2768 3526 2823; x_wconf 93' lang='lat' dir='ltr'><strong>bonunt</strong></span> 
     </span>
    </p>
   </div>
   <div class='ocr_carea' id='block_1_158' title="bbox 3090 2839 3480 2895">
    <p class='ocr_par' dir='ltr' id='par_1_158' title="bbox 3090 2839 3480 2895">
     <span class='ocr_line' id='line_1_158' title="bbox 3090 2839 3480 2895; baseline 0.003 -2"><span class='ocrx_word' id='word_1_452' title='bbox 3090 2840 3184 2894; x_wconf 90' lang='lat' dir='ltr'><strong>tibi</strong></span> <span class='ocrx_word' id='word_1_453' title='bbox 3214 2848 3298 2895; x_wconf 77' lang='lat' dir='ltr'><strong>est</strong></span> <span class='ocrx_word' id='word_1_454' title='bbox 3322 2840 3373 2894; x_wconf 92' lang='lat' dir='ltr'><strong>in</strong></span> <span class='ocrx_word' id='word_1_455' title='bbox 3401 2839 3480 2894; x_wconf 85' lang='lat' dir='ltr'><strong>vi-</strong></span> 
     </span>
    </p>
   </div>
   <div class='ocr_carea' id='block_1_159' title="bbox 3096 2910 3549 2967">
    <p class='ocr_par' dir='ltr' id='par_1_159' title="bbox 3096 2910 3549 2967">
     <span class='ocr_line' id='line_1_159' title="bbox 3096 2910 3549 2967; baseline 0.002 -2"><span class='ocrx_word' id='word_1_456' title='bbox 3096 2922 3203 2965; x_wconf 90' lang='lat' dir='ltr'><strong>tam</strong></span> <span class='ocrx_word' id='word_1_457' title='bbox 3234 2913 3421 2967; x_wconf 90' lang='lat' dir='ltr'><strong>venire</strong></span> <span class='ocrx_word' id='word_1_458' title='bbox 3448 2910 3549 2966; x_wconf 90' lang='lat' dir='ltr'><strong>de-</strong></span> 
     </span>
    </p>
   </div>
   <div class='ocr_carea' id='block_1_160' title="bbox 3094 2982 3517 3039">
    <p class='ocr_par' dir='ltr' id='par_1_160' title="bbox 3094 2982 3517 3039">
     <span class='ocr_line' id='line_1_160' title="bbox 3094 2982 3517 3039; baseline 0.005 -3"><span class='ocrx_word' id='word_1_459' title='bbox 3094 2983 3257 3039; x_wconf 85' lang='lat' dir='ltr'><strong>bilem</strong></span> <span class='ocrx_word' id='word_1_460' title='bbox 3288 2982 3372 3037; x_wconf 87' lang='lat' dir='ltr'><strong>vel</strong></span> <span class='ocrx_word' id='word_1_461' title='bbox 3394 2982 3517 3038; x_wconf 90' lang='lat' dir='ltr'><strong>clo-</strong></span> 
     </span>
    </p>
   </div>
   <div class='ocr_carea' id='block_1_161' title="bbox 3082 3053 3428 3124">
    <p class='ocr_par' dir='ltr' id='par_1_161' title="bbox 3082 3053 3428 3124">
     <span class='ocr_line' id='line_1_161' title="bbox 3082 3053 3428 3124; baseline -0.003 -16"><span class='ocrx_word' id='word_1_462' title='bbox 3082 3053 3235 3119; x_wconf 89' lang='lat' dir='ltr'><strong>dum,</strong></span> <span class='ocrx_word' id='word_1_463' title='bbox 3267 3068 3428 3124; x_wconf 91' lang='lat' dir='ltr'><strong>quam</strong></span> 
     </span>
    </p>
   </div>
   <div class='ocr_carea' id='block_1_162' title="bbox 3083 3125 3418 3195">
    <p class='ocr_par' dir='ltr' id='par_1_162' title="bbox 3083 3125 3418 3195">
     <span class='ocr_line' id='line_1_162' title="bbox 3083 3125 3418 3195; baseline 0 -16"><span class='ocrx_word' id='word_1_464' title='bbox 3083 3125 3220 3181; x_wconf 90' lang='lat' dir='ltr'><strong>duos</strong></span> <span class='ocrx_word' id='word_1_465' title='bbox 3251 3125 3418 3195; x_wconf 87' lang='lat' dir='ltr'><strong>pedes</strong></span> 
     </span>
    </p>
   </div>
   <div class='ocr_carea' id='block_1_163' title="bbox 3083 3198 3552 3251">
    <p class='ocr_par' dir='ltr' id='par_1_163' title="bbox 3083 3198 3552 3251">
     <span class='ocr_line' id='line_1_163' title="bbox 3083 3198 3552 3251; baseline 0.004 -2"><span class='ocrx_word' id='word_1_466' title='bbox 3083 3198 3165 3251; x_wconf 90' lang='lat' dir='ltr'><strong>vel</strong></span> <span class='ocrx_word' id='word_1_467' title='bbox 3194 3198 3328 3251; x_wconf 85' lang='lat' dir='ltr'><strong>duas</strong></span> <span class='ocrx_word' id='word_1_468' title='bbox 3360 3210 3552 3251; x_wconf 81' lang='lat' dir='ltr'><strong>manus</strong></span> 
     </span>
    </p>
   </div>
   <div class='ocr_carea' id='block_1_164' title="bbox 3085 3267 3539 3324">
    <p class='ocr_par' dir='ltr' id='par_1_164' title="bbox 3085 3267 3539 3324">
     <span class='ocr_line' id='line_1_164' title="bbox 3085 3267 3539 3324; baseline -0.002 -3"><span class='ocrx_word' id='word_1_469' title='bbox 3085 3267 3369 3324; x_wconf 89' lang='lat' dir='ltr'><strong>habentem</strong></span> <span class='ocrx_word' id='word_1_470' title='bbox 3402 3269 3539 3321; x_wconf 91' lang='lat' dir='ltr'><strong>mitti</strong></span> 
     </span>
    </p>
   </div>
   <div class='ocr_carea' id='block_1_165' title="bbox 3086 3340 3571 3410">
    <p class='ocr_par' dir='ltr' id='par_1_165' title="bbox 3086 3340 3571 3410">
     <span class='ocr_line' id='line_1_165' title="bbox 3086 3340 3571 3410; baseline 0 -17"><span class='ocrx_word' id='word_1_471' title='bbox 3086 3340 3138 3393; x_wconf 90' lang='lat' dir='ltr'><strong>in</strong></span> <span class='ocrx_word' id='word_1_472' title='bbox 3172 3342 3347 3410; x_wconf 85' lang='lat' dir='ltr'><strong>ignem</strong></span> <span class='ocrx_word' id='word_1_473' title='bbox 3387 3350 3571 3393; x_wconf 89' lang='lat' dir='ltr'><strong>aeter-</strong></span> 
     </span>
    </p>
   </div>
   <div class='ocr_carea' id='block_1_166' title="bbox 964 3430 1709 3489">
    <p class='ocr_par' dir='ltr' id='par_1_166' title="bbox 964 3430 1709 3489">
     <span class='ocr_line' id='line_1_166' title="bbox 964 3430 1709 3489; baseline 0 -4"><span class='ocrx_word' id='word_1_474' title='bbox 964 3430 1197 3486; x_wconf 82' lang='lat' dir='ltr'><strong>CODEX</strong></span> <span class='ocrx_word' id='word_1_475' title='bbox 1232 3430 1709 3489; x_wconf 74' lang='lat' dir='ltr'><strong>CORBEIENSIS.</strong></span> 
     </span>
    </p>
   </div>
   <div class='ocr_carea' id='block_1_167' title="bbox 541 3502 2142 3559">
    <p class='ocr_par' dir='ltr' id='par_1_167' title="bbox 541 3502 2142 3559">
     <span class='ocr_line' id='line_1_167' title="bbox 541 3502 2142 3559; baseline -0.001 -2"><span class='ocrx_word' id='word_1_476' title='bbox 541 3514 669 3557; x_wconf 86' lang='lat' dir='ltr'><strong>sunt</strong></span> <span class='ocrx_word' id='word_1_477' title='bbox 699 3503 817 3557; x_wconf 88' lang='lat' dir='ltr'><strong>lilii.</strong></span> <span class='ocrx_word' id='word_1_478' title='bbox 841 3504 929 3558; x_wconf 83' lang='lat' dir='ltr'><strong>Ait</strong></span> <span class='ocrx_word' id='word_1_479' title='bbox 951 3503 1145 3557; x_wconf 83' lang='lat' dir='ltr'><strong>Petrus</strong></span> <span class='ocrx_word' id='word_1_480' title='bbox 1176 3504 1280 3557; x_wconf 87' lang='lat' dir='ltr'><strong>:Ita</strong></span> <span class='ocrx_word' id='word_1_481' title='bbox 1315 3503 1651 3557; x_wconf 83' lang='lat' dir='ltr'><strong>Domine.Ne</strong></span> <span class='ocrx_word' id='word_1_482' title='bbox 1666 3515 1840 3557; x_wconf 89' lang='lat' dir='ltr'><strong>tamen</strong></span> <span class='ocrx_word' id='word_1_483' title='bbox 1872 3502 2142 3559; x_wconf 83' lang='lat' dir='ltr'><strong>scandali-</strong></span> 
     </span>
    </p>
   </div>
   <div class='ocr_carea' id='block_1_168' title="bbox 542 3574 2139 3642">
    <p class='ocr_par' dir='ltr' id='par_1_168' title="bbox 542 3574 2139 3642">
     <span class='ocr_line' id='line_1_168' title="bbox 542 3574 2139 3642; baseline 0.002 -13"><span class='ocrx_word' id='word_1_484' title='bbox 542 3589 728 3629; x_wconf 84' lang='lat' dir='ltr'><strong>zemus</strong></span> <span class='ocrx_word' id='word_1_485' title='bbox 756 3590 881 3639; x_wconf 90' lang='lat' dir='ltr'><strong>eos,</strong></span> <span class='ocrx_word' id='word_1_486' title='bbox 915 3574 1051 3629; x_wconf 86' lang='lat' dir='ltr'><strong>vade</strong></span> <span class='ocrx_word' id='word_1_487' title='bbox 1081 3575 1146 3627; x_wconf 89' lang='lat' dir='ltr'><strong>ad</strong></span> <span class='ocrx_word' id='word_1_488' title='bbox 1173 3589 1354 3642; x_wconf 91' lang='lat' dir='ltr'><strong>mare,</strong></span> <span class='ocrx_word' id='word_1_489' title='bbox 1376 3585 1427 3627; x_wconf 93' lang='lat' dir='ltr'><strong>et</strong></span> <span class='ocrx_word' id='word_1_490' title='bbox 1462 3576 1614 3629; x_wconf 85' lang='lat' dir='ltr'><strong>mitte</strong></span> <span class='ocrx_word' id='word_1_491' title='bbox 1639 3578 1853 3629; x_wconf 84' lang='lat' dir='ltr'><strong>Itamnnt</strong></span> <span class='ocrx_word' id='word_1_492' title='bbox 1890 3593 1903 3629; x_wconf 89' lang='lat'><strong>:</strong></span> <span class='ocrx_word' id='word_1_493' title='bbox 1933 3586 1985 3628; x_wconf 88' lang='lat' dir='ltr'><strong>et</strong></span> <span class='ocrx_word' id='word_1_494' title='bbox 2016 3592 2139 3631; x_wconf 86' lang='lat' dir='ltr'><strong>eum</strong></span> 
     </span>
    </p>
   </div>
   <div class='ocr_carea' id='block_1_169' title="bbox 544 3645 2140 3717">
    <p class='ocr_par' dir='ltr' id='par_1_169' title="bbox 544 3645 2140 3717">
     <span class='ocr_line' id='line_1_169' title="bbox 544 3645 2140 3717; baseline 0.002 -18"><span class='ocrx_word' id='word_1_495' title='bbox 544 3645 768 3717; x_wconf 70' lang='lat' dir='ltr'><strong>pist‘em,</strong></span> <span class='ocrx_word' id='word_1_496' title='bbox 815 3646 907 3717; x_wconf 91' lang='lat' dir='ltr'><strong>qui</strong></span> <span class='ocrx_word' id='word_1_497' title='bbox 955 3647 1160 3716; x_wconf 88' lang='lat' dir='ltr'><strong>primus</strong></span> <span class='ocrx_word' id='word_1_498' title='bbox 1187 3646 1514 3707; x_wconf 62' lang='lat' dir='ltr'><strong>ascenderit.</strong></span> <span class='ocrx_word' id='word_1_499' title='bbox 1544 3648 1715 3700; x_wconf 90' lang='lat' dir='ltr'><strong>tolle:</strong></span> <span class='ocrx_word' id='word_1_500' title='bbox 1749 3657 1804 3701; x_wconf 93' lang='lat' dir='ltr'><strong>et</strong></span> <span class='ocrx_word' id='word_1_501' title='bbox 1834 3654 2021 3715; x_wconf 88' lang='lat' dir='ltr'><strong>aperto</strong></span> <span class='ocrx_word' id='word_1_502' title='bbox 2043 3663 2140 3702; x_wconf 90' lang='lat' dir='ltr'><strong>ore</strong></span> 
     </span>
    </p>
   </div>
   <div class='ocr_carea' id='block_1_170' title="bbox 541 3716 2142 3788">
    <p class='ocr_par' dir='ltr' id='par_1_170' title="bbox 541 3716 2142 3788">
     <span class='ocr_line' id='line_1_170' title="bbox 541 3716 2142 3788; baseline 0.001 -17"><span class='ocrx_word' id='word_1_503' title='bbox 541 3718 686 3786; x_wconf 82' lang='lat' dir='ltr'><strong>ejus,</strong></span> <span class='ocrx_word' id='word_1_504' title='bbox 727 3716 973 3773; x_wconf 84' lang='lat' dir='ltr'><strong>invenies</strong></span> <span class='ocrx_word' id='word_1_505' title='bbox 1004 3720 1021 3748; x_wconf 80' lang='grc'>⁸</span> <span class='ocrx_word' id='word_1_506' title='bbox 1050 3726 1305 3773; x_wconf 88' lang='lat' dir='ltr'><strong>staterein</strong></span> <span class='ocrx_word' id='word_1_507' title='bbox 1359 3735 1371 3770; x_wconf 90' lang='lat'>:</span> <span class='ocrx_word' id='word_1_508' title='bbox 1423 3717 1572 3772; x_wconf 87' lang='lat' dir='ltr'><strong>illum</strong></span> <span class='ocrx_word' id='word_1_509' title='bbox 1622 3718 1775 3773; x_wconf 88' lang='lat' dir='ltr'><strong>dabis</strong></span> <span class='ocrx_word' id='word_1_510' title='bbox 1806 3733 1903 3788; x_wconf 84' lang='lat' dir='ltr'><strong>pro</strong></span> <span class='ocrx_word' id='word_1_511' title='bbox 1935 3734 2042 3784; x_wconf 90' lang='lat' dir='ltr'><strong>me,</strong></span> <span class='ocrx_word' id='word_1_512' title='bbox 2087 3728 2142 3773; x_wconf 90' lang='lat' dir='ltr'><strong>et</strong></span> 
     </span>
    </p>
   </div>
   <div class='ocr_carea' id='block_1_171' title="bbox 542 3800 747 3859">
    <p class='ocr_par' dir='ltr' id='par_1_171' title="bbox 542 3800 747 3859">
     <span class='ocr_line' id='line_1_171' title="bbox 542 3800 747 3859; baseline 0.005 -17"><span class='ocrx_word' id='word_1_513' title='bbox 542 3804 643 3859; x_wconf 87' lang='lat' dir='ltr'><strong>pro</strong></span> <span class='ocrx_word' id='word_1_514' title='bbox 674 3800 747 3843; x_wconf 89' lang='lat' dir='ltr'><strong>te.</strong></span> 
     </span>
    </p>
   </div>
   <div class='ocr_carea' id='block_1_172' title="bbox 618 3859 2135 3930">
    <p class='ocr_par' dir='ltr' id='par_1_172' title="bbox 618 3859 2135 3930">
     <span class='ocr_line' id='line_1_172' title="bbox 618 3859 2135 3930; baseline -0.001 -15"><span class='ocrx_word' id='word_1_515' title='bbox 618 3860 803 3915; x_wconf 80' lang='lat' dir='ltr'><strong>XVIII.</strong></span> <span class='ocrx_word' id='word_1_516' title='bbox 846 3861 901 3915; x_wconf 93' lang='lat' dir='ltr'><strong>In</strong></span> <span class='ocrx_word' id='word_1_517' title='bbox 930 3860 1019 3915; x_wconf 91' lang='lat' dir='ltr'><strong>illa</strong></span> <span class='ocrx_word' id='word_1_518' title='bbox 1048 3859 1139 3915; x_wconf 90' lang='lat' dir='ltr'><strong>die</strong></span> <span class='ocrx_word' id='word_1_519' title='bbox 1170 3871 1519 3917; x_wconf 76' lang='lat' dir='ltr'><strong>accesserunt</strong></span> <span class='ocrx_word' id='word_1_520' title='bbox 1552 3860 1802 3930; x_wconf 85' lang='lat' dir='ltr'><strong>discipuli</strong></span> <span class='ocrx_word' id='word_1_521' title='bbox 1834 3861 1898 3914; x_wconf 88' lang='lat' dir='ltr'><strong>ad</strong></span> <span class='ocrx_word' id='word_1_522' title='bbox 1928 3860 2135 3920; x_wconf 79' lang='lat' dir='ltr'><strong>Jesum,</strong></span> 
     </span>
    </p>
   </div>
   <div class='ocr_carea' id='block_1_173' title="bbox 540 3932 2139 4003">
    <p class='ocr_par' dir='ltr' id='par_1_173' title="bbox 540 3932 2139 4003">
     <span class='ocr_line' id='line_1_173' title="bbox 540 3932 2139 4003; baseline -0.001 -16"><span class='ocrx_word' id='word_1_523' title='bbox 540 3932 789 3987; x_wconf 88' lang='lat' dir='ltr'><strong>dicentes</strong></span> <span class='ocrx_word' id='word_1_524' title='bbox 816 3950 828 3985; x_wconf 93' lang='lat'><strong>:</strong></span> <span class='ocrx_word' id='word_1_525' title='bbox 854 3934 985 4001; x_wconf 90' lang='lat' dir='ltr'><strong>Qnis</strong></span> <span class='ocrx_word' id='word_1_526' title='bbox 1012 3934 1033 3962; x_wconf 81' lang='grc'>⁸</span> <span class='ocrx_word' id='word_1_527' title='bbox 1060 3934 1163 3987; x_wconf 90' lang='lat' dir='ltr'><strong>erit</strong></span> <span class='ocrx_word' id='word_1_528' title='bbox 1191 3933 1360 4003; x_wconf 86' lang='lat' dir='ltr'><strong>major</strong></span> <span class='ocrx_word' id='word_1_529' title='bbox 1385 3935 1436 3987; x_wconf 91' lang='lat' dir='ltr'><strong>in</strong></span> <span class='ocrx_word' id='word_1_530' title='bbox 1472 3949 1637 4003; x_wconf 83' lang='lat' dir='ltr'><strong>regno</strong></span> <span class='ocrx_word' id='word_1_531' title='bbox 1667 3934 1989 3988; x_wconf 82' lang='lat' dir='ltr'><strong>cocloruut?</strong></span> <span class='ocrx_word' id='word_1_532' title='bbox 2022 3933 2090 3986; x_wconf 86' lang='lat' dir='ltr'><strong>Et</strong></span> <span class='ocrx_word' id='word_1_533' title='bbox 2117 3933 2139 3964; x_wconf 84' lang='grc'>⁸</span> 
     </span>
    </p>
   </div>
   <div class='ocr_carea' id='block_1_174' title="bbox 541 4004 2140 4067">
    <p class='ocr_par' dir='ltr' id='par_1_174' title="bbox 541 4004 2140 4067">
     <span class='ocr_line' id='line_1_174' title="bbox 541 4004 2140 4067; baseline 0.001 -10"><span class='ocrx_word' id='word_1_534' title='bbox 541 4019 745 4058; x_wconf 86' lang='lat' dir='ltr'><strong>vocans</strong></span> <span class='ocrx_word' id='word_1_535' title='bbox 793 4006 1053 4059; x_wconf 84' lang='lat' dir='ltr'><strong>infantem</strong></span> <span class='ocrx_word' id='word_1_536' title='bbox 1122 4004 1328 4067; x_wconf 70' lang='lat' dir='ltr'><strong>Iesus,</strong></span> <span class='ocrx_word' id='word_1_537' title='bbox 1408 4007 1595 4059; x_wconf 82' lang='lat' dir='ltr'><strong>statuit</strong></span> <span class='ocrx_word' id='word_1_538' title='bbox 1648 4020 1769 4058; x_wconf 90' lang='lat' dir='ltr'><strong>cum</strong></span> <span class='ocrx_word' id='word_1_539' title='bbox 1843 4005 1893 4057; x_wconf 94' lang='lat' dir='ltr'><strong>in</strong></span> <span class='ocrx_word' id='word_1_540' title='bbox 1961 4004 2140 4059; x_wconf 90' lang='lat' dir='ltr'><strong>medio</strong></span> 
     </span>
    </p>
   </div>
   <div class='ocr_carea' id='block_1_175' title="bbox 540 4076 2138 4141">
    <p class='ocr_par' dir='ltr' id='par_1_175' title="bbox 540 4076 2138 4141">
     <span class='ocr_line' id='line_1_175' title="bbox 540 4076 2138 4141; baseline -0.001 -10"><span class='ocrx_word' id='word_1_541' title='bbox 540 4091 731 4131; x_wconf 84' lang='lat' dir='ltr'><strong>eotum</strong></span> <span class='ocrx_word' id='word_1_542' title='bbox 759 4117 773 4139; x_wconf 91' lang='lat'><strong>,</strong></span> <span class='ocrx_word' id='word_1_543' title='bbox 830 4086 886 4129; x_wconf 92' lang='lat' dir='ltr'><strong>et</strong></span> <span class='ocrx_word' id='word_1_544' title='bbox 933 4076 1011 4129; x_wconf 85' lang='lat' dir='ltr'><strong>ait</strong></span> <span class='ocrx_word' id='word_1_545' title='bbox 1053 4093 1065 4129; x_wconf 89' lang='lat'><strong>:</strong></span> <span class='ocrx_word' id='word_1_546' title='bbox 1122 4077 1292 4130; x_wconf 82' lang='lat' dir='ltr'><strong>Amen</strong></span> <span class='ocrx_word' id='word_1_547' title='bbox 1345 4076 1469 4131; x_wconf 84' lang='lat' dir='ltr'><strong>dico</strong></span> <span class='ocrx_word' id='word_1_548' title='bbox 1515 4076 1690 4141; x_wconf 88' lang='lat' dir='ltr'><strong>vobis,</strong></span> <span class='ocrx_word' id='word_1_549' title='bbox 1742 4076 1844 4130; x_wconf 87' lang='lat' dir='ltr'><strong>nisi</strong></span> <span class='ocrx_word' id='word_1_550' title='bbox 1888 4076 2138 4129; x_wconf 90' lang='lat' dir='ltr'><strong>conversi</strong></span> 
     </span>
    </p>
   </div>
   <div class='ocr_carea' id='block_1_176' title="bbox 543 4146 2141 4212">
    <p class='ocr_par' dir='ltr' id='par_1_176' title="bbox 543 4146 2141 4212">
     <span class='ocr_line' id='line_1_176' title="bbox 543 4146 2141 4212; baseline -0.001 -12"><span class='ocrx_word' id='word_1_551' title='bbox 543 4147 771 4212; x_wconf 73' lang='lat' dir='ltr'><strong>fueritis,</strong></span> <span class='ocrx_word' id='word_1_552' title='bbox 806 4146 828 4177; x_wconf 71' lang='lat'><strong>‘</strong></span> <span class='ocrx_word' id='word_1_553' title='bbox 856 4146 977 4201; x_wconf 90' lang='lat' dir='ltr'><strong>facti</strong></span> <span class='ocrx_word' id='word_1_554' title='bbox 1026 4147 1163 4201; x_wconf 89' lang='lat' dir='ltr'><strong>tales</strong></span> <span class='ocrx_word' id='word_1_555' title='bbox 1190 4149 1329 4201; x_wconf 81' lang='lat' dir='ltr'><strong>sicut</strong></span> <span class='ocrx_word' id='word_1_556' title='bbox 1381 4148 1557 4202; x_wconf 81' lang='lat' dir='ltr'><strong>infans</strong></span> <span class='ocrx_word' id='word_1_557' title='bbox 1595 4148 1682 4201; x_wconf 92' lang='lat' dir='ltr'><strong>hic</strong></span> <span class='ocrx_word' id='word_1_558' title='bbox 1736 4154 1821 4202; x_wconf 89' lang='lat' dir='ltr'><strong>est</strong></span> <span class='ocrx_word' id='word_1_559' title='bbox 1845 4188 1859 4209; x_wconf 89' lang='lat'><strong>,</strong></span> <span class='ocrx_word' id='word_1_560' title='bbox 1894 4165 1999 4200; x_wconf 86' lang='lat' dir='ltr'><strong>non</strong></span> <span class='ocrx_word' id='word_1_561' title='bbox 2058 4148 2141 4200; x_wconf 86' lang='lat' dir='ltr'><strong>iit-</strong></span> 
     </span>
    </p>
   </div>
   <div class='ocr_carea' id='block_1_177' title="bbox 543 4218 2135 4288">
    <p class='ocr_par' dir='ltr' id='par_1_177' title="bbox 543 4218 2135 4288">
     <span class='ocr_line' id='line_1_177' title="bbox 543 4218 2135 4288; baseline 0 -16"><span class='ocrx_word' id='word_1_562' title='bbox 543 4218 757 4272; x_wconf 84' lang='lat' dir='ltr'><strong>trabitis</strong></span> <span class='ocrx_word' id='word_1_563' title='bbox 822 4220 874 4273; x_wconf 92' lang='lat' dir='ltr'><strong>itt</strong></span> <span class='ocrx_word' id='word_1_564' title='bbox 932 4233 1098 4287; x_wconf 91' lang='lat' dir='ltr'><strong>regno</strong></span> <span class='ocrx_word' id='word_1_565' title='bbox 1151 4220 1449 4273; x_wconf 90' lang='lat' dir='ltr'><strong>coelorum.</strong></span> <span class='ocrx_word' id='word_1_566' title='bbox 1512 4220 1532 4250; x_wconf 85' lang='grc'><strong><em>⁵</em></strong></span> <span class='ocrx_word' id='word_1_567' title='bbox 1588 4220 1654 4272; x_wconf 85' lang='grc' dir='ltr'><strong>Ει</strong></span> <span class='ocrx_word' id='word_1_568' title='bbox 1725 4219 1814 4284; x_wconf 85' lang='lat' dir='ltr'><strong>qui</strong></span> <span class='ocrx_word' id='word_1_569' title='bbox 1857 4220 2135 4288; x_wconf 83' lang='lat' dir='ltr'><strong>exceperit</strong></span> 
     </span>
    </p>
   </div>
   <div class='ocr_carea' id='block_1_178' title="bbox 544 4289 2133 4357">
    <p class='ocr_par' dir='ltr' id='par_1_178' title="bbox 544 4289 2133 4357">
     <span class='ocr_line' id='line_1_178' title="bbox 544 4289 2133 4357; baseline -0.001 -14"><span class='ocrx_word' id='word_1_570' title='bbox 544 4304 712 4344; x_wconf 91' lang='lat' dir='ltr'><strong>unum</strong></span> <span class='ocrx_word' id='word_1_571' title='bbox 759 4290 920 4344; x_wconf 83' lang='lat' dir='ltr'><strong>talem</strong></span> <span class='ocrx_word' id='word_1_572' title='bbox 992 4289 1247 4345; x_wconf 80' lang='lat' dir='ltr'><strong>infantem</strong></span> <span class='ocrx_word' id='word_1_573' title='bbox 1300 4295 1352 4345; x_wconf 90' lang='lat' dir='ltr'><strong>in</strong></span> <span class='ocrx_word' id='word_1_574' title='bbox 1411 4292 1629 4344; x_wconf 90' lang='lat' dir='ltr'><strong>nomine</strong></span> <span class='ocrx_word' id='word_1_575' title='bbox 1684 4306 1846 4357; x_wconf 86' lang='lat' dir='ltr'><strong>meo,</strong></span> <span class='ocrx_word' id='word_1_576' title='bbox 1895 4304 1980 4344; x_wconf 91' lang='lat' dir='ltr'><strong>me</strong></span> <span class='ocrx_word' id='word_1_577' title='bbox 2034 4305 2133 4344; x_wconf 82' lang='lat' dir='ltr'><strong>ex-</strong></span> 
     </span>
    </p>
   </div>
   <div class='ocr_carea' id='block_1_179' title="bbox 543 4361 2141 4432">
    <p class='ocr_par' dir='ltr' id='par_1_179' title="bbox 543 4361 2141 4432">
     <span class='ocr_line' id='line_1_179' title="bbox 543 4361 2141 4432; baseline -0.001 -17"><span class='ocrx_word' id='word_1_578' title='bbox 543 4363 695 4428; x_wconf 71' lang='lat' dir='ltr'><strong>cipit.</strong></span> <span class='ocrx_word' id='word_1_579' title='bbox 743 4364 1077 4432; x_wconf 87' lang='lat' dir='ltr'><strong>Quicumque</strong></span> <span class='ocrx_word' id='word_1_580' title='bbox 1138 4371 1317 4416; x_wconf 89' lang='lat' dir='ltr'><strong>antem</strong></span> <span class='ocrx_word' id='word_1_581' title='bbox 1363 4362 1809 4417; x_wconf 75' lang='lat' dir='ltr'><strong>scandalizavertt</strong></span> <span class='ocrx_word' id='word_1_582' title='bbox 1859 4376 2021 4415; x_wconf 85' lang='lat' dir='ltr'><strong>unum</strong></span> <span class='ocrx_word' id='word_1_583' title='bbox 2070 4361 2141 4414; x_wconf 89' lang='lat' dir='ltr'><strong>de</strong></span> 
     </span>
    </p>
   </div>
   <div class='ocr_carea' id='block_1_180' title="bbox 546 4432 2136 4501">
    <p class='ocr_par' dir='ltr' id='par_1_180' title="bbox 546 4432 2136 4501">
     <span class='ocr_line' id='line_1_180' title="bbox 546 4432 2136 4501; baseline 0.001 -18"><span class='ocrx_word' id='word_1_584' title='bbox 546 4432 752 4501; x_wconf 78' lang='lat' dir='ltr'><strong>pusillis</strong></span> <span class='ocrx_word' id='word_1_585' title='bbox 770 4435 907 4494; x_wconf 89' lang='lat' dir='ltr'><strong>istis.</strong></span> <span class='ocrx_word' id='word_1_586' title='bbox 928 4434 1018 4499; x_wconf 91' lang='lat' dir='ltr'><strong>qui</strong></span> <span class='ocrx_word' id='word_1_587' title='bbox 1043 4434 1093 4486; x_wconf 87' lang='lat' dir='ltr'><strong>iti</strong></span> <span class='ocrx_word' id='word_1_588' title='bbox 1119 4448 1205 4488; x_wconf 91' lang='lat' dir='ltr'><strong>me</strong></span> <span class='ocrx_word' id='word_1_589' title='bbox 1224 4433 1473 4497; x_wconf 89' lang='lat' dir='ltr'><strong>credunt,</strong></span> <span class='ocrx_word' id='word_1_590' title='bbox 1494 4434 1709 4501; x_wconf 83' lang='lat' dir='ltr'><strong>expedit</strong></span> <span class='ocrx_word' id='word_1_591' title='bbox 1734 4434 1808 4487; x_wconf 88' lang='lat' dir='ltr'><strong>illi</strong></span> <span class='ocrx_word' id='word_1_592' title='bbox 1830 4443 1886 4486; x_wconf 83' lang='grc' dir='ltr'><strong>ιιι</strong></span> <span class='ocrx_word' id='word_1_593' title='bbox 1908 4448 2136 4501; x_wconf 88' lang='lat' dir='ltr'><strong>snspen-</strong></span> 
     </span>
    </p>
   </div>
   <div class='ocr_carea' id='block_1_181' title="bbox 544 4504 2136 4575">
    <p class='ocr_par' dir='ltr' id='par_1_181' title="bbox 544 4504 2136 4575">
     <span class='ocr_line' id='line_1_181' title="bbox 544 4504 2136 4575; baseline 0.001 -20"><span class='ocrx_word' id='word_1_594' title='bbox 544 4504 704 4555; x_wconf 86' lang='lat' dir='ltr'><strong>datnr</strong></span> <span class='ocrx_word' id='word_1_595' title='bbox 727 4506 866 4558; x_wconf 87' lang='lat' dir='ltr'><strong>mola</strong></span> <span class='ocrx_word' id='word_1_596' title='bbox 897 4506 1127 4559; x_wconf 78' lang='lat' dir='ltr'><strong>asinaria</strong></span> <span class='ocrx_word' id='word_1_597' title='bbox 1155 4505 1298 4559; x_wconf 83' lang='lat' dir='ltr'><strong>collo</strong></span> <span class='ocrx_word' id='word_1_598' title='bbox 1338 4509 1475 4575; x_wconf 86' lang='lat' dir='ltr'><strong>ejus,</strong></span> <span class='ocrx_word' id='word_1_599' title='bbox 1507 4519 1562 4560; x_wconf 91' lang='lat' dir='ltr'><strong>et</strong></span> <span class='ocrx_word' id='word_1_600' title='bbox 1598 4505 1619 4535; x_wconf 82' lang='grc'><strong>⁸</strong></span> <span class='ocrx_word' id='word_1_601' title='bbox 1664 4504 2047 4573; x_wconf 88' lang='lat' dir='ltr'><strong>praecipitetur</strong></span> <span class='ocrx_word' id='word_1_602' title='bbox 2081 4504 2136 4557; x_wconf 89' lang='lat' dir='ltr'><strong>iit</strong></span> 
     </span>
    </p>
   </div>
   <div class='ocr_carea' id='block_1_182' title="bbox 547 4574 2123 4642">
    <p class='ocr_par' dir='ltr' id='par_1_182' title="bbox 547 4574 2123 4642">
     <span class='ocr_line' id='line_1_182' title="bbox 547 4574 2123 4642; baseline 0.001 -17"><span class='ocrx_word' id='word_1_603' title='bbox 547 4574 869 4642; x_wconf 79' lang='lat' dir='ltr'><strong>profundum</strong></span> <span class='ocrx_word' id='word_1_604' title='bbox 891 4576 1075 4630; x_wconf 85' lang='lat' dir='ltr'><strong>maris.</strong></span> <span class='ocrx_word' id='word_1_605' title='bbox 1096 4575 1207 4631; x_wconf 86' lang='lat' dir='ltr'><strong>Vae</strong></span> <span class='ocrx_word' id='word_1_606' title='bbox 1236 4574 1415 4632; x_wconf 85' lang='lat' dir='ltr'><strong>autem</strong></span> <span class='ocrx_word' id='word_1_607' title='bbox 1432 4578 1559 4632; x_wconf 88' lang='lat' dir='ltr'><strong>huic</strong></span> <span class='ocrx_word' id='word_1_608' title='bbox 1586 4578 1787 4631; x_wconf 90' lang='lat' dir='ltr'><strong>mundo</strong></span> <span class='ocrx_word' id='word_1_609' title='bbox 1809 4582 1878 4629; x_wconf 88' lang='lat' dir='ltr'><strong>ab</strong></span> <span class='ocrx_word' id='word_1_610' title='bbox 1907 4578 2123 4632; x_wconf 84' lang='lat' dir='ltr'><strong>scanda-</strong></span> 
     </span>
    </p>
   </div>
   <div class='ocr_carea' id='block_1_183' title="bbox 546 4645 2135 4704">
    <p class='ocr_par' dir='ltr' id='par_1_183' title="bbox 546 4645 2135 4704">
     <span class='ocr_line' id='line_1_183' title="bbox 546 4645 2135 4704; baseline -0.001 -3"><span class='ocrx_word' id='word_1_611' title='bbox 546 4645 874 4701; x_wconf 84' lang='lat' dir='ltr'><strong>lis.Necesse</strong></span> <span class='ocrx_word' id='word_1_612' title='bbox 898 4658 979 4701; x_wconf 89' lang='lat' dir='ltr'><strong>est</strong></span> <span class='ocrx_word' id='word_1_613' title='bbox 1008 4648 1151 4702; x_wconf 91' lang='lat' dir='ltr'><strong>enim</strong></span> <span class='ocrx_word' id='word_1_614' title='bbox 1178 4652 1367 4704; x_wconf 87' lang='lat' dir='ltr'><strong>venire</strong></span> <span class='ocrx_word' id='word_1_615' title='bbox 1388 4648 1644 4704; x_wconf 73' lang='lat' dir='ltr'><strong>scandala</strong></span> <span class='ocrx_word' id='word_1_616' title='bbox 1675 4667 1689 4702; x_wconf 90' lang='lat'><strong>:</strong></span> <span class='ocrx_word' id='word_1_617' title='bbox 1716 4658 2089 4703; x_wconf 84' lang='lat' dir='ltr'><strong>verumtamen</strong></span> <span class='ocrx_word' id='word_1_618' title='bbox 2114 4647 2135 4677; x_wconf 88' lang='lat'><strong>&quot;</strong></span> 
     </span>
    </p>
   </div>
   <div class='ocr_carea' id='block_1_184' title="bbox 542 4718 2137 4791">
    <p class='ocr_par' dir='ltr' id='par_1_184' title="bbox 542 4718 2137 4791">
     <span class='ocr_line' id='line_1_184' title="bbox 542 4718 2137 4791; baseline 0.001 -18"><span class='ocrx_word' id='word_1_619' title='bbox 542 4732 645 4774; x_wconf 73' lang='lat' dir='ltr'><strong>Vae</strong></span> <span class='ocrx_word' id='word_1_620' title='bbox 676 4719 749 4774; x_wconf 82' lang='lat' dir='ltr'><strong>illi</strong></span> <span class='ocrx_word' id='word_1_621' title='bbox 782 4718 1011 4781; x_wconf 82' lang='lat' dir='ltr'><strong>homini,</strong></span> <span class='ocrx_word' id='word_1_622' title='bbox 1044 4735 1140 4789; x_wconf 86' lang='lat' dir='ltr'><strong>per</strong></span> <span class='ocrx_word' id='word_1_623' title='bbox 1166 4736 1327 4791; x_wconf 86' lang='lat' dir='ltr'><strong>quem</strong></span> <span class='ocrx_word' id='word_1_624' title='bbox 1353 4722 1666 4776; x_wconf 79' lang='lat' dir='ltr'><strong>scandalum</strong></span> <span class='ocrx_word' id='word_1_625' title='bbox 1698 4722 1894 4775; x_wconf 87' lang='lat' dir='ltr'><strong>veniet.</strong></span> <span class='ocrx_word' id='word_1_626' title='bbox 1929 4718 2086 4786; x_wconf 85' lang='lat' dir='ltr'><strong>Quod</strong></span> <span class='ocrx_word' id='word_1_627' title='bbox 2115 4720 2137 4751; x_wconf 82' lang='grc'>⁸</span> 
     </span>
    </p>
   </div>
   <div class='ocr_carea' id='block_1_185' title="bbox 543 4791 2134 4861">
    <p class='ocr_par' dir='ltr' id='par_1_185' title="bbox 543 4791 2134 4861">
     <span class='ocr_line' id='line_1_185' title="bbox 543 4791 2134 4861; baseline -0.002 -14"><span class='ocrx_word' id='word_1_628' title='bbox 543 4792 591 4847; x_wconf 85' lang='lat' dir='ltr'><strong>si</strong></span> <span class='ocrx_word' id='word_1_629' title='bbox 631 4798 686 4847; x_wconf 91' lang='lat' dir='ltr'><strong>te</strong></span> <span class='ocrx_word' id='word_1_630' title='bbox 714 4806 903 4846; x_wconf 90' lang='lat' dir='ltr'><strong>manus</strong></span> <span class='ocrx_word' id='word_1_631' title='bbox 936 4802 1044 4857; x_wconf 90' lang='lat' dir='ltr'><strong>tua,</strong></span> <span class='ocrx_word' id='word_1_632' title='bbox 1074 4792 1155 4846; x_wconf 93' lang='lat' dir='ltr'><strong>vel</strong></span> <span class='ocrx_word' id='word_1_633' title='bbox 1184 4807 1276 4861; x_wconf 91' lang='lat' dir='ltr'><strong>pes</strong></span> <span class='ocrx_word' id='word_1_634' title='bbox 1304 4793 1654 4858; x_wconf 83' lang='lat' dir='ltr'><strong>scandalizat,</strong></span> <span class='ocrx_word' id='word_1_635' title='bbox 1681 4793 1934 4861; x_wconf 81' lang='lat' dir='ltr'><strong>praecide</strong></span> <span class='ocrx_word' id='word_1_636' title='bbox 1961 4791 2134 4855; x_wconf 86' lang='lat' dir='ltr'><strong>illum,</strong></span> 
     </span>
    </p>
   </div>
   <div class='ocr_carea' id='block_1_186' title="bbox 544 4862 2140 4933">
    <p class='ocr_par' dir='ltr' id='par_1_186' title="bbox 544 4862 2140 4933">
     <span class='ocr_line' id='line_1_186' title="bbox 544 4862 2140 4933; baseline 0.001 -17"><span class='ocrx_word' id='word_1_637' title='bbox 544 4870 602 4933; x_wconf 87' lang='lat' dir='ltr'><strong>et</strong></span> <span class='ocrx_word' id='word_1_638' title='bbox 630 4863 833 4933; x_wconf 86' lang='lat' dir='ltr'><strong>projice</strong></span> <span class='ocrx_word' id='word_1_639' title='bbox 856 4878 885 4917; x_wconf 90' lang='lat' dir='ltr'><strong>a</strong></span> <span class='ocrx_word' id='word_1_640' title='bbox 912 4875 991 4917; x_wconf 88' lang='lat' dir='ltr'><strong>te:</strong></span> <span class='ocrx_word' id='word_1_641' title='bbox 1023 4862 1221 4917; x_wconf 89' lang='lat' dir='ltr'><strong>bonum</strong></span> <span class='ocrx_word' id='word_1_642' title='bbox 1247 4873 1331 4919; x_wconf 86' lang='lat' dir='ltr'><strong>est</strong></span> <span class='ocrx_word' id='word_1_643' title='bbox 1359 4864 1455 4920; x_wconf 87' lang='lat' dir='ltr'><strong>tibi</strong></span> <span class='ocrx_word' id='word_1_644' title='bbox 1491 4866 1558 4920; x_wconf 84' lang='lat' dir='ltr'><strong>ad</strong></span> <span class='ocrx_word' id='word_1_645' title='bbox 1589 4866 1750 4919; x_wconf 87' lang='lat' dir='ltr'><strong>vitam</strong></span> <span class='ocrx_word' id='word_1_646' title='bbox 1781 4866 1967 4919; x_wconf 87' lang='lat' dir='ltr'><strong>venire</strong></span> <span class='ocrx_word' id='word_1_647' title='bbox 1987 4862 2140 4917; x_wconf 88' lang='lat' dir='ltr'><strong>debi-</strong></span> 
     </span>
    </p>
   </div>
   <div class='ocr_carea' id='block_1_187' title="bbox 545 4932 2139 5018">
    <p class='ocr_par' dir='ltr' id='par_1_187' title="bbox 545 4932 2139 5018">
     <span class='ocr_line' id='line_1_187' title="bbox 545 4932 2139 5018; baseline 0 -29"><span class='ocrx_word' id='word_1_648' title='bbox 545 4932 655 5018; x_wconf 76' lang='lat' dir='ltr'><strong>lem</strong></span> <span class='ocrx_word' id='word_1_649' title='bbox 682 4936 768 4988; x_wconf 90' lang='lat' dir='ltr'><strong>vel</strong></span> <span class='ocrx_word' id='word_1_650' title='bbox 802 4934 1074 5017; x_wconf 77' lang='lat' dir='ltr'><strong>claudum,</strong></span> <span class='ocrx_word' id='word_1_651' title='bbox 1101 4949 1268 5018; x_wconf 62' lang='lat' dir='ltr'><strong>quam</strong></span> <span class='ocrx_word' id='word_1_652' title='bbox 1300 4936 1437 4990; x_wconf 90' lang='lat' dir='ltr'><strong>duos</strong></span> <span class='ocrx_word' id='word_1_653' title='bbox 1466 4936 1631 5018; x_wconf 71' lang='lat' dir='ltr'><strong>pedes</strong></span> <span class='ocrx_word' id='word_1_654' title='bbox 1656 4935 1742 4991; x_wconf 87' lang='lat' dir='ltr'><strong>vel</strong></span> <span class='ocrx_word' id='word_1_655' title='bbox 1770 4936 1904 4990; x_wconf 91' lang='lat' dir='ltr'><strong>duas</strong></span> <span class='ocrx_word' id='word_1_656' title='bbox 1947 4947 2139 4989; x_wconf 89' lang='lat' dir='ltr'><strong>manus</strong></span> 
     </span>
    </p>
   </div>
   <div class='ocr_carea' id='block_1_188' title="bbox 546 5004 1626 5079">
    <p class='ocr_par' dir='ltr' id='par_1_188' title="bbox 546 5004 1626 5079">
     <span class='ocr_line' id='line_1_188' title="bbox 546 5004 1626 5079; baseline 0.002 -20"><span class='ocrx_word' id='word_1_657' title='bbox 546 5005 837 5061; x_wconf 84' lang='lat' dir='ltr'><strong>habentem</strong></span> <span class='ocrx_word' id='word_1_658' title='bbox 862 5004 1002 5061; x_wconf 86' lang='lat' dir='ltr'><strong>mitti</strong></span> <span class='ocrx_word' id='word_1_659' title='bbox 1025 5006 1077 5060; x_wconf 91' lang='lat' dir='ltr'><strong>itt</strong></span> <span class='ocrx_word' id='word_1_660' title='bbox 1101 5008 1122 5039; x_wconf 84' lang='lat'><strong>’</strong></span> <span class='ocrx_word' id='word_1_661' title='bbox 1140 5006 1444 5078; x_wconf 77' lang='lat' dir='ltr'><strong>gehennam</strong></span> <span class='ocrx_word' id='word_1_662' title='bbox 1467 5004 1626 5079; x_wconf 84' lang='lat' dir='ltr'><strong>ignis.</strong></span> 
     </span>
    </p>
   </div>
   <div class='ocr_carea' id='block_1_189' title="bbox 608 5188 1155 5254">
    <p class='ocr_par' dir='ltr' id='par_1_189' title="bbox 608 5188 1155 5254">
     <span class='ocr_line' id='line_1_189' title="bbox 608 5188 1155 5254; baseline 0.004 -15"><span class='ocrx_word' id='word_1_663' title='bbox 608 5189 625 5254; x_wconf 64' lang='grc' dir='ltr'><strong>ξ</strong></span> <span class='ocrx_word' id='word_1_664' title='bbox 661 5188 763 5254; x_wconf 88' lang='lat' dir='ltr'><strong>ibi,</strong></span> <span class='ocrx_word' id='word_1_665' title='bbox 786 5197 905 5253; x_wconf 90' lang='lat' dir='ltr'><strong>etc.,</strong></span> <span class='ocrx_word' id='word_1_666' title='bbox 927 5195 980 5254; x_wconf 72' lang='lat' dir='ltr'><strong>tu</strong></span> <span class='ocrx_word' id='word_1_667' title='bbox 1005 5188 1155 5252; x_wconf 76' lang='lat' dir='ltr'><strong>Vulg.</strong></span> 
     </span>
    </p>
   </div>
   <div class='ocr_carea' id='block_1_190' title="bbox 601 5252 1106 5316">
    <p class='ocr_par' dir='ltr' id='par_1_190' title="bbox 601 5252 1106 5316">
     <span class='ocr_line' id='line_1_190' title="bbox 601 5252 1106 5316; baseline 0.006 -14"><span class='ocrx_word' id='word_1_668' title='bbox 601 5252 623 5316; x_wconf 65' lang='grc' dir='ltr'>ξ</span> <span class='ocrx_word' id='word_1_669' title='bbox 657 5252 830 5316; x_wconf 83' lang='lat' dir='ltr'><strong>utique</strong></span> <span class='ocrx_word' id='word_1_670' title='bbox 853 5252 1004 5316; x_wconf 85' lang='lat' dir='ltr'><strong>major</strong></span> <span class='ocrx_word' id='word_1_671' title='bbox 1028 5262 1106 5305; x_wconf 88' lang='lat' dir='ltr'><strong>est</strong></span> 
     </span>
    </p>
   </div>
   <div class='ocr_carea' id='block_1_191' title="bbox 603 5314 1392 5441">
    <p class='ocr_par' dir='ltr' id='par_1_191' title="bbox 603 5314 1392 5441">
     <span class='ocr_line' id='line_1_191' title="bbox 604 5314 1392 5382; baseline 0.008 -18"><span class='ocrx_word' id='word_1_672' title='bbox 604 5314 627 5345; x_wconf 88' lang='grc'><em>³</em></span> <span class='ocrx_word' id='word_1_673' title='bbox 659 5314 848 5365; x_wconf 67' lang='lat' dir='ltr'><strong>vocavit</strong></span> <span class='ocrx_word' id='word_1_674' title='bbox 870 5314 1019 5367; x_wconf 85' lang='lat' dir='ltr'><strong>Jesus</strong></span> <span class='ocrx_word' id='word_1_675' title='bbox 1043 5317 1314 5382; x_wconf 80' lang='lat' dir='ltr'><strong>parvulum,</strong></span> <span class='ocrx_word' id='word_1_676' title='bbox 1339 5326 1392 5370; x_wconf 90' lang='lat' dir='ltr'><strong>et</strong></span> 
     </span>
     <span class='ocr_line' id='line_1_192' title="bbox 603 5375 899 5441; baseline -0.003 -13"><span class='ocrx_word' id='word_1_677' title='bbox 603 5375 628 5441; x_wconf 50' lang='grc' dir='ltr'>ἒ</span> <span class='ocrx_word' id='word_1_678' title='bbox 665 5379 728 5429; x_wconf 81' lang='lat' dir='ltr'><strong>Ut</strong></span> <span class='ocrx_word' id='word_1_679' title='bbox 755 5376 899 5441; x_wconf 76' lang='lat' dir='ltr'><strong>Vulg.</strong></span> 
     </span>
    </p>
   </div>
   <div class='ocr_carea' id='block_1_192' title="bbox 602 5431 2141 5516">
    <p class='ocr_par' dir='ltr' id='par_1_192' title="bbox 602 5431 2141 5516">
     <span class='ocr_line' id='line_1_193' title="bbox 602 5431 2141 5516; baseline 0.001 -24"><span class='ocrx_word' id='word_1_680' title='bbox 602 5439 631 5515; x_wconf 50' lang='grc'><strong>³,</strong></span> <span class='ocrx_word' id='word_1_681' title='bbox 660 5431 963 5516; x_wconf 69' lang='lat' dir='ltr'><strong>Quicumque</strong></span> <span class='ocrx_word' id='word_1_682' title='bbox 987 5445 1118 5495; x_wconf 85' lang='lat' dir='ltr'><strong>enim</strong></span> <span class='ocrx_word' id='word_1_683' title='bbox 1148 5442 1477 5516; x_wconf 64' lang='lat' dir='ltr'><strong>bunﬂiaverit</strong></span> <span class='ocrx_word' id='word_1_684' title='bbox 1511 5456 1569 5516; x_wconf 66' lang='lat' dir='ltr'><strong>se</strong></span> <span class='ocrx_word' id='word_1_685' title='bbox 1601 5445 1729 5495; x_wconf 87' lang='lat' dir='ltr'><strong>sicut</strong></span> <span class='ocrx_word' id='word_1_686' title='bbox 1762 5456 1887 5516; x_wconf 76' lang='lat' dir='ltr'><strong>puer</strong></span> <span class='ocrx_word' id='word_1_687' title='bbox 1912 5445 2036 5505; x_wconf 77' lang='lat' dir='ltr'><strong>iste,</strong></span> <span class='ocrx_word' id='word_1_688' title='bbox 2061 5443 2141 5493; x_wconf 89' lang='lat' dir='ltr'><strong>hic</strong></span> 
     </span>
    </p>
   </div>
   <div class='ocr_carea' id='block_1_193' title="bbox 536 5507 2141 5571">
    <p class='ocr_par' dir='ltr' id='par_1_193' title="bbox 536 5507 2141 5571">
     <span class='ocr_line' id='line_1_194' title="bbox 536 5507 2141 5571; baseline 0.012 -20"><span class='ocrx_word' id='word_1_689' title='bbox 536 5507 691 5567; x_wconf 79' lang='lat' dir='ltr'><strong>major</strong></span> <span class='ocrx_word' id='word_1_690' title='bbox 716 5507 811 5556; x_wconf 90' lang='lat' dir='ltr'><strong>erit</strong></span> <span class='ocrx_word' id='word_1_691' title='bbox 832 5507 881 5555; x_wconf 91' lang='lat' dir='ltr'><strong>in</strong></span> <span class='ocrx_word' id='word_1_692' title='bbox 904 5520 1061 5569; x_wconf 84' lang='lat' dir='ltr'><strong>regno</strong></span> <span class='ocrx_word' id='word_1_693' title='bbox 1085 5507 1355 5560; x_wconf 73' lang='lat' dir='ltr'><strong>sociorum.</strong></span> <span class='ocrx_word' id='word_1_694' title='bbox 1376 5507 1440 5561; x_wconf 80' lang='lat' dir='ltr'><strong>Et</strong></span> <span class='ocrx_word' id='word_1_695' title='bbox 1458 5509 1544 5571; x_wconf 87' lang='lat' dir='ltr'><strong>qui</strong></span> <span class='ocrx_word' id='word_1_696' title='bbox 1560 5507 1812 5570; x_wconf 61' lang='lat' dir='ltr'><strong>acceperit</strong></span> <span class='ocrx_word' id='word_1_697' title='bbox 1843 5520 1992 5558; x_wconf 78' lang='grc' dir='ltr'>υιιιιω</span> <span class='ocrx_word' id='word_1_698' title='bbox 2013 5518 2141 5569; x_wconf 72' lang='grc' dir='ltr'><strong>Ραθ-</strong></span> 
     </span>
    </p>
   </div>
   <div class='ocr_carea' id='block_1_194' title="bbox 2715 3431 3385 3491">
    <p class='ocr_par' dir='ltr' id='par_1_194' title="bbox 2715 3431 3385 3491">
     <span class='ocr_line' id='line_1_195' title="bbox 2715 3431 3385 3491; baseline -0.012 0"><span class='ocrx_word' id='word_1_699' title='bbox 2715 3432 2945 3491; x_wconf 84' lang='lat' dir='ltr'><strong>CODEX</strong></span> <span class='ocrx_word' id='word_1_700' title='bbox 2988 3431 3385 3488; x_wconf 74' lang='lat' dir='ltr'><strong>BRIXHNUS.</strong></span> 
     </span>
    </p>
   </div>
   <div class='ocr_carea' id='block_1_195' title="bbox 2245 3505 3855 3563">
    <p class='ocr_par' dir='ltr' id='par_1_195' title="bbox 2245 3505 3855 3563">
     <span class='ocr_line' id='line_1_196' title="bbox 2245 3505 3855 3563; baseline -0.002 -4"><span class='ocrx_word' id='word_1_701' title='bbox 2245 3515 2373 3560; x_wconf 90' lang='lat' dir='ltr'><strong>sunt</strong></span> <span class='ocrx_word' id='word_1_702' title='bbox 2397 3506 2507 3560; x_wconf 86' lang='lat' dir='ltr'><strong>filii.</strong></span> <span class='ocrx_word' id='word_1_703' title='bbox 2532 3507 2601 3563; x_wconf 92' lang='lat' dir='ltr'><strong>Ut</strong></span> <span class='ocrx_word' id='word_1_704' title='bbox 2623 3515 2801 3560; x_wconf 69' lang='lat' dir='ltr'><strong>autem</strong></span> <span class='ocrx_word' id='word_1_705' title='bbox 2828 3523 2933 3562; x_wconf 90' lang='lat' dir='ltr'><strong>non</strong></span> <span class='ocrx_word' id='word_1_706' title='bbox 2960 3505 3387 3559; x_wconf 81' lang='lat' dir='ltr'><strong>scandalizemus</strong></span> <span class='ocrx_word' id='word_1_707' title='bbox 3415 3518 3510 3557; x_wconf 85' lang='lat' dir='ltr'><strong>eos</strong></span> <span class='ocrx_word' id='word_1_708' title='bbox 3540 3513 3570 3541; x_wconf 80' lang='grc' dir='ltr'><strong>ιι</strong></span> <span class='ocrx_word' id='word_1_709' title='bbox 3598 3546 3612 3559; x_wconf 91' lang='grc'><strong>.</strong></span> <span class='ocrx_word' id='word_1_710' title='bbox 3649 3546 3662 3558; x_wconf 96' lang='grc'><strong>.</strong></span> <span class='ocrx_word' id='word_1_711' title='bbox 3696 3546 3710 3559; x_wconf 94' lang='grc'><strong>.</strong></span> <span class='ocrx_word' id='word_1_712' title='bbox 3740 3546 3753 3559; x_wconf 93' lang='grc'><strong>.</strong></span> <span class='ocrx_word' id='word_1_713' title='bbox 3794 3549 3801 3557; x_wconf 95' lang='grc'><strong>.</strong></span> <span class='ocrx_word' id='word_1_714' title='bbox 3843 3540 3855 3555; x_wconf 95' lang='grc'><strong>.</strong></span> 
     </span>
    </p>
   </div>
   <div class='ocr_carea' id='block_1_196' title="bbox 2244 3576 3858 3647">
    <p class='ocr_par' dir='ltr' id='par_1_196' title="bbox 2244 3576 3858 3647">
     <span class='ocr_line' id='line_1_197' title="bbox 2244 3576 3858 3647; baseline -0.001 -17"><span class='ocrx_word' id='word_1_715' title='bbox 2244 3580 2378 3633; x_wconf 90' lang='lat' dir='ltr'><strong>vade</strong></span> <span class='ocrx_word' id='word_1_716' title='bbox 2409 3578 2475 3633; x_wconf 91' lang='lat' dir='ltr'><strong>ad</strong></span> <span class='ocrx_word' id='word_1_717' title='bbox 2501 3595 2648 3633; x_wconf 85' lang='lat' dir='ltr'><strong>mare</strong></span> <span class='ocrx_word' id='word_1_718' title='bbox 2677 3589 2730 3633; x_wconf 87' lang='lat' dir='ltr'><strong>et</strong></span> <span class='ocrx_word' id='word_1_719' title='bbox 2750 3581 2901 3633; x_wconf 89' lang='lat' dir='ltr'><strong>mitte</strong></span> <span class='ocrx_word' id='word_1_720' title='bbox 2927 3581 3140 3630; x_wconf 87' lang='lat' dir='ltr'><strong>hamum</strong></span> <span class='ocrx_word' id='word_1_721' title='bbox 3168 3586 3221 3630; x_wconf 90' lang='lat' dir='ltr'><strong>et</strong></span> <span class='ocrx_word' id='word_1_722' title='bbox 3249 3591 3371 3629; x_wconf 91' lang='lat' dir='ltr'><strong>eum</strong></span> <span class='ocrx_word' id='word_1_723' title='bbox 3404 3576 3614 3642; x_wconf 87' lang='lat' dir='ltr'><strong>piscem</strong></span> <span class='ocrx_word' id='word_1_724' title='bbox 3645 3579 3732 3647; x_wconf 89' lang='lat' dir='ltr'><strong>qui</strong></span> <span class='ocrx_word' id='word_1_725' title='bbox 3760 3577 3858 3644; x_wconf 86' lang='lat' dir='ltr'><strong>pri-</strong></span> 
     </span>
    </p>
   </div>
   <div class='ocr_carea' id='block_1_197' title="bbox 2247 3647 3855 3715">
    <p class='ocr_par' dir='ltr' id='par_1_197' title="bbox 2247 3647 3855 3715">
     <span class='ocr_line' id='line_1_198' title="bbox 2247 3647 3855 3715; baseline -0.001 -12"><span class='ocrx_word' id='word_1_726' title='bbox 2247 3666 2366 3703; x_wconf 83' lang='lat' dir='ltr'><strong>mus</strong></span> <span class='ocrx_word' id='word_1_727' title='bbox 2396 3650 2697 3703; x_wconf 73' lang='lat' dir='ltr'><strong>ascmtdcrit</strong></span> <span class='ocrx_word' id='word_1_728' title='bbox 2735 3651 2883 3704; x_wconf 84' lang='lat' dir='ltr'><strong>tolle.</strong></span> <span class='ocrx_word' id='word_1_729' title='bbox 2910 3657 2965 3703; x_wconf 92' lang='lat' dir='ltr'><strong>et</strong></span> <span class='ocrx_word' id='word_1_730' title='bbox 2994 3658 3181 3715; x_wconf 81' lang='lat' dir='ltr'><strong>aperto</strong></span> <span class='ocrx_word' id='word_1_731' title='bbox 3229 3663 3323 3702; x_wconf 89' lang='lat' dir='ltr'><strong>ore</strong></span> <span class='ocrx_word' id='word_1_732' title='bbox 3363 3647 3479 3715; x_wconf 85' lang='lat' dir='ltr'><strong>ejus</strong></span> <span class='ocrx_word' id='word_1_733' title='bbox 3519 3648 3774 3701; x_wconf 82' lang='lat' dir='ltr'><strong>invenies</strong></span> <span class='ocrx_word' id='word_1_734' title='bbox 3804 3648 3855 3701; x_wconf 88' lang='lat' dir='ltr'><strong>itt</strong></span> 
     </span>
    </p>
   </div>
   <div class='ocr_carea' id='block_1_198' title="bbox 2245 3718 3855 3785">
    <p class='ocr_par' dir='ltr' id='par_1_198' title="bbox 2245 3718 3855 3785">
     <span class='ocr_line' id='line_1_199' title="bbox 2245 3718 3855 3785; baseline -0.001 -12"><span class='ocrx_word' id='word_1_735' title='bbox 2245 3736 2311 3773; x_wconf 87' lang='lat' dir='ltr'><strong>eo</strong></span> <span class='ocrx_word' id='word_1_736' title='bbox 2337 3721 2642 3775; x_wconf 66' lang='lat' dir='ltr'><strong>denarium.</strong></span> <span class='ocrx_word' id='word_1_737' title='bbox 2686 3722 2839 3775; x_wconf 90' lang='lat' dir='ltr'><strong>illum</strong></span> <span class='ocrx_word' id='word_1_738' title='bbox 2874 3735 3114 3776; x_wconf 89' lang='lat' dir='ltr'><strong>sumens.</strong></span> <span class='ocrx_word' id='word_1_739' title='bbox 3147 3718 3209 3772; x_wconf 88' lang='lat' dir='ltr'><strong>da</strong></span> <span class='ocrx_word' id='word_1_740' title='bbox 3240 3720 3319 3770; x_wconf 84' lang='lat' dir='ltr'><strong>eis</strong></span> <span class='ocrx_word' id='word_1_741' title='bbox 3347 3732 3445 3785; x_wconf 91' lang='lat' dir='ltr'><strong>pro</strong></span> <span class='ocrx_word' id='word_1_742' title='bbox 3496 3734 3591 3774; x_wconf 89' lang='lat' dir='ltr'><strong>me</strong></span> <span class='ocrx_word' id='word_1_743' title='bbox 3620 3728 3677 3775; x_wconf 90' lang='lat' dir='ltr'><strong>et</strong></span> <span class='ocrx_word' id='word_1_744' title='bbox 3703 3730 3772 3773; x_wconf 87' lang='lat' dir='ltr'><strong>te.</strong></span> <span class='ocrx_word' id='word_1_745' title='bbox 3805 3719 3855 3771; x_wconf 90' lang='lat' dir='ltr'><strong>In</strong></span> 
     </span>
    </p>
   </div>
   <div class='ocr_carea' id='block_1_199' title="bbox 2247 3789 3858 3859">
    <p class='ocr_par' dir='ltr' id='par_1_199' title="bbox 2247 3789 3858 3859">
     <span class='ocr_line' id='line_1_200' title="bbox 2247 3789 3858 3859; baseline -0.001 -14"><span class='ocrx_word' id='word_1_746' title='bbox 2247 3792 2335 3845; x_wconf 89' lang='lat' dir='ltr'><strong>illa</strong></span> <span class='ocrx_word' id='word_1_747' title='bbox 2362 3791 2490 3847; x_wconf 87' lang='lat' dir='ltr'><strong>hora</strong></span> <span class='ocrx_word' id='word_1_748' title='bbox 2516 3803 2862 3848; x_wconf 82' lang='lat' dir='ltr'><strong>accesserunt</strong></span> <span class='ocrx_word' id='word_1_749' title='bbox 2889 3790 3135 3859; x_wconf 90' lang='lat' dir='ltr'><strong>discipuli</strong></span> <span class='ocrx_word' id='word_1_750' title='bbox 3165 3789 3858 3859; x_wconf 70' lang='lat' dir='ltr'><strong>adJesuittdicetttes.Quis</strong></span> 
     </span>
    </p>
   </div>
   <div class='ocr_carea' id='block_1_200' title="bbox 2247 3858 3857 3933">
    <p class='ocr_par' dir='ltr' id='par_1_200' title="bbox 2247 3858 3857 3933">
     <span class='ocr_line' id='line_1_201' title="bbox 2247 3858 3857 3933; baseline -0.001 -18"><span class='ocrx_word' id='word_1_751' title='bbox 2247 3877 2398 3931; x_wconf 54' lang='lat' dir='ltr'><strong>putas</strong></span> <span class='ocrx_word' id='word_1_752' title='bbox 2428 3864 2600 3933; x_wconf 86' lang='lat' dir='ltr'><strong>major</strong></span> <span class='ocrx_word' id='word_1_753' title='bbox 2618 3875 2701 3918; x_wconf 90' lang='lat' dir='ltr'><strong>est</strong></span> <span class='ocrx_word' id='word_1_754' title='bbox 2733 3867 2786 3919; x_wconf 89' lang='lat' dir='ltr'><strong>in</strong></span> <span class='ocrx_word' id='word_1_755' title='bbox 2819 3878 2985 3933; x_wconf 85' lang='lat' dir='ltr'><strong>regno</strong></span> <span class='ocrx_word' id='word_1_756' title='bbox 3012 3858 3686 3933; x_wconf 83' lang='lat' dir='ltr'><strong>caelorttm.Etadvoc.-ins</strong></span> <span class='ocrx_word' id='word_1_757' title='bbox 3702 3861 3857 3931; x_wconf 81' lang='lat' dir='ltr'><strong>Jesus</strong></span> 
     </span>
    </p>
   </div>
   <div class='ocr_carea' id='block_1_201' title="bbox 2247 3932 3856 4003">
    <p class='ocr_par' dir='ltr' id='par_1_201' title="bbox 2247 3932 3856 4003">
     <span class='ocr_line' id='line_1_202' title="bbox 2247 3932 3856 4003; baseline -0.002 -16"><span class='ocrx_word' id='word_1_758' title='bbox 2247 3932 2548 4003; x_wconf 78' lang='lat' dir='ltr'><strong>parvulum.</strong></span> <span class='ocrx_word' id='word_1_759' title='bbox 2572 3932 2903 3989; x_wconf 72' lang='lat' dir='ltr'><strong>statuitcuni</strong></span> <span class='ocrx_word' id='word_1_760' title='bbox 2932 3937 2981 3987; x_wconf 93' lang='lat' dir='ltr'><strong>in</strong></span> <span class='ocrx_word' id='word_1_761' title='bbox 3013 3934 3191 3988; x_wconf 89' lang='lat' dir='ltr'><strong>medio</strong></span> <span class='ocrx_word' id='word_1_762' title='bbox 3218 3947 3411 4003; x_wconf 88' lang='lat' dir='ltr'><strong>eorunt</strong></span> <span class='ocrx_word' id='word_1_763' title='bbox 3432 3944 3483 4003; x_wconf 88' lang='lat' dir='ltr'><strong>ct</strong></span> <span class='ocrx_word' id='word_1_764' title='bbox 3507 3932 3856 3987; x_wconf 75' lang='lat' dir='ltr'><strong>dixit.Amen</strong></span> 
     </span>
    </p>
   </div>
   <div class='ocr_carea' id='block_1_202' title="bbox 2246 4002 3861 4065">
    <p class='ocr_par' dir='ltr' id='par_1_202' title="bbox 2246 4002 3861 4065">
     <span class='ocr_line' id='line_1_203' title="bbox 2246 4002 3861 4065; baseline -0.001 -6"><span class='ocrx_word' id='word_1_765' title='bbox 2246 4002 2368 4059; x_wconf 80' lang='lat' dir='ltr'><strong>dico</strong></span> <span class='ocrx_word' id='word_1_766' title='bbox 2400 4006 2575 4060; x_wconf 88' lang='lat' dir='ltr'><strong>vobis.</strong></span> <span class='ocrx_word' id='word_1_767' title='bbox 2610 4009 2710 4061; x_wconf 87' lang='lat' dir='ltr'><strong>nisi</strong></span> <span class='ocrx_word' id='word_1_768' title='bbox 2744 4009 2992 4065; x_wconf 73' lang='lat' dir='ltr'><strong>conversi</strong></span> <span class='ocrx_word' id='word_1_769' title='bbox 3014 4004 3247 4058; x_wconf 88' lang='lat' dir='ltr'><strong>fueritis.</strong></span> <span class='ocrx_word' id='word_1_770' title='bbox 3274 4014 3330 4056; x_wconf 92' lang='lat' dir='ltr'><strong>ut</strong></span> <span class='ocrx_word' id='word_1_771' title='bbox 3360 4002 3687 4058; x_wconf 82' lang='lat' dir='ltr'><strong>efﬁciamini</strong></span> <span class='ocrx_word' id='word_1_772' title='bbox 3722 4006 3861 4058; x_wconf 77' lang='lat' dir='ltr'><strong>sicut</strong></span> 
     </span>
    </p>
   </div>
   <div class='ocr_carea' id='block_1_203' title="bbox 2247 4074 3859 4146">
    <p class='ocr_par' dir='ltr' id='par_1_203' title="bbox 2247 4074 3859 4146">
     <span class='ocr_line' id='line_1_204' title="bbox 2247 4074 3859 4146; baseline -0.001 -17"><span class='ocrx_word' id='word_1_773' title='bbox 2247 4080 2451 4145; x_wconf 88' lang='lat' dir='ltr'><strong>parvuli</strong></span> <span class='ocrx_word' id='word_1_774' title='bbox 2483 4093 2589 4132; x_wconf 93' lang='lat' dir='ltr'><strong>non</strong></span> <span class='ocrx_word' id='word_1_775' title='bbox 2640 4078 2911 4132; x_wconf 89' lang='lat' dir='ltr'><strong>intrabitis</strong></span> <span class='ocrx_word' id='word_1_776' title='bbox 2956 4094 2987 4131; x_wconf 66' lang='grc' dir='ltr'>τι</span> <span class='ocrx_word' id='word_1_777' title='bbox 3012 4091 3180 4146; x_wconf 90' lang='lat' dir='ltr'><strong>regno</strong></span> <span class='ocrx_word' id='word_1_778' title='bbox 3201 4074 3481 4132; x_wconf 66' lang='lat' dir='ltr'><strong>caelorum.</strong></span> <span class='ocrx_word' id='word_1_779' title='bbox 3509 4078 3859 4146; x_wconf 75' lang='lat' dir='ltr'><strong>Quicumque</strong></span> 
     </span>
    </p>
   </div>
   <div class='ocr_carea' id='block_1_204' title="bbox 2248 4145 3860 4215">
    <p class='ocr_par' dir='ltr' id='par_1_204' title="bbox 2248 4145 3860 4215">
     <span class='ocr_line' id='line_1_205' title="bbox 2248 4145 3860 4215; baseline -0.002 -13"><span class='ocrx_word' id='word_1_780' title='bbox 2248 4165 2378 4215; x_wconf 86' lang='lat' dir='ltr'><strong>ergo</strong></span> <span class='ocrx_word' id='word_1_781' title='bbox 2409 4148 2436 4187; x_wconf 74' lang='grc' dir='ltr'>δ</span> <span class='ocrx_word' id='word_1_782' title='bbox 2479 4149 2828 4204; x_wconf 85' lang='lat' dir='ltr'><strong>ltumilavcrit</strong></span> <span class='ocrx_word' id='word_1_783' title='bbox 2857 4165 2915 4203; x_wconf 84' lang='lat' dir='ltr'><strong>se</strong></span> <span class='ocrx_word' id='word_1_784' title='bbox 2945 4145 3088 4203; x_wconf 80' lang='lat' dir='ltr'><strong>sicut</strong></span> <span class='ocrx_word' id='word_1_785' title='bbox 3115 4147 3368 4214; x_wconf 86' lang='lat' dir='ltr'><strong>parvulus</strong></span> <span class='ocrx_word' id='word_1_786' title='bbox 3400 4146 3519 4199; x_wconf 89' lang='lat' dir='ltr'><strong>istc.</strong></span> <span class='ocrx_word' id='word_1_787' title='bbox 3560 4148 3651 4203; x_wconf 76' lang='lat' dir='ltr'><strong>hic</strong></span> <span class='ocrx_word' id='word_1_788' title='bbox 3685 4145 3860 4215; x_wconf 80' lang='lat' dir='ltr'><strong>inajnr</strong></span> 
     </span>
    </p>
   </div>
   <div class='ocr_carea' id='block_1_205' title="bbox 2247 4218 3862 4291">
    <p class='ocr_par' dir='ltr' id='par_1_205' title="bbox 2247 4218 3862 4291">
     <span class='ocr_line' id='line_1_206' title="bbox 2247 4218 3862 4291; baseline -0.002 -17"><span class='ocrx_word' id='word_1_789' title='bbox 2247 4223 2347 4274; x_wconf 91' lang='lat' dir='ltr'><strong>crit</strong></span> <span class='ocrx_word' id='word_1_790' title='bbox 2396 4221 2449 4275; x_wconf 90' lang='lat' dir='ltr'><strong>in</strong></span> <span class='ocrx_word' id='word_1_791' title='bbox 2505 4236 2673 4291; x_wconf 83' lang='lat' dir='ltr'><strong>regno</strong></span> <span class='ocrx_word' id='word_1_792' title='bbox 2729 4222 3025 4291; x_wconf 84' lang='lat' dir='ltr'><strong>caelorum.</strong></span> <span class='ocrx_word' id='word_1_793' title='bbox 3078 4218 3144 4272; x_wconf 83' lang='lat' dir='ltr'><strong>Et</strong></span> <span class='ocrx_word' id='word_1_794' title='bbox 3190 4218 3513 4287; x_wconf 85' lang='lat' dir='ltr'><strong>quicumque</strong></span> <span class='ocrx_word' id='word_1_795' title='bbox 3587 4221 3862 4291; x_wconf 79' lang='lat' dir='ltr'><strong>receperit</strong></span> 
     </span>
    </p>
   </div>
   <div class='ocr_carea' id='block_1_206' title="bbox 2247 4290 3856 4361">
    <p class='ocr_par' dir='ltr' id='par_1_206' title="bbox 2247 4290 3856 4361">
     <span class='ocr_line' id='line_1_207' title="bbox 2247 4290 3856 4361; baseline -0.002 -17"><span class='ocrx_word' id='word_1_796' title='bbox 2247 4308 2411 4345; x_wconf 90' lang='lat' dir='ltr'><strong>unum</strong></span> <span class='ocrx_word' id='word_1_797' title='bbox 2464 4290 2745 4361; x_wconf 80' lang='lat' dir='ltr'><strong>parvulum</strong></span> <span class='ocrx_word' id='word_1_798' title='bbox 2792 4294 2951 4345; x_wconf 81' lang='lat' dir='ltr'><strong>talem</strong></span> <span class='ocrx_word' id='word_1_799' title='bbox 2998 4290 3050 4343; x_wconf 89' lang='lat' dir='ltr'><strong>itt</strong></span> <span class='ocrx_word' id='word_1_800' title='bbox 3082 4293 3302 4344; x_wconf 88' lang='lat' dir='ltr'><strong>nomine</strong></span> <span class='ocrx_word' id='word_1_801' title='bbox 3342 4303 3463 4342; x_wconf 88' lang='lat' dir='ltr'><strong>tneo</strong></span> <span class='ocrx_word' id='word_1_802' title='bbox 3502 4306 3596 4343; x_wconf 88' lang='lat' dir='ltr'><strong>nte</strong></span> <span class='ocrx_word' id='word_1_803' title='bbox 3640 4290 3856 4359; x_wconf 81' lang='lat' dir='ltr'><strong>recipit.</strong></span> 
     </span>
    </p>
   </div>
   <div class='ocr_carea' id='block_1_207' title="bbox 2240 4360 3859 4431">
    <p class='ocr_par' dir='ltr' id='par_1_207' title="bbox 2240 4360 3859 4431">
     <span class='ocr_line' id='line_1_208' title="bbox 2240 4360 3859 4431; baseline -0.002 -15"><span class='ocrx_word' id='word_1_804' title='bbox 2240 4362 2345 4431; x_wconf 91' lang='lat' dir='ltr'><strong>Qui</strong></span> <span class='ocrx_word' id='word_1_805' title='bbox 2376 4360 2554 4418; x_wconf 90' lang='lat' dir='ltr'><strong>autem</strong></span> <span class='ocrx_word' id='word_1_806' title='bbox 2588 4362 3052 4419; x_wconf 75' lang='lat' dir='ltr'><strong>scandaliziverit.</strong></span> <span class='ocrx_word' id='word_1_807' title='bbox 3094 4376 3258 4414; x_wconf 90' lang='lat' dir='ltr'><strong>unum</strong></span> <span class='ocrx_word' id='word_1_808' title='bbox 3283 4374 3349 4414; x_wconf 80' lang='lat' dir='ltr'><strong>ex</strong></span> <span class='ocrx_word' id='word_1_809' title='bbox 3375 4361 3586 4428; x_wconf 82' lang='lat' dir='ltr'><strong>pusillis</strong></span> <span class='ocrx_word' id='word_1_810' title='bbox 3618 4362 3740 4414; x_wconf 87' lang='lat' dir='ltr'><strong>istis</strong></span> <span class='ocrx_word' id='word_1_811' title='bbox 3771 4360 3859 4428; x_wconf 88' lang='lat' dir='ltr'><strong>qui</strong></span> 
     </span>
    </p>
   </div>
   <div class='ocr_carea' id='block_1_208' title="bbox 2245 4431 3857 4505">
    <p class='ocr_par' dir='ltr' id='par_1_208' title="bbox 2245 4431 3857 4505">
     <span class='ocr_line' id='line_1_209' title="bbox 2245 4431 3857 4505; baseline -0.003 -17"><span class='ocrx_word' id='word_1_812' title='bbox 2245 4437 2295 4488; x_wconf 93' lang='lat' dir='ltr'><strong>in</strong></span> <span class='ocrx_word' id='word_1_813' title='bbox 2330 4451 2414 4490; x_wconf 87' lang='lat' dir='ltr'><strong>nte</strong></span> <span class='ocrx_word' id='word_1_814' title='bbox 2444 4435 2674 4490; x_wconf 87' lang='lat' dir='ltr'><strong>credunt</strong></span> <span class='ocrx_word' id='word_1_815' title='bbox 2702 4436 2925 4505; x_wconf 78' lang='lat' dir='ltr'><strong>expedit</strong></span> <span class='ocrx_word' id='word_1_816' title='bbox 2955 4435 3025 4488; x_wconf 91' lang='lat' dir='ltr'><strong>ei.</strong></span> <span class='ocrx_word' id='word_1_817' title='bbox 3074 4444 3131 4487; x_wconf 91' lang='lat' dir='ltr'><strong>ut</strong></span> <span class='ocrx_word' id='word_1_818' title='bbox 3161 4432 3523 4500; x_wconf 81' lang='lat' dir='ltr'><strong>suspendatur</strong></span> <span class='ocrx_word' id='word_1_819' title='bbox 3558 4431 3712 4505; x_wconf 84' lang='lat' dir='ltr'><strong>mola</strong></span> <span class='ocrx_word' id='word_1_820' title='bbox 3745 4433 3857 4485; x_wconf 86' lang='lat' dir='ltr'><strong>asi-</strong></span> 
     </span>
    </p>
   </div>
   <div class='ocr_carea' id='block_1_209' title="bbox 2245 4504 3861 4577">
    <p class='ocr_par' dir='ltr' id='par_1_209' title="bbox 2245 4504 3861 4577">
     <span class='ocr_line' id='line_1_210' title="bbox 2245 4504 3861 4577; baseline -0.003 -18"><span class='ocrx_word' id='word_1_821' title='bbox 2245 4507 2395 4559; x_wconf 88' lang='lat' dir='ltr'><strong>naria</strong></span> <span class='ocrx_word' id='word_1_822' title='bbox 2426 4509 2477 4560; x_wconf 91' lang='lat' dir='ltr'><strong>in</strong></span> <span class='ocrx_word' id='word_1_823' title='bbox 2507 4508 2651 4563; x_wconf 82' lang='lat' dir='ltr'><strong>collo</strong></span> <span class='ocrx_word' id='word_1_824' title='bbox 2674 4504 2810 4577; x_wconf 71' lang='lat' dir='ltr'><strong>ejus.</strong></span> <span class='ocrx_word' id='word_1_825' title='bbox 2843 4516 2895 4560; x_wconf 88' lang='lat' dir='ltr'><strong>et</strong></span> <span class='ocrx_word' id='word_1_826' title='bbox 2920 4505 3272 4577; x_wconf 82' lang='lat' dir='ltr'><strong>demergatur</strong></span> <span class='ocrx_word' id='word_1_827' title='bbox 3297 4504 3720 4577; x_wconf 46' lang='lat' dir='ltr'><strong>inuprol&#39;undum</strong></span> <span class='ocrx_word' id='word_1_828' title='bbox 3750 4516 3861 4557; x_wconf 58' lang='lat' dir='ltr'><strong>tua.</strong></span> 
     </span>
    </p>
   </div>
   <div class='ocr_carea' id='block_1_210' title="bbox 2242 4574 3859 4633">
    <p class='ocr_par' dir='ltr' id='par_1_210' title="bbox 2242 4574 3859 4633">
     <span class='ocr_line' id='line_1_211' title="bbox 2242 4574 3859 4633; baseline -0.002 -1"><span class='ocrx_word' id='word_1_829' title='bbox 2242 4578 2337 4632; x_wconf 89' lang='lat' dir='ltr'><strong>ris.</strong></span> <span class='ocrx_word' id='word_1_830' title='bbox 2372 4576 2482 4632; x_wconf 85' lang='lat' dir='ltr'><strong>Vae</strong></span> <span class='ocrx_word' id='word_1_831' title='bbox 2510 4578 2634 4633; x_wconf 88' lang='lat' dir='ltr'><strong>huic</strong></span> <span class='ocrx_word' id='word_1_832' title='bbox 2656 4574 2877 4633; x_wconf 81' lang='lat' dir='ltr'><strong>mundo.</strong></span> <span class='ocrx_word' id='word_1_833' title='bbox 2932 4578 2999 4631; x_wconf 88' lang='lat' dir='ltr'><strong>ab</strong></span> <span class='ocrx_word' id='word_1_834' title='bbox 3025 4574 3314 4630; x_wconf 81' lang='lat' dir='ltr'><strong>scandatis.</strong></span> <span class='ocrx_word' id='word_1_835' title='bbox 3341 4574 3577 4628; x_wconf 63' lang='lat' dir='ltr'><strong>Necesse</strong></span> <span class='ocrx_word' id='word_1_836' title='bbox 3604 4584 3695 4629; x_wconf 87' lang='lat' dir='ltr'><strong>est</strong></span> <span class='ocrx_word' id='word_1_837' title='bbox 3716 4577 3859 4628; x_wconf 90' lang='lat' dir='ltr'><strong>enim</strong></span> 
     </span>
    </p>
   </div>
   <div class='ocr_carea' id='block_1_211' title="bbox 2241 4644 3863 4713">
    <p class='ocr_par' dir='ltr' id='par_1_211' title="bbox 2241 4644 3863 4713">
     <span class='ocr_line' id='line_1_212' title="bbox 2241 4644 3863 4713; baseline -0.002 -11"><span class='ocrx_word' id='word_1_838' title='bbox 2241 4661 2300 4702; x_wconf 92' lang='lat' dir='ltr'><strong>nt</strong></span> <span class='ocrx_word' id='word_1_839' title='bbox 2335 4651 2555 4703; x_wconf 80' lang='lat' dir='ltr'><strong>veniant</strong></span> <span class='ocrx_word' id='word_1_840' title='bbox 2581 4651 2858 4705; x_wconf 85' lang='lat' dir='ltr'><strong>scandala.</strong></span> <span class='ocrx_word' id='word_1_841' title='bbox 2889 4652 3260 4703; x_wconf 83' lang='lat' dir='ltr'><strong>verumtamen</strong></span> <span class='ocrx_word' id='word_1_842' title='bbox 3290 4661 3390 4699; x_wconf 86' lang='lat' dir='ltr'><strong>vae</strong></span> <span class='ocrx_word' id='word_1_843' title='bbox 3421 4644 3637 4699; x_wconf 89' lang='lat' dir='ltr'><strong>homini</strong></span> <span class='ocrx_word' id='word_1_844' title='bbox 3665 4645 3748 4699; x_wconf 90' lang='lat' dir='ltr'><strong>illi</strong></span> <span class='ocrx_word' id='word_1_845' title='bbox 3769 4660 3863 4713; x_wconf 85' lang='lat' dir='ltr'><strong>per</strong></span> 
     </span>
    </p>
   </div>
   <div class='ocr_carea' id='block_1_212' title="bbox 2244 4718 3861 4790">
    <p class='ocr_par' dir='ltr' id='par_1_212' title="bbox 2244 4718 3861 4790">
     <span class='ocr_line' id='line_1_213' title="bbox 2244 4718 3861 4790; baseline -0.003 -17"><span class='ocrx_word' id='word_1_846' title='bbox 2244 4735 2407 4790; x_wconf 89' lang='lat' dir='ltr'><strong>quem</strong></span> <span class='ocrx_word' id='word_1_847' title='bbox 2437 4722 2752 4775; x_wconf 76' lang='lat' dir='ltr'><strong>scutdalum</strong></span> <span class='ocrx_word' id='word_1_848' title='bbox 2780 4721 2981 4775; x_wconf 74' lang='lat' dir='ltr'><strong>veniet.</strong></span> <span class='ocrx_word' id='word_1_849' title='bbox 3012 4718 3073 4790; x_wconf 83' lang='lat' dir='ltr'><strong>Si</strong></span> <span class='ocrx_word' id='word_1_850' title='bbox 3101 4728 3279 4772; x_wconf 89' lang='lat' dir='ltr'><strong>autem</strong></span> <span class='ocrx_word' id='word_1_851' title='bbox 3312 4731 3508 4790; x_wconf 83' lang='lat' dir='ltr'><strong>manus</strong></span> <span class='ocrx_word' id='word_1_852' title='bbox 3532 4726 3628 4771; x_wconf 79' lang='lat' dir='ltr'><strong>tua</strong></span> <span class='ocrx_word' id='word_1_853' title='bbox 3659 4718 3747 4790; x_wconf 81' lang='lat' dir='ltr'><strong>vel</strong></span> <span class='ocrx_word' id='word_1_854' title='bbox 3768 4730 3861 4785; x_wconf 88' lang='lat' dir='ltr'><strong>pes</strong></span> 
     </span>
    </p>
   </div>
   <div class='ocr_carea' id='block_1_213' title="bbox 2248 4787 3858 4856">
    <p class='ocr_par' dir='ltr' id='par_1_213' title="bbox 2248 4787 3858 4856">
     <span class='ocr_line' id='line_1_214' title="bbox 2248 4787 3858 4856; baseline -0.005 -10"><span class='ocrx_word' id='word_1_855' title='bbox 2248 4787 2387 4846; x_wconf 83' lang='lat' dir='ltr'><strong>tuus.</strong></span> <span class='ocrx_word' id='word_1_856' title='bbox 2448 4794 2777 4848; x_wconf 77' lang='lat' dir='ltr'><strong>scandalizat</strong></span> <span class='ocrx_word' id='word_1_857' title='bbox 2807 4802 2859 4845; x_wconf 91' lang='lat' dir='ltr'><strong>te</strong></span> <span class='ocrx_word' id='word_1_858' title='bbox 2889 4789 3109 4845; x_wconf 87' lang='lat' dir='ltr'><strong>abscide</strong></span> <span class='ocrx_word' id='word_1_859' title='bbox 3134 4804 3256 4843; x_wconf 90' lang='lat' dir='ltr'><strong>eum</strong></span> <span class='ocrx_word' id='word_1_860' title='bbox 3297 4794 3354 4842; x_wconf 91' lang='lat' dir='ltr'><strong>et</strong></span> <span class='ocrx_word' id='word_1_861' title='bbox 3395 4787 3584 4856; x_wconf 90' lang='lat' dir='ltr'><strong>proice</strong></span> <span class='ocrx_word' id='word_1_862' title='bbox 3634 4787 3736 4841; x_wconf 87' lang='lat' dir='ltr'><strong>abs</strong></span> <span class='ocrx_word' id='word_1_863' title='bbox 3788 4798 3858 4841; x_wconf 88' lang='lat' dir='ltr'><strong>te.</strong></span> 
     </span>
    </p>
   </div>
   <div class='ocr_carea' id='block_1_214' title="bbox 2246 4856 3856 4929">
    <p class='ocr_par' dir='ltr' id='par_1_214' title="bbox 2246 4856 3856 4929">
     <span class='ocr_line' id='line_1_215' title="bbox 2246 4856 3856 4929; baseline -0.006 -10"><span class='ocrx_word' id='word_1_864' title='bbox 2246 4864 2445 4919; x_wconf 87' lang='lat' dir='ltr'><strong>melius</strong></span> <span class='ocrx_word' id='word_1_865' title='bbox 2474 4876 2558 4920; x_wconf 90' lang='lat' dir='ltr'><strong>est</strong></span> <span class='ocrx_word' id='word_1_866' title='bbox 2586 4864 2734 4922; x_wconf 87' lang='lat' dir='ltr'><strong>enim</strong></span> <span class='ocrx_word' id='word_1_867' title='bbox 2769 4863 2862 4918; x_wconf 87' lang='lat' dir='ltr'><strong>tibi</strong></span> <span class='ocrx_word' id='word_1_868' title='bbox 2892 4863 2943 4917; x_wconf 91' lang='lat' dir='ltr'><strong>in</strong></span> <span class='ocrx_word' id='word_1_869' title='bbox 2979 4863 3141 4916; x_wconf 83' lang='lat' dir='ltr'><strong>vitam</strong></span> <span class='ocrx_word' id='word_1_870' title='bbox 3198 4857 3402 4929; x_wconf 78' lang='lat' dir='ltr'><strong>ingredi</strong></span> <span class='ocrx_word' id='word_1_871' title='bbox 3436 4856 3682 4929; x_wconf 82' lang='lat' dir='ltr'><strong>debilem</strong></span> <span class='ocrx_word' id='word_1_872' title='bbox 3716 4858 3803 4912; x_wconf 87' lang='lat' dir='ltr'><strong>vel</strong></span> <span class='ocrx_word' id='word_1_873' title='bbox 3834 4867 3856 4895; x_wconf 74' lang='grc' dir='ltr'><strong>ε</strong></span> 
     </span>
    </p>
   </div>
   <div class='ocr_carea' id='block_1_215' title="bbox 2246 4928 3860 5006">
    <p class='ocr_par' dir='ltr' id='par_1_215' title="bbox 2246 4928 3860 5006">
     <span class='ocr_line' id='line_1_216' title="bbox 2246 4928 3860 5006; baseline -0.005 -15"><span class='ocrx_word' id='word_1_874' title='bbox 2246 4936 2461 4991; x_wconf 89' lang='lat' dir='ltr'><strong>clodunt</strong></span> <span class='ocrx_word' id='word_1_875' title='bbox 2489 4951 2652 5006; x_wconf 89' lang='lat' dir='ltr'><strong>quam</strong></span> <span class='ocrx_word' id='word_1_876' title='bbox 2684 4936 2817 4990; x_wconf 91' lang='lat' dir='ltr'><strong>duas</strong></span> <span class='ocrx_word' id='word_1_877' title='bbox 2846 4936 3037 4988; x_wconf 62' lang='lat' dir='ltr'><strong>manus</strong></span> <span class='ocrx_word' id='word_1_878' title='bbox 3058 4932 3145 4987; x_wconf 88' lang='lat' dir='ltr'><strong>vel</strong></span> <span class='ocrx_word' id='word_1_879' title='bbox 3173 4928 3311 4987; x_wconf 86' lang='lat' dir='ltr'><strong>duos</strong></span> <span class='ocrx_word' id='word_1_880' title='bbox 3339 4929 3505 5001; x_wconf 86' lang='lat' dir='ltr'><strong>pedes</strong></span> <span class='ocrx_word' id='word_1_881' title='bbox 3561 4928 3860 4987; x_wconf 84' lang='lat' dir='ltr'><strong>habentem</strong></span> 
     </span>
    </p>
   </div>
   <div class='ocr_carea' id='block_1_216' title="bbox 2249 5007 2871 5079">
    <p class='ocr_par' dir='ltr' id='par_1_216' title="bbox 2249 5007 2871 5079">
     <span class='ocr_line' id='line_1_217' title="bbox 2249 5007 2871 5079; baseline -0.003 -18"><span class='ocrx_word' id='word_1_882' title='bbox 2249 5008 2387 5061; x_wconf 88' lang='lat' dir='ltr'><strong>mitti</strong></span> <span class='ocrx_word' id='word_1_883' title='bbox 2417 5007 2472 5062; x_wconf 89' lang='lat' dir='ltr'><strong>in</strong></span> <span class='ocrx_word' id='word_1_884' title='bbox 2506 5008 2684 5079; x_wconf 92' lang='lat' dir='ltr'><strong>ignem</strong></span> <span class='ocrx_word' id='word_1_885' title='bbox 2712 5016 2871 5061; x_wconf 71' lang='lat' dir='ltr'><strong>teter-</strong></span> 
     </span>
    </p>
   </div>
   <div class='ocr_carea' id='block_1_217' title="bbox 1204 5094 3139 5157">
    <p class='ocr_par' dir='ltr' id='par_1_217' title="bbox 1204 5094 3139 5157">
     <span class='ocr_line' id='line_1_218' title="bbox 1204 5094 3139 5157; baseline -0.002 -4"><span class='ocrx_word' id='word_1_886' title='bbox 1204 5096 1601 5155; x_wconf 72' lang='lat' dir='ltr'><strong>VARIANTES</strong></span> <span class='ocrx_word' id='word_1_887' title='bbox 1636 5095 2023 5157; x_wconf 65' lang='lat' dir='ltr'><strong>LECTIDNI&#39;B</strong></span> <span class='ocrx_word' id='word_1_888' title='bbox 2060 5096 2326 5157; x_wconf 86' lang='lat' dir='ltr'><strong>CODICIS</strong></span> <span class='ocrx_word' id='word_1_889' title='bbox 2363 5099 2475 5157; x_wconf 79' lang='lat' dir='ltr'><strong>MS.</strong></span> <span class='ocrx_word' id='word_1_890' title='bbox 2515 5097 2574 5157; x_wconf 89' lang='lat' dir='ltr'><strong>S.</strong></span> <span class='ocrx_word' id='word_1_891' title='bbox 2619 5094 3139 5157; x_wconf 71' lang='lat' dir='ltr'><strong>GERMANENSIS.</strong></span> 
     </span>
    </p>
   </div>
   <div class='ocr_carea' id='block_1_218' title="bbox 2245 5189 2952 5255">
    <p class='ocr_par' dir='ltr' id='par_1_218' title="bbox 2245 5189 2952 5255">
     <span class='ocr_line' id='line_1_219' title="bbox 2245 5189 2952 5255; baseline -0.008 -10"><span class='ocrx_word' id='word_1_892' title='bbox 2245 5206 2355 5245; x_wconf 89' lang='lat' dir='ltr'><strong>rum</strong></span> <span class='ocrx_word' id='word_1_893' title='bbox 2376 5192 2543 5255; x_wconf 86' lang='lat' dir='ltr'><strong>talem,</strong></span> <span class='ocrx_word' id='word_1_894' title='bbox 2572 5198 2691 5253; x_wconf 90' lang='lat' dir='ltr'><strong>etc.,</strong></span> <span class='ocrx_word' id='word_1_895' title='bbox 2718 5198 2771 5243; x_wconf 83' lang='lat' dir='ltr'><strong>ut</strong></span> <span class='ocrx_word' id='word_1_896' title='bbox 2805 5189 2952 5255; x_wconf 73' lang='lat' dir='ltr'><strong>Vulg.</strong></span> 
     </span>
    </p>
   </div>
   <div class='ocr_carea' id='block_1_219' title="bbox 2303 5255 3035 5379">
    <p class='ocr_par' dir='ltr' id='par_1_219' title="bbox 2303 5255 3035 5379">
     <span class='ocr_line' id='line_1_220' title="bbox 2307 5255 2684 5318; baseline -0.003 -13"><span class='ocrx_word' id='word_1_897' title='bbox 2307 5256 2328 5287; x_wconf 80' lang='grc'><strong>⁸</strong></span> <span class='ocrx_word' id='word_1_898' title='bbox 2360 5255 2684 5318; x_wconf 81' lang='lat' dir='ltr'><strong>demergatur</strong></span> 
     </span>
     <span class='ocr_line' id='line_1_221' title="bbox 2303 5315 3035 5379; baseline -0.004 -12"><span class='ocrx_word' id='word_1_899' title='bbox 2303 5320 2324 5351; x_wconf 82' lang='lat'><strong><em>&quot;</em></strong></span> <span class='ocrx_word' id='word_1_900' title='bbox 2362 5332 2457 5369; x_wconf 78' lang='lat' dir='ltr'><strong>vae</strong></span> <span class='ocrx_word' id='word_1_901' title='bbox 2478 5319 2691 5377; x_wconf 81' lang='lat' dir='ltr'><strong>homini,</strong></span> <span class='ocrx_word' id='word_1_902' title='bbox 2897 5315 3035 5367; x_wconf 74' lang='lat' dir='ltr'><strong>velit</strong></span> 
     </span>
    </p>
   </div>
   <div class='ocr_carea' id='block_1_220' title="bbox 2305 5372 3735 5443">
    <p class='ocr_par' dir='ltr' id='par_1_220' title="bbox 2305 5372 3735 5443">
     <span class='ocr_line' id='line_1_222' title="bbox 2305 5372 3735 5443; baseline -0.003 -13"><span class='ocrx_word' id='word_1_903' title='bbox 2305 5382 2327 5414; x_wconf 80' lang='grc'><strong><em>⁸</em></strong></span> <span class='ocrx_word' id='word_1_904' title='bbox 2361 5382 2403 5430; x_wconf 85' lang='lat' dir='ltr'><strong>si</strong></span> <span class='ocrx_word' id='word_1_905' title='bbox 2427 5396 2598 5431; x_wconf 80' lang='lat' dir='ltr'><strong>manus</strong></span> <span class='ocrx_word' id='word_1_906' title='bbox 2621 5372 2768 5431; x_wconf 70' lang='grc' dir='ltr'><strong>ωξιὶ..</strong></span> <span class='ocrx_word' id='word_1_907' title='bbox 2794 5387 2927 5443; x_wconf 70' lang='lat' dir='ltr'><strong>tum,</strong></span> <span class='ocrx_word' id='word_1_908' title='bbox 2949 5385 3071 5439; x_wconf 80' lang='lat' dir='ltr'><strong>etc.,</strong></span> <span class='ocrx_word' id='word_1_909' title='bbox 3088 5378 3142 5427; x_wconf 70' lang='grc' dir='ltr'>αι</span> <span class='ocrx_word' id='word_1_910' title='bbox 3170 5373 3319 5439; x_wconf 67' lang='grc' dir='ltr'><strong>γαρ.</strong></span> <span class='ocrx_word' id='word_1_911' title='bbox 3349 5384 3522 5437; x_wconf 74' lang='lat' dir='ltr'><strong>usque,</strong></span> <span class='ocrx_word' id='word_1_912' title='bbox 3547 5372 3735 5425; x_wconf 73' lang='lat' dir='ltr'><strong>venire</strong></span> 
     </span>
    </p>
   </div>
   <div class='ocr_carea' id='block_1_221' title="bbox 2308 5444 2821 5507">
    <p class='ocr_par' dir='ltr' id='par_1_221' title="bbox 2308 5444 2821 5507">
     <span class='ocr_line' id='line_1_223' title="bbox 2308 5444 2821 5507; baseline 0.002 -14"><span class='ocrx_word' id='word_1_913' title='bbox 2308 5444 2329 5475; x_wconf 76' lang='grc'><strong>⁸</strong></span> <span class='ocrx_word' id='word_1_914' title='bbox 2364 5445 2537 5507; x_wconf 85' lang='lat' dir='ltr'><strong>ignem</strong></span> <span class='ocrx_word' id='word_1_915' title='bbox 2556 5450 2821 5496; x_wconf 74' lang='lat' dir='ltr'><strong>aeternum</strong></span> 
     </span>
    </p>
   </div>
   <div class='ocr_carea' id='block_1_222' title="bbox 1868 5589 2518 5650">
    <p class='ocr_par' dir='ltr' id='par_1_222' title="bbox 1868 5589 2518 5650">
     <span class='ocr_line' id='line_1_224' title="bbox 1868 5589 2518 5650; baseline 0.009 -5"><span class='ocrx_word' id='word_1_916' title='bbox 1868 5589 2240 5647; x_wconf 81' lang='lat' dir='ltr'><strong>BLANCIIINI</strong></span> <span class='ocrx_word' id='word_1_917' title='bbox 2282 5590 2518 5650; x_wconf 68' lang='lat' dir='ltr'><strong>NOTE.</strong></span> 
     </span>
    </p>
   </div>
   <div class='ocr_carea' id='block_1_223' title="bbox 609 5660 2133 5723">
    <p class='ocr_par' dir='ltr' id='par_1_223' title="bbox 609 5660 2133 5723">
     <span class='ocr_line' id='line_1_225' title="bbox 609 5660 2133 5723; baseline 0 -4"><span class='ocrx_word' id='word_1_918' title='bbox 609 5672 635 5700; x_wconf 71' lang='grc' dir='ltr'><strong><em>λ</em></strong></span> <span class='ocrx_word' id='word_1_919' title='bbox 666 5662 761 5719; x_wconf 88' lang='lat' dir='ltr'><strong>llic</strong></span> <span class='ocrx_word' id='word_1_920' title='bbox 782 5660 979 5722; x_wconf 90' lang='lat' dir='ltr'><strong>desunt</strong></span> <span class='ocrx_word' id='word_1_921' title='bbox 1004 5666 1057 5721; x_wconf 91' lang='lat' dir='ltr'><strong>in</strong></span> <span class='ocrx_word' id='word_1_922' title='bbox 1073 5663 1275 5723; x_wconf 87' lang='lat' dir='ltr'><strong>Codice</strong></span> <span class='ocrx_word' id='word_1_923' title='bbox 1294 5665 1491 5721; x_wconf 65' lang='lat' dir='ltr'><strong>litterae</strong></span> <span class='ocrx_word' id='word_1_924' title='bbox 1506 5674 1561 5722; x_wconf 90' lang='lat' dir='ltr'><strong>et</strong></span> <span class='ocrx_word' id='word_1_925' title='bbox 1582 5662 1757 5719; x_wconf 88' lang='lat' dir='ltr'><strong>media</strong></span> <span class='ocrx_word' id='word_1_926' title='bbox 1780 5662 1948 5719; x_wconf 90' lang='lat' dir='ltr'><strong>ferme</strong></span> <span class='ocrx_word' id='word_1_927' title='bbox 1969 5663 2133 5720; x_wconf 88' lang='lat' dir='ltr'><strong>linea.</strong></span> 
     </span>
    </p>
   </div>
   <div class='ocr_carea' id='block_1_224' title="bbox 604 5732 1926 5809">
    <p class='ocr_par' dir='ltr' id='par_1_224' title="bbox 604 5732 1926 5809">
     <span class='ocr_line' id='line_1_226' title="bbox 604 5732 1926 5809; baseline 0.002 -22"><span class='ocrx_word' id='word_1_928' title='bbox 604 5732 635 5772; x_wconf 58' lang='grc' dir='ltr'>ιι)</span> <span class='ocrx_word' id='word_1_929' title='bbox 670 5734 1038 5803; x_wconf 71' lang='lat' dir='ltr'><strong>Humitaverit,</strong></span> <span class='ocrx_word' id='word_1_930' title='bbox 1065 5752 1167 5808; x_wconf 86' lang='lat' dir='ltr'><strong>pro</strong></span> <span class='ocrx_word' id='word_1_931' title='bbox 1190 5753 1258 5795; x_wconf 91' lang='lat' dir='ltr'><strong>eo</strong></span> <span class='ocrx_word' id='word_1_932' title='bbox 1281 5736 1424 5809; x_wconf 89' lang='lat' dir='ltr'><strong>quod</strong></span> <span class='ocrx_word' id='word_1_933' title='bbox 1445 5746 1530 5794; x_wconf 85' lang='lat' dir='ltr'><strong>est</strong></span> <span class='ocrx_word' id='word_1_934' title='bbox 1560 5735 1926 5791; x_wconf 67' lang='lat' dir='ltr'><strong>humiﬁaverit.</strong></span> 
     </span>
    </p>
   </div>
   <div class='ocr_carea' id='block_1_225' title="bbox 624 5822 1677 5896">
    <p class='ocr_par' dir='ltr' id='par_1_225' title="bbox 624 5822 1677 5896">
     <span class='ocr_line' id='line_1_227' title="bbox 624 5822 1677 5896; baseline -0.001 -13"><span class='ocrx_word' id='word_1_935' title='bbox 624 5823 703 5893; x_wconf 87' lang='lat' dir='ltr'><strong>(a)</strong></span> <span class='ocrx_word' id='word_1_936' title='bbox 726 5822 895 5883; x_wconf 80' lang='lat' dir='ltr'><strong>Addit</strong></span> <span class='ocrx_word' id='word_1_937' title='bbox 916 5826 1008 5896; x_wconf 79' lang='lat' dir='ltr'><strong>ibi,</strong></span> <span class='ocrx_word' id='word_1_938' title='bbox 1036 5826 1202 5885; x_wconf 74' lang='lat' dir='ltr'><strong>etiam</strong></span> <span class='ocrx_word' id='word_1_939' title='bbox 1222 5827 1360 5887; x_wconf 86' lang='lat' dir='ltr'><strong>Cod.</strong></span> <span class='ocrx_word' id='word_1_940' title='bbox 1377 5827 1533 5886; x_wconf 76' lang='lat' dir='ltr'><strong>Cant.</strong></span> <span class='ocrx_word' id='word_1_941' title='bbox 1552 5825 1677 5883; x_wconf 70' lang='grc' dir='ltr'><strong><em>ἐκεῖ.</em></strong></span> 
     </span>
    </p>
   </div>
   <div class='ocr_carea' id='block_1_226' title="bbox 2322 5664 3037 5738">
    <p class='ocr_par' dir='ltr' id='par_1_226' title="bbox 2322 5664 3037 5738">
     <span class='ocr_line' id='line_1_228' title="bbox 2322 5664 3037 5738; baseline -0.003 -17"><span class='ocrx_word' id='word_1_942' title='bbox 2322 5674 2343 5704; x_wconf 79' lang='grc' dir='ltr'><strong>ο</strong></span> <span class='ocrx_word' id='word_1_943' title='bbox 2374 5664 2615 5735; x_wconf 83' lang='lat' dir='ltr'><strong>Clodum,</strong></span> <span class='ocrx_word' id='word_1_944' title='bbox 2648 5679 2746 5738; x_wconf 90' lang='lat' dir='ltr'><strong>pro</strong></span> <span class='ocrx_word' id='word_1_945' title='bbox 2770 5664 3037 5721; x_wconf 80' lang='lat' dir='ltr'><strong>claudum.</strong></span> 
     </span>
    </p>
   </div>
  </div>
