3980 6192
177 237 262 301 ςοι
1077 235 1526 298 EVANGELIUM
1561 237 1940 299 SECUNDUM
1980 239 2416 301 MATTHEUM.

504 350 733 411 CODEX
767 346 1304 411 VERGELLENSIS.

939 447 1234 511 montibus,

938 530 993 575 et
1017 520 1163 574 vadit
1187 533 1357 588 quae-

869 638 882 642 -
937 605 1059 647 rere
1077 605 1194 645 eam
1221 604 1359 660 quae

172 464 408 510 aeternum
417 490 427 503 .

170 527 216 582 9.
254 527 310 580 Et
327 525 366 579 si
383 520 545 578 oculus
564 531 690 576 tuus
709 533 868 580 scati-

169 597 335 653 dalizat
359 607 421 657 te,
447 605 567 648 erue

167 685 290 734 eum,
309 675 353 721 et
367 666 531 736 proice
941 663 1026 717 1⁸5.
1056 661 1297 718 erravit?
1321 672 1372 716 et
1403 661 1449 718 si

167 742 244 792 abs
269 750 338 794 te:
367 740 545 790 bonum
937 737 1225 804 contigerit

170 811 244 865 tibi
267 821 336 864 est
359 823 471 864 oeu-
935 814 996 861 ut
1024 805 1264 861 inveniat

165 883 252 936 lum
279 895 416 934 unum
936 892 1055 932 eam
1078 895 1091 931 :

167 953 403 1008 habentem
935 951 1107 1004 Amen
1128 949 1252 1004 dico
1277 965 1374 1003 vo-

163 1024 206 1078 in
227 1028 362 1077 vitam
382 1036 466 1076 ve-
935 1021 1038 1084 bis,
1071 1020 1212 1091 quod
1239 1036 1375 1091 gau-

162 1097 271 1161 nire,
293 1109 431 1165 quam
936 1091 1084 1165 debit
1111 1093 1165 1146 in
1191 1107 1311 1147 eam

161 1167 267 1220 duos
289 1164 452 1220 oculos
938 1164 1107 1234 magis
1127 1179 1286 1234 quam

162 1238 400 1292 habentem
430 1305 433 1306 ν
939 1235 990 1289 ἰη
1013 1249 1214 1290 xcvmi.
1237 1249 1376 1306 quae

157 1309 270 1362 mitti
292 1310 336 1363 in
360 1305 551 1377 gehen-
940 1321 1045 1361 non
1075 1305 1298 1362 errave-

156 1395 253 1434 nam
278 1380 411 1451 ignis.
943 1377 1027 1432 M.
1060 1386 1202 1432 runt.
1236 1377 1327 1434 Sic
1353 1393 1464 1435 no"

938 1460 1020 1504 est
1043 1453 1298 1504 voluntas

938 1529 1062 1606 ante
1085 1519 1321 1606 Patrem.

939 1602 1196 1657 vestrum,
1227 1602 1323 1660 qui

158 1452 225 1534 l0.
251 1451 412 1534 Videte
434 1463 503 1503 ne
527 1461 666 1501 con-

151 1531 357 1577 temnatis
382 1535 540 1577 unum

153 1609 204 1648 ex
225 1593 293 1648 bis
327 1594 558 1662 pusillis:

153 1665 252 1720 dico
271 1669 396 1721 enim
939 1672 1025 1719 est
1049 1665 1101 1719 in
1129 1663 1318 1731 caelis,
1343 1675 1404 1719 ut

153 1737 292 1803 vobis,
319 1737 447 1807 quod
470 1751 569 1791 an-
943 1745 1129 1805 pereat
1158 1750 1295 1790 unus

150 1808 230 1878 geli
250 1823 416 1863 eorum
941 1807 1008 1862 de
1035 1808 1245 1878 pusillis
1275 1807 1346 1860 is-

149 1881 189 1933 in
210 1881 354 1936 caelis
373 1895 506 1936 sem-
944 1878 1032 1934 15.
1067 1880 1154 1934 tis.
1190 1878 1346 1945 Quod

148 1965 224 2019 per
244 1953 413 2008 vident
432 1951 506 2005 fa-
941 1948 990 2004 si
1016 1949 1319 2020 peccaverit

146 2023 260 2077 ciem
287 2023 448 2077 Patris
939 2021 992 2076 in
1026 2033 1081 2078 te
1107 2021 1274 2076 frater

939 2101 1081 2159 tuus,
1115 2092 1269 2157 vade,
1302 2099 1358 2147 et

934 2166 1149 2234 corripe
1170 2179 1292 2218 eum

936 2237 1075 2290 inter
1105 2244 1180 2301 te,
1209 2246 1263 2290 et
1294 2236 1370 2306 ip-

935 2321 1056 2361 sum
1084 2307 1281 2362 solum.

934 2378 992 2434 Si
1021 2389 1072 2434 te
1093 2377 1344 2442 audierit,

935 2450 1172 2505 lucratus
1193 2451 1304 2504 eris

935 2522 1155 2576 fratrem
1189 2531 1359 2575 tuum.

937 2592 1024 2648 16.
1055 2593 1114 2647 Si
1141 2603 1321 2647 autem
1355 2605 1464 2646 non

938 2673 989 2719 te
1013 2664 1264 2728 audierit,
1292 2663 1377 2718 ad-

936 2734 1062 2792 hibe
1091 2743 1269 2790 tecum

934 2807 1112 2861 adhuc
1139 2816 1194 2861 et
1217 2821 1408 2872 unum,

937 2879 1022 2934 vel
1049 2879 1186 2933 duos
1210 2893 1226 2941 ;
1261 2886 1316 2932 ut
1343 2876 1402 2932 in

936 2963 1031 3005 ore
1057 2949 1290 3005 duorum

938 3021 1175 3087 testium,
1209 3020 1293 3074 vel

937 3094 1095 3150 trium
1129 3100 1233 3148 stet
1263 3107 1383 3146 om-

507 3226 754 3286 CODEX
792 3226 1266 3284 CORBEIENSIS.

131 3340 182 3394 Et
200 3341 432 3401 sioculus
455 3358 587 3402 tuus
614 3344 994 3409 scandalizat,‘
1021 3345 1200 3400 exime
1229 3345 1466 3409 illum,et
1495 3345 1702 3416 projice

127 3422 204 3468 ate
232 3434 243 3468 :
268 3419 440 3472 utilius
477 3428 571 3474 est
604 3417 750 3472 enim
776 3418 870 3471 tibi
899 3433 1060 3471 unum
1080 3418 1293 3480 oculum
1315 3419 1602 3472 habentem
1624 3417 1706 3472 in-

125 3488 306 3560 traread
318 3490 682 3560 vitam,quam
707 3489 843 3543 duos
858 3489 1043 3542 oculos
1061 3491 1347 3542 habentem
1373 3489 1506 3541 mitti
1533 3490 1584 3560 in
1607 3503 1672 3560 ge
1690 3518 1706 3530 -

127 3553 712 3631 bennamiguis.Videte
744 3576 810 3613 ne
838 3562 1228 3614 contemnatis'
1249 3562 1313 3611 de
1344 3560 1424 3613 his
1451 3553 1697 3629 pusillisll

127 3629 429 3686 credentibus
452 3635 507 3687 in
545 3647 670 3686 me:
699 3632 821 3688 dice;
848 3633 992 3685 enim
1023 3634 1208 3695 vobis,
1241 3633 1492 3699 qttnniam
1522 3632 1697 3701 angeli

125 3713 272 3774 eorum
292 3702 512 3758 'vident
545 3718 772 3770 semper
801 3703 986 3772 faciem
1022 3703 1192 3756 Patris
1222 3703 1347 3765 Illei,
1375 3702 1467 3774 qui
1493 3703 1542 3754 in
1567 3718 1688 3757 coe-

128 3767 173 3821 lis
192 3781 277 3828 est.
305 3774 326 3804 ⁸
347 3774 374 3813 ιι
403 3775 549 3844 Quid
589 3767 745 3829 vobis
767 3767 1010 3829 videtur?
1037 3776 1081 3827 si
1115 3774 1134 3803 ⁵
1155 3775 1241 3828 cui
1273 3767 1474 3827 homini
1499 3773 1706 3828 fuerint

124 3853 297 3912 centum
325 3863 482 3912 oves,
514 3857 573 3899 et
605 3849 871 3900 erraverit
901 3860 1008 3900 una
1037 3860 1102 3899 ex
1129 3846 1233 3899 illis
1261 3863 1273 3898 :
1325 3861 1503 3898 nonne
1545 3845 1566 3875 °
1608 3860 1695 3898 re-

124 3911 277 3990 linquit
304 3911 807 3990 nonagintanovem
841 3917 894 3970 in
936 3917 1208 3990 montibus
1229 3958 1244 3981 ,
1277 3926 1331 3970 et
1375 3915 1524 3990 vadit
1549 3931 1701 3986 qna:-

123 3997 213 4039 iere
245 3987 385 4061 illam
432 3987 561 4061 qua:
594 3990 844 4061 erravit?
882 3999 935 4043 et
964 3989 1342 4061 si_contigerit
1375 3997 1434 4061 ut
1459 3988 1702 4061 inveniat

124 4067 244 4109 eam:
270 4059 609 4115 Amen'dico
634 4059 810 4126 vobis,
840 4061 860 4091 "
891 4059 1031 4128 quod
1066 4060 1185 4129 plus
1209 4059 1463 4130 gaudebit
1493 4059 1543 4111 in
1575 4074 1697 4130 eam

123 4139 245 4192 quant
276 4133 324 4185 in
355 4134 888 4198 netiagiittmmvem,
909 4127 1190 4198 quaeinnn
1214 4127 1557 4184 erraverunt.
1601 4127 1700 4184 Sic

120 4212 200 4250 non
227 4213 300 4254 est
327 4205 593 4258 voluntas
624 4213 750 4258 ante
774 4202 989 4256 Patrem
1019 4213 1279 4269 vestrum,
1330 4202 1417 4272 qui
1445 4202 1497 4254 in
1525 4202 1702 4256 cnelis

121 4277 217 4345 est,
243 4283 294 4325 nt
318 4286 512 4345 pereat
543 4289 688 4329 unus
714 4274 780 4328 de
810 4275 1016 4342 pusillis
1046 4275 1180 4326 istis.
1223 4273 1373 4341 Quod
1399 4344 1402 4345 ν
1425 4274 1466 4326 si
1502 4287 1694 4345 pecca-

122 4343 228 4397 verit
253 4345 300 4398 in
319 4343 382 4401 'te
431 4349 613 4402 frater
646 4356 768 4399 tuus
794 4387 807 4408 ,
842 4346 975 4400 vade
998 4389 1011 4412 ,
1045 4346 1066 4377 ⁸
1102 4347 1314 4413 corripe
1353 4344 1503 4398 illum
1545 4344 1702 4399 solus

119 4424 218 4465 cum
243 4419 374 4472 solo.
405 4419 466 4474 Si
503 4428 558 4472 te
590 4417 854 4482 audierit,
887 4418 1125 4473 lucratus
1154 4431 1212 4468 es
1269 4417 1487 4471 fratrem
1523 4425 1700 4468 tuum.

122 4482 138 4510 θ
159 4487 286 4547 Quod
316 4494 359 4543 si
402 4499 459 4545 te
511 4505 628 4544 non
669 4489 898 4543 audierit
926 4531 942 4554 ,
981 4488 1178 4544 adhibe
1211 4503 1410 4552 unum,
1441 4496 1530 4540 aut
1559 4487 1701 4542 duos

121 4559 268 4682 ﬁcanti
299 4577 314 4625 ;
341 4570 396 4617 et
425 4561 819 4633 praesentibus
849 4561 1057 4615 duobus
1086 4602 1100 4625 ,
1151 4561 1236 4614 vel
1270 4559 1438 4614 tribus
1471 4559 1703 4615 testibus

165 4643 186 4678 ζ
221 4647 234 4682 l
281 4647 386 4682 om-

122 4635 258 4685 stabit
281 4647 386 4688 om-

141 2096 251 2157 tnei,
280 2095 363 2162 qui
391 2096 442 2148 in
466 2109 588 2148 cae-

141 2166 211 2219 ll.
240 2166 302 2219 lis
326 2174 421 2219 est.
453 2165 607 2220 Venit

138 2245 288 2292 autem
310 2236 472 2292 Filius

140 2306 340 2363 hominis
359 2310 462 2363 sal-

140 2393 258 2459 vare,
283 2381 414 2450 quod
443 2395 528 2450 pe-

139 2461 292 2506 flerat.

141 2521 207 2574 l2.
232 2522 351 2591 Quid
371 2534 544 2580 autem
575 2538 677 2578 vo-

139 2592 203 2647 bis
223 2595 448 2650 videtur?

136 2665 169 2717 si
187 2664 362 2721 fuerint
385 2667 485 2721 ali-

138 2735 202 2789 cui
224 2736 289 2808 (b)
319 2737 508 2793 homini
541 2735 587 2809 τ

136 2817 310 2864 centum
333 2825 480 2869 ονεε.

136 2889 177 2931 et
198 2882 236 2933 si
255 2883 505 2936 erraverit

135 2964 214 3003 una
239 2967 296 3006 ex
320 2955 421 3008 eis:
453 2967 596 3009 non-

132 3035 185 3076 ne
202 3022 438 3093 relinquet

133 3106 297 3154 xcvnu.
329 3098 379 3151 in

2239 355 2476 413 CODEX
2523 355 2975 416 VERONENSIS.

1807 466 1959 504 num.
2649 452 2813 517 tibus,
2845 463 2898 507 et
2930 453 3076 509 vadit

1806 522 1859 577 9.
1895 523 1960 577 Et
1987 521 2032 576 si
2061 521 2251 577 oculus
2647 539 2915 592 quaerere
2933 539 3054 580 eam

1811 603 1932 648 tuus
1958 594 2291 650 scandalizat
2646 611 2784 662 quae
2811 597 3035 664 erravit,

1809 674 1888 728 te,
1919 680 2050 720 erue
2075 681 2222 730 eum,
2651 665 2736 721 l3.
2765 677 2820 722 et
2845 668 2890 722 si

1809 745 1867 791 et
1893 739 2078 806 proice
2105 737 2205 793 abs
2651 739 2944 806 contigerit

2653 821 2710 863 ut
2738 811 2975 864 inveniat
3005 826 3128 868 eam
3148 831 3160 868 :

2651 883 2824 936 Amen
2847 881 2971 936 dico
3000 898 3096 938 vo-

2651 951 2756 1024 bis,
2790 953 2932 1023 quod
2960 970 3092 1024 gau-

2651 1023 2800 1078 debit
2824 1024 2877 1079 in
2908 1023 3030 1080 eam

2655 1096 2826 1165 magis
2855 1112 3017 1166 quam
3047 1097 3104 1152 in

2651 1181 2854 1221 xcvtttt.
2879 1183 3020 1236 quae

2649 1253 2758 1293 non
2783 1253 3002 1296 errave-

2649 1320 2794 1364 ιἰιιιι.

2651 1379 2738 1435 14.
2769 1381 2859 1436 Sic
2888 1397 2994 1436 non
3024 1393 3110 1437 est

2653 1453 2904 1507 voluntas
2932 1465 3062 1508 ante

2654 1522 2868 1579 Patrem
2897 1533 3156 1592 vestrum,

1811 817 1863 862 te
1888 824 1902 865 :
1937 808 2136 863 bonum
2170 807 2265 863 tibi

1807 889 1893 934 est
1922 883 2067 934 enim
2103 895 2234 934 ocu-

1812 951 1920 1004 lum
1947 949 2233 1006 habentem

1809 1023 1863 1076 in
1896 1023 2059 1076 vitam
2093 1023 2261 1080 intra—

1809 1109 1891 1157 re,
1921 1108 2080 1163 quam
2108 1093 2246 1150 duos

1809 1165 1998 1220 oculos
2022 1165 2308 1222 habentem

1809 1237 1948 1290 mitti
1966 1237 2033 1316 .in
2058 1237 2261 1316 gehen-

1810 1322 1936 1362 nam
1967 1321 2126 1376 Ignis.

1814 1377 1902 1433 10.
1941 1377 2131 1434 Videte
2156 1395 2225 1434 ne
2247 1395 2385 1436 con-

1813 1449 2065 1504 temnatis
2096 1466 2262 1506 unum

1811 1535 1879 1576 ex
1909 1520 1994 1574 his
2022 1521 2191 1590 pusil-

1813 1591 1902 1658 lis,
1933 1591 2011 1658 (α)
2040 1593 2129 1662 qui
2158 1607 2277 1649 cre-

1813 1663 1949 1736 dunt
1978 1665 2030 1718 in
2060 1680 2145 1719 itte
2173 1665 2250 1736 1':

1811 1735 1935 1790 dico
1954 1736 2098 1791 enim
2127 1735 2221 1789 vo-

1809 1805 1916 1871 bis,
1945 1807 2090 1877 quod
2115 1822 2212 1862 an-

1809 1878 1914 1946 geli
1941 1893 2131 1934 eorum

1810 1947 1865 2002 in
1889 1950 2054 2004 caelis
2080 1965 2225 2005 sem-

1811 2035 1909 2090 per
1929 2022 2109 2076 vident
2137 2021 2215 2074 fa-

1813 2093 1954 2147 ciem
1980 2092 2156 2146 Patris

1813 2164 1944 2228 ntei,
1973 2165 2066 2234 qui
2095 2162 2148 2216 in

1815 2234 1903 2289 ll.
1935 2233 2101 2291 caelis
2127 2242 2232 2289 est.
2257 2233 2364 2293 Ve-

2654 1597 2743 1664 qui
2773 1596 2825 1650 in
2855 1597 3021 1655 caelis

2653 1675 2760 1730 est,
2793 1679 2851 1720 ut
2875 1677 3062 1736 pereat

2655 1752 2794 1792 unus
2821 1752 2890 1793 ex
2920 1753 3020 1809 pu-

2654 1809 2788 1863 sillis
2811 1809 2948 1864 istis.

2649 1880 2742 1935 15.
2777 1881 2929 1947 Quod
2951 1881 2997 1936 si
3026 1895 3151 1952 pec-

2652 1954 2856 2006 caverit
2887 1952 2937 2006 in
2971 1961 3024 2009 te

2653 2022 2818 2078 frater
2847 2031 2992 2090 tuus,

2652 2095 2807 2159 vade,
2832 2103 2887 2149 et
2911 2109 3035 2149 cor-

2651 2164 2768 2234 ripe
2789 2180 2910 2220 eum
2931 2166 3015 2220 iu-

2653 2247 2736 2290 ter
2759 2247 2829 2302 te,
2860 2247 2913 2290 et
2939 2236 3116 2307 ipsum

2651 2307 2850 2364 solum.
2883 2307 2940 2364 Si
2973 2320 3024 2364 te

2651 2380 2882 2434 audierit
2901 2422 2918 2444 ,
2952 2381 3127 2438 lucra-

2654 2459 2739 2504 tus
2769 2451 2877 2506 eris
2903 2452 3126 2508 fratrem

2656 2531 2827 2576 tuum.

2655 2592 2744 2649 l6.
2775 2593 2830 2648 Si
2856 2603 3035 2650 autem
3057 2609 3166 2651 non

2652 2673 2705 2718 te
2731 2663 2986 2730 audierit,
3017 2666 3114 2722 ad-

2651 2733 2780 2792 hibe
2810 2746 2984 2792 tecum
3007 2738 3106 2792 ad-

2652 2805 2757 2861 huc
2781 2822 2972 2876 unum,
3005 2809 3092 2863 vel

2651 2877 2823 2943 duos;
2857 2889 2916 2934 ut
2934 2880 2989 2933 in

2650 2962 2748 3003 ore
2775 2949 3008 3004 duorum

2650 3018 2895 3083 testium,
2924 3021 3014 3076 vel

2652 3090 2814 3145 trium
2849 3099 2956 3146 stet

2279 3221 2516 3279 CODEX
2555 3223 2955 3284 BRIXIANUS.

1816 3357 1964 3396 num.
1999 3340 2066 3396 Et
2096 3341 2138 3395 si
2170 3341 2358 3397 oculus
2389 3349 2510 3396 tuus
2547 3340 2881 3397 scandalizat
2919 3352 2990 3399 te.
3024 3358 3156 3399 erue
3181 3357 3327 3400 eum.
3364 3355 3420 3402 et

1819 3415 2002 3482 proice
2042 3415 2139 3467 ahs
2188 3421 2259 3469 te.
2310 3414 2504 3468 melius
2540 3426 2622 3468 est
2647 3417 2793 3469 enim
2825 3414 2942 3470 tibi.
2966 3431 3088 3469 cum
3123 3433 3230 3470 uno
3258 3417 3420 3473 oculo

1818 3486 1875 3539 in
1900 3486 2064 3538 vitam
2112 3485 2340 3554 ingredi.
2381 3500 2540 3554 quam
2563 3486 2700 3540 duos
2722 3487 2909 3541 oculos
2939 3486 3246 3542 habentem.
3282 3489 3417 3544 mitti

1818 3558 1873 3609 in
1907 3558 2082 3626 ignem
2117 3570 2401 3612 .eternum.
2444 3554 2636 3612 Videte
2673 3573 2739 3612 ne
2764 3561 3124 3614 enntenmatis
3157 3577 3321 3616 unutn
3351 3577 3418 3614 ex

1816 3627 2030 3700 pusillis
2076 3626 2215 3682 istis.
2256 3629 2379 3682 dico
2405 3629 2547 3700 enim
2592 3629 2767 3700 vobis.
2798 3633 2919 3700 quia
2948 3632 3333 3700 angelicorum
3360 3631 3414 3688 in

1815 3699 1980 3772 caelis
2011 3714 2228 3772 semper
2271 3699 2454 3772 vident
2489 3698 2690 3772 faciem
2725 3698 2896 3754 Patris
2923 3698 3152 3772 meiqni
3178 3704 3228 3756 in
3254 3704 3420 3758 caelis

1816 3769 2087 3826 est.Venit
2118 3771 2260 3824 enim
2290 3769 2460 3826 Filius
2486 3769 2723 3826 hominis
2751 3773 2962 3826 salvare
2986 3769 3126 3840 quod
3161 3778 3417 3840 perierat.

1816 3791 1920 3826 εει.
1938 3791 2087 3824 νυιιιι
2118 3791 2260 3824 8111111
2290 3791 2318 3824 l‘
2338 3791 2460 3826 IIIUS
2486 3791 2723 3826 llllﬂllllls
2751 3791 2962 3826 satvare
2986 3794 2996 3824 ι
3024 3791 3126 3828 una
3161 3791 3417 3840 perierat.

1815 3841 1952 3909 Quid
1983 3843 2134 3898 vobis
2167 3841 2380 3896 videtur
2409 3843 2452 3896 si
2486 3842 2687 3897 fuerint
2710 3843 2873 3896 alicui
2897 3842 2974 3912 (ὁ)
3001 3791 3205 3898 immitti
3231 3843 3271 3915 -ιη
3292 3860 3422 3898 cen-

1817 3922 1928 3967 tum
1961 3927 2108 3968 oves.
2162 3925 2216 3968 et
2242 3915 2507 3967 erraverit
2538 3929 2639 3968 una
2680 3929 2745 3968 ex
2778 3917 2876 3968 eis.
2925 3931 3107 3969 nonne
3155 3915 3424 3984 relinquet

1814 3995 2144 4054 nonnagtnta
2163 3999 2354 4039 novem
2382 3985 2432 4038 in
2464 3986 2821 4039 montibus.et
2847 3988 2995 4040 vadit
3014 4002 3276 4055 quaerere
3300 4003 3420 4040 eam

1815 4072 1956 4126 quae
1981 4059 2202 4112 erravit.
2230 4067 2284 4110 et
2315 4057 2359 4110 si
2389 4055 2699 4125 contigerit.
2734 4069 2788 4109 ut
2813 4056 3053 4112 inveniat
3077 4073 3217 4111 eam.
3247 4061 3420 4112 Amen

1810 4127 1935 4182 dico
1951 4127 2122 4199 vobis.
2144 4128 2264 4198 quia
2285 4127 2540 4197 gaudebit
2557 4142 2722 4196 super
2735 4141 2851 4182 eam
2865 4166 2878 4180 .
2898 4132 3066 4198 magis
3081 4144 3240 4197 quam
3260 4143 3423 4199 super

1811 4197 2140 4268 nnnnaginta
2169 4213 2360 4254 novem
2411 4213 2547 4268 quae
2577 4216 2683 4252 non
2717 4197 3056 4253 erraverunt.
3087 4201 3177 4254 Sic
3203 4214 3306 4255 non
3329 4197 3424 4254 est

1811 4271 2059 4325 voluntas
2088 4271 2137 4324 in
2169 4280 2460 4340 conspectu
2490 4271 2665 4325 Patris
2695 4273 2854 4324 vestri
2879 4271 2968 4340 qui
2998 4272 3048 4324 in
3073 4270 3236 4326 Caelis
3253 4280 3425 4326 est.ttt

1811 4351 1998 4411 pereat
2031 4358 2170 4396 unus
2199 4342 2266 4396 de
2299 4341 2505 4410 pusillis
2535 4341 2732 4396 istis.Si
2759 4352 2938 4396 autem
2967 4343 3270 4410 peccaverit
3293 4343 3344 4397 in
3370 4355 3422 4398 te

1813 4413 1985 4469 frater
2016 4423 2138 4468 tuus
2173 4412 2308 4468 vade
2333 4423 2384 4468 et
2407 4415 2621 4484 corripe
2650 4429 2772 4484 eum
2799 4413 2939 4468 inter
2962 4422 3013 4468 te
3040 4424 3093 4469 et
3125 4414 3296 4483 ipsum
3335 4430 3425 4470 so-

1814 4484 1946 4540 lum.
1975 4485 2031 4539 Si
2066 4495 2117 4540 te
2148 4485 2375 4542 audierit
2405 4483 2640 4540 lucratus
2657 4500 2717 4539 es
2731 4483 3139 4540 fratremtuum.
3166 4484 3222 4541 Si
3242 4495 3419 4542 autem

1816 4572 1921 4610 non
1957 4565 2008 4609 te
2044 4557 2277 4611 audierit
2305 4556 2503 4611 adhibe
2534 4563 2712 4613 tecum
2736 4555 2912 4610 adhuc
2956 4571 3122 4611 nmim
3149 4559 3230 4613 vel
3260 4558 3420 4614 duos.

1815 4627 1943 4682 utin
1963 4642 2059 4682 ore
2083 4628 2312 4686 duorum
2338 4628 2554 4684 testium
2575 4628 2656 4684 vel
2681 4627 2842 4684 trium
2861 4636 2969 4686 Stet
2987 4643 3107 4684 om-

1816 2305 1896 2359 nit
1920 2305 2088 2360 Filius
2109 2305 2212 2359 hoc

1814 2377 1975 2432 minis
2005 2377 2237 2441 salvare,

1813 2449 1956 2516 quod
1987 2449 2240 2517 perierat.

1815 2519 1902 2574 12.
1935 2521 2071 2587 Quid
2100 2519 2256 2574 vobis

1811 2590 2061 2646 videtur?
2089 2593 2133 2646 si
2161 2591 2279 2648 fue-

1811 2662 1921 2736 rint
1944 2664 2104 2736 alicui
2147 2663 2225 2736 (ι)

1814 2734 2017 2788 homini
2049 2734 2090 2805 -ι-
2112 2734 2240 2790 cen-

1814 2815 1926 2859 tum
1952 2820 2102 2872 oves,
2129 2815 2185 2860 et

1813 2878 2078 2930 erraverit
2102 2891 2204 2930 una

1814 2960 1880 3001 ex
1905 2947 1984 3001 eis
2005 2965 2018 3000 :
2052 2962 2232 3001 nonne

1816 3017 2085 3086 relinquet
2112 3033 2183 3073 xc

1816 3097 1873 3143 et
1903 3104 2035 3144 Vllll.
2064 3087 2120 3144 in
2147 3104 2302 3144 mon-

779 4789 1174 4852 VARIANTES
1208 4787 1599 4854 LECTIONES
1640 4783 1918 4846 CODlCIS
1958 4782 2072 4849 MS.
2112 4782 2170 4840 S.
2213 4781 2736 4842 GERMANENSIS.

167 4926 180 4992 ξ
212 4933 274 4992 te,
289 4944 411 4981 erue
428 4944 594 4982 eum.
635 4931 784 4983 abste
806 4946 818 4981 :
834 4929 1016 4980 bonum
1035 4929 1120 4979 tibi
1141 4937 1276 4980 est...
1290 4931 1340 4984 in
1356 4929 1509 4987 vitam
1525 4930 1702 4988 venire

161 4991 179 5057 ξ
207 5005 346 5057 unum
371 5009 441 5044 ex
466 4992 667 5057 pusillis
685 4994 713 5024 ⁸
737 4995 820 5057 qui
838 4992 1047 5044 credunt
1070 4993 1121 5041 in
1147 5005 1230 5045 me

164 5051 181 5118 ξ
206 5055 252 5118 in
273 5057 424 5118 cet-lis
447 5051 664 5118 semper
691 5051 859 5118 vident

165 5111 181 5186 ξ
207 5115 349 5186 Venit
371 5117 401 5154 δ
431 5111 598 5186 enim;
624 5124 674 5171 ut
699 5116 845 5186 Vulg.

163 5176 180 5206 '
206 5177 391 5234 fuerint
417 5182 580 5233 alicui

1812 5063 1814 5066 ν
1877 4925 1904 5082 Ξ
1934 4922 2493 5099 Ξῖιξὲῗξξιξειθιίξπὲρθτ
2514 4997 2644 5050 θείω,
2665 4989 2823 5054 magis
2845 5002 2993 5054 quam

1810 5063 1815 5110 .;
1878 5052 1902 5082 ⁸
1938 5057 2006 5110 et,
2035 5057 2154 5110 etc.,
2180 5055 2230 5100 ut
2262 5052 2410 5118 Vulg.

1875 5114 1901 5145 ⁸
1933 5110 1987 5162 Si
2008 5118 2194 5176 autem,
2221 5118 2317 5164 etc.
2327 5151 2342 5177 ,
2362 5117 2414 5164 ut
2438 5110 2588 5180 Vulg.

1423 5283 1790 5346 BLANCHINI
1821 5284 2054 5346 NOTAE.

167 5435 186 5459 ⁸
211 5423 281 5500 Ita
313 5426 569 5482 Hilarius
597 5424 802 5500 addens
823 5440 947 5500 cum
990 5441 1118 5500 mss.
1147 5424 1408 5500 nostris,
1459 5427 1554 5500 qui,
1594 5443 1708 5482 cre-

118 5492 214 5571 duat
235 5499 288 5553 in
313 5515 449 5571 mei,-
481 5496 633 5571 quod
660 5511 822 5571 aeque
842 5497 1120 5554 adnotavit
1145 5498 1198 5553 in
1231 5492 1495 5556 Versitme
1527 5497 1704 5571 Anglo

117 5563 348 5626 Saxonica
373 5569 489 5627 Th.
504 5563 934 5626 'Maresc'hallus.

169 5709 462 5790 (a)_A_ddit,
523 5709 608 5790 qui
633 5709 849 5790 credunt
889 5710 945 5766 in
999 5727 1095 5790 mg.
1141 5708 1205 5766 Et
1257 5711 1326 5790 ita
1353 5711 1493 5790 _cod.
1539 5711 1700 5768 Cant.

1820 5735 1846 5768 ν
1899 5709 2246 5769 πιστευόντων
2301 5711 2373 5774 εἰς
2435 5710 2561 5784 ipsi;
2613 5723 2648 5767 ο
2689 5721 2850 5766 versu
2895 5706 2929 5762 6
2976 5705 3137 5778 hujus
3183 5723 3302 5785 cap.
3354 5736 3423 5750 —-
3513 5737 3516 5740 ~

118 5779 173 5850 (ι)
195 5779 356 5841 Addit
383 5781 616 5849 homini,
642 5781 806 5838 etiam
835 5790 1011 5839 textus
1037 5782 1260 5840 Graecus
1284 5785 1560 5859 ἀνθρώπῳ.

1887 5424 2165 5500 {Integer
2185 5425 2483 5500 versiculus
2509 5425 2597 5482 hic
2629 5441 2846 5500 quoque
2871 5427 3214 5486 desideratur
3239 5429 3292 5485 in
3316 5442 3423 5484 ms.

1815 5497 2171 5555 Corbeiensi:
2202 5497 2453 5554 eumdem
2483 5512 2613 5555 vero
2640 5497 2841 5556 retinet
2863 5501 3037 5560 codex
3058 5500 3423 5561 Sail-Genum-

1816 5567 2041 5639 nensis,
2077 5566 2320 5640 Vulgatae
2345 5568 2569 5631 editioni
2599 5571 2978 5631 consentiens.
