  <div class='ocr_page' id='page_1' title='image "/cluster/home/n/w/nwhite01/storage/ocr_20150623/12/uva.x000826551/137.png"; bbox 0 0 3980 6192; ppageno 0'>
   <div class='ocr_carea' id='block_1_1' title="bbox 589 216 697 272">
    <p class='ocr_par' dir='ltr' id='par_1_1' title="bbox 589 216 697 272">
     <span class='ocr_line' id='line_1_1' title="bbox 589 216 697 272; baseline 0.019 -2"><span class='ocrx_word' id='word_1_1' title='bbox 589 216 697 272; x_wconf 77' lang='grc'>265</span> 
     </span>
    </p>
   </div>
   <div class='ocr_carea' id='block_1_2' title="bbox 993 324 1803 386">
    <p class='ocr_par' dir='ltr' id='par_1_2' title="bbox 993 324 1803 386">
     <span class='ocr_line' id='line_1_2' title="bbox 993 324 1803 386; baseline -0.009 0"><span class='ocrx_word' id='word_1_2' title='bbox 993 329 1229 386; x_wconf 79' lang='lat' dir='ltr'><strong>CODEX</strong></span> <span class='ocrx_word' id='word_1_3' title='bbox 1270 324 1803 384; x_wconf 80' lang='lat' dir='ltr'><strong>VERCELLENSIS.</strong></span> 
     </span>
    </p>
   </div>
   <div class='ocr_carea' id='block_1_3' title="bbox 1427 419 1849 476">
    <p class='ocr_par' dir='ltr' id='par_1_3' title="bbox 1427 419 1849 476">
     <span class='ocr_line' id='line_1_3' title="bbox 1427 419 1849 476; baseline -0.002 -1"><span class='ocrx_word' id='word_1_4' title='bbox 1427 420 1657 476; x_wconf 77' lang='lat' dir='ltr'><strong>Petrus.</strong></span> <span class='ocrx_word' id='word_1_5' title='bbox 1689 460 1701 472; x_wconf 94' lang='lat'><strong>.</strong></span> <span class='ocrx_word' id='word_1_6' title='bbox 1732 461 1744 473; x_wconf 91' lang='lat'><strong>.</strong></span> <span class='ocrx_word' id='word_1_7' title='bbox 1772 419 1849 474; x_wconf 85' lang='lat' dir='ltr'><strong>xit</strong></span> 
     </span>
    </p>
   </div>
   <div class='ocr_carea' id='block_1_4' title="bbox 1427 491 1990 561">
    <p class='ocr_par' dir='ltr' id='par_1_4' title="bbox 1427 491 1990 561">
     <span class='ocr_line' id='line_1_4' title="bbox 1427 491 1990 561; baseline -0.004 -14"><span class='ocrx_word' id='word_1_8' title='bbox 1427 493 1475 547; x_wconf 89' lang='lat' dir='ltr'><strong>ei</strong></span> <span class='ocrx_word' id='word_1_9' title='bbox 1504 510 1516 544; x_wconf 92' lang='lat'>:</span> <span class='ocrx_word' id='word_1_10' title='bbox 1540 491 1768 547; x_wconf 86' lang='lat' dir='ltr'><strong>Domine</strong></span> <span class='ocrx_word' id='word_1_11' title='bbox 1793 491 1836 545; x_wconf 93' lang='lat' dir='ltr'><strong>si</strong></span> <span class='ocrx_word' id='word_1_12' title='bbox 1867 504 1990 561; x_wconf 89' lang='lat' dir='ltr'><strong>pec-</strong></span> 
     </span>
    </p>
   </div>
   <div class='ocr_carea' id='block_1_5' title="bbox 1424 563 1825 619">
    <p class='ocr_par' dir='ltr' id='par_1_5' title="bbox 1424 563 1825 619">
     <span class='ocr_line' id='line_1_5' title="bbox 1424 563 1825 619; baseline 0 0"><span class='ocrx_word' id='word_1_13' title='bbox 1424 564 1631 619; x_wconf 88' lang='lat' dir='ltr'><strong>caverit</strong></span> <span class='ocrx_word' id='word_1_14' title='bbox 1656 563 1709 617; x_wconf 94' lang='lat' dir='ltr'><strong>in</strong></span> <span class='ocrx_word' id='word_1_15' title='bbox 1738 578 1825 619; x_wconf 92' lang='lat' dir='ltr'><strong>me</strong></span> 
     </span>
    </p>
   </div>
   <div class='ocr_carea' id='block_1_6' title="bbox 1425 634 1792 700">
    <p class='ocr_par' dir='ltr' id='par_1_6' title="bbox 1425 634 1792 700">
     <span class='ocr_line' id='line_1_6' title="bbox 1425 634 1792 700; baseline -0.005 -11"><span class='ocrx_word' id='word_1_16' title='bbox 1425 634 1595 689; x_wconf 80' lang='lat' dir='ltr'><strong>frater</strong></span> <span class='ocrx_word' id='word_1_17' title='bbox 1619 649 1792 700; x_wconf 63' lang='lat' dir='ltr'><strong>meus,</strong></span> 
     </span>
    </p>
   </div>
   <div class='ocr_carea' id='block_1_7' title="bbox 1425 705 1785 778">
    <p class='ocr_par' dir='ltr' id='par_1_7' title="bbox 1425 705 1785 778">
     <span class='ocr_line' id='line_1_7' title="bbox 1425 705 1785 778; baseline 0.003 -19"><span class='ocrx_word' id='word_1_18' title='bbox 1425 705 1673 778; x_wconf 89' lang='lat' dir='ltr'><strong>quotiens</strong></span> <span class='ocrx_word' id='word_1_19' title='bbox 1696 721 1785 778; x_wconf 91' lang='lat' dir='ltr'><strong>re-</strong></span> 
     </span>
    </p>
   </div>
   <div class='ocr_carea' id='block_1_8' title="bbox 1426 777 1867 832">
    <p class='ocr_par' dir='ltr' id='par_1_8' title="bbox 1426 777 1867 832">
     <span class='ocr_line' id='line_1_8' title="bbox 1426 777 1867 832; baseline -0.002 0"><span class='ocrx_word' id='word_1_20' title='bbox 1426 777 1635 832; x_wconf 84' lang='lat' dir='ltr'><strong>mittam</strong></span> <span class='ocrx_word' id='word_1_21' title='bbox 1659 777 1707 831; x_wconf 91' lang='lat' dir='ltr'><strong>ei</strong></span> <span class='ocrx_word' id='word_1_22' title='bbox 1730 777 1752 831; x_wconf 89' lang='lat'><strong>?</strong></span> <span class='ocrx_word' id='word_1_23' title='bbox 1779 792 1867 832; x_wconf 90' lang='lat' dir='ltr'><strong>tts-</strong></span> 
     </span>
    </p>
   </div>
   <div class='ocr_carea' id='block_1_9' title="bbox 1425 848 1786 917">
    <p class='ocr_par' dir='ltr' id='par_1_9' title="bbox 1425 848 1786 917">
     <span class='ocr_line' id='line_1_9' title="bbox 1425 848 1786 917; baseline 0.003 -15"><span class='ocrx_word' id='word_1_24' title='bbox 1425 865 1529 917; x_wconf 93' lang='lat' dir='ltr'><strong>que</strong></span> <span class='ocrx_word' id='word_1_25' title='bbox 1552 848 1786 917; x_wconf 86' lang='lat' dir='ltr'><strong>septies?</strong></span> 
     </span>
    </p>
   </div>
   <div class='ocr_carea' id='block_1_10' title="bbox 1426 918 2121 976">
    <p class='ocr_par' dir='ltr' id='par_1_10' title="bbox 1426 918 2121 976">
     <span class='ocr_line' id='line_1_10' title="bbox 1426 918 2121 976; baseline 0.003 -2"><span class='ocrx_word' id='word_1_26' title='bbox 1426 921 1516 975; x_wconf 81' lang='lat'><strong>22.</strong></span> <span class='ocrx_word' id='word_1_27' title='bbox 1546 919 1685 973; x_wconf 91' lang='lat' dir='ltr'><strong>Dicit</strong></span> <span class='ocrx_word' id='word_1_28' title='bbox 1706 920 1779 974; x_wconf 86' lang='lat' dir='ltr'><strong>illi</strong></span> <span class='ocrx_word' id='word_1_29' title='bbox 1803 918 1995 976; x_wconf 87' lang='lat' dir='ltr'><strong>Jesus?</strong></span> <span class='ocrx_word' id='word_1_30' title='bbox 2013 935 2121 976; x_wconf 88' lang='lat' dir='ltr'><strong>non</strong></span> 
     </span>
    </p>
   </div>
   <div class='ocr_carea' id='block_1_11' title="bbox 1428 992 1881 1061">
    <p class='ocr_par' dir='ltr' id='par_1_11' title="bbox 1428 992 1881 1061">
     <span class='ocr_line' id='line_1_11' title="bbox 1428 992 1881 1061; baseline 0 -15"><span class='ocrx_word' id='word_1_31' title='bbox 1428 992 1552 1047; x_wconf 87' lang='lat' dir='ltr'><strong>dico</strong></span> <span class='ocrx_word' id='word_1_32' title='bbox 1582 992 1674 1045; x_wconf 85' lang='lat' dir='ltr'><strong>libi</strong></span> <span class='ocrx_word' id='word_1_33' title='bbox 1706 1006 1881 1061; x_wconf 91' lang='lat' dir='ltr'><strong>usque</strong></span> 
     </span>
    </p>
   </div>
   <div class='ocr_carea' id='block_1_12' title="bbox 1427 1062 1906 1132">
    <p class='ocr_par' dir='ltr' id='par_1_12' title="bbox 1427 1062 1906 1132">
     <span class='ocr_line' id='line_1_12' title="bbox 1427 1062 1906 1132; baseline 0 -14"><span class='ocrx_word' id='word_1_34' title='bbox 1427 1064 1629 1132; x_wconf 87' lang='lat' dir='ltr'><strong>septies</strong></span> <span class='ocrx_word' id='word_1_35' title='bbox 1653 1078 1667 1115; x_wconf 90' lang='lat'><strong>:</strong></span> <span class='ocrx_word' id='word_1_36' title='bbox 1692 1062 1787 1116; x_wconf 91' lang='lat' dir='ltr'><strong>sed</strong></span> <span class='ocrx_word' id='word_1_37' title='bbox 1816 1078 1906 1118; x_wconf 81' lang='lat' dir='ltr'><strong>us-</strong></span> 
     </span>
    </p>
   </div>
   <div class='ocr_carea' id='block_1_13' title="bbox 1429 1142 1776 1205">
    <p class='ocr_par' dir='ltr' id='par_1_13' title="bbox 1429 1142 1776 1205">
     <span class='ocr_line' id='line_1_13' title="bbox 1429 1142 1776 1205; baseline -0.009 -16"><span class='ocrx_word' id='word_1_38' title='bbox 1429 1150 1535 1205; x_wconf 86' lang='lat' dir='ltr'><strong>que</strong></span> <span class='ocrx_word' id='word_1_39' title='bbox 1559 1142 1776 1203; x_wconf 89' lang='lat' dir='ltr'><strong>septua-</strong></span> 
     </span>
    </p>
   </div>
   <div class='ocr_carea' id='block_1_14' title="bbox 1466 1205 1795 1276">
    <p class='ocr_par' dir='ltr' id='par_1_14' title="bbox 1466 1205 1795 1276">
     <span class='ocr_line' id='line_1_14' title="bbox 1466 1205 1795 1276; baseline -0.012 -16"><span class='ocrx_word' id='word_1_40' title='bbox 1466 1205 1545 1262; x_wconf 92' lang='lat' dir='ltr'><strong>ies</strong></span> <span class='ocrx_word' id='word_1_41' title='bbox 1575 1206 1795 1276; x_wconf 79' lang='lat' dir='ltr'><strong>septies.</strong></span> 
     </span>
    </p>
   </div>
   <div class='ocr_carea' id='block_1_15' title="bbox 1467 1274 1995 1333">
    <p class='ocr_par' dir='ltr' id='par_1_15' title="bbox 1467 1274 1995 1333">
     <span class='ocr_line' id='line_1_15' title="bbox 1467 1274 1995 1333; baseline -0.004 0"><span class='ocrx_word' id='word_1_42' title='bbox 1467 1278 1520 1333; x_wconf 80' lang='lat'><strong>3.</strong></span> <span class='ocrx_word' id='word_1_43' title='bbox 1549 1274 1678 1333; x_wconf 82' lang='lat' dir='ltr'><strong>Ideo</strong></span> <span class='ocrx_word' id='word_1_44' title='bbox 1705 1274 1883 1331; x_wconf 87' lang='lat' dir='ltr'><strong>simile</strong></span> <span class='ocrx_word' id='word_1_45' title='bbox 1912 1282 1995 1331; x_wconf 89' lang='lat' dir='ltr'><strong>est</strong></span> 
     </span>
    </p>
   </div>
   <div class='ocr_carea' id='block_1_16' title="bbox 595 425 938 482">
    <p class='ocr_par' dir='ltr' id='par_1_16' title="bbox 595 425 938 482">
     <span class='ocr_line' id='line_1_16' title="bbox 595 425 938 482; baseline -0.015 0"><span class='ocrx_word' id='word_1_46' title='bbox 595 441 664 482; x_wconf 88' lang='lat' dir='ltr'><strong>ne</strong></span> <span class='ocrx_word' id='word_1_47' title='bbox 696 425 938 480; x_wconf 80' lang='lat' dir='ltr'><strong>verbum.</strong></span> 
     </span>
    </p>
   </div>
   <div class='ocr_carea' id='block_1_17' title="bbox 599 495 1082 565">
    <p class='ocr_par' dir='ltr' id='par_1_17' title="bbox 599 495 1082 565">
     <span class='ocr_line' id='line_1_17' title="bbox 599 495 1082 565; baseline -0.004 -13"><span class='ocrx_word' id='word_1_48' title='bbox 599 498 687 552; x_wconf 84' lang='grc'><strong>17.</strong></span> <span class='ocrx_word' id='word_1_49' title='bbox 718 496 870 565; x_wconf 82' lang='lat' dir='ltr'><strong>Quod</strong></span> <span class='ocrx_word' id='word_1_50' title='bbox 902 495 946 550; x_wconf 90' lang='lat' dir='ltr'><strong>si</strong></span> <span class='ocrx_word' id='word_1_51' title='bbox 974 510 1082 551; x_wconf 86' lang='lat' dir='ltr'><strong>non</strong></span> 
     </span>
    </p>
   </div>
   <div class='ocr_carea' id='block_1_18' title="bbox 593 568 992 623">
    <p class='ocr_par' dir='ltr' id='par_1_18' title="bbox 593 568 992 623">
     <span class='ocr_line' id='line_1_18' title="bbox 593 568 992 623; baseline -0.01 0"><span class='ocrx_word' id='word_1_52' title='bbox 593 568 823 623; x_wconf 88' lang='lat' dir='ltr'><strong>audierit</strong></span> <span class='ocrx_word' id='word_1_53' title='bbox 850 582 945 622; x_wconf 90' lang='lat' dir='ltr'><strong>eos</strong></span> <span class='ocrx_word' id='word_1_54' title='bbox 979 584 992 619; x_wconf 91' lang='lat'>:</span> 
     </span>
    </p>
   </div>
   <div class='ocr_carea' id='block_1_19' title="bbox 592 639 988 698">
    <p class='ocr_par' dir='ltr' id='par_1_19' title="bbox 592 639 988 698">
     <span class='ocr_line' id='line_1_19' title="bbox 592 639 988 698; baseline -0.008 -3"><span class='ocrx_word' id='word_1_55' title='bbox 592 640 680 698; x_wconf 87' lang='lat' dir='ltr'><strong>dic</strong></span> <span class='ocrx_word' id='word_1_56' title='bbox 708 639 988 695; x_wconf 87' lang='lat' dir='ltr'><strong>ecclesiae.</strong></span> 
     </span>
    </p>
   </div>
   <div class='ocr_carea' id='block_1_20' title="bbox 591 710 1049 767">
    <p class='ocr_par' dir='ltr' id='par_1_20' title="bbox 591 710 1049 767">
     <span class='ocr_line' id='line_1_20' title="bbox 591 710 1049 767; baseline -0.002 0"><span class='ocrx_word' id='word_1_57' title='bbox 591 712 647 767; x_wconf 93' lang='lat' dir='ltr'><strong>Si</strong></span> <span class='ocrx_word' id='word_1_58' title='bbox 671 722 848 767; x_wconf 86' lang='lat' dir='ltr'><strong>autem</strong></span> <span class='ocrx_word' id='word_1_59' title='bbox 875 710 1049 766; x_wconf 78' lang='lat' dir='ltr'><strong>eccle—</strong></span> 
     </span>
    </p>
   </div>
   <div class='ocr_carea' id='block_1_21' title="bbox 590 784 984 838">
    <p class='ocr_par' dir='ltr' id='par_1_21' title="bbox 590 784 984 838">
     <span class='ocr_line' id='line_1_21' title="bbox 590 784 984 838; baseline -0.008 0"><span class='ocrx_word' id='word_1_60' title='bbox 590 784 726 838; x_wconf 84' lang='lat' dir='ltr'><strong>siam</strong></span> <span class='ocrx_word' id='word_1_61' title='bbox 756 797 861 837; x_wconf 92' lang='lat' dir='ltr'><strong>non</strong></span> <span class='ocrx_word' id='word_1_62' title='bbox 890 797 984 836; x_wconf 85' lang='lat' dir='ltr'><strong>au-</strong></span> 
     </span>
    </p>
   </div>
   <div class='ocr_carea' id='block_1_22' title="bbox 590 852 1014 919">
    <p class='ocr_par' dir='ltr' id='par_1_22' title="bbox 590 852 1014 919">
     <span class='ocr_line' id='line_1_22' title="bbox 590 852 1014 919; baseline -0.002 -11"><span class='ocrx_word' id='word_1_63' title='bbox 590 852 773 919; x_wconf 89' lang='lat' dir='ltr'><strong>dierit,</strong></span> <span class='ocrx_word' id='word_1_64' title='bbox 806 853 877 908; x_wconf 90' lang='lat' dir='ltr'><strong>sit</strong></span> <span class='ocrx_word' id='word_1_65' title='bbox 918 852 1014 909; x_wconf 91' lang='lat' dir='ltr'><strong>tibi</strong></span> 
     </span>
    </p>
   </div>
   <div class='ocr_carea' id='block_1_23' title="bbox 589 924 932 981">
    <p class='ocr_par' dir='ltr' id='par_1_23' title="bbox 589 924 932 981">
     <span class='ocr_line' id='line_1_23' title="bbox 589 924 932 981; baseline -0.003 -2"><span class='ocrx_word' id='word_1_66' title='bbox 589 925 730 981; x_wconf 91' lang='lat' dir='ltr'><strong>sicut</strong></span> <span class='ocrx_word' id='word_1_67' title='bbox 749 924 932 981; x_wconf 84' lang='lat' dir='ltr'><strong>ethni-</strong></span> 
     </span>
    </p>
   </div>
   <div class='ocr_carea' id='block_1_24' title="bbox 590 996 1039 1067">
    <p class='ocr_par' dir='ltr' id='par_1_24' title="bbox 590 996 1039 1067">
     <span class='ocr_line' id='line_1_24' title="bbox 590 996 1039 1067; baseline -0.009 -13"><span class='ocrx_word' id='word_1_68' title='bbox 590 1012 685 1054; x_wconf 87' lang='lat' dir='ltr'><strong>cus</strong></span> <span class='ocrx_word' id='word_1_69' title='bbox 715 1005 773 1052; x_wconf 91' lang='lat' dir='ltr'><strong>et</strong></span> <span class='ocrx_word' id='word_1_70' title='bbox 799 996 1010 1067; x_wconf 87' lang='lat' dir='ltr'><strong>publica</strong></span> <span class='ocrx_word' id='word_1_71' title='bbox 1022 1026 1039 1035; x_wconf 91' lang='lat'><strong>-</strong></span> 
     </span>
    </p>
   </div>
   <div class='ocr_carea' id='block_1_25' title="bbox 594 1067 1041 1125">
    <p class='ocr_par' dir='ltr' id='par_1_25' title="bbox 594 1067 1041 1125">
     <span class='ocr_line' id='line_1_25' title="bbox 594 1067 1041 1125; baseline 0.002 -3"><span class='ocrx_word' id='word_1_72' title='bbox 594 1069 683 1125; x_wconf 84' lang='grc'><strong>18.</strong></span> <span class='ocrx_word' id='word_1_73' title='bbox 716 1083 835 1122; x_wconf 92' lang='lat' dir='ltr'><strong>nus.</strong></span> <span class='ocrx_word' id='word_1_74' title='bbox 869 1067 1041 1123; x_wconf 80' lang='lat' dir='ltr'><strong>Amen</strong></span> 
     </span>
    </p>
   </div>
   <div class='ocr_carea' id='block_1_26' title="bbox 592 1138 1086 1209">
    <p class='ocr_par' dir='ltr' id='par_1_26' title="bbox 592 1138 1086 1209">
     <span class='ocr_line' id='line_1_26' title="bbox 592 1138 1086 1209; baseline 0.004 -16"><span class='ocrx_word' id='word_1_75' title='bbox 592 1140 716 1198; x_wconf 86' lang='lat' dir='ltr'><strong>dico</strong></span> <span class='ocrx_word' id='word_1_76' title='bbox 743 1138 895 1192; x_wconf 82' lang='lat' dir='ltr'><strong>vobis</strong></span> <span class='ocrx_word' id='word_1_77' title='bbox 921 1154 1086 1209; x_wconf 85' lang='lat' dir='ltr'><strong>quae-</strong></span> 
     </span>
    </p>
   </div>
   <div class='ocr_carea' id='block_1_27' title="bbox 592 1210 1033 1282">
    <p class='ocr_par' dir='ltr' id='par_1_27' title="bbox 592 1210 1033 1282">
     <span class='ocr_line' id='line_1_27' title="bbox 592 1210 1033 1282; baseline 0.007 -19"><span class='ocrx_word' id='word_1_78' title='bbox 592 1225 823 1281; x_wconf 86' lang='lat' dir='ltr'><strong>cumque</strong></span> <span class='ocrx_word' id='word_1_79' title='bbox 849 1210 1033 1282; x_wconf 81' lang='lat' dir='ltr'><strong>alliga-</strong></span> 
     </span>
    </p>
   </div>
   <div class='ocr_carea' id='block_1_28' title="bbox 592 1284 967 1351">
    <p class='ocr_par' dir='ltr' id='par_1_28' title="bbox 592 1284 967 1351">
     <span class='ocr_line' id='line_1_28' title="bbox 592 1284 967 1351; baseline 0 -15"><span class='ocrx_word' id='word_1_80' title='bbox 592 1284 780 1339; x_wconf 89' lang='lat' dir='ltr'><strong>veritis</strong></span> <span class='ocrx_word' id='word_1_81' title='bbox 801 1298 967 1351; x_wconf 81' lang='lat' dir='ltr'><strong>super</strong></span> 
     </span>
    </p>
   </div>
   <div class='ocr_carea' id='block_1_29' title="bbox 595 1362 1001 1418">
    <p class='ocr_par' dir='ltr' id='par_1_29' title="bbox 595 1362 1001 1418">
     <span class='ocr_line' id='line_1_29' title="bbox 595 1362 1001 1418; baseline -0.005 -10"><span class='ocrx_word' id='word_1_82' title='bbox 595 1364 817 1418; x_wconf 88' lang='lat' dir='ltr'><strong>terram,</strong></span> <span class='ocrx_word' id='word_1_83' title='bbox 842 1362 1001 1408; x_wconf 89' lang='lat' dir='ltr'><strong>erunt</strong></span> 
     </span>
    </p>
   </div>
   <div class='ocr_carea' id='block_1_30' title="bbox 592 1424 1043 1497">
    <p class='ocr_par' dir='ltr' id='par_1_30' title="bbox 592 1424 1043 1497">
     <span class='ocr_line' id='line_1_30' title="bbox 592 1424 1043 1497; baseline -0.004 -17"><span class='ocrx_word' id='word_1_84' title='bbox 592 1425 809 1497; x_wconf 86' lang='lat' dir='ltr'><strong>alligata</strong></span> <span class='ocrx_word' id='word_1_85' title='bbox 838 1424 890 1479; x_wconf 92' lang='lat' dir='ltr'><strong>in</strong></span> <span class='ocrx_word' id='word_1_86' title='bbox 922 1438 1043 1481; x_wconf 86' lang='lat' dir='ltr'><strong>cae-</strong></span> 
     </span>
    </p>
   </div>
   <div class='ocr_carea' id='block_1_31' title="bbox 591 1497 1079 1565">
    <p class='ocr_par' dir='ltr' id='par_1_31' title="bbox 591 1497 1079 1565">
     <span class='ocr_line' id='line_1_31' title="bbox 591 1497 1079 1565; baseline 0 -14"><span class='ocrx_word' id='word_1_87' title='bbox 591 1497 645 1552; x_wconf 93' lang='lat' dir='ltr'><strong>lo</strong></span> <span class='ocrx_word' id='word_1_88' title='bbox 672 1515 682 1550; x_wconf 91' lang='lat'>:</span> <span class='ocrx_word' id='word_1_89' title='bbox 714 1506 769 1552; x_wconf 90' lang='lat' dir='ltr'><strong>et</strong></span> <span class='ocrx_word' id='word_1_90' title='bbox 791 1511 1079 1565; x_wconf 88' lang='lat' dir='ltr'><strong>quaecum-</strong></span> 
     </span>
    </p>
   </div>
   <div class='ocr_carea' id='block_1_32' title="bbox 591 1569 958 1639">
    <p class='ocr_par' dir='ltr' id='par_1_32' title="bbox 591 1569 958 1639">
     <span class='ocr_line' id='line_1_32' title="bbox 591 1569 958 1639; baseline 0.005 -17"><span class='ocrx_word' id='word_1_91' title='bbox 591 1584 699 1639; x_wconf 90' lang='lat' dir='ltr'><strong>que</strong></span> <span class='ocrx_word' id='word_1_92' title='bbox 727 1569 958 1624; x_wconf 90' lang='lat' dir='ltr'><strong>solveri-</strong></span> 
     </span>
    </p>
   </div>
   <div class='ocr_carea' id='block_1_33' title="bbox 593 1641 1108 1710">
    <p class='ocr_par' dir='ltr' id='par_1_33' title="bbox 593 1641 1108 1710">
     <span class='ocr_line' id='line_1_33' title="bbox 593 1641 1108 1710; baseline -0.006 -15"><span class='ocrx_word' id='word_1_93' title='bbox 593 1641 662 1695; x_wconf 87' lang='lat' dir='ltr'><strong>tis</strong></span> <span class='ocrx_word' id='word_1_94' title='bbox 690 1655 855 1710; x_wconf 86' lang='lat' dir='ltr'><strong>super</strong></span> <span class='ocrx_word' id='word_1_95' title='bbox 884 1647 1108 1705; x_wconf 88' lang='lat' dir='ltr'><strong>terram,</strong></span> 
     </span>
    </p>
   </div>
   <div class='ocr_carea' id='block_1_34' title="bbox 595 1711 960 1767">
    <p class='ocr_par' dir='ltr' id='par_1_34' title="bbox 595 1711 960 1767">
     <span class='ocr_line' id='line_1_34' title="bbox 595 1711 960 1767; baseline -0.008 0"><span class='ocrx_word' id='word_1_96' title='bbox 595 1720 757 1767; x_wconf 88' lang='lat' dir='ltr'><strong>erunt</strong></span> <span class='ocrx_word' id='word_1_97' title='bbox 786 1711 960 1765; x_wconf 89' lang='lat' dir='ltr'><strong>soluta</strong></span> 
     </span>
    </p>
   </div>
   <div class='ocr_carea' id='block_1_35' title="bbox 592 1782 857 1838">
    <p class='ocr_par' dir='ltr' id='par_1_35' title="bbox 592 1782 857 1838">
     <span class='ocr_line' id='line_1_35' title="bbox 592 1782 857 1838; baseline 0 -1"><span class='ocrx_word' id='word_1_98' title='bbox 592 1782 651 1837; x_wconf 89' lang='lat' dir='ltr'><strong>in</strong></span> <span class='ocrx_word' id='word_1_99' title='bbox 683 1782 857 1838; x_wconf 88' lang='lat' dir='ltr'><strong>caelo-</strong></span> 
     </span>
    </p>
   </div>
   <div class='ocr_carea' id='block_1_36' title="bbox 596 1850 1357 1924">
    <p class='ocr_par' dir='ltr' id='par_1_36' title="bbox 596 1850 1357 1924">
     <span class='ocr_line' id='line_1_36' title="bbox 596 1850 1357 1924; baseline -0.003 -16"><span class='ocrx_word' id='word_1_100' title='bbox 596 1852 683 1909; x_wconf 85' lang='grc'><strong>19.</strong></span> <span class='ocrx_word' id='word_1_101' title='bbox 718 1852 739 1907; x_wconf 92' lang='grc'><strong>1</strong></span> <span class='ocrx_word' id='word_1_102' title='bbox 766 1894 780 1908; x_wconf 93' lang='grc'><strong>.</strong></span> <span class='ocrx_word' id='word_1_103' title='bbox 804 1893 820 1909; x_wconf 95' lang='grc'><strong>.</strong></span> <span class='ocrx_word' id='word_1_104' title='bbox 850 1856 1001 1909; x_wconf 88' lang='lat' dir='ltr'><strong>.rum</strong></span> <span class='ocrx_word' id='word_1_105' title='bbox 1036 1851 1115 1924; x_wconf 88' lang='lat' dir='ltr'><strong>(a)</strong></span> <span class='ocrx_word' id='word_1_106' title='bbox 1143 1850 1357 1922; x_wconf 76' lang='lat' dir='ltr'><strong>amen-j-</strong></span> 
     </span>
    </p>
   </div>
   <div class='ocr_carea' id='block_1_37' title="bbox 593 1924 1073 1994">
    <p class='ocr_par' dir='ltr' id='par_1_37' title="bbox 593 1924 1073 1994">
     <span class='ocr_line' id='line_1_37' title="bbox 593 1924 1073 1994; baseline -0.004 -14"><span class='ocrx_word' id='word_1_107' title='bbox 593 1926 716 1982; x_wconf 91' lang='lat' dir='ltr'><strong>dico</strong></span> <span class='ocrx_word' id='word_1_108' title='bbox 742 1924 915 1985; x_wconf 91' lang='lat' dir='ltr'><strong>vobis.</strong></span> <span class='ocrx_word' id='word_1_109' title='bbox 949 1926 1073 1994; x_wconf 86' lang='lat' dir='ltr'><strong>quia</strong></span> 
     </span>
    </p>
   </div>
   <div class='ocr_carea' id='block_1_38' title="bbox 593 1996 1040 2053">
    <p class='ocr_par' dir='ltr' id='par_1_38' title="bbox 593 1996 1040 2053">
     <span class='ocr_line' id='line_1_38' title="bbox 593 1996 1040 2053; baseline 0.009 -3"><span class='ocrx_word' id='word_1_110' title='bbox 593 1997 638 2051; x_wconf 93' lang='lat' dir='ltr'><strong>si</strong></span> <span class='ocrx_word' id='word_1_111' title='bbox 670 1996 881 2052; x_wconf 89' lang='lat' dir='ltr'><strong>duobus</strong></span> <span class='ocrx_word' id='word_1_112' title='bbox 908 2012 1040 2053; x_wconf 89' lang='lat' dir='ltr'><strong>con—</strong></span> 
     </span>
    </p>
   </div>
   <div class='ocr_carea' id='block_1_39' title="bbox 593 2071 999 2137">
    <p class='ocr_par' dir='ltr' id='par_1_39' title="bbox 593 2071 999 2137">
     <span class='ocr_line' id='line_1_39' title="bbox 593 2071 999 2137; baseline 0.002 -14"><span class='ocrx_word' id='word_1_113' title='bbox 593 2071 803 2125; x_wconf 87' lang='lat' dir='ltr'><strong>venerit</strong></span> <span class='ocrx_word' id='word_1_114' title='bbox 836 2083 999 2137; x_wconf 84' lang='lat' dir='ltr'><strong>super</strong></span> 
     </span>
    </p>
   </div>
   <div class='ocr_carea' id='block_1_40' title="bbox 596 2138 1058 2205">
    <p class='ocr_par' dir='ltr' id='par_1_40' title="bbox 596 2138 1058 2205">
     <span class='ocr_line' id='line_1_40' title="bbox 596 2138 1058 2205; baseline 0 -10"><span class='ocrx_word' id='word_1_115' title='bbox 596 2149 817 2205; x_wconf 86' lang='lat' dir='ltr'><strong>terram,</strong></span> <span class='ocrx_word' id='word_1_116' title='bbox 848 2138 916 2195; x_wconf 91' lang='lat' dir='ltr'><strong>de</strong></span> <span class='ocrx_word' id='word_1_117' title='bbox 941 2156 1058 2195; x_wconf 87' lang='lat' dir='ltr'><strong>om-</strong></span> 
     </span>
    </p>
   </div>
   <div class='ocr_carea' id='block_1_41' title="bbox 595 2212 1046 2279">
    <p class='ocr_par' dir='ltr' id='par_1_41' title="bbox 595 2212 1046 2279">
     <span class='ocr_line' id='line_1_41' title="bbox 595 2212 1046 2279; baseline 0 -12"><span class='ocrx_word' id='word_1_118' title='bbox 595 2212 649 2267; x_wconf 88' lang='lat' dir='ltr'><strong>ni</strong></span> <span class='ocrx_word' id='word_1_119' title='bbox 673 2227 731 2267; x_wconf 92' lang='lat' dir='ltr'><strong>re</strong></span> <span class='ocrx_word' id='word_1_120' title='bbox 753 2226 1046 2279; x_wconf 87' lang='lat' dir='ltr'><strong>quaecum-</strong></span> 
     </span>
    </p>
   </div>
   <div class='ocr_carea' id='block_1_42' title="bbox 593 2281 993 2352">
    <p class='ocr_par' dir='ltr' id='par_1_42' title="bbox 593 2281 993 2352">
     <span class='ocr_line' id='line_1_42' title="bbox 593 2281 993 2352; baseline -0.003 -14"><span class='ocrx_word' id='word_1_121' title='bbox 593 2298 700 2351; x_wconf 90' lang='lat' dir='ltr'><strong>que</strong></span> <span class='ocrx_word' id='word_1_122' title='bbox 722 2281 993 2352; x_wconf 80' lang='lat' dir='ltr'><strong>petierint,</strong></span> 
     </span>
    </p>
   </div>
   <div class='ocr_carea' id='block_1_43' title="bbox 593 2354 1058 2410">
    <p class='ocr_par' dir='ltr' id='par_1_43' title="bbox 593 2354 1058 2410">
     <span class='ocr_line' id='line_1_43' title="bbox 593 2354 1058 2410; baseline 0 -1"><span class='ocrx_word' id='word_1_123' title='bbox 593 2354 686 2410; x_wconf 83' lang='lat' dir='ltr'><strong>ﬂet</strong></span> <span class='ocrx_word' id='word_1_124' title='bbox 711 2354 817 2409; x_wconf 89' lang='lat' dir='ltr'><strong>illis</strong></span> <span class='ocrx_word' id='word_1_125' title='bbox 840 2368 870 2407; x_wconf 90' lang='lat' dir='ltr'><strong>a</strong></span> <span class='ocrx_word' id='word_1_126' title='bbox 897 2354 1058 2409; x_wconf 83' lang='lat' dir='ltr'><strong>Patre</strong></span> 
     </span>
    </p>
   </div>
   <div class='ocr_carea' id='block_1_44' title="bbox 592 2424 1094 2496">
    <p class='ocr_par' dir='ltr' id='par_1_44' title="bbox 592 2424 1094 2496">
     <span class='ocr_line' id='line_1_44' title="bbox 592 2424 1094 2496; baseline 0 -15"><span class='ocrx_word' id='word_1_127' title='bbox 592 2440 737 2491; x_wconf 89' lang='lat' dir='ltr'><strong>meo,</strong></span> <span class='ocrx_word' id='word_1_128' title='bbox 768 2424 858 2496; x_wconf 93' lang='lat' dir='ltr'><strong>qui</strong></span> <span class='ocrx_word' id='word_1_129' title='bbox 886 2426 938 2480; x_wconf 93' lang='lat' dir='ltr'><strong>in</strong></span> <span class='ocrx_word' id='word_1_130' title='bbox 970 2440 1094 2496; x_wconf 86' lang='lat' dir='ltr'><strong>cae-</strong></span> 
     </span>
    </p>
   </div>
   <div class='ocr_carea' id='block_1_45' title="bbox 591 2493 1208 2555">
    <p class='ocr_par' dir='ltr' id='par_1_45' title="bbox 591 2493 1208 2555">
     <span class='ocr_line' id='line_1_45' title="bbox 591 2493 1208 2555; baseline -0.005 -4"><span class='ocrx_word' id='word_1_131' title='bbox 591 2497 683 2555; x_wconf 89' lang='lat'><strong>20.</strong></span> <span class='ocrx_word' id='word_1_132' title='bbox 714 2493 903 2552; x_wconf 52' lang='lat' dir='ltr'><strong>Iis&#39;est.</strong></span> <span class='ocrx_word' id='word_1_133' title='bbox 939 2495 1041 2553; x_wconf 90' lang='lat' dir='ltr'><strong>Ubi</strong></span> <span class='ocrx_word' id='word_1_134' title='bbox 1062 2493 1208 2551; x_wconf 90' lang='lat' dir='ltr'><strong>enim</strong></span> 
     </span>
    </p>
   </div>
   <div class='ocr_carea' id='block_1_46' title="bbox 591 2567 965 2625">
    <p class='ocr_par' dir='ltr' id='par_1_46' title="bbox 591 2567 965 2625">
     <span class='ocr_line' id='line_1_46' title="bbox 591 2567 965 2625; baseline -0.005 -1"><span class='ocrx_word' id='word_1_135' title='bbox 591 2577 718 2625; x_wconf 88' lang='lat' dir='ltr'><strong>sunt</strong></span> <span class='ocrx_word' id='word_1_136' title='bbox 747 2568 854 2623; x_wconf 91' lang='lat' dir='ltr'><strong>duo</strong></span> <span class='ocrx_word' id='word_1_137' title='bbox 878 2567 965 2624; x_wconf 90' lang='lat' dir='ltr'><strong>vel</strong></span> 
     </span>
    </p>
   </div>
   <div class='ocr_carea' id='block_1_47' title="bbox 593 2648 962 2711">
    <p class='ocr_par' dir='ltr' id='par_1_47' title="bbox 593 2648 962 2711">
     <span class='ocr_line' id='line_1_47' title="bbox 593 2648 962 2711; baseline 0.003 -17"><span class='ocrx_word' id='word_1_138' title='bbox 593 2648 703 2696; x_wconf 88' lang='lat' dir='ltr'><strong>tres</strong></span> <span class='ocrx_word' id='word_1_139' title='bbox 732 2655 962 2711; x_wconf 84' lang='lat' dir='ltr'><strong>congre-</strong></span> 
     </span>
    </p>
   </div>
   <div class='ocr_carea' id='block_1_48' title="bbox 592 2711 993 2783">
    <p class='ocr_par' dir='ltr' id='par_1_48' title="bbox 592 2711 993 2783">
     <span class='ocr_line' id='line_1_48' title="bbox 592 2711 993 2783; baseline 0 -18"><span class='ocrx_word' id='word_1_140' title='bbox 592 2712 698 2783; x_wconf 89' lang='lat' dir='ltr'><strong>gati</strong></span> <span class='ocrx_word' id='word_1_141' title='bbox 726 2711 781 2767; x_wconf 95' lang='lat' dir='ltr'><strong>in</strong></span> <span class='ocrx_word' id='word_1_142' title='bbox 814 2711 993 2767; x_wconf 87' lang='lat' dir='ltr'><strong>nomi-</strong></span> 
     </span>
    </p>
   </div>
   <div class='ocr_carea' id='block_1_49' title="bbox 591 2783 999 2850">
    <p class='ocr_par' dir='ltr' id='par_1_49' title="bbox 591 2783 999 2850">
     <span class='ocr_line' id='line_1_49' title="bbox 591 2783 999 2850; baseline -0.005 -12"><span class='ocrx_word' id='word_1_143' title='bbox 591 2799 662 2840; x_wconf 88' lang='lat' dir='ltr'><strong>ne</strong></span> <span class='ocrx_word' id='word_1_144' title='bbox 680 2797 822 2850; x_wconf 90' lang='lat' dir='ltr'><strong>meo,</strong></span> <span class='ocrx_word' id='word_1_145' title='bbox 848 2783 918 2837; x_wconf 92' lang='lat' dir='ltr'><strong>ibi</strong></span> <span class='ocrx_word' id='word_1_146' title='bbox 943 2790 999 2838; x_wconf 89' lang='lat' dir='ltr'><strong>et</strong></span> 
     </span>
    </p>
   </div>
   <div class='ocr_carea' id='block_1_50' title="bbox 591 2853 1070 2910">
    <p class='ocr_par' dir='ltr' id='par_1_50' title="bbox 591 2853 1070 2910">
     <span class='ocr_line' id='line_1_50' title="bbox 591 2853 1070 2910; baseline 0 -1"><span class='ocrx_word' id='word_1_147' title='bbox 591 2868 693 2910; x_wconf 68' lang='lat' dir='ltr'><strong>ego</strong></span> <span class='ocrx_word' id='word_1_148' title='bbox 722 2870 842 2910; x_wconf 87' lang='lat' dir='ltr'><strong>sum</strong></span> <span class='ocrx_word' id='word_1_149' title='bbox 871 2853 923 2909; x_wconf 91' lang='lat' dir='ltr'><strong>in</strong></span> <span class='ocrx_word' id='word_1_150' title='bbox 955 2866 1070 2909; x_wconf 81' lang='lat' dir='ltr'><strong>me-</strong></span> 
     </span>
    </p>
   </div>
   <div class='ocr_carea' id='block_1_51' title="bbox 590 2922 1211 2983">
    <p class='ocr_par' dir='ltr' id='par_1_51' title="bbox 590 2922 1211 2983">
     <span class='ocr_line' id='line_1_51' title="bbox 590 2922 1211 2983; baseline -0.003 -2"><span class='ocrx_word' id='word_1_151' title='bbox 590 2922 678 2983; x_wconf 74' lang='grc'>21.</span> <span class='ocrx_word' id='word_1_152' title='bbox 712 2927 801 2982; x_wconf 93' lang='lat' dir='ltr'><strong>dio</strong></span> <span class='ocrx_word' id='word_1_153' title='bbox 829 2941 1039 2983; x_wconf 90' lang='lat' dir='ltr'><strong>eorum.</strong></span> <span class='ocrx_word' id='word_1_154' title='bbox 1059 2922 1211 2979; x_wconf 90' lang='lat' dir='ltr'><strong>Tunc</strong></span> 
     </span>
    </p>
   </div>
   <div class='ocr_carea' id='block_1_52' title="bbox 589 2998 1102 3056">
    <p class='ocr_par' dir='ltr' id='par_1_52' title="bbox 589 2998 1102 3056">
     <span class='ocr_line' id='line_1_52' title="bbox 589 2998 1102 3056; baseline -0.008 -2"><span class='ocrx_word' id='word_1_155' title='bbox 589 2998 856 3056; x_wconf 84' lang='lat' dir='ltr'><strong>accedens</strong></span> <span class='ocrx_word' id='word_1_156' title='bbox 880 2999 948 3053; x_wconf 88' lang='lat' dir='ltr'><strong>ad</strong></span> <span class='ocrx_word' id='word_1_157' title='bbox 977 3011 1102 3053; x_wconf 91' lang='lat' dir='ltr'><strong>eum</strong></span> 
     </span>
    </p>
   </div>
   <div class='ocr_carea' id='block_1_53' title="bbox 1007 3125 1751 3188">
    <p class='ocr_par' dir='ltr' id='par_1_53' title="bbox 1007 3125 1751 3188">
     <span class='ocr_line' id='line_1_53' title="bbox 1007 3125 1751 3188; baseline -0.011 0"><span class='ocrx_word' id='word_1_158' title='bbox 1007 3130 1241 3188; x_wconf 80' lang='lat' dir='ltr'><strong>CODEX</strong></span> <span class='ocrx_word' id='word_1_159' title='bbox 1277 3125 1751 3187; x_wconf 83' lang='lat' dir='ltr'><strong>CORBEIENSIS.</strong></span> 
     </span>
    </p>
   </div>
   <div class='ocr_carea' id='block_1_54' title="bbox 590 3215 2186 3294">
    <p class='ocr_par' dir='ltr' id='par_1_54' title="bbox 590 3215 2186 3294">
     <span class='ocr_line' id='line_1_54' title="bbox 590 3215 2186 3294; baseline -0.008 -11"><span class='ocrx_word' id='word_1_160' title='bbox 590 3225 1073 3294; x_wconf 86' lang='lat' dir='ltr'><strong>neverbum.Quod</strong></span> <span class='ocrx_word' id='word_1_161' title='bbox 1095 3225 1169 3278; x_wconf 76' lang='lat' dir='ltr'><strong>‘si</strong></span> <span class='ocrx_word' id='word_1_162' title='bbox 1193 3232 1248 3277; x_wconf 89' lang='lat' dir='ltr'><strong>et</strong></span> <span class='ocrx_word' id='word_1_163' title='bbox 1277 3238 1373 3276; x_wconf 89' lang='lat' dir='ltr'><strong>eos</strong></span> <span class='ocrx_word' id='word_1_164' title='bbox 1400 3215 1885 3294; x_wconf 79' lang='lat' dir='ltr'><strong>n_onaudier_i_t_:dic</strong></span> <span class='ocrx_word' id='word_1_165' title='bbox 1907 3216 2186 3294; x_wconf 59' lang='lat' dir='ltr'><strong>ecclesiam</strong></span> 
     </span>
    </p>
   </div>
   <div class='ocr_carea' id='block_1_55' title="bbox 589 3287 2192 3357">
    <p class='ocr_par' dir='ltr' id='par_1_55' title="bbox 589 3287 2192 3357">
     <span class='ocr_line' id='line_1_55' title="bbox 589 3287 2192 3357; baseline -0.009 -2"><span class='ocrx_word' id='word_1_166' title='bbox 589 3299 645 3355; x_wconf 89' lang='lat' dir='ltr'><strong>Si</strong></span> <span class='ocrx_word' id='word_1_167' title='bbox 659 3287 1200 3355; x_wconf 47' lang='lat' dir='ltr'><strong>autetnctecclesiam</strong></span> <span class='ocrx_word' id='word_1_168' title='bbox 1220 3310 1326 3347; x_wconf 91' lang='lat' dir='ltr'><strong>non</strong></span> <span class='ocrx_word' id='word_1_169' title='bbox 1340 3290 1671 3353; x_wconf 90' lang='lat' dir='ltr'><strong>audierit,sit</strong></span> <span class='ocrx_word' id='word_1_170' title='bbox 1688 3287 1780 3343; x_wconf 88' lang='lat' dir='ltr'><strong>tibi</strong></span> <span class='ocrx_word' id='word_1_171' title='bbox 1797 3298 2051 3357; x_wconf 88' lang='lat' dir='ltr'><strong>tanquam</strong></span> <span class='ocrx_word' id='word_1_172' title='bbox 2069 3287 2192 3342; x_wconf 86' lang='lat' dir='ltr'><strong>eth-</strong></span> 
     </span>
    </p>
   </div>
   <div class='ocr_carea' id='block_1_56' title="bbox 591 3359 2197 3437">
    <p class='ocr_par' dir='ltr' id='par_1_56' title="bbox 591 3359 2197 3437">
     <span class='ocr_line' id='line_1_56' title="bbox 591 3359 2197 3437; baseline -0.007 -13"><span class='ocrx_word' id='word_1_173' title='bbox 591 3370 831 3424; x_wconf 75' lang='lat' dir='ltr'><strong>nicus’et</strong></span> <span class='ocrx_word' id='word_1_174' title='bbox 858 3376 914 3421; x_wconf 94' lang='lat' dir='ltr'><strong>ut</strong></span> <span class='ocrx_word' id='word_1_175' title='bbox 940 3368 1278 3437; x_wconf 78' lang='lat' dir='ltr'><strong>publicanus.</strong></span> <span class='ocrx_word' id='word_1_176' title='bbox 1306 3365 1478 3418; x_wconf 87' lang='lat' dir='ltr'><strong>Amen</strong></span> <span class='ocrx_word' id='word_1_177' title='bbox 1509 3361 1630 3416; x_wconf 84' lang='lat' dir='ltr'><strong>dico</strong></span> <span class='ocrx_word' id='word_1_178' title='bbox 1655 3359 1835 3437; x_wconf 73' lang='lat' dir='ltr'><strong>vobis,</strong></span> <span class='ocrx_word' id='word_1_179' title='bbox 1862 3374 2197 3437; x_wconf 82' lang='lat' dir='ltr'><strong>quaequom-</strong></span> 
     </span>
    </p>
   </div>
   <div class='ocr_carea' id='block_1_57' title="bbox 590 3430 2199 3511">
    <p class='ocr_par' dir='ltr' id='par_1_57' title="bbox 590 3430 2199 3511">
     <span class='ocr_line' id='line_1_57' title="bbox 590 3430 2199 3511; baseline -0.006 -16"><span class='ocrx_word' id='word_1_180' title='bbox 590 3457 694 3511; x_wconf 93' lang='lat' dir='ltr'><strong>que</strong></span> <span class='ocrx_word' id='word_1_181' title='bbox 710 3430 1060 3510; x_wconf 78' lang='lat' dir='ltr'><strong>allig.tveritis</strong></span> <span class='ocrx_word' id='word_1_182' title='bbox 1084 3452 1248 3506; x_wconf 91' lang='lat' dir='ltr'><strong>super</strong></span> <span class='ocrx_word' id='word_1_183' title='bbox 1276 3445 1500 3511; x_wconf 73' lang='lat' dir='ltr'><strong>terram,</strong></span> <span class='ocrx_word' id='word_1_184' title='bbox 1524 3441 1681 3485; x_wconf 92' lang='lat' dir='ltr'><strong>erunt</strong></span> <span class='ocrx_word' id='word_1_185' title='bbox 1705 3430 1725 3460; x_wconf 87' lang='grc'>³</span> <span class='ocrx_word' id='word_1_186' title='bbox 1749 3430 1963 3501; x_wconf 84' lang='lat' dir='ltr'><strong>alligata</strong></span> <span class='ocrx_word' id='word_1_187' title='bbox 1998 3432 2047 3483; x_wconf 88' lang='lat' dir='ltr'><strong>in</strong></span> <span class='ocrx_word' id='word_1_188' title='bbox 2073 3446 2199 3485; x_wconf 82' lang='lat' dir='ltr'><strong>cuc-</strong></span> 
     </span>
    </p>
   </div>
   <div class='ocr_carea' id='block_1_58' title="bbox 593 3504 2201 3579">
    <p class='ocr_par' dir='ltr' id='par_1_58' title="bbox 593 3504 2201 3579">
     <span class='ocr_line' id='line_1_58' title="bbox 593 3504 2201 3579; baseline -0.008 -13"><span class='ocrx_word' id='word_1_189' title='bbox 593 3504 646 3566; x_wconf 81' lang='lat' dir='ltr'><strong>lo</strong></span> <span class='ocrx_word' id='word_1_190' title='bbox 672 3530 683 3565; x_wconf 91' lang='lat'>:</span> <span class='ocrx_word' id='word_1_191' title='bbox 735 3504 1235 3579; x_wconf 59' lang='lat' dir='ltr'><strong>et&#39;quaequumque</strong></span> <span class='ocrx_word' id='word_1_192' title='bbox 1264 3504 1534 3579; x_wconf 80' lang='lat' dir='ltr'><strong>solveritis</strong></span> <span class='ocrx_word' id='word_1_193' title='bbox 1560 3517 1724 3579; x_wconf 82' lang='lat' dir='ltr'><strong>super</strong></span> <span class='ocrx_word' id='word_1_194' title='bbox 1771 3510 1968 3579; x_wconf 77' lang='lat' dir='ltr'><strong>terram</strong></span> <span class='ocrx_word' id='word_1_195' title='bbox 1996 3542 2011 3565; x_wconf 92' lang='lat'><strong>,</strong></span> <span class='ocrx_word' id='word_1_196' title='bbox 2041 3511 2201 3579; x_wconf 65' lang='lat' dir='ltr'><strong>erunt</strong></span> 
     </span>
    </p>
   </div>
   <div class='ocr_carea' id='block_1_59' title="bbox 590 3573 2193 3643">
    <p class='ocr_par' dir='ltr' id='par_1_59' title="bbox 590 3573 2193 3643">
     <span class='ocr_line' id='line_1_59' title="bbox 590 3573 2193 3643; baseline -0.006 -6"><span class='ocrx_word' id='word_1_197' title='bbox 590 3583 765 3637; x_wconf 89' lang='lat' dir='ltr'><strong>soluta</strong></span> <span class='ocrx_word' id='word_1_198' title='bbox 799 3581 821 3613; x_wconf 69' lang='grc' dir='ltr'>δ</span> <span class='ocrx_word' id='word_1_199' title='bbox 840 3573 903 3636; x_wconf 79' lang='grc' dir='ltr'><strong>’ἰη</strong></span> <span class='ocrx_word' id='word_1_200' title='bbox 932 3573 1106 3637; x_wconf 77' lang='lat' dir='ltr'><strong>coelo.</strong></span> <span class='ocrx_word' id='word_1_201' title='bbox 1142 3573 1313 3634; x_wconf 67' lang='lat' dir='ltr'><strong>Amen</strong></span> <span class='ocrx_word' id='word_1_202' title='bbox 1340 3576 1461 3632; x_wconf 90' lang='lat' dir='ltr'><strong>dico</strong></span> <span class='ocrx_word' id='word_1_203' title='bbox 1491 3576 1662 3637; x_wconf 80' lang='lat' dir='ltr'><strong>vobis,</strong></span> <span class='ocrx_word' id='word_1_204' title='bbox 1706 3574 1829 3643; x_wconf 83' lang='lat' dir='ltr'><strong>quia</strong></span> <span class='ocrx_word' id='word_1_205' title='bbox 1857 3574 1901 3627; x_wconf 88' lang='lat' dir='ltr'><strong>si</strong></span> <span class='ocrx_word' id='word_1_206' title='bbox 1930 3573 2141 3629; x_wconf 89' lang='lat' dir='ltr'><strong>duobus</strong></span> <span class='ocrx_word' id='word_1_207' title='bbox 2171 3574 2193 3604; x_wconf 81' lang='grc'>⁸</span> 
     </span>
    </p>
   </div>
   <div class='ocr_carea' id='block_1_60' title="bbox 589 3645 2196 3721">
    <p class='ocr_par' dir='ltr' id='par_1_60' title="bbox 589 3645 2196 3721">
     <span class='ocr_line' id='line_1_60' title="bbox 589 3645 2196 3721; baseline -0.006 -12"><span class='ocrx_word' id='word_1_208' title='bbox 589 3653 905 3710; x_wconf 82' lang='lat' dir='ltr'><strong>convenerit</strong></span> <span class='ocrx_word' id='word_1_209' title='bbox 951 3667 1115 3721; x_wconf 88' lang='lat' dir='ltr'><strong>super</strong></span> <span class='ocrx_word' id='word_1_210' title='bbox 1160 3659 1380 3721; x_wconf 86' lang='lat' dir='ltr'><strong>terram,</strong></span> <span class='ocrx_word' id='word_1_211' title='bbox 1436 3646 1504 3721; x_wconf 85' lang='lat' dir='ltr'><strong>de</strong></span> <span class='ocrx_word' id='word_1_212' title='bbox 1545 3645 1690 3700; x_wconf 91' lang='lat' dir='ltr'><strong>omni</strong></span> <span class='ocrx_word' id='word_1_213' title='bbox 1742 3660 1799 3698; x_wconf 92' lang='lat' dir='ltr'><strong>re</strong></span> <span class='ocrx_word' id='word_1_214' title='bbox 1826 3660 2196 3721; x_wconf 79' lang='lat' dir='ltr'><strong>quaecumque</strong></span> 
     </span>
    </p>
   </div>
   <div class='ocr_carea' id='block_1_61' title="bbox 592 3717 2190 3796">
    <p class='ocr_par' dir='ltr' id='par_1_61' title="bbox 592 3717 2190 3796">
     <span class='ocr_line' id='line_1_61' title="bbox 592 3717 2190 3796; baseline -0.007 -15"><span class='ocrx_word' id='word_1_215' title='bbox 592 3727 886 3796; x_wconf 85' lang='lat' dir='ltr'><strong>petierint,</strong></span> <span class='ocrx_word' id='word_1_216' title='bbox 920 3724 941 3755; x_wconf 80' lang='lat'><strong><em>°</em></strong></span> <span class='ocrx_word' id='word_1_217' title='bbox 970 3717 1247 3792; x_wconf 82' lang='lat' dir='ltr'><strong>continget</strong></span> <span class='ocrx_word' id='word_1_218' title='bbox 1278 3719 1385 3796; x_wconf 80' lang='lat' dir='ltr'><strong>illis</strong></span> <span class='ocrx_word' id='word_1_219' title='bbox 1428 3735 1454 3772; x_wconf 90' lang='lat' dir='ltr'><strong>a</strong></span> <span class='ocrx_word' id='word_1_220' title='bbox 1488 3720 1643 3796; x_wconf 65' lang='lat' dir='ltr'><strong>Patre</strong></span> <span class='ocrx_word' id='word_1_221' title='bbox 1672 3731 1793 3771; x_wconf 91' lang='lat' dir='ltr'><strong>meo</strong></span> <span class='ocrx_word' id='word_1_222' title='bbox 1819 3758 1833 3781; x_wconf 87' lang='lat'><strong>,</strong></span> <span class='ocrx_word' id='word_1_223' title='bbox 1881 3720 1988 3796; x_wconf 84' lang='lat' dir='ltr'><strong>qui_</strong></span> <span class='ocrx_word' id='word_1_224' title='bbox 2009 3727 2091 3796; x_wconf 74' lang='lat' dir='ltr'><strong>est</strong></span> <span class='ocrx_word' id='word_1_225' title='bbox 2137 3717 2190 3771; x_wconf 91' lang='lat' dir='ltr'><strong>in</strong></span> 
     </span>
    </p>
   </div>
   <div class='ocr_carea' id='block_1_62' title="bbox 588 3788 2191 3858">
    <p class='ocr_par' dir='ltr' id='par_1_62' title="bbox 588 3788 2191 3858">
     <span class='ocr_line' id='line_1_62' title="bbox 588 3788 2191 3858; baseline -0.007 -5"><span class='ocrx_word' id='word_1_226' title='bbox 588 3788 780 3853; x_wconf 74' lang='lat' dir='ltr'><strong>coelis.</strong></span> <span class='ocrx_word' id='word_1_227' title='bbox 821 3788 923 3853; x_wconf 85' lang='lat' dir='ltr'><strong>Ubi</strong></span> <span class='ocrx_word' id='word_1_228' title='bbox 958 3797 1104 3851; x_wconf 92' lang='lat' dir='ltr'><strong>enim</strong></span> <span class='ocrx_word' id='word_1_229' title='bbox 1132 3788 1258 3847; x_wconf 58' lang='lat' dir='ltr'><strong>st&#39;mt</strong></span> <span class='ocrx_word' id='word_1_230' title='bbox 1286 3792 1393 3845; x_wconf 91' lang='lat' dir='ltr'><strong>duo</strong></span> <span class='ocrx_word' id='word_1_231' title='bbox 1421 3790 1507 3845; x_wconf 92' lang='lat' dir='ltr'><strong>vel</strong></span> <span class='ocrx_word' id='word_1_232' title='bbox 1537 3798 1647 3843; x_wconf 88' lang='lat' dir='ltr'><strong>tres</strong></span> <span class='ocrx_word' id='word_1_233' title='bbox 1677 3788 1989 3858; x_wconf 80' lang='lat' dir='ltr'><strong>congregati</strong></span> <span class='ocrx_word' id='word_1_234' title='bbox 2020 3788 2038 3817; x_wconf 87' lang='grc'>⁷</span> <span class='ocrx_word' id='word_1_235' title='bbox 2072 3798 2191 3842; x_wconf 86' lang='lat' dir='ltr'><strong>tau-</strong></span> 
     </span>
    </p>
   </div>
   <div class='ocr_carea' id='block_1_63' title="bbox 589 3860 2188 3933">
    <p class='ocr_par' dir='ltr' id='par_1_63' title="bbox 589 3860 2188 3933">
     <span class='ocr_line' id='line_1_63' title="bbox 589 3860 2188 3933; baseline -0.006 -10"><span class='ocrx_word' id='word_1_236' title='bbox 589 3879 701 3924; x_wconf 93' lang='lat' dir='ltr'><strong>tum</strong></span> <span class='ocrx_word' id='word_1_237' title='bbox 740 3870 793 3923; x_wconf 94' lang='lat' dir='ltr'><strong>in</strong></span> <span class='ocrx_word' id='word_1_238' title='bbox 823 3869 1043 3923; x_wconf 91' lang='lat' dir='ltr'><strong>nomine</strong></span> <span class='ocrx_word' id='word_1_239' title='bbox 1070 3880 1191 3921; x_wconf 91' lang='lat' dir='ltr'><strong>meo</strong></span> <span class='ocrx_word' id='word_1_240' title='bbox 1219 3906 1233 3927; x_wconf 90' lang='lat'><strong>,</strong></span> <span class='ocrx_word' id='word_1_241' title='bbox 1269 3865 1291 3896; x_wconf 80' lang='grc'>⁸</span> <span class='ocrx_word' id='word_1_242' title='bbox 1318 3862 1391 3917; x_wconf 91' lang='lat' dir='ltr'><strong>ibi</strong></span> <span class='ocrx_word' id='word_1_243' title='bbox 1418 3877 1518 3933; x_wconf 88' lang='lat' dir='ltr'><strong>ego</strong></span> <span class='ocrx_word' id='word_1_244' title='bbox 1544 3860 1749 3933; x_wconf 89' lang='lat' dir='ltr'><strong>sumin</strong></span> <span class='ocrx_word' id='word_1_245' title='bbox 1776 3863 1954 3933; x_wconf 74' lang='lat' dir='ltr'><strong>medio</strong></span> <span class='ocrx_word' id='word_1_246' title='bbox 1981 3874 2188 3933; x_wconf 81' lang='lat' dir='ltr'><strong>eorum.</strong></span> 
     </span>
    </p>
   </div>
   <div class='ocr_carea' id='block_1_64' title="bbox 586 3930 2191 3996">
    <p class='ocr_par' dir='ltr' id='par_1_64' title="bbox 586 3930 2191 3996">
     <span class='ocr_line' id='line_1_64' title="bbox 586 3930 2191 3996; baseline -0.007 0"><span class='ocrx_word' id='word_1_247' title='bbox 586 3939 743 3996; x_wconf 84' lang='lat' dir='ltr'><strong>Tunc</strong></span> <span class='ocrx_word' id='word_1_248' title='bbox 785 3940 1051 3996; x_wconf 83' lang='lat' dir='ltr'><strong>accedens</strong></span> <span class='ocrx_word' id='word_1_249' title='bbox 1096 3937 1161 3991; x_wconf 86' lang='lat' dir='ltr'><strong>ad</strong></span> <span class='ocrx_word' id='word_1_250' title='bbox 1206 3951 1328 3991; x_wconf 90' lang='lat' dir='ltr'><strong>eum</strong></span> <span class='ocrx_word' id='word_1_251' title='bbox 1359 3930 1551 3988; x_wconf 78' lang='lat' dir='ltr'><strong>Petrus</strong></span> <span class='ocrx_word' id='word_1_252' title='bbox 1578 3932 1712 3987; x_wconf 82' lang='lat' dir='ltr'><strong>dixit</strong></span> <span class='ocrx_word' id='word_1_253' title='bbox 1742 3930 1792 3985; x_wconf 91' lang='lat' dir='ltr'><strong>ei</strong></span> <span class='ocrx_word' id='word_1_254' title='bbox 1824 3948 1835 3983; x_wconf 93' lang='lat'><strong>:</strong></span> <span class='ocrx_word' id='word_1_255' title='bbox 1896 3931 2121 3984; x_wconf 87' lang='lat' dir='ltr'><strong>Domine</strong></span> <span class='ocrx_word' id='word_1_256' title='bbox 2146 3933 2191 3985; x_wconf 90' lang='lat' dir='ltr'><strong>si</strong></span> 
     </span>
    </p>
   </div>
   <div class='ocr_carea' id='block_1_65' title="bbox 588 4002 2193 4082">
    <p class='ocr_par' dir='ltr' id='par_1_65' title="bbox 588 4002 2193 4082">
     <span class='ocr_line' id='line_1_65' title="bbox 588 4002 2193 4082; baseline -0.007 -15"><span class='ocrx_word' id='word_1_257' title='bbox 588 4014 894 4082; x_wconf 83' lang='lat' dir='ltr'><strong>peccaverit</strong></span> <span class='ocrx_word' id='word_1_258' title='bbox 922 4014 972 4064; x_wconf 92' lang='lat' dir='ltr'><strong>in</strong></span> <span class='ocrx_word' id='word_1_259' title='bbox 998 4008 1278 4082; x_wconf 74' lang='lat' dir='ltr'><strong>mefrater</strong></span> <span class='ocrx_word' id='word_1_260' title='bbox 1310 4021 1484 4082; x_wconf 82' lang='lat' dir='ltr'><strong>mett_s_,</strong></span> <span class='ocrx_word' id='word_1_261' title='bbox 1515 4004 2055 4082; x_wconf 63' lang='lat' dir='ltr'><strong>quptiensremittam</strong></span> <span class='ocrx_word' id='word_1_262' title='bbox 2080 4002 2193 4056; x_wconf 89' lang='lat' dir='ltr'><strong>illi?</strong></span> 
     </span>
    </p>
   </div>
   <div class='ocr_carea' id='block_1_66' title="bbox 587 4074 2190 4155">
    <p class='ocr_par' dir='ltr' id='par_1_66' title="bbox 587 4074 2190 4155">
     <span class='ocr_line' id='line_1_66' title="bbox 587 4074 2190 4155; baseline -0.008 -15"><span class='ocrx_word' id='word_1_263' title='bbox 587 4074 842 4155; x_wconf 10' lang='lat' dir='ltr'><strong>5rsepttes</strong></span> <span class='ocrx_word' id='word_1_264' title='bbox 863 4080 1053 4155; x_wconf 85' lang='lat' dir='ltr'><strong>?Dicit</strong></span> <span class='ocrx_word' id='word_1_265' title='bbox 1076 4079 1155 4136; x_wconf 90' lang='lat' dir='ltr'><strong>illi</strong></span> <span class='ocrx_word' id='word_1_266' title='bbox 1176 4079 1341 4155; x_wconf 70' lang='lat' dir='ltr'><strong>.lesus</strong></span> <span class='ocrx_word' id='word_1_267' title='bbox 1367 4095 1407 4155; x_wconf 82' lang='lat'><strong>:_</strong></span> <span class='ocrx_word' id='word_1_268' title='bbox 1430 4074 1547 4131; x_wconf 86' lang='lat' dir='ltr'><strong>Non</strong></span> <span class='ocrx_word' id='word_1_269' title='bbox 1575 4076 1698 4130; x_wconf 92' lang='lat' dir='ltr'><strong>dico</strong></span> <span class='ocrx_word' id='word_1_270' title='bbox 1726 4074 1820 4128; x_wconf 92' lang='lat' dir='ltr'><strong>tibi</strong></span> <span class='ocrx_word' id='word_1_271' title='bbox 1850 4088 2019 4145; x_wconf 90' lang='lat' dir='ltr'><strong>usque</strong></span> <span class='ocrx_word' id='word_1_272' title='bbox 2064 4088 2190 4144; x_wconf 84' lang='lat' dir='ltr'><strong>sep-</strong></span> 
     </span>
    </p>
   </div>
   <div class='ocr_carea' id='block_1_67' title="bbox 591 4149 2188 4236">
    <p class='ocr_par' dir='ltr' id='par_1_67' title="bbox 591 4149 2188 4236">
     <span class='ocr_line' id='line_1_67' title="bbox 591 4149 2188 4236; baseline 0 -19"><span class='ocrx_word' id='word_1_273' title='bbox 591 4149 849 4236; x_wconf 45' lang='lat' dir='ltr'><strong>lie_s,&#39;;_§t_2_d_</strong></span> <span class='ocrx_word' id='word_1_274' title='bbox 875 4154 1253 4236; x_wconf 63' lang='lat' dir='ltr'><strong>‘f_sep§yagie§_</strong></span> <span class='ocrx_word' id='word_1_275' title='bbox 1272 4149 1496 4236; x_wconf 55' lang='lat' dir='ltr'><strong>septies-</strong></span> <span class='ocrx_word' id='word_1_276' title='bbox 2176 4216 2188 4227; x_wconf 78' lang='grc'><em>,</em></span> 
     </span>
    </p>
   </div>
   <div class='ocr_carea' id='block_1_68' title="bbox 661 4216 2189 4289">
    <p class='ocr_par' dir='ltr' id='par_1_68' title="bbox 661 4216 2189 4289">
     <span class='ocr_line' id='line_1_68' title="bbox 661 4216 2189 4289; baseline -0.008 -8"><span class='ocrx_word' id='word_1_277' title='bbox 661 4216 871 4283; x_wconf 62' lang='grc'><strong>11111111.</strong></span> <span class='ocrx_word' id='word_1_278' title='bbox 892 4216 1019 4280; x_wconf 80' lang='lat' dir='ltr'><strong>Ideo</strong></span> <span class='ocrx_word' id='word_1_279' title='bbox 1046 4225 1085 4255; x_wconf 80' lang='grc'>¹¹</span> <span class='ocrx_word' id='word_1_280' title='bbox 1113 4216 1290 4278; x_wconf 82' lang='lat' dir='ltr'><strong>simile</strong></span> <span class='ocrx_word' id='word_1_281' title='bbox 1318 4216 1402 4277; x_wconf 88' lang='lat' dir='ltr'><strong>est</strong></span> <span class='ocrx_word' id='word_1_282' title='bbox 1426 4233 1649 4289; x_wconf 81' lang='lat' dir='ltr'><strong>regnum</strong></span> <span class='ocrx_word' id='word_1_283' title='bbox 1683 4216 1958 4272; x_wconf 88' lang='lat' dir='ltr'><strong>coelorum</strong></span> <span class='ocrx_word' id='word_1_284' title='bbox 1983 4216 2189 4289; x_wconf 80' lang='lat' dir='ltr'><strong>homini</strong></span> 
     </span>
    </p>
   </div>
   <div class='ocr_carea' id='block_1_69' title="bbox 587 4287 2191 4369">
    <p class='ocr_par' dir='ltr' id='par_1_69' title="bbox 587 4287 2191 4369">
     <span class='ocr_line' id='line_1_69' title="bbox 587 4287 2191 4369; baseline -0.006 -17"><span class='ocrx_word' id='word_1_285' title='bbox 587 4300 725 4369; x_wconf 88' lang='lat' dir='ltr'><strong>regi,</strong></span> <span class='ocrx_word' id='word_1_286' title='bbox 756 4300 846 4368; x_wconf 87' lang='lat' dir='ltr'><strong>qtti</strong></span> <span class='ocrx_word' id='word_1_287' title='bbox 879 4297 1051 4352; x_wconf 88' lang='lat' dir='ltr'><strong>voluit</strong></span> <span class='ocrx_word' id='word_1_288' title='bbox 1077 4298 1343 4369; x_wconf 82' lang='lat' dir='ltr'><strong>rationem</strong></span> <span class='ocrx_word' id='word_1_289' title='bbox 1376 4287 1577 4362; x_wconf 79' lang='lat' dir='ltr'><strong>ponere</strong></span> <span class='ocrx_word' id='word_1_290' title='bbox 1599 4305 1718 4369; x_wconf 80' lang='lat' dir='ltr'><strong>cum</strong></span> <span class='ocrx_word' id='word_1_291' title='bbox 1744 4290 1916 4369; x_wconf 79' lang='lat' dir='ltr'><strong>servis</strong></span> <span class='ocrx_word' id='word_1_292' title='bbox 1944 4289 2076 4369; x_wconf 82' lang='lat' dir='ltr'><strong>suis.</strong></span> <span class='ocrx_word' id='word_1_293' title='bbox 2122 4287 2191 4342; x_wconf 86' lang='lat' dir='ltr'><strong>Et</strong></span> 
     </span>
    </p>
   </div>
   <div class='ocr_carea' id='block_1_70' title="bbox 586 4361 2184 4439">
    <p class='ocr_par' dir='ltr' id='par_1_70' title="bbox 586 4361 2184 4439">
     <span class='ocr_line' id='line_1_70' title="bbox 586 4361 2184 4439; baseline -0.007 -15"><span class='ocrx_word' id='word_1_294' title='bbox 586 4361 751 4439; x_wconf 52' lang='lat' dir='ltr'><strong>qu&#39;um</strong></span> <span class='ocrx_word' id='word_1_295' title='bbox 775 4361 1046 4438; x_wconf 81' lang='lat' dir='ltr'><strong>coepisset</strong></span> <span class='ocrx_word' id='word_1_296' title='bbox 1076 4365 1345 4439; x_wconf 82' lang='lat' dir='ltr'><strong>rationem</strong></span> <span class='ocrx_word' id='word_1_297' title='bbox 1376 4361 1598 4439; x_wconf 79' lang='lat' dir='ltr'><strong>ponere,</strong></span> <span class='ocrx_word' id='word_1_298' title='bbox 1619 4361 1832 4439; x_wconf 69' lang='lat' dir='ltr'><strong>oblatus</strong></span> <span class='ocrx_word' id='word_1_299' title='bbox 1849 4368 1934 4415; x_wconf 83' lang='lat' dir='ltr'><strong>est</strong></span> <span class='ocrx_word' id='word_1_300' title='bbox 1953 4361 1999 4415; x_wconf 88' lang='lat' dir='ltr'><strong>ei</strong></span> <span class='ocrx_word' id='word_1_301' title='bbox 2025 4374 2184 4425; x_wconf 91' lang='lat' dir='ltr'><strong>unus,</strong></span> 
     </span>
    </p>
   </div>
   <div class='ocr_carea' id='block_1_71' title="bbox 587 4433 2190 4510">
    <p class='ocr_par' dir='ltr' id='par_1_71' title="bbox 587 4433 2190 4510">
     <span class='ocr_line' id='line_1_71' title="bbox 587 4433 2190 4510; baseline -0.003 -19"><span class='ocrx_word' id='word_1_302' title='bbox 587 4433 677 4510; x_wconf 81' lang='lat' dir='ltr'><strong>qui</strong></span> <span class='ocrx_word' id='word_1_303' title='bbox 709 4433 942 4496; x_wconf 80' lang='lat' dir='ltr'><strong>debebat</strong></span> <span class='ocrx_word' id='word_1_304' title='bbox 968 4437 1354 4510; x_wconf 82' lang='lat' dir='ltr'><strong>decemmillta</strong></span> <span class='ocrx_word' id='word_1_305' title='bbox 1382 4434 1603 4510; x_wconf 79' lang='lat' dir='ltr'><strong>talenta.</strong></span> <span class='ocrx_word' id='word_1_306' title='bbox 1655 4433 1831 4510; x_wconf 76' lang='lat' dir='ltr'><strong>Quum</strong></span> <span class='ocrx_word' id='word_1_307' title='bbox 1872 4441 2051 4510; x_wconf 83' lang='lat' dir='ltr'><strong>autem</strong></span> <span class='ocrx_word' id='word_1_308' title='bbox 2081 4448 2190 4486; x_wconf 91' lang='lat' dir='ltr'><strong>non</strong></span> 
     </span>
    </p>
   </div>
   <div class='ocr_carea' id='block_1_72' title="bbox 590 4502 2191 4574">
    <p class='ocr_par' dir='ltr' id='par_1_72' title="bbox 590 4502 2191 4574">
     <span class='ocr_line' id='line_1_72' title="bbox 590 4502 2191 4574; baseline -0.006 -9"><span class='ocrx_word' id='word_1_309' title='bbox 590 4502 814 4567; x_wconf 77' lang='lat' dir='ltr'><strong>haberet</strong></span> <span class='ocrx_word' id='word_1_310' title='bbox 854 4512 994 4567; x_wconf 90' lang='lat' dir='ltr'><strong>unde</strong></span> <span class='ocrx_word' id='word_1_311' title='bbox 1050 4508 1332 4574; x_wconf 87' lang='lat' dir='ltr'><strong>redderet,</strong></span> <span class='ocrx_word' id='word_1_312' title='bbox 1375 4506 1538 4573; x_wconf 85' lang='lat' dir='ltr'><strong>jussit</strong></span> <span class='ocrx_word' id='word_1_313' title='bbox 1562 4520 1682 4559; x_wconf 92' lang='lat' dir='ltr'><strong>cum</strong></span> <span class='ocrx_word' id='word_1_314' title='bbox 1718 4504 1760 4534; x_wconf 83' lang='grc'>¹²</span> <span class='ocrx_word' id='word_1_315' title='bbox 1784 4502 2036 4558; x_wconf 89' lang='lat' dir='ltr'><strong>dominus</strong></span> <span class='ocrx_word' id='word_1_316' title='bbox 2059 4517 2191 4557; x_wconf 91' lang='lat' dir='ltr'><strong>suus</strong></span> 
     </span>
    </p>
   </div>
   <div class='ocr_carea' id='block_1_73' title="bbox 587 4576 2191 4650">
    <p class='ocr_par' dir='ltr' id='par_1_73' title="bbox 587 4576 2191 4650">
     <span class='ocr_line' id='line_1_73' title="bbox 587 4576 2191 4650; baseline -0.005 -13"><span class='ocrx_word' id='word_1_317' title='bbox 587 4582 941 4639; x_wconf 85' lang='lat' dir='ltr'><strong>vaenumdari</strong></span> <span class='ocrx_word' id='word_1_318' title='bbox 965 4624 981 4648; x_wconf 94' lang='lat'><strong>,</strong></span> <span class='ocrx_word' id='word_1_319' title='bbox 1010 4592 1064 4638; x_wconf 93' lang='lat' dir='ltr'><strong>et</strong></span> <span class='ocrx_word' id='word_1_320' title='bbox 1090 4596 1314 4637; x_wconf 81' lang='lat' dir='ltr'><strong>uxorem</strong></span> <span class='ocrx_word' id='word_1_321' title='bbox 1338 4578 1489 4650; x_wconf 72' lang='lat' dir='ltr'><strong>ejus,</strong></span> <span class='ocrx_word' id='word_1_322' title='bbox 1507 4586 1560 4631; x_wconf 89' lang='lat' dir='ltr'><strong>et</strong></span> <span class='ocrx_word' id='word_1_323' title='bbox 1576 4577 1799 4650; x_wconf 82' lang='lat' dir='ltr'><strong>lilios,et</strong></span> <span class='ocrx_word' id='word_1_324' title='bbox 1819 4576 2001 4630; x_wconf 88' lang='lat' dir='ltr'><strong>omnia</strong></span> <span class='ocrx_word' id='word_1_325' title='bbox 2024 4590 2191 4646; x_wconf 87' lang='lat' dir='ltr'><strong>quae-</strong></span> 
     </span>
    </p>
   </div>
   <div class='ocr_carea' id='block_1_74' title="bbox 586 4648 1829 4728">
    <p class='ocr_par' dir='ltr' id='par_1_74' title="bbox 586 4648 1829 4728">
     <span class='ocr_line' id='line_1_74' title="bbox 586 4648 1829 4728; baseline -0.006 -18"><span class='ocrx_word' id='word_1_326' title='bbox 586 4669 863 4728; x_wconf 83' lang='lat' dir='ltr'><strong>quomque</strong></span> <span class='ocrx_word' id='word_1_327' title='bbox 892 4654 1210 4722; x_wconf 87' lang='lat' dir='ltr'><strong>habebat,et</strong></span> <span class='ocrx_word' id='word_1_328' title='bbox 1232 4648 1384 4709; x_wconf 83' lang='lat' dir='ltr'><strong>reddi</strong></span> <span class='ocrx_word' id='word_1_329' title='bbox 1406 4648 1671 4705; x_wconf 89' lang='lat' dir='ltr'><strong>debitum.</strong></span> <span class='ocrx_word' id='word_1_330' title='bbox 1696 4648 1829 4703; x_wconf 85' lang='lat' dir='ltr'><strong>Pro-</strong></span> 
     </span>
    </p>
   </div>
   <div class='ocr_carea' id='block_1_75' title="bbox 1431 1348 1795 1418">
    <p class='ocr_par' dir='ltr' id='par_1_75' title="bbox 1431 1348 1795 1418">
     <span class='ocr_line' id='line_1_75' title="bbox 1431 1348 1795 1418; baseline -0.003 -15"><span class='ocrx_word' id='word_1_331' title='bbox 1431 1348 1645 1403; x_wconf 87' lang='lat' dir='ltr'><strong>habitus</strong></span> <span class='ocrx_word' id='word_1_332' title='bbox 1674 1363 1795 1418; x_wconf 87' lang='lat' dir='ltr'><strong>rcg-</strong></span> 
     </span>
    </p>
   </div>
   <div class='ocr_carea' id='block_1_76' title="bbox 1431 1420 1780 1476">
    <p class='ocr_par' dir='ltr' id='par_1_76' title="bbox 1431 1420 1780 1476">
     <span class='ocr_line' id='line_1_76' title="bbox 1431 1420 1780 1476; baseline -0.003 -2"><span class='ocrx_word' id='word_1_333' title='bbox 1431 1420 1484 1475; x_wconf 85' lang='grc' dir='ltr'>ιιί</span> <span class='ocrx_word' id='word_1_334' title='bbox 1507 1420 1780 1476; x_wconf 82' lang='lat' dir='ltr'><strong>caelorum</strong></span> 
     </span>
    </p>
   </div>
   <div class='ocr_carea' id='block_1_77' title="bbox 1430 1491 1794 1559">
    <p class='ocr_par' dir='ltr' id='par_1_77' title="bbox 1430 1491 1794 1559">
     <span class='ocr_line' id='line_1_77' title="bbox 1430 1491 1794 1559; baseline -0.003 -14"><span class='ocrx_word' id='word_1_335' title='bbox 1430 1491 1633 1546; x_wconf 91' lang='lat' dir='ltr'><strong>homini</strong></span> <span class='ocrx_word' id='word_1_336' title='bbox 1662 1491 1794 1559; x_wconf 88' lang='lat' dir='ltr'><strong>regi,</strong></span> 
     </span>
    </p>
   </div>
   <div class='ocr_carea' id='block_1_78' title="bbox 1429 1562 1831 1633">
    <p class='ocr_par' dir='ltr' id='par_1_78' title="bbox 1429 1562 1831 1633">
     <span class='ocr_line' id='line_1_78' title="bbox 1429 1562 1831 1633; baseline -0.002 -16"><span class='ocrx_word' id='word_1_337' title='bbox 1429 1564 1519 1633; x_wconf 91' lang='lat' dir='ltr'><strong>qui</strong></span> <span class='ocrx_word' id='word_1_338' title='bbox 1550 1562 1719 1617; x_wconf 86' lang='lat' dir='ltr'><strong>voluit</strong></span> <span class='ocrx_word' id='word_1_339' title='bbox 1743 1577 1831 1616; x_wconf 87' lang='lat' dir='ltr'><strong>ra-</strong></span> 
     </span>
    </p>
   </div>
   <div class='ocr_carea' id='block_1_79' title="bbox 1432 1636 1830 1703">
    <p class='ocr_par' dir='ltr' id='par_1_79' title="bbox 1432 1636 1830 1703">
     <span class='ocr_line' id='line_1_79' title="bbox 1432 1636 1830 1703; baseline -0.008 -13"><span class='ocrx_word' id='word_1_340' title='bbox 1432 1636 1633 1690; x_wconf 86' lang='lat' dir='ltr'><strong>tionem</strong></span> <span class='ocrx_word' id='word_1_341' title='bbox 1664 1646 1830 1703; x_wconf 81' lang='lat' dir='ltr'><strong>pcne-</strong></span> 
     </span>
    </p>
   </div>
   <div class='ocr_carea' id='block_1_80' title="bbox 1430 1704 1834 1764">
    <p class='ocr_par' dir='ltr' id='par_1_80' title="bbox 1430 1704 1834 1764">
     <span class='ocr_line' id='line_1_80' title="bbox 1430 1704 1834 1764; baseline -0.01 -3"><span class='ocrx_word' id='word_1_342' title='bbox 1430 1721 1489 1761; x_wconf 91' lang='lat' dir='ltr'><strong>re</strong></span> <span class='ocrx_word' id='word_1_343' title='bbox 1510 1721 1633 1764; x_wconf 91' lang='lat' dir='ltr'><strong>cum</strong></span> <span class='ocrx_word' id='word_1_344' title='bbox 1661 1704 1834 1759; x_wconf 88' lang='lat' dir='ltr'><strong>servis</strong></span> 
     </span>
    </p>
   </div>
   <div class='ocr_carea' id='block_1_81' title="bbox 1428 1775 1981 1842">
    <p class='ocr_par' dir='ltr' id='par_1_81' title="bbox 1428 1775 1981 1842">
     <span class='ocr_line' id='line_1_81' title="bbox 1428 1775 1981 1842; baseline -0.004 -11"><span class='ocrx_word' id='word_1_345' title='bbox 1428 1776 1521 1833; x_wconf 74' lang='lat'><strong>24.</strong></span> <span class='ocrx_word' id='word_1_346' title='bbox 1555 1777 1691 1831; x_wconf 84' lang='lat' dir='ltr'><strong>suis.</strong></span> <span class='ocrx_word' id='word_1_347' title='bbox 1724 1775 1938 1842; x_wconf 83' lang='lat' dir='ltr'><strong>Etcum</strong></span> <span class='ocrx_word' id='word_1_348' title='bbox 1972 1830 1981 1837; x_wconf 87' lang='lat'>_</span> 
     </span>
    </p>
   </div>
   <div class='ocr_carea' id='block_1_82' title="bbox 1429 1849 1811 1917">
    <p class='ocr_par' dir='ltr' id='par_1_82' title="bbox 1429 1849 1811 1917">
     <span class='ocr_line' id='line_1_82' title="bbox 1429 1849 1811 1917; baseline -0.008 -14"><span class='ocrx_word' id='word_1_349' title='bbox 1429 1849 1697 1917; x_wconf 90' lang='lat' dir='ltr'><strong>coepisset</strong></span> <span class='ocrx_word' id='word_1_350' title='bbox 1725 1862 1811 1901; x_wconf 89' lang='lat' dir='ltr'><strong>ra-</strong></span> 
     </span>
    </p>
   </div>
   <div class='ocr_carea' id='block_1_83' title="bbox 1432 1921 1837 1990">
    <p class='ocr_par' dir='ltr' id='par_1_83' title="bbox 1432 1921 1837 1990">
     <span class='ocr_line' id='line_1_83' title="bbox 1432 1921 1837 1990; baseline 0 -16"><span class='ocrx_word' id='word_1_351' title='bbox 1432 1921 1633 1976; x_wconf 89' lang='lat' dir='ltr'><strong>tionem</strong></span> <span class='ocrx_word' id='word_1_352' title='bbox 1669 1933 1837 1990; x_wconf 84' lang='lat' dir='ltr'><strong>pone-</strong></span> 
     </span>
    </p>
   </div>
   <div class='ocr_carea' id='block_1_84' title="bbox 1431 1990 1858 2059">
    <p class='ocr_par' dir='ltr' id='par_1_84' title="bbox 1431 1990 1858 2059">
     <span class='ocr_line' id='line_1_84' title="bbox 1431 1990 1858 2059; baseline -0.009 -11"><span class='ocrx_word' id='word_1_353' title='bbox 1431 2007 1511 2059; x_wconf 91' lang='lat' dir='ltr'><strong>re,</strong></span> <span class='ocrx_word' id='word_1_354' title='bbox 1539 1990 1750 2046; x_wconf 89' lang='lat' dir='ltr'><strong>oblatus</strong></span> <span class='ocrx_word' id='word_1_355' title='bbox 1774 1997 1858 2045; x_wconf 90' lang='lat' dir='ltr'><strong>est</strong></span> 
     </span>
    </p>
   </div>
   <div class='ocr_carea' id='block_1_85' title="bbox 1430 2061 1921 2132">
    <p class='ocr_par' dir='ltr' id='par_1_85' title="bbox 1430 2061 1921 2132">
     <span class='ocr_line' id='line_1_85' title="bbox 1430 2061 1921 2132; baseline -0.006 -14"><span class='ocrx_word' id='word_1_356' title='bbox 1430 2064 1479 2119; x_wconf 91' lang='lat' dir='ltr'><strong>ei</strong></span> <span class='ocrx_word' id='word_1_357' title='bbox 1516 2077 1673 2130; x_wconf 88' lang='lat' dir='ltr'><strong>unus,</strong></span> <span class='ocrx_word' id='word_1_358' title='bbox 1706 2062 1796 2132; x_wconf 91' lang='lat' dir='ltr'><strong>qui</strong></span> <span class='ocrx_word' id='word_1_359' title='bbox 1825 2061 1921 2116; x_wconf 86' lang='lat' dir='ltr'><strong>de-</strong></span> 
     </span>
    </p>
   </div>
   <div class='ocr_carea' id='block_1_86' title="bbox 1430 2134 1875 2191">
    <p class='ocr_par' dir='ltr' id='par_1_86' title="bbox 1430 2134 1875 2191">
     <span class='ocr_line' id='line_1_86' title="bbox 1430 2134 1875 2191; baseline -0.009 0"><span class='ocrx_word' id='word_1_360' title='bbox 1430 2134 1535 2191; x_wconf 90' lang='lat' dir='ltr'><strong>beb</strong></span> <span class='ocrx_word' id='word_1_361' title='bbox 1722 2147 1875 2189; x_wconf 88' lang='lat' dir='ltr'><strong>ecem</strong></span> 
     </span>
    </p>
   </div>
   <div class='ocr_carea' id='block_1_87' title="bbox 1430 2206 1778 2261">
    <p class='ocr_par' dir='ltr' id='par_1_87' title="bbox 1430 2206 1778 2261">
     <span class='ocr_line' id='line_1_87' title="bbox 1430 2206 1778 2261; baseline -0.006 -1"><span class='ocrx_word' id='word_1_362' title='bbox 1430 2206 1577 2261; x_wconf 90' lang='lat' dir='ltr'><strong>milia</strong></span> <span class='ocrx_word' id='word_1_363' title='bbox 1607 2208 1778 2260; x_wconf 91' lang='lat' dir='ltr'><strong>talen-</strong></span> 
     </span>
    </p>
   </div>
   <div class='ocr_carea' id='block_1_88' title="bbox 1427 2276 1997 2331">
    <p class='ocr_par' dir='ltr' id='par_1_88' title="bbox 1427 2276 1997 2331">
     <span class='ocr_line' id='line_1_88' title="bbox 1427 2276 1997 2331; baseline -0.004 0"><span class='ocrx_word' id='word_1_364' title='bbox 1427 2276 1520 2331; x_wconf 82' lang='lat'><strong>25.</strong></span> <span class='ocrx_word' id='word_1_365' title='bbox 1554 2288 1627 2331; x_wconf 87' lang='lat' dir='ltr'><strong>ta.</strong></span> <span class='ocrx_word' id='word_1_366' title='bbox 1653 2276 1788 2331; x_wconf 88' lang='lat' dir='ltr'><strong>Cum</strong></span> <span class='ocrx_word' id='word_1_367' title='bbox 1818 2282 1997 2331; x_wconf 87' lang='lat' dir='ltr'><strong>autem</strong></span> 
     </span>
    </p>
   </div>
   <div class='ocr_carea' id='block_1_89' title="bbox 1429 2347 1792 2403">
    <p class='ocr_par' dir='ltr' id='par_1_89' title="bbox 1429 2347 1792 2403">
     <span class='ocr_line' id='line_1_89' title="bbox 1429 2347 1792 2403; baseline -0.006 0"><span class='ocrx_word' id='word_1_368' title='bbox 1429 2365 1536 2403; x_wconf 93' lang='lat' dir='ltr'><strong>non</strong></span> <span class='ocrx_word' id='word_1_369' title='bbox 1568 2347 1792 2402; x_wconf 88' lang='lat' dir='ltr'><strong>haberet</strong></span> 
     </span>
    </p>
   </div>
   <div class='ocr_carea' id='block_1_90' title="bbox 1430 2419 1792 2475">
    <p class='ocr_par' dir='ltr' id='par_1_90' title="bbox 1430 2419 1792 2475">
     <span class='ocr_line' id='line_1_90' title="bbox 1430 2419 1792 2475; baseline -0.003 -1"><span class='ocrx_word' id='word_1_370' title='bbox 1430 2420 1571 2475; x_wconf 89' lang='lat' dir='ltr'><strong>unde</strong></span> <span class='ocrx_word' id='word_1_371' title='bbox 1597 2419 1792 2474; x_wconf 89' lang='lat' dir='ltr'><strong>redde-</strong></span> 
     </span>
    </p>
   </div>
   <div class='ocr_carea' id='block_1_91' title="bbox 1430 2491 1885 2560">
    <p class='ocr_par' dir='ltr' id='par_1_91' title="bbox 1430 2491 1885 2560">
     <span class='ocr_line' id='line_1_91' title="bbox 1430 2491 1885 2560; baseline -0.007 -14"><span class='ocrx_word' id='word_1_372' title='bbox 1430 2502 1548 2556; x_wconf 89' lang='lat' dir='ltr'><strong>ret,</strong></span> <span class='ocrx_word' id='word_1_373' title='bbox 1574 2491 1735 2560; x_wconf 84' lang='lat' dir='ltr'><strong>jussit</strong></span> <span class='ocrx_word' id='word_1_374' title='bbox 1761 2506 1885 2545; x_wconf 89' lang='lat' dir='ltr'><strong>eum</strong></span> 
     </span>
    </p>
   </div>
   <div class='ocr_carea' id='block_1_92' title="bbox 1428 2561 1914 2617">
    <p class='ocr_par' dir='ltr' id='par_1_92' title="bbox 1428 2561 1914 2617">
     <span class='ocr_line' id='line_1_92' title="bbox 1428 2561 1914 2617; baseline -0.004 0"><span class='ocrx_word' id='word_1_375' title='bbox 1428 2561 1684 2617; x_wconf 89' lang='lat' dir='ltr'><strong>dominus</strong></span> <span class='ocrx_word' id='word_1_376' title='bbox 1708 2577 1914 2616; x_wconf 83' lang='lat' dir='ltr'><strong>venun-</strong></span> 
     </span>
    </p>
   </div>
   <div class='ocr_carea' id='block_1_93' title="bbox 1431 2633 1835 2699">
    <p class='ocr_par' dir='ltr' id='par_1_93' title="bbox 1431 2633 1835 2699">
     <span class='ocr_line' id='line_1_93' title="bbox 1431 2633 1835 2699; baseline -0.005 -10"><span class='ocrx_word' id='word_1_377' title='bbox 1431 2633 1584 2699; x_wconf 85' lang='lat' dir='ltr'><strong>dari,</strong></span> <span class='ocrx_word' id='word_1_378' title='bbox 1614 2643 1665 2689; x_wconf 91' lang='lat' dir='ltr'><strong>et</strong></span> <span class='ocrx_word' id='word_1_379' title='bbox 1699 2647 1835 2687; x_wconf 84' lang='lat' dir='ltr'><strong>uxo-</strong></span> 
     </span>
    </p>
   </div>
   <div class='ocr_carea' id='block_1_94' title="bbox 1430 2704 1887 2774">
    <p class='ocr_par' dir='ltr' id='par_1_94' title="bbox 1430 2704 1887 2774">
     <span class='ocr_line' id='line_1_94' title="bbox 1430 2704 1887 2774; baseline -0.007 -14"><span class='ocrx_word' id='word_1_380' title='bbox 1430 2720 1546 2760; x_wconf 91' lang='lat' dir='ltr'><strong>rem</strong></span> <span class='ocrx_word' id='word_1_381' title='bbox 1571 2704 1712 2774; x_wconf 89' lang='lat' dir='ltr'><strong>ejus,</strong></span> <span class='ocrx_word' id='word_1_382' title='bbox 1737 2711 1794 2759; x_wconf 87' lang='lat' dir='ltr'><strong>et</strong></span> <span class='ocrx_word' id='word_1_383' title='bbox 1827 2704 1887 2757; x_wconf 81' lang='lat' dir='ltr'><strong>li-</strong></span> 
     </span>
    </p>
   </div>
   <div class='ocr_carea' id='block_1_95' title="bbox 1432 2776 1855 2840">
    <p class='ocr_par' dir='ltr' id='par_1_95' title="bbox 1432 2776 1855 2840">
     <span class='ocr_line' id='line_1_95' title="bbox 1432 2776 1855 2840; baseline -0.005 -9"><span class='ocrx_word' id='word_1_384' title='bbox 1432 2776 1559 2840; x_wconf 89' lang='lat' dir='ltr'><strong>lios,</strong></span> <span class='ocrx_word' id='word_1_385' title='bbox 1586 2786 1641 2830; x_wconf 89' lang='lat' dir='ltr'><strong>et</strong></span> <span class='ocrx_word' id='word_1_386' title='bbox 1671 2776 1855 2829; x_wconf 87' lang='lat' dir='ltr'><strong>omnia</strong></span> 
     </span>
    </p>
   </div>
   <div class='ocr_carea' id='block_1_96' title="bbox 1430 2846 1832 2917">
    <p class='ocr_par' dir='ltr' id='par_1_96' title="bbox 1430 2846 1832 2917">
     <span class='ocr_line' id='line_1_96' title="bbox 1430 2846 1832 2917; baseline 0 -16"><span class='ocrx_word' id='word_1_387' title='bbox 1430 2864 1551 2917; x_wconf 66' lang='lat' dir='ltr'><strong>qua:</strong></span> <span class='ocrx_word' id='word_1_388' title='bbox 1576 2846 1832 2912; x_wconf 86' lang='lat' dir='ltr'><strong>habebat,</strong></span> 
     </span>
    </p>
   </div>
   <div class='ocr_carea' id='block_1_97' title="bbox 1428 2918 1842 2975">
    <p class='ocr_par' dir='ltr' id='par_1_97' title="bbox 1428 2918 1842 2975">
     <span class='ocr_line' id='line_1_97' title="bbox 1428 2918 1842 2975; baseline -0.012 0"><span class='ocrx_word' id='word_1_389' title='bbox 1428 2927 1487 2975; x_wconf 82' lang='lat' dir='ltr'><strong>et</strong></span> <span class='ocrx_word' id='word_1_390' title='bbox 1508 2918 1659 2975; x_wconf 91' lang='lat' dir='ltr'><strong>reddi</strong></span> <span class='ocrx_word' id='word_1_391' title='bbox 1691 2918 1842 2972; x_wconf 86' lang='lat' dir='ltr'><strong>debi-</strong></span> 
     </span>
    </p>
   </div>
   <div class='ocr_carea' id='block_1_98' title="bbox 1426 2989 1861 3047">
    <p class='ocr_par' dir='ltr' id='par_1_98' title="bbox 1426 2989 1861 3047">
     <span class='ocr_line' id='line_1_98' title="bbox 1426 2989 1861 3047; baseline -0.002 -1"><span class='ocrx_word' id='word_1_392' title='bbox 1426 2990 1520 3047; x_wconf 85' lang='lat'><strong>26.</strong></span> <span class='ocrx_word' id='word_1_393' title='bbox 1563 3001 1699 3046; x_wconf 90' lang='lat' dir='ltr'><strong>tum.</strong></span> <span class='ocrx_word' id='word_1_394' title='bbox 1728 2989 1861 3045; x_wconf 86' lang='lat' dir='ltr'><strong>Pro-</strong></span> 
     </span>
    </p>
   </div>
   <div class='ocr_carea' id='block_1_99' title="bbox 1109 206 3865 273">
    <p class='ocr_par' dir='ltr' id='par_1_99' title="bbox 1109 206 3865 273">
     <span class='ocr_line' id='line_1_99' title="bbox 1109 206 3865 273; baseline -0.002 -2"><span class='ocrx_word' id='word_1_395' title='bbox 1109 212 1380 273; x_wconf 86' lang='lat' dir='ltr'><strong>EUSEBII</strong></span> <span class='ocrx_word' id='word_1_396' title='bbox 1418 208 1759 270; x_wconf 82' lang='lat' dir='ltr'><strong>VERCELL.</strong></span> <span class='ocrx_word' id='word_1_397' title='bbox 1805 208 2251 271; x_wconf 75' lang='lat' dir='ltr'><strong>EVANGELIUM</strong></span> <span class='ocrx_word' id='word_1_398' title='bbox 2289 210 2429 268; x_wconf 71' lang='lat' dir='ltr'><strong>CUM</strong></span> <span class='ocrx_word' id='word_1_399' title='bbox 2472 207 2700 267; x_wconf 64' lang='lat' dir='ltr'><strong>VAlillS</strong></span> <span class='ocrx_word' id='word_1_400' title='bbox 2738 206 2894 266; x_wconf 87' lang='lat' dir='ltr'><strong>COD.</strong></span> <span class='ocrx_word' id='word_1_401' title='bbox 2933 207 3329 269; x_wconf 85' lang='lat' dir='ltr'><strong>COLLATUM.</strong></span> <span class='ocrx_word' id='word_1_402' title='bbox 3781 212 3865 269; x_wconf 74' lang='grc'>261</span> 
     </span>
    </p>
   </div>
   <div class='ocr_carea' id='block_1_100' title="bbox 2730 323 3450 384">
    <p class='ocr_par' dir='ltr' id='par_1_100' title="bbox 2730 323 3450 384">
     <span class='ocr_line' id='line_1_100' title="bbox 2730 323 3450 384; baseline -0.004 -1"><span class='ocrx_word' id='word_1_403' title='bbox 2730 323 2960 383; x_wconf 76' lang='lat' dir='ltr'><strong>CODEX</strong></span> <span class='ocrx_word' id='word_1_404' title='bbox 2999 324 3450 384; x_wconf 79' lang='lat' dir='ltr'><strong>VERONENSIS.</strong></span> 
     </span>
    </p>
   </div>
   <div class='ocr_carea' id='block_1_101' title="bbox 2297 418 3783 479">
    <p class='ocr_par' dir='ltr' id='par_1_101' title="bbox 2297 418 3783 479">
     <span class='ocr_line' id='line_1_101' title="bbox 2297 418 3783 479; baseline 0.002 -4"><span class='ocrx_word' id='word_1_405' title='bbox 2297 434 2458 475; x_wconf 90' lang='lat' dir='ltr'><strong>omne</strong></span> <span class='ocrx_word' id='word_1_406' title='bbox 2487 418 2731 475; x_wconf 90' lang='lat' dir='ltr'><strong>verbum.</strong></span> <span class='ocrx_word' id='word_1_407' title='bbox 3202 419 3295 474; x_wconf 88' lang='lat' dir='ltr'><strong>2t.</strong></span> <span class='ocrx_word' id='word_1_408' title='bbox 3337 419 3493 475; x_wconf 88' lang='lat' dir='ltr'><strong>Tunc</strong></span> <span class='ocrx_word' id='word_1_409' title='bbox 3524 418 3783 479; x_wconf 86' lang='lat' dir='ltr'><strong>accedens</strong></span> 
     </span>
    </p>
   </div>
   <div class='ocr_carea' id='block_1_102' title="bbox 2298 491 3584 558">
    <p class='ocr_par' dir='ltr' id='par_1_102' title="bbox 2298 491 3584 558">
     <span class='ocr_line' id='line_1_102' title="bbox 2298 491 3584 558; baseline -0.002 -11"><span class='ocrx_word' id='word_1_410' title='bbox 2298 492 2388 547; x_wconf 84' lang='grc'><strong>17.</strong></span> <span class='ocrx_word' id='word_1_411' title='bbox 2432 491 2585 558; x_wconf 87' lang='lat' dir='ltr'><strong>Quod</strong></span> <span class='ocrx_word' id='word_1_412' title='bbox 2608 492 2651 545; x_wconf 91' lang='lat' dir='ltr'><strong>si</strong></span> <span class='ocrx_word' id='word_1_413' title='bbox 2685 505 2795 547; x_wconf 92' lang='lat' dir='ltr'><strong>non</strong></span> <span class='ocrx_word' id='word_1_414' title='bbox 3130 491 3198 546; x_wconf 90' lang='lat' dir='ltr'><strong>ad</strong></span> <span class='ocrx_word' id='word_1_415' title='bbox 3227 507 3351 547; x_wconf 90' lang='lat' dir='ltr'><strong>eum</strong></span> <span class='ocrx_word' id='word_1_416' title='bbox 3389 491 3584 546; x_wconf 85' lang='lat' dir='ltr'><strong>Petrus</strong></span> 
     </span>
    </p>
   </div>
   <div class='ocr_carea' id='block_1_103' title="bbox 2297 562 3525 619">
    <p class='ocr_par' dir='ltr' id='par_1_103' title="bbox 2297 562 3525 619">
     <span class='ocr_line' id='line_1_103' title="bbox 2297 562 3525 619; baseline -0.002 -1"><span class='ocrx_word' id='word_1_417' title='bbox 2297 563 2535 618; x_wconf 88' lang='lat' dir='ltr'><strong>audierit</strong></span> <span class='ocrx_word' id='word_1_418' title='bbox 2559 577 2654 618; x_wconf 89' lang='lat' dir='ltr'><strong>eos</strong></span> <span class='ocrx_word' id='word_1_419' title='bbox 2688 581 2700 616; x_wconf 93' lang='lat'><strong>:</strong></span> <span class='ocrx_word' id='word_1_420' title='bbox 3131 562 3269 617; x_wconf 81' lang='lat' dir='ltr'><strong>dixit</strong></span> <span class='ocrx_word' id='word_1_421' title='bbox 3293 563 3341 617; x_wconf 92' lang='lat' dir='ltr'><strong>ei</strong></span> <span class='ocrx_word' id='word_1_422' title='bbox 3377 582 3390 619; x_wconf 88' lang='lat'><strong>:</strong></span> <span class='ocrx_word' id='word_1_423' title='bbox 3422 563 3525 617; x_wconf 91' lang='lat' dir='ltr'><strong>Do-</strong></span> 
     </span>
    </p>
   </div>
   <div class='ocr_carea' id='block_1_104' title="bbox 2297 633 3647 703">
    <p class='ocr_par' dir='ltr' id='par_1_104' title="bbox 2297 633 3647 703">
     <span class='ocr_line' id='line_1_104' title="bbox 2297 633 3647 703; baseline 0.001 -14"><span class='ocrx_word' id='word_1_424' title='bbox 2297 634 2382 690; x_wconf 90' lang='lat' dir='ltr'><strong>dic</strong></span> <span class='ocrx_word' id='word_1_425' title='bbox 2408 635 2700 699; x_wconf 90' lang='lat' dir='ltr'><strong>ecclesiae,</strong></span> <span class='ocrx_word' id='word_1_426' title='bbox 3135 634 3281 689; x_wconf 89' lang='lat' dir='ltr'><strong>mine</strong></span> <span class='ocrx_word' id='word_1_427' title='bbox 3308 635 3352 690; x_wconf 90' lang='lat' dir='ltr'><strong>si</strong></span> <span class='ocrx_word' id='word_1_428' title='bbox 3388 633 3647 703; x_wconf 84' lang='lat' dir='ltr'><strong>peccabe-</strong></span> 
     </span>
    </p>
   </div>
   <div class='ocr_carea' id='block_1_105' title="bbox 2299 704 3613 762">
    <p class='ocr_par' dir='ltr' id='par_1_105' title="bbox 2299 704 3613 762">
     <span class='ocr_line' id='line_1_105' title="bbox 2299 704 3613 762; baseline 0.001 -1"><span class='ocrx_word' id='word_1_429' title='bbox 2299 706 2355 762; x_wconf 91' lang='lat' dir='ltr'><strong>Si</strong></span> <span class='ocrx_word' id='word_1_430' title='bbox 2379 716 2558 761; x_wconf 90' lang='lat' dir='ltr'><strong>autem</strong></span> <span class='ocrx_word' id='word_1_431' title='bbox 2586 707 2762 761; x_wconf 90' lang='lat' dir='ltr'><strong>eccle—</strong></span> <span class='ocrx_word' id='word_1_432' title='bbox 3136 706 3209 760; x_wconf 90' lang='lat' dir='ltr'><strong>rit</strong></span> <span class='ocrx_word' id='word_1_433' title='bbox 3238 704 3293 760; x_wconf 91' lang='lat' dir='ltr'><strong>in</strong></span> <span class='ocrx_word' id='word_1_434' title='bbox 3324 721 3411 761; x_wconf 89' lang='lat' dir='ltr'><strong>me</strong></span> <span class='ocrx_word' id='word_1_435' title='bbox 3446 706 3613 762; x_wconf 81' lang='lat' dir='ltr'><strong>frater</strong></span> 
     </span>
    </p>
   </div>
   <div class='ocr_carea' id='block_1_106' title="bbox 2297 777 3604 848">
    <p class='ocr_par' dir='ltr' id='par_1_106' title="bbox 2297 777 3604 848">
     <span class='ocr_line' id='line_1_106' title="bbox 2297 777 3604 848; baseline 0.001 -17"><span class='ocrx_word' id='word_1_436' title='bbox 2297 779 2433 831; x_wconf 84' lang='lat' dir='ltr'><strong>siam</strong></span> <span class='ocrx_word' id='word_1_437' title='bbox 2458 793 2565 832; x_wconf 94' lang='lat' dir='ltr'><strong>non</strong></span> <span class='ocrx_word' id='word_1_438' title='bbox 2595 777 2780 832; x_wconf 86' lang='lat' dir='ltr'><strong>audie-</strong></span> <span class='ocrx_word' id='word_1_439' title='bbox 3136 792 3321 843; x_wconf 89' lang='lat' dir='ltr'><strong>meus,</strong></span> <span class='ocrx_word' id='word_1_440' title='bbox 3352 778 3604 848; x_wconf 91' lang='lat' dir='ltr'><strong>quotiens</strong></span> 
     </span>
    </p>
   </div>
   <div class='ocr_carea' id='block_1_107' title="bbox 3135 848 3654 906">
    <p class='ocr_par' dir='ltr' id='par_1_107' title="bbox 3135 848 3654 906">
     <span class='ocr_line' id='line_1_107' title="bbox 3135 848 3654 906; baseline 0.004 -4"><span class='ocrx_word' id='word_1_441' title='bbox 3135 848 3345 903; x_wconf 89' lang='lat' dir='ltr'><strong>rcmitta</strong></span> <span class='ocrx_word' id='word_1_442' title='bbox 3355 865 3404 902; x_wconf 93' lang='lat' dir='ltr'><strong>m</strong></span> <span class='ocrx_word' id='word_1_443' title='bbox 3436 851 3485 906; x_wconf 88' lang='lat' dir='ltr'><strong>ei</strong></span> <span class='ocrx_word' id='word_1_444' title='bbox 3508 850 3533 903; x_wconf 89' lang='lat'><strong>?</strong></span> <span class='ocrx_word' id='word_1_445' title='bbox 3564 863 3654 904; x_wconf 85' lang='lat' dir='ltr'><strong>us-</strong></span> 
     </span>
    </p>
   </div>
   <div class='ocr_carea' id='block_1_108' title="bbox 3135 919 3510 989">
    <p class='ocr_par' dir='ltr' id='par_1_108' title="bbox 3135 919 3510 989">
     <span class='ocr_line' id='line_1_108' title="bbox 3135 919 3510 989; baseline 0.011 -18"><span class='ocrx_word' id='word_1_446' title='bbox 3135 935 3240 987; x_wconf 86' lang='lat' dir='ltr'><strong>que</strong></span> <span class='ocrx_word' id='word_1_447' title='bbox 3267 919 3510 989; x_wconf 85' lang='lat' dir='ltr'><strong>septies?</strong></span> 
     </span>
    </p>
   </div>
   <div class='ocr_carea' id='block_1_109' title="bbox 3134 991 3745 1051">
    <p class='ocr_par' dir='ltr' id='par_1_109' title="bbox 3134 991 3745 1051">
     <span class='ocr_line' id='line_1_109' title="bbox 3134 991 3745 1051; baseline 0.007 -8"><span class='ocrx_word' id='word_1_448' title='bbox 3134 991 3225 1044; x_wconf 83' lang='lat'><strong>22.</strong></span> <span class='ocrx_word' id='word_1_449' title='bbox 3271 992 3416 1047; x_wconf 90' lang='lat' dir='ltr'><strong>Dicit</strong></span> <span class='ocrx_word' id='word_1_450' title='bbox 3440 991 3515 1047; x_wconf 89' lang='lat' dir='ltr'><strong>illi</strong></span> <span class='ocrx_word' id='word_1_451' title='bbox 3545 992 3745 1051; x_wconf 82' lang='lat' dir='ltr'><strong>Jesus:</strong></span> 
     </span>
    </p>
   </div>
   <div class='ocr_carea' id='block_1_110' title="bbox 3136 1061 3533 1119">
    <p class='ocr_par' dir='ltr' id='par_1_110' title="bbox 3136 1061 3533 1119">
     <span class='ocr_line' id='line_1_110' title="bbox 3136 1061 3533 1119; baseline 0.01 -4"><span class='ocrx_word' id='word_1_452' title='bbox 3136 1061 3252 1117; x_wconf 86' lang='lat' dir='ltr'><strong>Non</strong></span> <span class='ocrx_word' id='word_1_453' title='bbox 3283 1062 3406 1118; x_wconf 91' lang='lat' dir='ltr'><strong>dico</strong></span> <span class='ocrx_word' id='word_1_454' title='bbox 3436 1064 3533 1119; x_wconf 89' lang='lat' dir='ltr'><strong>tibi</strong></span> 
     </span>
    </p>
   </div>
   <div class='ocr_carea' id='block_1_111' title="bbox 3137 1137 3565 1206">
    <p class='ocr_par' dir='ltr' id='par_1_111' title="bbox 3137 1137 3565 1206">
     <span class='ocr_line' id='line_1_111' title="bbox 3137 1137 3565 1206; baseline 0.012 -19"><span class='ocrx_word' id='word_1_455' title='bbox 3137 1150 3308 1206; x_wconf 88' lang='lat' dir='ltr'><strong>usque</strong></span> <span class='ocrx_word' id='word_1_456' title='bbox 3333 1137 3565 1206; x_wconf 85' lang='lat' dir='ltr'><strong>septies;</strong></span> 
     </span>
    </p>
   </div>
   <div class='ocr_carea' id='block_1_112' title="bbox 3134 1205 3675 1288">
    <p class='ocr_par' dir='ltr' id='par_1_112' title="bbox 3134 1205 3675 1288">
     <span class='ocr_line' id='line_1_112' title="bbox 3134 1205 3675 1288; baseline 0.013 -30"><span class='ocrx_word' id='word_1_457' title='bbox 3134 1205 3229 1288; x_wconf 80' lang='lat' dir='ltr'><strong>sed</strong></span> <span class='ocrx_word' id='word_1_458' title='bbox 3255 1205 3424 1278; x_wconf 88' lang='lat' dir='ltr'><strong>usque</strong></span> <span class='ocrx_word' id='word_1_459' title='bbox 3454 1218 3675 1288; x_wconf 76' lang='lat' dir='ltr'><strong>septua-</strong></span> 
     </span>
    </p>
   </div>
   <div class='ocr_carea' id='block_1_113' title="bbox 3135 1281 3583 1349">
    <p class='ocr_par' dir='ltr' id='par_1_113' title="bbox 3135 1281 3583 1349">
     <span class='ocr_line' id='line_1_113' title="bbox 3135 1281 3583 1349; baseline 0.004 -18"><span class='ocrx_word' id='word_1_460' title='bbox 3135 1281 3251 1349; x_wconf 88' lang='lat' dir='ltr'><strong>gies</strong></span> <span class='ocrx_word' id='word_1_461' title='bbox 3282 1288 3335 1332; x_wconf 90' lang='lat' dir='ltr'><strong>et</strong></span> <span class='ocrx_word' id='word_1_462' title='bbox 3362 1281 3583 1349; x_wconf 86' lang='lat' dir='ltr'><strong>septies.</strong></span> 
     </span>
    </p>
   </div>
   <div class='ocr_carea' id='block_1_114' title="bbox 3133 1348 3619 1407">
    <p class='ocr_par' dir='ltr' id='par_1_114' title="bbox 3133 1348 3619 1407">
     <span class='ocr_line' id='line_1_114' title="bbox 3133 1348 3619 1407; baseline 0.01 -6"><span class='ocrx_word' id='word_1_463' title='bbox 3133 1348 3223 1403; x_wconf 81' lang='grc'>25.</span> <span class='ocrx_word' id='word_1_464' title='bbox 3266 1349 3393 1405; x_wconf 86' lang='lat' dir='ltr'><strong>Ideo</strong></span> <span class='ocrx_word' id='word_1_465' title='bbox 3423 1348 3619 1407; x_wconf 71' lang='lat' dir='ltr'><strong>Similis</strong></span> 
     </span>
    </p>
   </div>
   <div class='ocr_carea' id='block_1_115' title="bbox 3134 1420 3577 1479">
    <p class='ocr_par' dir='ltr' id='par_1_115' title="bbox 3134 1420 3577 1479">
     <span class='ocr_line' id='line_1_115' title="bbox 3134 1420 3577 1479; baseline 0.014 -6"><span class='ocrx_word' id='word_1_466' title='bbox 3134 1430 3215 1474; x_wconf 92' lang='lat' dir='ltr'><strong>cst</strong></span> <span class='ocrx_word' id='word_1_467' title='bbox 3248 1420 3463 1477; x_wconf 79' lang='lat' dir='ltr'><strong>habitus</strong></span> <span class='ocrx_word' id='word_1_468' title='bbox 3492 1438 3577 1479; x_wconf 87' lang='lat' dir='ltr'><strong>re-</strong></span> 
     </span>
    </p>
   </div>
   <div class='ocr_carea' id='block_1_116' title="bbox 3134 1492 3523 1561">
    <p class='ocr_par' dir='ltr' id='par_1_116' title="bbox 3134 1492 3523 1561">
     <span class='ocr_line' id='line_1_116' title="bbox 3134 1492 3523 1561; baseline 0.01 -16"><span class='ocrx_word' id='word_1_469' title='bbox 3134 1492 3223 1561; x_wconf 87' lang='lat' dir='ltr'><strong>gni</strong></span> <span class='ocrx_word' id='word_1_470' title='bbox 3250 1493 3523 1549; x_wconf 89' lang='lat' dir='ltr'><strong>caelorum</strong></span> 
     </span>
    </p>
   </div>
   <div class='ocr_carea' id='block_1_117' title="bbox 3138 1564 3515 1636">
    <p class='ocr_par' dir='ltr' id='par_1_117' title="bbox 3138 1564 3515 1636">
     <span class='ocr_line' id='line_1_117' title="bbox 3138 1564 3515 1636; baseline 0.013 -21"><span class='ocrx_word' id='word_1_471' title='bbox 3138 1564 3339 1619; x_wconf 85' lang='lat' dir='ltr'><strong>homini</strong></span> <span class='ocrx_word' id='word_1_472' title='bbox 3368 1566 3515 1636; x_wconf 85' lang='lat' dir='ltr'><strong>regi,</strong></span> 
     </span>
    </p>
   </div>
   <div class='ocr_carea' id='block_1_118' title="bbox 3136 1636 3627 1705">
    <p class='ocr_par' dir='ltr' id='par_1_118' title="bbox 3136 1636 3627 1705">
     <span class='ocr_line' id='line_1_118' title="bbox 3136 1636 3627 1705; baseline 0.01 -16"><span class='ocrx_word' id='word_1_473' title='bbox 3136 1636 3222 1705; x_wconf 89' lang='lat' dir='ltr'><strong>qui</strong></span> <span class='ocrx_word' id='word_1_474' title='bbox 3254 1636 3426 1690; x_wconf 78' lang='lat' dir='ltr'><strong>Voluit</strong></span> <span class='ocrx_word' id='word_1_475' title='bbox 3454 1638 3627 1694; x_wconf 87' lang='lat' dir='ltr'><strong>ratio-</strong></span> 
     </span>
    </p>
   </div>
   <div class='ocr_carea' id='block_1_119' title="bbox 3135 1723 3645 1778">
    <p class='ocr_par' dir='ltr' id='par_1_119' title="bbox 3135 1723 3645 1778">
     <span class='ocr_line' id='line_1_119' title="bbox 3135 1723 3645 1778; baseline 0.01 -18"><span class='ocrx_word' id='word_1_476' title='bbox 3135 1723 3257 1761; x_wconf 87' lang='lat' dir='ltr'><strong>nem</strong></span> <span class='ocrx_word' id='word_1_477' title='bbox 3286 1723 3490 1778; x_wconf 89' lang='lat' dir='ltr'><strong>ponere</strong></span> <span class='ocrx_word' id='word_1_478' title='bbox 3515 1725 3645 1765; x_wconf 91' lang='lat' dir='ltr'><strong>cum</strong></span> 
     </span>
    </p>
   </div>
   <div class='ocr_carea' id='block_1_120' title="bbox 3134 1777 3705 1837">
    <p class='ocr_par' dir='ltr' id='par_1_120' title="bbox 3134 1777 3705 1837">
     <span class='ocr_line' id='line_1_120' title="bbox 3134 1777 3705 1837; baseline 0.011 -6"><span class='ocrx_word' id='word_1_479' title='bbox 3134 1777 3229 1835; x_wconf 70' lang='grc'>21.</span> <span class='ocrx_word' id='word_1_480' title='bbox 3271 1777 3444 1835; x_wconf 84' lang='lat' dir='ltr'><strong>servis</strong></span> <span class='ocrx_word' id='word_1_481' title='bbox 3464 1783 3600 1836; x_wconf 89' lang='lat' dir='ltr'><strong>suis.</strong></span> <span class='ocrx_word' id='word_1_482' title='bbox 3636 1782 3705 1837; x_wconf 85' lang='lat' dir='ltr'><strong>Et</strong></span> 
     </span>
    </p>
   </div>
   <div class='ocr_carea' id='block_1_121' title="bbox 3135 1854 3683 1922">
    <p class='ocr_par' dir='ltr' id='par_1_121' title="bbox 3135 1854 3683 1922">
     <span class='ocr_line' id='line_1_121' title="bbox 3135 1854 3683 1922; baseline 0.011 -18"><span class='ocrx_word' id='word_1_483' title='bbox 3135 1866 3257 1904; x_wconf 90' lang='lat' dir='ltr'><strong>cum</strong></span> <span class='ocrx_word' id='word_1_484' title='bbox 3287 1854 3563 1922; x_wconf 86' lang='lat' dir='ltr'><strong>coepisset</strong></span> <span class='ocrx_word' id='word_1_485' title='bbox 3592 1868 3683 1909; x_wconf 88' lang='lat' dir='ltr'><strong>ra-</strong></span> 
     </span>
    </p>
   </div>
   <div class='ocr_carea' id='block_1_122' title="bbox 3136 1922 3608 1994">
    <p class='ocr_par' dir='ltr' id='par_1_122' title="bbox 3136 1922 3608 1994">
     <span class='ocr_line' id='line_1_122' title="bbox 3136 1922 3608 1994; baseline 0.011 -18"><span class='ocrx_word' id='word_1_486' title='bbox 3136 1922 3338 1994; x_wconf 89' lang='lat' dir='ltr'><strong>tionem</strong></span> <span class='ocrx_word' id='word_1_487' title='bbox 3368 1938 3575 1994; x_wconf 91' lang='lat' dir='ltr'><strong>ponere</strong></span> <span class='ocrx_word' id='word_1_488' title='bbox 3590 1966 3608 1992; x_wconf 91' lang='lat'><strong>,</strong></span> 
     </span>
    </p>
   </div>
   <div class='ocr_carea' id='block_1_123' title="bbox 3135 1993 3523 2051">
    <p class='ocr_par' dir='ltr' id='par_1_123' title="bbox 3135 1993 3523 2051">
     <span class='ocr_line' id='line_1_123' title="bbox 3135 1993 3523 2051; baseline 0.003 -2"><span class='ocrx_word' id='word_1_489' title='bbox 3135 1993 3347 2050; x_wconf 89' lang='lat' dir='ltr'><strong>oblatus</strong></span> <span class='ocrx_word' id='word_1_490' title='bbox 3371 1993 3454 2051; x_wconf 84' lang='lat' dir='ltr'><strong>est</strong></span> <span class='ocrx_word' id='word_1_491' title='bbox 3474 1996 3523 2051; x_wconf 90' lang='lat' dir='ltr'><strong>ei</strong></span> 
     </span>
    </p>
   </div>
   <div class='ocr_carea' id='block_1_124' title="bbox 3134 2067 3599 2137">
    <p class='ocr_par' dir='ltr' id='par_1_124' title="bbox 3134 2067 3599 2137">
     <span class='ocr_line' id='line_1_124' title="bbox 3134 2067 3599 2137; baseline 0.011 -18"><span class='ocrx_word' id='word_1_492' title='bbox 3134 2080 3297 2133; x_wconf 89' lang='lat' dir='ltr'><strong>unus,</strong></span> <span class='ocrx_word' id='word_1_493' title='bbox 3326 2068 3414 2137; x_wconf 86' lang='lat' dir='ltr'><strong>qui</strong></span> <span class='ocrx_word' id='word_1_494' title='bbox 3441 2084 3469 2122; x_wconf 71' lang='grc' dir='ltr'><strong>κ</strong></span> <span class='ocrx_word' id='word_1_495' title='bbox 3500 2067 3599 2124; x_wconf 91' lang='lat' dir='ltr'><strong>de-</strong></span> 
     </span>
    </p>
   </div>
   <div class='ocr_carea' id='block_1_125' title="bbox 3135 2136 3574 2195">
    <p class='ocr_par' dir='ltr' id='par_1_125' title="bbox 3135 2136 3574 2195">
     <span class='ocr_line' id='line_1_125' title="bbox 3135 2136 3574 2195; baseline 0.011 -5"><span class='ocrx_word' id='word_1_496' title='bbox 3135 2136 3297 2191; x_wconf 85' lang='lat' dir='ltr'><strong>bebat</strong></span> <span class='ocrx_word' id='word_1_497' title='bbox 3320 2136 3466 2194; x_wconf 84' lang='lat' dir='ltr'><strong>milia</strong></span> <span class='ocrx_word' id='word_1_498' title='bbox 3494 2147 3574 2195; x_wconf 87' lang='lat' dir='ltr'><strong>ta—</strong></span> 
     </span>
    </p>
   </div>
   <div class='ocr_carea' id='block_1_126' title="bbox 3132 2208 3737 2267">
    <p class='ocr_par' dir='ltr' id='par_1_126' title="bbox 3132 2208 3737 2267">
     <span class='ocr_line' id='line_1_126' title="bbox 3132 2208 3737 2267; baseline 0.012 -6"><span class='ocrx_word' id='word_1_499' title='bbox 3132 2208 3225 2263; x_wconf 81' lang='lat'><strong>25.</strong></span> <span class='ocrx_word' id='word_1_500' title='bbox 3270 2210 3434 2266; x_wconf 85' lang='lat' dir='ltr'><strong>lenta.</strong></span> <span class='ocrx_word' id='word_1_501' title='bbox 3468 2212 3609 2267; x_wconf 83' lang='lat' dir='ltr'><strong>Cum</strong></span> <span class='ocrx_word' id='word_1_502' title='bbox 3642 2227 3737 2267; x_wconf 88' lang='lat' dir='ltr'><strong>au-</strong></span> 
     </span>
    </p>
   </div>
   <div class='ocr_carea' id='block_1_127' title="bbox 3138 2281 3651 2339">
    <p class='ocr_par' dir='ltr' id='par_1_127' title="bbox 3138 2281 3651 2339">
     <span class='ocr_line' id='line_1_127' title="bbox 3138 2281 3651 2339; baseline 0.008 -5"><span class='ocrx_word' id='word_1_503' title='bbox 3138 2289 3243 2335; x_wconf 90' lang='lat' dir='ltr'><strong>tem</strong></span> <span class='ocrx_word' id='word_1_504' title='bbox 3278 2298 3383 2337; x_wconf 91' lang='lat' dir='ltr'><strong>non</strong></span> <span class='ocrx_word' id='word_1_505' title='bbox 3414 2281 3651 2339; x_wconf 84' lang='lat' dir='ltr'><strong>haberet</strong></span> 
     </span>
    </p>
   </div>
   <div class='ocr_carea' id='block_1_128' title="bbox 3137 2352 3583 2420">
    <p class='ocr_par' dir='ltr' id='par_1_128' title="bbox 3137 2352 3583 2420">
     <span class='ocr_line' id='line_1_128' title="bbox 3137 2352 3583 2420; baseline 0.004 -15"><span class='ocrx_word' id='word_1_506' title='bbox 3137 2352 3278 2407; x_wconf 87' lang='lat' dir='ltr'><strong>unde</strong></span> <span class='ocrx_word' id='word_1_507' title='bbox 3306 2353 3583 2420; x_wconf 90' lang='lat' dir='ltr'><strong>redderet,</strong></span> 
     </span>
    </p>
   </div>
   <div class='ocr_carea' id='block_1_129' title="bbox 3129 2423 3559 2493">
    <p class='ocr_par' dir='ltr' id='par_1_129' title="bbox 3129 2423 3559 2493">
     <span class='ocr_line' id='line_1_129' title="bbox 3129 2423 3559 2493; baseline 0.012 -17"><span class='ocrx_word' id='word_1_508' title='bbox 3129 2423 3293 2493; x_wconf 87' lang='lat' dir='ltr'><strong>jussit</strong></span> <span class='ocrx_word' id='word_1_509' title='bbox 3314 2441 3437 2481; x_wconf 93' lang='lat' dir='ltr'><strong>eum</strong></span> <span class='ocrx_word' id='word_1_510' title='bbox 3459 2424 3559 2481; x_wconf 88' lang='lat' dir='ltr'><strong>do-</strong></span> 
     </span>
    </p>
   </div>
   <div class='ocr_carea' id='block_1_130' title="bbox 3137 2496 3537 2567">
    <p class='ocr_par' dir='ltr' id='par_1_130' title="bbox 3137 2496 3537 2567">
     <span class='ocr_line' id='line_1_130' title="bbox 3137 2496 3537 2567; baseline 0.008 -18"><span class='ocrx_word' id='word_1_511' title='bbox 3137 2496 3317 2552; x_wconf 89' lang='lat' dir='ltr'><strong>minus</strong></span> <span class='ocrx_word' id='word_1_512' title='bbox 3340 2500 3458 2567; x_wconf 89' lang='lat' dir='ltr'><strong>ejus</strong></span> <span class='ocrx_word' id='word_1_513' title='bbox 3520 2526 3537 2563; x_wconf 51' lang='grc' dir='ltr'>ξ</span> 
     </span>
    </p>
   </div>
   <div class='ocr_carea' id='block_1_131' title="bbox 3136 2568 3490 2636">
    <p class='ocr_par' dir='ltr' id='par_1_131' title="bbox 3136 2568 3490 2636">
     <span class='ocr_line' id='line_1_131' title="bbox 3136 2568 3490 2636; baseline 0.008 -15"><span class='ocrx_word' id='word_1_514' title='bbox 3136 2568 3452 2625; x_wconf 86' lang='lat' dir='ltr'><strong>venumdari</strong></span> <span class='ocrx_word' id='word_1_515' title='bbox 3474 2608 3490 2636; x_wconf 95' lang='lat'><strong>,</strong></span> 
     </span>
    </p>
   </div>
   <div class='ocr_carea' id='block_1_132' title="bbox 3134 2648 3441 2696">
    <p class='ocr_par' dir='ltr' id='par_1_132' title="bbox 3134 2648 3441 2696">
     <span class='ocr_line' id='line_1_132' title="bbox 3134 2648 3441 2696; baseline -0.007 -1"><span class='ocrx_word' id='word_1_516' title='bbox 3134 2648 3190 2695; x_wconf 90' lang='lat' dir='ltr'><strong>et</strong></span> <span class='ocrx_word' id='word_1_517' title='bbox 3215 2656 3441 2696; x_wconf 84' lang='lat' dir='ltr'><strong>uxorem</strong></span> 
     </span>
    </p>
   </div>
   <div class='ocr_carea' id='block_1_133' title="bbox 3132 2712 3534 2780">
    <p class='ocr_par' dir='ltr' id='par_1_133' title="bbox 3132 2712 3534 2780">
     <span class='ocr_line' id='line_1_133' title="bbox 3132 2712 3534 2780; baseline 0.002 -14"><span class='ocrx_word' id='word_1_518' title='bbox 3132 2712 3270 2780; x_wconf 90' lang='lat' dir='ltr'><strong>ejus,</strong></span> <span class='ocrx_word' id='word_1_519' title='bbox 3297 2722 3353 2768; x_wconf 89' lang='lat' dir='ltr'><strong>et</strong></span> <span class='ocrx_word' id='word_1_520' title='bbox 3372 2712 3534 2776; x_wconf 81' lang='lat' dir='ltr'><strong>ﬁlios,</strong></span> 
     </span>
    </p>
   </div>
   <div class='ocr_carea' id='block_1_134' title="bbox 3090 2784 3558 2854">
    <p class='ocr_par' dir='ltr' id='par_1_134' title="bbox 3090 2784 3558 2854">
     <span class='ocr_line' id='line_1_134' title="bbox 3090 2784 3558 2854; baseline 0.004 -18"><span class='ocrx_word' id='word_1_521' title='bbox 3090 2814 3097 2820; x_wconf 69' lang='grc' dir='ltr'><strong><em>ο</em></strong></span> <span class='ocrx_word' id='word_1_522' title='bbox 3132 2794 3187 2854; x_wconf 84' lang='lat' dir='ltr'><strong>et</strong></span> <span class='ocrx_word' id='word_1_523' title='bbox 3211 2784 3389 2838; x_wconf 89' lang='lat' dir='ltr'><strong>omnia</strong></span> <span class='ocrx_word' id='word_1_524' title='bbox 3420 2798 3558 2854; x_wconf 85' lang='lat' dir='ltr'><strong>quae</strong></span> 
     </span>
    </p>
   </div>
   <div class='ocr_carea' id='block_1_135' title="bbox 3138 2853 3472 2920">
    <p class='ocr_par' dir='ltr' id='par_1_135' title="bbox 3138 2853 3472 2920">
     <span class='ocr_line' id='line_1_135' title="bbox 3138 2853 3472 2920; baseline 0.009 -13"><span class='ocrx_word' id='word_1_525' title='bbox 3138 2853 3394 2920; x_wconf 89' lang='lat' dir='ltr'><strong>habebat,</strong></span> <span class='ocrx_word' id='word_1_526' title='bbox 3417 2853 3472 2910; x_wconf 90' lang='lat' dir='ltr'><strong>et</strong></span> 
     </span>
    </p>
   </div>
   <div class='ocr_carea' id='block_1_136' title="bbox 3137 2925 3587 2982">
    <p class='ocr_par' dir='ltr' id='par_1_136' title="bbox 3137 2925 3587 2982">
     <span class='ocr_line' id='line_1_136' title="bbox 3137 2925 3587 2982; baseline 0.004 -4"><span class='ocrx_word' id='word_1_527' title='bbox 3137 2925 3288 2980; x_wconf 86' lang='lat' dir='ltr'><strong>reddi</strong></span> <span class='ocrx_word' id='word_1_528' title='bbox 3320 2926 3587 2982; x_wconf 91' lang='lat' dir='ltr'><strong>debitum.</strong></span> 
     </span>
    </p>
   </div>
   <div class='ocr_carea' id='block_1_137' title="bbox 3135 2994 3569 3055">
    <p class='ocr_par' dir='ltr' id='par_1_137' title="bbox 3135 2994 3569 3055">
     <span class='ocr_line' id='line_1_137' title="bbox 3135 2994 3569 3055; baseline 0.014 -6"><span class='ocrx_word' id='word_1_529' title='bbox 3135 2994 3226 3052; x_wconf 85' lang='lat'><strong>26.</strong></span> <span class='ocrx_word' id='word_1_530' title='bbox 3270 2997 3569 3055; x_wconf 87' lang='lat' dir='ltr'><strong>Procidens</strong></span> 
     </span>
    </p>
   </div>
   <div class='ocr_carea' id='block_1_138' title="bbox 2762 3130 3432 3193">
    <p class='ocr_par' dir='ltr' id='par_1_138' title="bbox 2762 3130 3432 3193">
     <span class='ocr_line' id='line_1_138' title="bbox 2762 3130 3432 3193; baseline 0.009 -6"><span class='ocrx_word' id='word_1_531' title='bbox 2762 3130 2992 3187; x_wconf 78' lang='lat' dir='ltr'><strong>CODEX</strong></span> <span class='ocrx_word' id='word_1_532' title='bbox 3032 3132 3432 3193; x_wconf 82' lang='lat' dir='ltr'><strong>BRIXIANUS.</strong></span> 
     </span>
    </p>
   </div>
   <div class='ocr_carea' id='block_1_139' title="bbox 2297 3223 3906 3291">
    <p class='ocr_par' dir='ltr' id='par_1_139' title="bbox 2297 3223 3906 3291">
     <span class='ocr_line' id='line_1_139' title="bbox 2297 3223 3906 3291; baseline 0.009 -15"><span class='ocrx_word' id='word_1_533' title='bbox 2297 3236 2364 3277; x_wconf 91' lang='lat' dir='ltr'><strong>nc</strong></span> <span class='ocrx_word' id='word_1_534' title='bbox 2390 3223 2637 3277; x_wconf 85' lang='lat' dir='ltr'><strong>verbum.</strong></span> <span class='ocrx_word' id='word_1_535' title='bbox 2672 3223 2827 3291; x_wconf 84' lang='lat' dir='ltr'><strong>Quod</strong></span> <span class='ocrx_word' id='word_1_536' title='bbox 2877 3227 2922 3279; x_wconf 91' lang='lat' dir='ltr'><strong>si</strong></span> <span class='ocrx_word' id='word_1_537' title='bbox 2957 3242 3062 3281; x_wconf 91' lang='lat' dir='ltr'><strong>non</strong></span> <span class='ocrx_word' id='word_1_538' title='bbox 3095 3228 3326 3284; x_wconf 88' lang='lat' dir='ltr'><strong>audierit</strong></span> <span class='ocrx_word' id='word_1_539' title='bbox 3359 3245 3454 3285; x_wconf 80' lang='lat' dir='ltr'><strong>eos</strong></span> <span class='ocrx_word' id='word_1_540' title='bbox 3486 3230 3581 3287; x_wconf 86' lang='lat' dir='ltr'><strong>dic</strong></span> <span class='ocrx_word' id='word_1_541' title='bbox 3616 3234 3906 3291; x_wconf 85' lang='lat' dir='ltr'><strong>ecclesiae.</strong></span> 
     </span>
    </p>
   </div>
   <div class='ocr_carea' id='block_1_140' title="bbox 2296 3294 3913 3361">
    <p class='ocr_par' dir='ltr' id='par_1_140' title="bbox 2296 3294 3913 3361">
     <span class='ocr_line' id='line_1_140' title="bbox 2296 3294 3913 3361; baseline 0.007 -14"><span class='ocrx_word' id='word_1_542' title='bbox 2296 3294 2351 3347; x_wconf 88' lang='lat' dir='ltr'><strong>Si</strong></span> <span class='ocrx_word' id='word_1_543' title='bbox 2382 3306 2561 3350; x_wconf 89' lang='lat' dir='ltr'><strong>autem</strong></span> <span class='ocrx_word' id='word_1_544' title='bbox 2592 3298 2876 3351; x_wconf 86' lang='lat' dir='ltr'><strong>ecetesiam</strong></span> <span class='ocrx_word' id='word_1_545' title='bbox 2907 3313 3014 3352; x_wconf 94' lang='lat' dir='ltr'><strong>non</strong></span> <span class='ocrx_word' id='word_1_546' title='bbox 3042 3300 3293 3355; x_wconf 87' lang='lat' dir='ltr'><strong>audierit.</strong></span> <span class='ocrx_word' id='word_1_547' title='bbox 3321 3301 3390 3356; x_wconf 90' lang='lat' dir='ltr'><strong>sit</strong></span> <span class='ocrx_word' id='word_1_548' title='bbox 3424 3302 3518 3357; x_wconf 94' lang='lat' dir='ltr'><strong>tibi</strong></span> <span class='ocrx_word' id='word_1_549' title='bbox 3547 3306 3706 3361; x_wconf 88' lang='lat' dir='ltr'><strong>sicut</strong></span> <span class='ocrx_word' id='word_1_550' title='bbox 3737 3307 3913 3361; x_wconf 88' lang='lat' dir='ltr'><strong>etbui-</strong></span> 
     </span>
    </p>
   </div>
   <div class='ocr_carea' id='block_1_141' title="bbox 2299 3367 3913 3448">
    <p class='ocr_par' dir='ltr' id='par_1_141' title="bbox 2299 3367 3913 3448">
     <span class='ocr_line' id='line_1_141' title="bbox 2299 3367 3913 3448; baseline 0.01 -31"><span class='ocrx_word' id='word_1_551' title='bbox 2299 3379 2397 3448; x_wconf 65' lang='lat' dir='ltr'><strong>cus</strong></span> <span class='ocrx_word' id='word_1_552' title='bbox 2423 3377 2476 3420; x_wconf 92' lang='lat' dir='ltr'><strong>et</strong></span> <span class='ocrx_word' id='word_1_553' title='bbox 2509 3367 2845 3448; x_wconf 21' lang='lat' dir='ltr'><strong>“publicanus.</strong></span> <span class='ocrx_word' id='word_1_554' title='bbox 2879 3373 3053 3425; x_wconf 85' lang='lat' dir='ltr'><strong>Amen</strong></span> <span class='ocrx_word' id='word_1_555' title='bbox 3110 3371 3233 3426; x_wconf 89' lang='lat' dir='ltr'><strong>dico</strong></span> <span class='ocrx_word' id='word_1_556' title='bbox 3265 3373 3458 3448; x_wconf 26' lang='lat' dir='ltr'><strong>‘vobis.</strong></span> <span class='ocrx_word' id='word_1_557' title='bbox 3517 3391 3913 3448; x_wconf 86' lang='lat' dir='ltr'><strong>quaecumque</strong></span> 
     </span>
    </p>
   </div>
   <div class='ocr_carea' id='block_1_142' title="bbox 2301 3437 3918 3515">
    <p class='ocr_par' dir='ltr' id='par_1_142' title="bbox 2301 3437 3918 3515">
     <span class='ocr_line' id='line_1_142' title="bbox 2301 3437 3918 3515; baseline 0.007 -24"><span class='ocrx_word' id='word_1_558' title='bbox 2301 3437 2598 3506; x_wconf 87' lang='lat' dir='ltr'><strong>iigaveritis</strong></span> <span class='ocrx_word' id='word_1_559' title='bbox 2626 3448 3037 3515; x_wconf 80' lang='lat' dir='ltr'><strong>superterram.</strong></span> <span class='ocrx_word' id='word_1_560' title='bbox 3074 3456 3233 3497; x_wconf 83' lang='lat' dir='ltr'><strong>erunt</strong></span> <span class='ocrx_word' id='word_1_561' title='bbox 3264 3444 3425 3515; x_wconf 90' lang='lat' dir='ltr'><strong>ligata</strong></span> <span class='ocrx_word' id='word_1_562' title='bbox 3457 3455 3510 3500; x_wconf 89' lang='lat' dir='ltr'><strong>et</strong></span> <span class='ocrx_word' id='word_1_563' title='bbox 3538 3437 3603 3502; x_wconf 84' lang='lat' dir='ltr'><strong>in</strong></span> <span class='ocrx_word' id='word_1_564' title='bbox 3632 3437 3844 3505; x_wconf 45' lang='lat' dir='ltr'><strong>caelis:</strong></span> <span class='ocrx_word' id='word_1_565' title='bbox 3865 3458 3918 3504; x_wconf 88' lang='lat' dir='ltr'><strong>et</strong></span> 
     </span>
    </p>
   </div>
   <div class='ocr_carea' id='block_1_143' title="bbox 2305 3512 3918 3633">
    <p class='ocr_par' dir='ltr' id='par_1_143' title="bbox 2305 3512 3918 3633">
     <span class='ocr_line' id='line_1_143' title="bbox 2305 3512 3918 3633; baseline 0.009 -72"><span class='ocrx_word' id='word_1_566' title='bbox 2305 3524 2677 3633; x_wconf 71' lang='lat' dir='ltr'><strong>quaeetltmque</strong></span> <span class='ocrx_word' id='word_1_567' title='bbox 2725 3512 2996 3568; x_wconf 85' lang='lat' dir='ltr'><strong>solveritis</strong></span> <span class='ocrx_word' id='word_1_568' title='bbox 3033 3531 3197 3587; x_wconf 86' lang='lat' dir='ltr'><strong>super</strong></span> <span class='ocrx_word' id='word_1_569' title='bbox 3231 3512 3429 3571; x_wconf 75' lang='lat' dir='ltr'><strong>terram</strong></span> <span class='ocrx_word' id='word_1_570' title='bbox 3454 3531 3627 3575; x_wconf 89' lang='lat' dir='ltr'><strong>erunt</strong></span> <span class='ocrx_word' id='word_1_571' title='bbox 3658 3522 3844 3576; x_wconf 88' lang='lat' dir='ltr'><strong>soluta</strong></span> <span class='ocrx_word' id='word_1_572' title='bbox 3868 3531 3918 3576; x_wconf 88' lang='lat' dir='ltr'><strong>et</strong></span> 
     </span>
     <span class='ocr_line' id='line_1_144' title="bbox 2305 3594 2581 3633; baseline 0 0"><span class='ocrx_word' id='word_1_573' title='bbox 2305 3596 2360 3633; x_wconf 89' lang='grc' dir='ltr'><strong>ιιι</strong></span> <span class='ocrx_word' id='word_1_574' title='bbox 2391 3594 2486 3633; x_wconf 87' lang='lat' dir='ltr'><strong>cae</strong></span> <span class='ocrx_word' id='word_1_575' title='bbox 2516 3598 2581 3633; x_wconf 86' lang='lat' dir='ltr'><strong>IS.</strong></span> 
     </span>
    </p>
   </div>
   <div class='ocr_carea' id='block_1_144' title="bbox 2304 3594 2581 3635">
    <p class='ocr_par' dir='ltr' id='par_1_144' title="bbox 2304 3594 2581 3635">
     <span class='ocr_line' id='line_1_145' title="bbox 2304 3594 2581 3635; baseline 0.007 -2"><span class='ocrx_word' id='word_1_576' title='bbox 2304 3596 2360 3634; x_wconf 88' lang='grc'><strong>111</strong></span> <span class='ocrx_word' id='word_1_577' title='bbox 2391 3594 2581 3635; x_wconf 78' lang='lat' dir='ltr'><strong>caelis.</strong></span> 
     </span>
    </p>
   </div>
   <div class='ocr_carea' id='block_1_145' title="bbox 2375 3648 3922 3734">
    <p class='ocr_par' dir='ltr' id='par_1_145' title="bbox 2375 3648 3922 3734">
     <span class='ocr_line' id='line_1_146' title="bbox 2375 3648 3922 3734; baseline 0.008 -29"><span class='ocrx_word' id='word_1_578' title='bbox 2375 3648 2575 3734; x_wconf 67' lang='lat' dir='ltr'><strong>iterum</strong></span> <span class='ocrx_word' id='word_1_579' title='bbox 2606 3652 2683 3725; x_wconf 90' lang='lat' dir='ltr'><strong>(a)</strong></span> <span class='ocrx_word' id='word_1_580' title='bbox 2716 3670 2872 3734; x_wconf 83' lang='lat' dir='ltr'><strong>amen</strong></span> <span class='ocrx_word' id='word_1_581' title='bbox 2905 3655 2946 3728; x_wconf 55' lang='grc' dir='ltr'><strong>’ἲ</strong></span> <span class='ocrx_word' id='word_1_582' title='bbox 2977 3656 3099 3713; x_wconf 86' lang='lat' dir='ltr'><strong>dico</strong></span> <span class='ocrx_word' id='word_1_583' title='bbox 3134 3659 3303 3734; x_wconf 80' lang='lat' dir='ltr'><strong>vobis</strong></span> <span class='ocrx_word' id='word_1_584' title='bbox 3325 3662 3447 3732; x_wconf 85' lang='lat' dir='ltr'><strong>quia</strong></span> <span class='ocrx_word' id='word_1_585' title='bbox 3486 3663 3533 3717; x_wconf 91' lang='lat' dir='ltr'><strong>si</strong></span> <span class='ocrx_word' id='word_1_586' title='bbox 3590 3664 3821 3721; x_wconf 77' lang='lat' dir='ltr'><strong>duobus</strong></span> <span class='ocrx_word' id='word_1_587' title='bbox 3858 3681 3922 3719; x_wconf 79' lang='lat' dir='ltr'><strong>cx</strong></span> 
     </span>
    </p>
   </div>
   <div class='ocr_carea' id='block_1_146' title="bbox 2302 3723 3923 3808">
    <p class='ocr_par' dir='ltr' id='par_1_146' title="bbox 2302 3723 3923 3808">
     <span class='ocr_line' id='line_1_147' title="bbox 2302 3723 3923 3808; baseline 0.009 -35"><span class='ocrx_word' id='word_1_588' title='bbox 2302 3723 2455 3776; x_wconf 90' lang='lat' dir='ltr'><strong>vobis</strong></span> <span class='ocrx_word' id='word_1_589' title='bbox 2478 3723 2793 3808; x_wconf 62' lang='lat' dir='ltr'><strong>convenerit</strong></span> <span class='ocrx_word' id='word_1_590' title='bbox 2823 3723 2985 3808; x_wconf 67' lang='lat' dir='ltr'><strong>super</strong></span> <span class='ocrx_word' id='word_1_591' title='bbox 3020 3741 3239 3808; x_wconf 71' lang='lat' dir='ltr'><strong>terram.</strong></span> <span class='ocrx_word' id='word_1_592' title='bbox 3273 3723 3510 3787; x_wconf 55' lang='lat' dir='ltr'><strong>de&#39;omni</strong></span> <span class='ocrx_word' id='word_1_593' title='bbox 3562 3752 3628 3790; x_wconf 88' lang='lat' dir='ltr'><strong>re</strong></span> <span class='ocrx_word' id='word_1_594' title='bbox 3657 3753 3923 3808; x_wconf 58' lang='lat' dir='ltr'><strong>quacum-</strong></span> 
     </span>
    </p>
   </div>
   <div class='ocr_carea' id='block_1_147' title="bbox 2300 3797 3925 3877">
    <p class='ocr_par' dir='ltr' id='par_1_147' title="bbox 2300 3797 3925 3877">
     <span class='ocr_line' id='line_1_148' title="bbox 2300 3797 3925 3877; baseline 0.009 -30"><span class='ocrx_word' id='word_1_595' title='bbox 2300 3810 2407 3877; x_wconf 69' lang='lat' dir='ltr'><strong>que</strong></span> <span class='ocrx_word' id='word_1_596' title='bbox 2432 3797 2704 3877; x_wconf 73' lang='lat' dir='ltr'><strong>petierint.</strong></span> <span class='ocrx_word' id='word_1_597' title='bbox 2738 3799 2828 3877; x_wconf 80' lang='lat' dir='ltr'><strong>lict</strong></span> <span class='ocrx_word' id='word_1_598' title='bbox 2858 3797 2964 3855; x_wconf 84' lang='lat' dir='ltr'><strong>illis</strong></span> <span class='ocrx_word' id='word_1_599' title='bbox 2989 3818 3026 3877; x_wconf 90' lang='lat' dir='ltr'><strong>a_</strong></span> <span class='ocrx_word' id='word_1_600' title='bbox 3048 3802 3206 3857; x_wconf 86' lang='lat' dir='ltr'><strong>Patre</strong></span> <span class='ocrx_word' id='word_1_601' title='bbox 3240 3819 3362 3859; x_wconf 90' lang='lat' dir='ltr'><strong>meo</strong></span> <span class='ocrx_word' id='word_1_602' title='bbox 3392 3806 3479 3874; x_wconf 89' lang='lat' dir='ltr'><strong>qui</strong></span> <span class='ocrx_word' id='word_1_603' title='bbox 3511 3807 3571 3860; x_wconf 88' lang='lat' dir='ltr'><strong>in</strong></span> <span class='ocrx_word' id='word_1_604' title='bbox 3606 3797 3793 3864; x_wconf 70' lang='lat' dir='ltr'><strong>caelis</strong></span> <span class='ocrx_word' id='word_1_605' title='bbox 3823 3819 3925 3863; x_wconf 90' lang='lat' dir='ltr'><strong>est.</strong></span> 
     </span>
    </p>
   </div>
   <div class='ocr_carea' id='block_1_148' title="bbox 2307 3868 3927 3946">
    <p class='ocr_par' dir='ltr' id='par_1_148' title="bbox 2307 3868 3927 3946">
     <span class='ocr_line' id='line_1_149' title="bbox 2307 3868 3927 3946; baseline 0.009 -26"><span class='ocrx_word' id='word_1_606' title='bbox 2307 3868 2406 3920; x_wconf 92' lang='lat' dir='ltr'><strong>Ubi</strong></span> <span class='ocrx_word' id='word_1_607' title='bbox 2434 3868 2748 3946; x_wconf 66' lang='lat' dir='ltr'><strong>enimsunt</strong></span> <span class='ocrx_word' id='word_1_608' title='bbox 2794 3871 2900 3946; x_wconf 84' lang='lat' dir='ltr'><strong>duo</strong></span> <span class='ocrx_word' id='word_1_609' title='bbox 2946 3873 3031 3946; x_wconf 78' lang='lat' dir='ltr'><strong>vel</strong></span> <span class='ocrx_word' id='word_1_610' title='bbox 3071 3885 3204 3928; x_wconf 89' lang='lat' dir='ltr'><strong>tres.</strong></span> <span class='ocrx_word' id='word_1_611' title='bbox 3241 3868 3555 3946; x_wconf 75' lang='lat' dir='ltr'><strong>congregati</strong></span> <span class='ocrx_word' id='word_1_612' title='bbox 3593 3880 3654 3933; x_wconf 92' lang='lat' dir='ltr'><strong>in</strong></span> <span class='ocrx_word' id='word_1_613' title='bbox 3703 3882 3927 3934; x_wconf 82' lang='lat' dir='ltr'><strong>muniue</strong></span> 
     </span>
    </p>
   </div>
   <div class='ocr_carea' id='block_1_149' title="bbox 2302 3939 3929 4012">
    <p class='ocr_par' dir='ltr' id='par_1_149' title="bbox 2302 3939 3929 4012">
     <span class='ocr_line' id='line_1_150' title="bbox 2302 3939 3929 4012; baseline 0.009 -21"><span class='ocrx_word' id='word_1_614' title='bbox 2302 3939 2557 4012; x_wconf 85' lang='lat' dir='ltr'><strong>meo._ibi</strong></span> <span class='ocrx_word' id='word_1_615' title='bbox 2588 3942 2619 3981; x_wconf 68' lang='grc' dir='ltr'><strong>ι)</strong></span> <span class='ocrx_word' id='word_1_616' title='bbox 2652 3956 2771 4012; x_wconf 86' lang='lat' dir='ltr'><strong>sym</strong></span> <span class='ocrx_word' id='word_1_617' title='bbox 2805 3943 2856 3995; x_wconf 92' lang='lat' dir='ltr'><strong>in</strong></span> <span class='ocrx_word' id='word_1_618' title='bbox 2890 3944 3069 3997; x_wconf 90' lang='lat' dir='ltr'><strong>medio</strong></span> <span class='ocrx_word' id='word_1_619' title='bbox 3109 3960 3319 3999; x_wconf 84' lang='lat' dir='ltr'><strong>eorum.</strong></span> <span class='ocrx_word' id='word_1_620' title='bbox 3350 3939 3513 4002; x_wconf 65' lang='grc' dir='ltr'><strong>’Τιιῖιο</strong></span> <span class='ocrx_word' id='word_1_621' title='bbox 3564 3953 3821 4007; x_wconf 81' lang='lat' dir='ltr'><strong>accessit</strong></span> <span class='ocrx_word' id='word_1_622' title='bbox 3863 3950 3929 4005; x_wconf 85' lang='lat' dir='ltr'><strong>ad</strong></span> 
     </span>
    </p>
   </div>
   <div class='ocr_carea' id='block_1_150' title="bbox 2301 4010 3931 4086">
    <p class='ocr_par' dir='ltr' id='par_1_150' title="bbox 2301 4010 3931 4086">
     <span class='ocr_line' id='line_1_151' title="bbox 2301 4010 3931 4086; baseline 0.011 -26"><span class='ocrx_word' id='word_1_623' title='bbox 2301 4026 2425 4086; x_wconf 71' lang='lat' dir='ltr'><strong>eum</strong></span> <span class='ocrx_word' id='word_1_624' title='bbox 2454 4010 2646 4065; x_wconf 91' lang='lat' dir='ltr'><strong>Petrus</strong></span> <span class='ocrx_word' id='word_1_625' title='bbox 2681 4010 2735 4068; x_wconf 83' lang='lat' dir='ltr'><strong>et</strong></span> <span class='ocrx_word' id='word_1_626' title='bbox 2764 4013 2897 4069; x_wconf 80' lang='lat' dir='ltr'><strong>dixit</strong></span> <span class='ocrx_word' id='word_1_627' title='bbox 2925 4017 2994 4069; x_wconf 88' lang='lat' dir='ltr'><strong>ei.</strong></span> <span class='ocrx_word' id='word_1_628' title='bbox 3026 4016 3250 4073; x_wconf 90' lang='lat' dir='ltr'><strong>Domine</strong></span> <span class='ocrx_word' id='word_1_629' title='bbox 3280 4020 3323 4071; x_wconf 92' lang='lat' dir='ltr'><strong>si</strong></span> <span class='ocrx_word' id='word_1_630' title='bbox 3371 4026 3702 4086; x_wconf 80' lang='lat' dir='ltr'><strong>peccaverit</strong></span> <span class='ocrx_word' id='word_1_631' title='bbox 3752 4027 3807 4079; x_wconf 92' lang='lat' dir='ltr'><strong>in</strong></span> <span class='ocrx_word' id='word_1_632' title='bbox 3842 4039 3931 4078; x_wconf 92' lang='lat' dir='ltr'><strong>mc</strong></span> 
     </span>
    </p>
   </div>
   <div class='ocr_carea' id='block_1_151' title="bbox 2300 4080 3929 4165">
    <p class='ocr_par' dir='ltr' id='par_1_151' title="bbox 2300 4080 3929 4165">
     <span class='ocr_line' id='line_1_152' title="bbox 2300 4080 3929 4165; baseline 0.008 -31"><span class='ocrx_word' id='word_1_633' title='bbox 2300 4080 2678 4165; x_wconf 39' lang='lat' dir='ltr'><strong>gate-raucus.</strong></span> <span class='ocrx_word' id='word_1_634' title='bbox 2726 4086 2979 4165; x_wconf 65' lang='lat' dir='ltr'><strong>quotiens</strong></span> <span class='ocrx_word' id='word_1_635' title='bbox 3008 4087 3294 4165; x_wconf 63' lang='lat' dir='ltr'><strong>dimittam</strong></span> <span class='ocrx_word' id='word_1_636' title='bbox 3340 4080 3412 4146; x_wconf 86' lang='lat' dir='ltr'><strong>ei.</strong></span> <span class='ocrx_word' id='word_1_637' title='bbox 3448 4106 3638 4163; x_wconf 75' lang='lat' dir='ltr'><strong>usque</strong></span> <span class='ocrx_word' id='word_1_638' title='bbox 3693 4096 3929 4165; x_wconf 76' lang='lat' dir='ltr'><strong>Septies.</strong></span> 
     </span>
    </p>
   </div>
   <div class='ocr_carea' id='block_1_152' title="bbox 2304 4152 3936 4233">
    <p class='ocr_par' dir='ltr' id='par_1_152' title="bbox 2304 4152 3936 4233">
     <span class='ocr_line' id='line_1_153' title="bbox 2304 4152 3936 4233; baseline 0.01 -28"><span class='ocrx_word' id='word_1_639' title='bbox 2304 4152 2441 4206; x_wconf 90' lang='lat' dir='ltr'><strong>Dicit</strong></span> <span class='ocrx_word' id='word_1_640' title='bbox 2473 4154 2549 4207; x_wconf 92' lang='lat' dir='ltr'><strong>illi</strong></span> <span class='ocrx_word' id='word_1_641' title='bbox 2599 4152 2783 4233; x_wconf 70' lang='lat' dir='ltr'><strong>Iesus.</strong></span> <span class='ocrx_word' id='word_1_642' title='bbox 2827 4156 3119 4233; x_wconf 78' lang='lat' dir='ltr'><strong>Nou_dico</strong></span> <span class='ocrx_word' id='word_1_643' title='bbox 3159 4160 3254 4214; x_wconf 83' lang='lat' dir='ltr'><strong>tibi</strong></span> <span class='ocrx_word' id='word_1_644' title='bbox 3307 4177 3481 4233; x_wconf 85' lang='lat' dir='ltr'><strong>usque</strong></span> <span class='ocrx_word' id='word_1_645' title='bbox 3523 4152 3781 4233; x_wconf 58' lang='lat' dir='ltr'><strong>septies:</strong></span> <span class='ocrx_word' id='word_1_646' title='bbox 3838 4167 3936 4222; x_wconf 86' lang='lat' dir='ltr'><strong>sed</strong></span> 
     </span>
    </p>
   </div>
   <div class='ocr_carea' id='block_1_153' title="bbox 2299 4228 3938 4302">
    <p class='ocr_par' dir='ltr' id='par_1_153' title="bbox 2299 4228 3938 4302">
     <span class='ocr_line' id='line_1_154' title="bbox 2299 4228 3938 4302; baseline 0.009 -25"><span class='ocrx_word' id='word_1_647' title='bbox 2299 4238 2469 4294; x_wconf 91' lang='lat' dir='ltr'><strong>usque</strong></span> <span class='ocrx_word' id='word_1_648' title='bbox 2498 4228 2808 4302; x_wconf 76' lang='lat' dir='ltr'><strong>septuagies</strong></span> <span class='ocrx_word' id='word_1_649' title='bbox 2840 4229 3066 4300; x_wconf 89' lang='lat' dir='ltr'><strong>septies.</strong></span> <span class='ocrx_word' id='word_1_650' title='bbox 3096 4228 3827 4302; x_wconf 56' lang='lat' dir='ltr'><strong>Propterca&#39;adsimilatum</strong></span> <span class='ocrx_word' id='word_1_651' title='bbox 3853 4248 3938 4293; x_wconf 89' lang='lat' dir='ltr'><strong>est</strong></span> 
     </span>
    </p>
   </div>
   <div class='ocr_carea' id='block_1_154' title="bbox 2302 4298 3934 4373">
    <p class='ocr_par' dir='ltr' id='par_1_154' title="bbox 2302 4298 3934 4373">
     <span class='ocr_line' id='line_1_155' title="bbox 2302 4298 3934 4373; baseline 0.009 -24"><span class='ocrx_word' id='word_1_652' title='bbox 2302 4311 2527 4373; x_wconf 69' lang='lat' dir='ltr'><strong>regnum</strong></span> <span class='ocrx_word' id='word_1_653' title='bbox 2559 4298 2859 4355; x_wconf 91' lang='lat' dir='ltr'><strong>caelorum.</strong></span> <span class='ocrx_word' id='word_1_654' title='bbox 2906 4298 3124 4356; x_wconf 80' lang='lat' dir='ltr'><strong>homini</strong></span> <span class='ocrx_word' id='word_1_655' title='bbox 3157 4298 3266 4373; x_wconf 75' lang='lat' dir='ltr'><strong>regi</strong></span> <span class='ocrx_word' id='word_1_656' title='bbox 3305 4305 3398 4373; x_wconf 93' lang='lat' dir='ltr'><strong>qui</strong></span> <span class='ocrx_word' id='word_1_657' title='bbox 3428 4306 3590 4360; x_wconf 83' lang='lat' dir='ltr'><strong>venit</strong></span> <span class='ocrx_word' id='word_1_658' title='bbox 3648 4310 3934 4364; x_wconf 81' lang='lat' dir='ltr'><strong>rationem</strong></span> 
     </span>
    </p>
   </div>
   <div class='ocr_carea' id='block_1_155' title="bbox 2300 4367 3940 4446">
    <p class='ocr_par' dir='ltr' id='par_1_155' title="bbox 2300 4367 3940 4446">
     <span class='ocr_line' id='line_1_156' title="bbox 2300 4367 3940 4446; baseline 0.01 -26"><span class='ocrx_word' id='word_1_659' title='bbox 2300 4367 2479 4446; x_wconf 79' lang='lat' dir='ltr'><strong>facere</strong></span> <span class='ocrx_word' id='word_1_660' title='bbox 2499 4384 2622 4423; x_wconf 91' lang='lat' dir='ltr'><strong>cum</strong></span> <span class='ocrx_word' id='word_1_661' title='bbox 2655 4373 2827 4446; x_wconf 81' lang='lat' dir='ltr'><strong>servis</strong></span> <span class='ocrx_word' id='word_1_662' title='bbox 2866 4373 3003 4446; x_wconf 86' lang='lat' dir='ltr'><strong>suis.</strong></span> <span class='ocrx_word' id='word_1_663' title='bbox 3042 4374 3142 4440; x_wconf 89' lang='lat' dir='ltr'><strong>Qui</strong></span> <span class='ocrx_word' id='word_1_664' title='bbox 3173 4367 3296 4430; x_wconf 77' lang='lat' dir='ltr'><strong>cum</strong></span> <span class='ocrx_word' id='word_1_665' title='bbox 3323 4367 3621 4446; x_wconf 73' lang='lat' dir='ltr'><strong>coepisset</strong></span> <span class='ocrx_word' id='word_1_666' title='bbox 3645 4380 3940 4437; x_wconf 83' lang='lat' dir='ltr'><strong>discutere</strong></span> 
     </span>
    </p>
   </div>
   <div class='ocr_carea' id='block_1_156' title="bbox 2300 4440 3934 4514">
    <p class='ocr_par' dir='ltr' id='par_1_156' title="bbox 2300 4440 3934 4514">
     <span class='ocr_line' id='line_1_157' title="bbox 2300 4440 3934 4514; baseline 0.01 -25"><span class='ocrx_word' id='word_1_667' title='bbox 2300 4440 2513 4514; x_wconf 76' lang='lat' dir='ltr'><strong>oblatus</strong></span> <span class='ocrx_word' id='word_1_668' title='bbox 2535 4450 2620 4495; x_wconf 92' lang='lat' dir='ltr'><strong>est</strong></span> <span class='ocrx_word' id='word_1_669' title='bbox 2649 4441 2701 4495; x_wconf 88' lang='lat' dir='ltr'><strong>ei</strong></span> <span class='ocrx_word' id='word_1_670' title='bbox 2731 4458 2870 4497; x_wconf 93' lang='lat' dir='ltr'><strong>unus</strong></span> <span class='ocrx_word' id='word_1_671' title='bbox 2897 4445 2988 4514; x_wconf 89' lang='lat' dir='ltr'><strong>qui</strong></span> <span class='ocrx_word' id='word_1_672' title='bbox 3010 4445 3242 4500; x_wconf 85' lang='lat' dir='ltr'><strong>debebat</strong></span> <span class='ocrx_word' id='word_1_673' title='bbox 3267 4440 3455 4502; x_wconf 81' lang='lat' dir='ltr'><strong>decem</strong></span> <span class='ocrx_word' id='word_1_674' title='bbox 3487 4452 3659 4505; x_wconf 87' lang='lat' dir='ltr'><strong>milia</strong></span> <span class='ocrx_word' id='word_1_675' title='bbox 3696 4456 3934 4508; x_wconf 83' lang='lat' dir='ltr'><strong>talenta.</strong></span> 
     </span>
    </p>
   </div>
   <div class='ocr_carea' id='block_1_157' title="bbox 2302 4511 3935 4593">
    <p class='ocr_par' dir='ltr' id='par_1_157' title="bbox 2302 4511 3935 4593">
     <span class='ocr_line' id='line_1_158' title="bbox 2302 4511 3935 4593; baseline 0.009 -30"><span class='ocrx_word' id='word_1_676' title='bbox 2302 4511 2441 4593; x_wconf 39' lang='lat' dir='ltr'><strong>tium.</strong></span> <span class='ocrx_word' id='word_1_677' title='bbox 2469 4523 2650 4593; x_wconf 83' lang='lat' dir='ltr'><strong>autem</strong></span> <span class='ocrx_word' id='word_1_678' title='bbox 2682 4530 2787 4569; x_wconf 90' lang='lat' dir='ltr'><strong>non</strong></span> <span class='ocrx_word' id='word_1_679' title='bbox 2816 4511 3066 4593; x_wconf 76' lang='lat' dir='ltr'><strong>haberet.</strong></span> <span class='ocrx_word' id='word_1_680' title='bbox 3114 4518 3255 4572; x_wconf 89' lang='lat' dir='ltr'><strong>unde</strong></span> <span class='ocrx_word' id='word_1_681' title='bbox 3293 4518 3553 4593; x_wconf 86' lang='lat' dir='ltr'><strong>redderet</strong></span> <span class='ocrx_word' id='word_1_682' title='bbox 3586 4523 3776 4591; x_wconf 82' lang='lat' dir='ltr'><strong>jussit</strong></span> <span class='ocrx_word' id='word_1_683' title='bbox 3810 4540 3935 4579; x_wconf 89' lang='lat' dir='ltr'><strong>eum</strong></span> 
     </span>
    </p>
   </div>
   <div class='ocr_carea' id='block_1_158' title="bbox 2298 4582 3933 4659">
    <p class='ocr_par' dir='ltr' id='par_1_158' title="bbox 2298 4582 3933 4659">
     <span class='ocr_line' id='line_1_159' title="bbox 2298 4582 3933 4659; baseline 0.009 -24"><span class='ocrx_word' id='word_1_684' title='bbox 2298 4582 2551 4659; x_wconf 77' lang='lat' dir='ltr'><strong>dominus</strong></span> <span class='ocrx_word' id='word_1_685' title='bbox 2587 4584 2705 4655; x_wconf 89' lang='lat' dir='ltr'><strong>ejus</strong></span> <span class='ocrx_word' id='word_1_686' title='bbox 2743 4587 3064 4642; x_wconf 86' lang='lat' dir='ltr'><strong>veuuudari.</strong></span> <span class='ocrx_word' id='word_1_687' title='bbox 3090 4600 3144 4643; x_wconf 89' lang='lat' dir='ltr'><strong>et</strong></span> <span class='ocrx_word' id='word_1_688' title='bbox 3172 4603 3393 4643; x_wconf 84' lang='lat' dir='ltr'><strong>uxorem</strong></span> <span class='ocrx_word' id='word_1_689' title='bbox 3454 4582 3608 4659; x_wconf 43' lang='lat' dir='ltr'><strong>ejus.</strong></span> <span class='ocrx_word' id='word_1_690' title='bbox 3634 4604 3700 4650; x_wconf 87' lang='lat' dir='ltr'><strong>et</strong></span> <span class='ocrx_word' id='word_1_691' title='bbox 3766 4598 3933 4651; x_wconf 83' lang='lat' dir='ltr'><strong>tilios.</strong></span> 
     </span>
    </p>
   </div>
   <div class='ocr_carea' id='block_1_159' title="bbox 2297 4655 3938 4727">
    <p class='ocr_par' dir='ltr' id='par_1_159' title="bbox 2297 4655 3938 4727">
     <span class='ocr_line' id='line_1_160' title="bbox 2297 4655 3938 4727; baseline 0.01 -19"><span class='ocrx_word' id='word_1_692' title='bbox 2297 4663 2353 4708; x_wconf 92' lang='lat' dir='ltr'><strong>et</strong></span> <span class='ocrx_word' id='word_1_693' title='bbox 2389 4655 2571 4710; x_wconf 87' lang='lat' dir='ltr'><strong>omnia</strong></span> <span class='ocrx_word' id='word_1_694' title='bbox 2613 4670 2753 4727; x_wconf 89' lang='lat' dir='ltr'><strong>quae</strong></span> <span class='ocrx_word' id='word_1_695' title='bbox 2814 4659 3068 4715; x_wconf 87' lang='lat' dir='ltr'><strong>habebat.</strong></span> <span class='ocrx_word' id='word_1_696' title='bbox 3118 4668 3174 4716; x_wconf 92' lang='lat' dir='ltr'><strong>et</strong></span> <span class='ocrx_word' id='word_1_697' title='bbox 3228 4660 3380 4717; x_wconf 91' lang='lat' dir='ltr'><strong>reddi</strong></span> <span class='ocrx_word' id='word_1_698' title='bbox 3434 4655 3738 4722; x_wconf 79' lang='lat' dir='ltr'><strong>debitum.</strong></span> <span class='ocrx_word' id='word_1_699' title='bbox 3798 4668 3938 4723; x_wconf 89' lang='lat' dir='ltr'><strong>Pro-</strong></span> 
     </span>
    </p>
   </div>
   <div class='ocr_carea' id='block_1_160' title="bbox 2298 848 2619 913">
    <p class='ocr_par' dir='ltr' id='par_1_160' title="bbox 2298 848 2619 913">
     <span class='ocr_line' id='line_1_161' title="bbox 2298 848 2619 913; baseline 0 -10"><span class='ocrx_word' id='word_1_700' title='bbox 2298 848 2397 913; x_wconf 87' lang='lat' dir='ltr'><strong>rit,</strong></span> <span class='ocrx_word' id='word_1_701' title='bbox 2428 848 2500 904; x_wconf 86' lang='lat' dir='ltr'><strong>sit</strong></span> <span class='ocrx_word' id='word_1_702' title='bbox 2522 848 2619 903; x_wconf 93' lang='lat' dir='ltr'><strong>tibi</strong></span> 
     </span>
    </p>
   </div>
   <div class='ocr_carea' id='block_1_161' title="bbox 2298 920 2720 976">
    <p class='ocr_par' dir='ltr' id='par_1_161' title="bbox 2298 920 2720 976">
     <span class='ocr_line' id='line_1_162' title="bbox 2298 920 2720 976; baseline 0.002 -1"><span class='ocrx_word' id='word_1_703' title='bbox 2298 920 2441 975; x_wconf 91' lang='lat' dir='ltr'><strong>sicut</strong></span> <span class='ocrx_word' id='word_1_704' title='bbox 2466 920 2720 976; x_wconf 87' lang='lat' dir='ltr'><strong>ethnicus</strong></span> 
     </span>
    </p>
   </div>
   <div class='ocr_carea' id='block_1_162' title="bbox 2298 992 2721 1062">
    <p class='ocr_par' dir='ltr' id='par_1_162' title="bbox 2298 992 2721 1062">
     <span class='ocr_line' id='line_1_163' title="bbox 2298 992 2721 1062; baseline -0.005 -16"><span class='ocrx_word' id='word_1_705' title='bbox 2298 1001 2354 1062; x_wconf 82' lang='lat' dir='ltr'><strong>et</strong></span> <span class='ocrx_word' id='word_1_706' title='bbox 2382 992 2721 1062; x_wconf 78' lang='lat' dir='ltr'><strong>publicanus.</strong></span> 
     </span>
    </p>
   </div>
   <div class='ocr_carea' id='block_1_163' title="bbox 2301 1061 2755 1118">
    <p class='ocr_par' dir='ltr' id='par_1_163' title="bbox 2301 1061 2755 1118">
     <span class='ocr_line' id='line_1_164' title="bbox 2301 1061 2755 1118; baseline 0 -1"><span class='ocrx_word' id='word_1_707' title='bbox 2301 1061 2391 1118; x_wconf 76' lang='grc'><strong>18.</strong></span> <span class='ocrx_word' id='word_1_708' title='bbox 2435 1063 2608 1118; x_wconf 90' lang='lat' dir='ltr'><strong>Amen</strong></span> <span class='ocrx_word' id='word_1_709' title='bbox 2632 1063 2755 1117; x_wconf 90' lang='lat' dir='ltr'><strong>dico</strong></span> 
     </span>
    </p>
   </div>
   <div class='ocr_carea' id='block_1_164' title="bbox 2300 1133 2777 1203">
    <p class='ocr_par' dir='ltr' id='par_1_164' title="bbox 2300 1133 2777 1203">
     <span class='ocr_line' id='line_1_165' title="bbox 2300 1133 2777 1203; baseline -0.002 -15"><span class='ocrx_word' id='word_1_710' title='bbox 2300 1133 2474 1200; x_wconf 80' lang='lat' dir='ltr'><strong>vobis,</strong></span> <span class='ocrx_word' id='word_1_711' title='bbox 2504 1149 2777 1203; x_wconf 66' lang='lat' dir='ltr'><strong>qumcum-</strong></span> 
     </span>
    </p>
   </div>
   <div class='ocr_carea' id='block_1_165' title="bbox 2299 1206 2779 1276">
    <p class='ocr_par' dir='ltr' id='par_1_165' title="bbox 2299 1206 2779 1276">
     <span class='ocr_line' id='line_1_166' title="bbox 2299 1206 2779 1276; baseline 0.002 -17"><span class='ocrx_word' id='word_1_712' title='bbox 2299 1221 2403 1273; x_wconf 89' lang='lat' dir='ltr'><strong>que</strong></span> <span class='ocrx_word' id='word_1_713' title='bbox 2429 1206 2779 1276; x_wconf 85' lang='lat' dir='ltr'><strong>alligaveritis</strong></span> 
     </span>
    </p>
   </div>
   <div class='ocr_carea' id='block_1_166' title="bbox 2298 1288 2709 1347">
    <p class='ocr_par' dir='ltr' id='par_1_166' title="bbox 2298 1288 2709 1347">
     <span class='ocr_line' id='line_1_167' title="bbox 2298 1288 2709 1347; baseline 0 -16"><span class='ocrx_word' id='word_1_714' title='bbox 2298 1292 2462 1347; x_wconf 90' lang='lat' dir='ltr'><strong>super</strong></span> <span class='ocrx_word' id='word_1_715' title='bbox 2490 1288 2709 1342; x_wconf 90' lang='lat' dir='ltr'><strong>terram,</strong></span> 
     </span>
    </p>
   </div>
   <div class='ocr_carea' id='block_1_167' title="bbox 2299 1349 2699 1418">
    <p class='ocr_par' dir='ltr' id='par_1_167' title="bbox 2299 1349 2699 1418">
     <span class='ocr_line' id='line_1_168' title="bbox 2299 1349 2699 1418; baseline -0.005 -15"><span class='ocrx_word' id='word_1_716' title='bbox 2299 1356 2461 1403; x_wconf 88' lang='lat' dir='ltr'><strong>erunt</strong></span> <span class='ocrx_word' id='word_1_717' title='bbox 2480 1349 2699 1418; x_wconf 87' lang='lat' dir='ltr'><strong>alligata</strong></span> 
     </span>
    </p>
   </div>
   <div class='ocr_carea' id='block_1_168' title="bbox 2300 1420 2659 1475">
    <p class='ocr_par' dir='ltr' id='par_1_168' title="bbox 2300 1420 2659 1475">
     <span class='ocr_line' id='line_1_169' title="bbox 2300 1420 2659 1475; baseline -0.006 -1"><span class='ocrx_word' id='word_1_718' title='bbox 2300 1428 2356 1474; x_wconf 91' lang='lat' dir='ltr'><strong>et</strong></span> <span class='ocrx_word' id='word_1_719' title='bbox 2384 1421 2434 1474; x_wconf 92' lang='lat' dir='ltr'><strong>in</strong></span> <span class='ocrx_word' id='word_1_720' title='bbox 2464 1420 2616 1475; x_wconf 72' lang='lat' dir='ltr'><strong>caelo</strong></span> <span class='ocrx_word' id='word_1_721' title='bbox 2647 1438 2659 1472; x_wconf 91' lang='lat'>:</span> 
     </span>
    </p>
   </div>
   <div class='ocr_carea' id='block_1_169' title="bbox 2299 1500 2758 1561">
    <p class='ocr_par' dir='ltr' id='par_1_169' title="bbox 2299 1500 2758 1561">
     <span class='ocr_line' id='line_1_170' title="bbox 2299 1500 2758 1561; baseline 0.004 -16"><span class='ocrx_word' id='word_1_722' title='bbox 2299 1500 2354 1545; x_wconf 92' lang='lat' dir='ltr'><strong>et</strong></span> <span class='ocrx_word' id='word_1_723' title='bbox 2384 1507 2758 1561; x_wconf 89' lang='lat' dir='ltr'><strong>quaecumque</strong></span> 
     </span>
    </p>
   </div>
   <div class='ocr_carea' id='block_1_170' title="bbox 2299 1563 2773 1633">
    <p class='ocr_par' dir='ltr' id='par_1_170' title="bbox 2299 1563 2773 1633">
     <span class='ocr_line' id='line_1_171' title="bbox 2299 1563 2773 1633; baseline 0.002 -16"><span class='ocrx_word' id='word_1_724' title='bbox 2299 1563 2578 1619; x_wconf 90' lang='lat' dir='ltr'><strong>solveritis</strong></span> <span class='ocrx_word' id='word_1_725' title='bbox 2610 1578 2773 1633; x_wconf 87' lang='lat' dir='ltr'><strong>super</strong></span> 
     </span>
    </p>
   </div>
   <div class='ocr_carea' id='block_1_171' title="bbox 2305 1642 2719 1694">
    <p class='ocr_par' dir='ltr' id='par_1_171' title="bbox 2305 1642 2719 1694">
     <span class='ocr_line' id='line_1_172' title="bbox 2305 1642 2719 1694; baseline 0.002 -7"><span class='ocrx_word' id='word_1_726' title='bbox 2305 1642 2527 1694; x_wconf 82' lang='lat' dir='ltr'><strong>terram.</strong></span> <span class='ocrx_word' id='word_1_727' title='bbox 2560 1646 2719 1689; x_wconf 92' lang='lat' dir='ltr'><strong>erunt</strong></span> 
     </span>
    </p>
   </div>
   <div class='ocr_carea' id='block_1_172' title="bbox 2304 1705 2634 1760">
    <p class='ocr_par' dir='ltr' id='par_1_172' title="bbox 2304 1705 2634 1760">
     <span class='ocr_line' id='line_1_173' title="bbox 2304 1705 2634 1760; baseline 0.003 -1"><span class='ocrx_word' id='word_1_728' title='bbox 2304 1705 2481 1759; x_wconf 90' lang='lat' dir='ltr'><strong>soluta</strong></span> <span class='ocrx_word' id='word_1_729' title='bbox 2504 1716 2558 1760; x_wconf 91' lang='lat' dir='ltr'><strong>et</strong></span> <span class='ocrx_word' id='word_1_730' title='bbox 2581 1706 2634 1760; x_wconf 92' lang='lat' dir='ltr'><strong>in</strong></span> 
     </span>
    </p>
   </div>
   <div class='ocr_carea' id='block_1_173' title="bbox 2302 1777 2475 1832">
    <p class='ocr_par' dir='ltr' id='par_1_173' title="bbox 2302 1777 2475 1832">
     <span class='ocr_line' id='line_1_174' title="bbox 2302 1777 2475 1832; baseline -0.012 -1"><span class='ocrx_word' id='word_1_731' title='bbox 2302 1777 2475 1832; x_wconf 90' lang='lat' dir='ltr'><strong>caelo.</strong></span> 
     </span>
    </p>
   </div>
   <div class='ocr_carea' id='block_1_174' title="bbox 2300 1846 2990 1921">
    <p class='ocr_par' dir='ltr' id='par_1_174' title="bbox 2300 1846 2990 1921">
     <span class='ocr_line' id='line_1_175' title="bbox 2300 1846 2990 1921; baseline 0.001 -17"><span class='ocrx_word' id='word_1_732' title='bbox 2300 1848 2390 1921; x_wconf 71' lang='grc'><strong>19.</strong></span> <span class='ocrx_word' id='word_1_733' title='bbox 2436 1846 2635 1921; x_wconf 83' lang='lat' dir='ltr'><strong>lterum</strong></span> <span class='ocrx_word' id='word_1_734' title='bbox 2659 1847 2735 1920; x_wconf 83' lang='grc' dir='ltr'><strong>(α)</strong></span> <span class='ocrx_word' id='word_1_735' title='bbox 2763 1864 2919 1906; x_wconf 89' lang='lat' dir='ltr'><strong>amen</strong></span> <span class='ocrx_word' id='word_1_736' title='bbox 2950 1851 2990 1921; x_wconf 68' lang='grc' dir='ltr'><strong>ἰ·</strong></span> 
     </span>
    </p>
   </div>
   <div class='ocr_carea' id='block_1_175' title="bbox 2301 1917 2627 1986">
    <p class='ocr_par' dir='ltr' id='par_1_175' title="bbox 2301 1917 2627 1986">
     <span class='ocr_line' id='line_1_176' title="bbox 2301 1917 2627 1986; baseline 0 -12"><span class='ocrx_word' id='word_1_737' title='bbox 2301 1917 2424 1975; x_wconf 91' lang='lat' dir='ltr'><strong>dico</strong></span> <span class='ocrx_word' id='word_1_738' title='bbox 2446 1920 2596 1974; x_wconf 88' lang='lat' dir='ltr'><strong>vobis</strong></span> <span class='ocrx_word' id='word_1_739' title='bbox 2612 1962 2627 1986; x_wconf 95' lang='lat'><strong>,</strong></span> 
     </span>
    </p>
   </div>
   <div class='ocr_carea' id='block_1_176' title="bbox 2299 1991 2658 2060">
    <p class='ocr_par' dir='ltr' id='par_1_176' title="bbox 2299 1991 2658 2060">
     <span class='ocr_line' id='line_1_177' title="bbox 2299 1991 2658 2060; baseline 0.003 -15"><span class='ocrx_word' id='word_1_740' title='bbox 2299 1993 2424 2060; x_wconf 90' lang='lat' dir='ltr'><strong>quia</strong></span> <span class='ocrx_word' id='word_1_741' title='bbox 2448 1991 2492 2045; x_wconf 90' lang='lat' dir='ltr'><strong>si</strong></span> <span class='ocrx_word' id='word_1_742' title='bbox 2523 1992 2658 2046; x_wconf 88' lang='lat' dir='ltr'><strong>duo-</strong></span> 
     </span>
    </p>
   </div>
   <div class='ocr_carea' id='block_1_177' title="bbox 2300 2062 2683 2119">
    <p class='ocr_par' dir='ltr' id='par_1_177' title="bbox 2300 2062 2683 2119">
     <span class='ocr_line' id='line_1_178' title="bbox 2300 2062 2683 2119; baseline 0.008 -2"><span class='ocrx_word' id='word_1_743' title='bbox 2300 2062 2405 2117; x_wconf 88' lang='lat' dir='ltr'><strong>bus</strong></span> <span class='ocrx_word' id='word_1_744' title='bbox 2434 2077 2498 2116; x_wconf 84' lang='lat' dir='ltr'><strong>ex</strong></span> <span class='ocrx_word' id='word_1_745' title='bbox 2532 2064 2683 2119; x_wconf 90' lang='lat' dir='ltr'><strong>vobis</strong></span> 
     </span>
    </p>
   </div>
   <div class='ocr_carea' id='block_1_178' title="bbox 2299 2136 2806 2205">
    <p class='ocr_par' dir='ltr' id='par_1_178' title="bbox 2299 2136 2806 2205">
     <span class='ocr_line' id='line_1_179' title="bbox 2299 2136 2806 2205; baseline 0.006 -17"><span class='ocrx_word' id='word_1_746' title='bbox 2299 2136 2618 2189; x_wconf 87' lang='lat' dir='ltr'><strong>convenerit</strong></span> <span class='ocrx_word' id='word_1_747' title='bbox 2642 2150 2806 2205; x_wconf 86' lang='lat' dir='ltr'><strong>supra</strong></span> 
     </span>
    </p>
   </div>
   <div class='ocr_carea' id='block_1_179' title="bbox 2300 2206 2793 2267">
    <p class='ocr_par' dir='ltr' id='par_1_179' title="bbox 2300 2206 2793 2267">
     <span class='ocr_line' id='line_1_180' title="bbox 2300 2206 2793 2267; baseline 0.004 -8"><span class='ocrx_word' id='word_1_748' title='bbox 2300 2214 2522 2267; x_wconf 87' lang='lat' dir='ltr'><strong>terram,</strong></span> <span class='ocrx_word' id='word_1_749' title='bbox 2555 2206 2623 2261; x_wconf 93' lang='lat' dir='ltr'><strong>de</strong></span> <span class='ocrx_word' id='word_1_750' title='bbox 2645 2207 2793 2262; x_wconf 90' lang='lat' dir='ltr'><strong>omni</strong></span> 
     </span>
    </p>
   </div>
   <div class='ocr_carea' id='block_1_180' title="bbox 2299 2292 2753 2347">
    <p class='ocr_par' dir='ltr' id='par_1_180' title="bbox 2299 2292 2753 2347">
     <span class='ocr_line' id='line_1_181' title="bbox 2299 2292 2753 2347; baseline 0.007 -16"><span class='ocrx_word' id='word_1_751' title='bbox 2299 2292 2359 2332; x_wconf 87' lang='lat' dir='ltr'><strong>re</strong></span> <span class='ocrx_word' id='word_1_752' title='bbox 2380 2292 2753 2347; x_wconf 86' lang='lat' dir='ltr'><strong>quaecumque</strong></span> 
     </span>
    </p>
   </div>
   <div class='ocr_carea' id='block_1_181' title="bbox 2299 2349 2708 2417">
    <p class='ocr_par' dir='ltr' id='par_1_181' title="bbox 2299 2349 2708 2417">
     <span class='ocr_line' id='line_1_182' title="bbox 2299 2349 2708 2417; baseline 0.007 -16"><span class='ocrx_word' id='word_1_753' title='bbox 2299 2349 2586 2417; x_wconf 90' lang='lat' dir='ltr'><strong>petieritis,</strong></span> <span class='ocrx_word' id='word_1_754' title='bbox 2616 2350 2708 2405; x_wconf 86' lang='lat' dir='ltr'><strong>ﬁet</strong></span> 
     </span>
    </p>
   </div>
   <div class='ocr_carea' id='block_1_182' title="bbox 2298 2420 2693 2475">
    <p class='ocr_par' dir='ltr' id='par_1_182' title="bbox 2298 2420 2693 2475">
     <span class='ocr_line' id='line_1_183' title="bbox 2298 2420 2693 2475; baseline 0.008 -3"><span class='ocrx_word' id='word_1_755' title='bbox 2298 2420 2453 2474; x_wconf 83' lang='lat' dir='ltr'><strong>vobis</strong></span> <span class='ocrx_word' id='word_1_756' title='bbox 2480 2434 2510 2473; x_wconf 87' lang='lat' dir='ltr'><strong>a</strong></span> <span class='ocrx_word' id='word_1_757' title='bbox 2536 2421 2693 2475; x_wconf 84' lang='lat' dir='ltr'><strong>Patre</strong></span> 
     </span>
    </p>
   </div>
   <div class='ocr_carea' id='block_1_183' title="bbox 2299 2492 2647 2559">
    <p class='ocr_par' dir='ltr' id='par_1_183' title="bbox 2299 2492 2647 2559">
     <span class='ocr_line' id='line_1_184' title="bbox 2299 2492 2647 2559; baseline 0.003 -14"><span class='ocrx_word' id='word_1_758' title='bbox 2299 2504 2445 2556; x_wconf 90' lang='lat' dir='ltr'><strong>meo,</strong></span> <span class='ocrx_word' id='word_1_759' title='bbox 2477 2492 2568 2559; x_wconf 88' lang='lat' dir='ltr'><strong>qui</strong></span> <span class='ocrx_word' id='word_1_760' title='bbox 2595 2493 2647 2546; x_wconf 93' lang='lat' dir='ltr'><strong>in</strong></span> 
     </span>
    </p>
   </div>
   <div class='ocr_carea' id='block_1_184' title="bbox 2296 2561 2881 2620">
    <p class='ocr_par' dir='ltr' id='par_1_184' title="bbox 2296 2561 2881 2620">
     <span class='ocr_line' id='line_1_185' title="bbox 2296 2561 2881 2620; baseline 0.009 -5"><span class='ocrx_word' id='word_1_761' title='bbox 2296 2561 2390 2617; x_wconf 85' lang='grc'>20.</span> <span class='ocrx_word' id='word_1_762' title='bbox 2433 2563 2602 2619; x_wconf 86' lang='lat' dir='ltr'><strong>caelis</strong></span> <span class='ocrx_word' id='word_1_763' title='bbox 2631 2571 2735 2620; x_wconf 86' lang='lat' dir='ltr'><strong>est.</strong></span> <span class='ocrx_word' id='word_1_764' title='bbox 2780 2563 2881 2620; x_wconf 89' lang='lat' dir='ltr'><strong>Ubi</strong></span> 
     </span>
    </p>
   </div>
   <div class='ocr_carea' id='block_1_185' title="bbox 2299 2635 2599 2689">
    <p class='ocr_par' dir='ltr' id='par_1_185' title="bbox 2299 2635 2599 2689">
     <span class='ocr_line' id='line_1_186' title="bbox 2299 2635 2599 2689; baseline 0.007 -2"><span class='ocrx_word' id='word_1_765' title='bbox 2299 2635 2445 2688; x_wconf 89' lang='lat' dir='ltr'><strong>enim</strong></span> <span class='ocrx_word' id='word_1_766' title='bbox 2473 2644 2599 2689; x_wconf 87' lang='lat' dir='ltr'><strong>sunt</strong></span> 
     </span>
    </p>
   </div>
   <div class='ocr_carea' id='block_1_186' title="bbox 2298 2704 2648 2762">
    <p class='ocr_par' dir='ltr' id='par_1_186' title="bbox 2298 2704 2648 2762">
     <span class='ocr_line' id='line_1_187' title="bbox 2298 2704 2648 2762; baseline 0.011 -4"><span class='ocrx_word' id='word_1_767' title='bbox 2298 2704 2407 2758; x_wconf 91' lang='lat' dir='ltr'><strong>duo</strong></span> <span class='ocrx_word' id='word_1_768' title='bbox 2429 2706 2513 2760; x_wconf 90' lang='lat' dir='ltr'><strong>vel</strong></span> <span class='ocrx_word' id='word_1_769' title='bbox 2538 2718 2648 2762; x_wconf 89' lang='lat' dir='ltr'><strong>tres</strong></span> 
     </span>
    </p>
   </div>
   <div class='ocr_carea' id='block_1_187' title="bbox 2299 2779 2696 2847">
    <p class='ocr_par' dir='ltr' id='par_1_187' title="bbox 2299 2779 2696 2847">
     <span class='ocr_line' id='line_1_188' title="bbox 2299 2779 2696 2847; baseline 0.005 -16"><span class='ocrx_word' id='word_1_770' title='bbox 2299 2779 2610 2847; x_wconf 82' lang='lat' dir='ltr'><strong>congregati</strong></span> <span class='ocrx_word' id='word_1_771' title='bbox 2643 2779 2696 2833; x_wconf 94' lang='lat' dir='ltr'><strong>in</strong></span> 
     </span>
    </p>
   </div>
   <div class='ocr_carea' id='block_1_188' title="bbox 2302 2862 2698 2916">
    <p class='ocr_par' dir='ltr' id='par_1_188' title="bbox 2302 2862 2698 2916">
     <span class='ocr_line' id='line_1_189' title="bbox 2302 2862 2698 2916; baseline 0.01 -16"><span class='ocrx_word' id='word_1_772' title='bbox 2302 2862 2522 2904; x_wconf 89' lang='lat' dir='ltr'><strong>nommc</strong></span> <span class='ocrx_word' id='word_1_773' title='bbox 2555 2865 2698 2916; x_wconf 89' lang='lat' dir='ltr'><strong>meo,</strong></span> 
     </span>
    </p>
   </div>
   <div class='ocr_carea' id='block_1_189' title="bbox 2299 2918 2730 2991">
    <p class='ocr_par' dir='ltr' id='par_1_189' title="bbox 2299 2918 2730 2991">
     <span class='ocr_line' id='line_1_190' title="bbox 2299 2918 2730 2991; baseline 0.012 -19"><span class='ocrx_word' id='word_1_774' title='bbox 2299 2918 2372 2991; x_wconf 81' lang='lat' dir='ltr'><strong>ibi</strong></span> <span class='ocrx_word' id='word_1_775' title='bbox 2402 2930 2457 2974; x_wconf 91' lang='lat' dir='ltr'><strong>et</strong></span> <span class='ocrx_word' id='word_1_776' title='bbox 2483 2936 2585 2991; x_wconf 85' lang='lat' dir='ltr'><strong>ego</strong></span> <span class='ocrx_word' id='word_1_777' title='bbox 2611 2937 2730 2977; x_wconf 91' lang='lat' dir='ltr'><strong>sum</strong></span> 
     </span>
    </p>
   </div>
   <div class='ocr_carea' id='block_1_190' title="bbox 2298 2988 2802 3051">
    <p class='ocr_par' dir='ltr' id='par_1_190' title="bbox 2298 2988 2802 3051">
     <span class='ocr_line' id='line_1_191' title="bbox 2298 2988 2802 3051; baseline 0.008 -7"><span class='ocrx_word' id='word_1_778' title='bbox 2298 2988 2353 3045; x_wconf 92' lang='lat' dir='ltr'><strong>in</strong></span> <span class='ocrx_word' id='word_1_779' title='bbox 2378 2988 2561 3048; x_wconf 77' lang='lat' dir='ltr'><strong>medio</strong></span> <span class='ocrx_word' id='word_1_780' title='bbox 2590 3009 2802 3051; x_wconf 86' lang='lat' dir='ltr'><strong>eorum.</strong></span> 
     </span>
    </p>
   </div>
   <div class='ocr_carea' id='block_1_191' title="bbox 1291 4807 3215 4874">
    <p class='ocr_par' dir='ltr' id='par_1_191' title="bbox 1291 4807 3215 4874">
     <span class='ocr_line' id='line_1_192' title="bbox 1291 4807 3215 4874; baseline -0.001 -2"><span class='ocrx_word' id='word_1_781' title='bbox 1291 4810 1682 4872; x_wconf 79' lang='lat' dir='ltr'><strong>VARIANTES</strong></span> <span class='ocrx_word' id='word_1_782' title='bbox 1719 4808 2103 4868; x_wconf 81' lang='lat' dir='ltr'><strong>LECTIONES</strong></span> <span class='ocrx_word' id='word_1_783' title='bbox 2141 4807 2408 4868; x_wconf 87' lang='lat' dir='ltr'><strong>CODICIS</strong></span> <span class='ocrx_word' id='word_1_784' title='bbox 2445 4811 2559 4870; x_wconf 84' lang='lat' dir='ltr'><strong>MS.</strong></span> <span class='ocrx_word' id='word_1_785' title='bbox 2601 4813 2661 4871; x_wconf 91' lang='lat' dir='ltr'><strong>S.</strong></span> <span class='ocrx_word' id='word_1_786' title='bbox 2703 4812 3215 4874; x_wconf 80' lang='lat' dir='ltr'><strong>GERMANENSIS.</strong></span> 
     </span>
    </p>
   </div>
   <div class='ocr_carea' id='block_1_192' title="bbox 654 4955 1209 5010">
    <p class='ocr_par' dir='ltr' id='par_1_192' title="bbox 654 4955 1209 5010">
     <span class='ocr_line' id='line_1_193' title="bbox 654 4955 1209 5010; baseline -0.011 1"><span class='ocrx_word' id='word_1_787' title='bbox 654 4960 671 4993; x_wconf 74' lang='grc' dir='ltr'>ι</span> <span class='ocrx_word' id='word_1_788' title='bbox 705 4958 751 5010; x_wconf 83' lang='lat' dir='ltr'><strong>si</strong></span> <span class='ocrx_word' id='word_1_789' title='bbox 772 4970 870 5008; x_wconf 88' lang='lat' dir='ltr'><strong>non</strong></span> <span class='ocrx_word' id='word_1_790' title='bbox 890 4955 1100 5007; x_wconf 80' lang='lat' dir='ltr'><strong>audierit</strong></span> <span class='ocrx_word' id='word_1_791' title='bbox 1121 4966 1209 5006; x_wconf 84' lang='lat' dir='ltr'><strong>eos</strong></span> 
     </span>
    </p>
   </div>
   <div class='ocr_carea' id='block_1_193' title="bbox 651 5020 1082 5085">
    <p class='ocr_par' dir='ltr' id='par_1_193' title="bbox 651 5020 1082 5085">
     <span class='ocr_line' id='line_1_194' title="bbox 651 5020 1082 5085; baseline -0.012 -13"><span class='ocrx_word' id='word_1_792' title='bbox 651 5026 674 5056; x_wconf 76' lang='grc'>³</span> <span class='ocrx_word' id='word_1_793' title='bbox 708 5026 760 5085; x_wconf 88' lang='lat' dir='ltr'><strong>et</strong></span> <span class='ocrx_word' id='word_1_794' title='bbox 780 5020 1082 5085; x_wconf 82' lang='lat' dir='ltr'><strong>publicanus.</strong></span> 
     </span>
    </p>
   </div>
   <div class='ocr_carea' id='block_1_194' title="bbox 656 5084 935 5146">
    <p class='ocr_par' dir='ltr' id='par_1_194' title="bbox 656 5084 935 5146">
     <span class='ocr_line' id='line_1_195' title="bbox 656 5084 935 5146; baseline 0 -13"><span class='ocrx_word' id='word_1_795' title='bbox 656 5086 678 5118; x_wconf 85' lang='grc'><em>³</em></span> <span class='ocrx_word' id='word_1_796' title='bbox 708 5084 860 5146; x_wconf 84' lang='lat' dir='ltr'><strong>ligata</strong></span> <span class='ocrx_word' id='word_1_797' title='bbox 882 5090 935 5133; x_wconf 87' lang='lat' dir='ltr'><strong>et</strong></span> 
     </span>
    </p>
   </div>
   <div class='ocr_carea' id='block_1_195' title="bbox 651 5138 1499 5199">
    <p class='ocr_par' dir='ltr' id='par_1_195' title="bbox 651 5138 1499 5199">
     <span class='ocr_line' id='line_1_196' title="bbox 651 5138 1499 5199; baseline -0.011 1"><span class='ocrx_word' id='word_1_798' title='bbox 651 5147 675 5180; x_wconf 67' lang='grc'>⁸</span> <span class='ocrx_word' id='word_1_799' title='bbox 708 5138 830 5199; x_wconf 71' lang='grc' dir='ltr'>θῖἰιι</span> <span class='ocrx_word' id='word_1_800' title='bbox 848 5144 1006 5198; x_wconf 88' lang='lat' dir='ltr'><strong>coelo.</strong></span> <span class='ocrx_word' id='word_1_801' title='bbox 1024 5143 1211 5195; x_wconf 85' lang='lat' dir='ltr'><strong>Iterum</strong></span> <span class='ocrx_word' id='word_1_802' title='bbox 1228 5154 1375 5194; x_wconf 86' lang='lat' dir='ltr'><strong>amen</strong></span> <span class='ocrx_word' id='word_1_803' title='bbox 1388 5138 1499 5192; x_wconf 87' lang='lat' dir='ltr'><strong>dico</strong></span> 
     </span>
    </p>
   </div>
   <div class='ocr_carea' id='block_1_196' title="bbox 648 5210 935 5260">
    <p class='ocr_par' dir='ltr' id='par_1_196' title="bbox 648 5210 935 5260">
     <span class='ocr_line' id='line_1_197' title="bbox 648 5210 935 5260; baseline -0.01 1"><span class='ocrx_word' id='word_1_804' title='bbox 648 5213 672 5244; x_wconf 80' lang='grc'>⁸</span> <span class='ocrx_word' id='word_1_805' title='bbox 706 5223 772 5260; x_wconf 82' lang='lat' dir='ltr'><strong>ex</strong></span> <span class='ocrx_word' id='word_1_806' title='bbox 797 5210 935 5259; x_wconf 85' lang='lat' dir='ltr'><strong>vobis</strong></span> 
     </span>
    </p>
   </div>
   <div class='ocr_carea' id='block_1_197' title="bbox 648 5273 789 5324">
    <p class='ocr_par' dir='ltr' id='par_1_197' title="bbox 648 5273 789 5324">
     <span class='ocr_line' id='line_1_198' title="bbox 648 5273 789 5324; baseline 0.014 -2"><span class='ocrx_word' id='word_1_807' title='bbox 648 5273 670 5305; x_wconf 78' lang='grc'>⁸</span> <span class='ocrx_word' id='word_1_808' title='bbox 704 5273 789 5324; x_wconf 79' lang='lat' dir='ltr'><strong>ﬂet</strong></span> 
     </span>
    </p>
   </div>
   <div class='ocr_carea' id='block_1_198' title="bbox 647 5334 1065 5400">
    <p class='ocr_par' dir='ltr' id='par_1_198' title="bbox 647 5334 1065 5400">
     <span class='ocr_line' id='line_1_199' title="bbox 647 5334 1065 5400; baseline -0.012 -12"><span class='ocrx_word' id='word_1_809' title='bbox 647 5336 669 5370; x_wconf 86' lang='grc'><strong>⁷</strong></span> <span class='ocrx_word' id='word_1_810' title='bbox 702 5334 992 5400; x_wconf 83' lang='lat' dir='ltr'><strong>congregati</strong></span> <span class='ocrx_word' id='word_1_811' title='bbox 1015 5335 1065 5384; x_wconf 92' lang='lat' dir='ltr'><strong>in</strong></span> 
     </span>
    </p>
   </div>
   <div class='ocr_carea' id='block_1_199' title="bbox 2352 4952 3948 5037">
    <p class='ocr_par' dir='ltr' id='par_1_199' title="bbox 2352 4952 3948 5037">
     <span class='ocr_line' id='line_1_200' title="bbox 2352 4952 3948 5037; baseline 0.016 -37"><span class='ocrx_word' id='word_1_812' title='bbox 2352 4952 2690 5037; x_wconf 50' lang='lat' dir='ltr'><strong>‘_ibi:sunlet</strong></span> <span class='ocrx_word' id='word_1_813' title='bbox 2712 4968 2863 5037; x_wconf 36' lang='lat' dir='ltr'><strong>ego?</strong></span> <span class='ocrx_word' id='word_1_814' title='bbox 2880 4956 3216 5037; x_wconf 15' lang='lat' dir='ltr'><strong>eorumiNon</strong></span> <span class='ocrx_word' id='word_1_815' title='bbox 3240 4958 3267 4989; x_wconf 72' lang='grc'>⁸</span> <span class='ocrx_word' id='word_1_816' title='bbox 3290 4962 3420 5011; x_wconf 89' lang='lat' dir='ltr'><strong>enim</strong></span> <span class='ocrx_word' id='word_1_817' title='bbox 3451 4968 3581 5017; x_wconf 86' lang='lat' dir='ltr'><strong>sunt</strong></span> <span class='ocrx_word' id='word_1_818' title='bbox 3620 4973 3948 5037; x_wconf 72' lang='lat' dir='ltr'><strong>congregati</strong></span> 
     </span>
    </p>
   </div>
   <div class='ocr_carea' id='block_1_200' title="bbox 2289 5016 3352 5132">
    <p class='ocr_par' dir='ltr' id='par_1_200' title="bbox 2289 5016 3352 5132">
     <span class='ocr_line' id='line_1_201' title="bbox 2289 5016 3352 5132; baseline 0.009 -69"><span class='ocrx_word' id='word_1_819' title='bbox 2289 5016 2339 5063; x_wconf 88' lang='lat' dir='ltr'><strong>in</strong></span> <span class='ocrx_word' id='word_1_820' title='bbox 2352 5018 2558 5132; x_wconf 46' lang='lat' dir='ltr'><strong>9nqltgglne</strong></span> <span class='ocrx_word' id='word_1_821' title='bbox 2583 5032 2697 5070; x_wconf 83' lang='lat' dir='ltr'><strong>meo</strong></span> <span class='ocrx_word' id='word_1_822' title='bbox 2716 5016 2846 5071; x_wconf 67' lang='lat' dir='ltr'><strong>inter</strong></span> <span class='ocrx_word' id='word_1_823' title='bbox 2869 5035 2993 5084; x_wconf 88' lang='lat' dir='ltr'><strong>quos</strong></span> <span class='ocrx_word' id='word_1_824' title='bbox 3016 5036 3111 5085; x_wconf 88' lang='lat' dir='ltr'><strong>ego</strong></span> <span class='ocrx_word' id='word_1_825' title='bbox 3129 5035 3225 5072; x_wconf 88' lang='lat' dir='ltr'><strong>non</strong></span> <span class='ocrx_word' id='word_1_826' title='bbox 3241 5036 3352 5073; x_wconf 85' lang='lat' dir='ltr'><strong>sum</strong></span> 
     </span>
     <span class='ocr_line' id='line_1_202' title="bbox 2503 5094 2566 5132; baseline 0.079 -5"><span class='ocrx_word' id='word_1_827' title='bbox 2503 5094 2566 5132; x_wconf 90' lang='lat' dir='ltr'><strong>ue</strong></span> 
     </span>
    </p>
   </div>
   <div class='ocr_carea' id='block_1_201' title="bbox 2355 5093 2591 5205">
    <p class='ocr_par' dir='ltr' id='par_1_201' title="bbox 2355 5093 2591 5205">
     <span class='ocr_line' id='line_1_203' title="bbox 2355 5093 2566 5143; baseline 0.005 -17"><span class='ocrx_word' id='word_1_828' title='bbox 2355 5093 2373 5109; x_wconf 77' lang='grc' dir='ltr'><strong><em>ν</em></strong></span> <span class='ocrx_word' id='word_1_829' title='bbox 2410 5093 2566 5143; x_wconf 83' lang='lat' dir='ltr'><strong>usque</strong></span> 
     </span>
     <span class='ocr_line' id='line_1_204' title="bbox 2355 5142 2591 5205; baseline 0.013 -15"><span class='ocrx_word' id='word_1_830' title='bbox 2355 5142 2400 5205; x_wconf 55' lang='grc' dir='ltr'><strong><em>Ψ</em></strong></span> <span class='ocrx_word' id='word_1_831' title='bbox 2434 5155 2591 5205; x_wconf 89' lang='lat' dir='ltr'><strong>usque</strong></span> 
     </span>
    </p>
   </div>
   <div class='ocr_carea' id='block_1_202' title="bbox 2358 5204 3354 5274">
    <p class='ocr_par' dir='ltr' id='par_1_202' title="bbox 2358 5204 3354 5274">
     <span class='ocr_line' id='line_1_205' title="bbox 2358 5204 3354 5274; baseline 0.011 -22"><span class='ocrx_word' id='word_1_832' title='bbox 2358 5204 2402 5274; x_wconf 61' lang='lat' dir='ltr'>ff</span> <span class='ocrx_word' id='word_1_833' title='bbox 2435 5204 2605 5256; x_wconf 79' lang='lat' dir='ltr'><strong>similis</strong></span> <span class='ocrx_word' id='word_1_834' title='bbox 2628 5212 2707 5257; x_wconf 90' lang='lat' dir='ltr'><strong>est</strong></span> <span class='ocrx_word' id='word_1_835' title='bbox 2723 5208 2916 5274; x_wconf 83' lang='lat' dir='ltr'><strong>habitus</strong></span> <span class='ocrx_word' id='word_1_836' title='bbox 2938 5210 3083 5274; x_wconf 79' lang='lat' dir='ltr'><strong>regni</strong></span> <span class='ocrx_word' id='word_1_837' title='bbox 3102 5208 3354 5264; x_wconf 84' lang='lat' dir='ltr'><strong>coelorunt</strong></span> 
     </span>
    </p>
   </div>
   <div class='ocr_carea' id='block_1_203' title="bbox 2357 5265 2876 5322">
    <p class='ocr_par' dir='ltr' id='par_1_203' title="bbox 2357 5265 2876 5322">
     <span class='ocr_line' id='line_1_206' title="bbox 2357 5265 2876 5322; baseline 0.01 -6"><span class='ocrx_word' id='word_1_838' title='bbox 2357 5265 2403 5296; x_wconf 80' lang='lat'>“</span> <span class='ocrx_word' id='word_1_839' title='bbox 2440 5279 2553 5318; x_wconf 87' lang='lat' dir='ltr'><strong>eum</strong></span> <span class='ocrx_word' id='word_1_840' title='bbox 2578 5272 2876 5322; x_wconf 86' lang='lat' dir='ltr'><strong>vaenundari</strong></span> 
     </span>
    </p>
   </div>
   <div class='ocr_carea' id='block_1_204' title="bbox 1910 5409 2539 5474">
    <p class='ocr_par' dir='ltr' id='par_1_204' title="bbox 1910 5409 2539 5474">
     <span class='ocr_line' id='line_1_207' title="bbox 1910 5409 2539 5474; baseline 0.016 -9"><span class='ocrx_word' id='word_1_841' title='bbox 1910 5409 2280 5469; x_wconf 83' lang='lat' dir='ltr'><strong>BLANCHINI</strong></span> <span class='ocrx_word' id='word_1_842' title='bbox 2306 5413 2539 5474; x_wconf 70' lang='lat' dir='ltr'><strong>NOT/E.</strong></span> 
     </span>
    </p>
   </div>
   <div class='ocr_carea' id='block_1_205' title="bbox 658 5505 2193 5592">
    <p class='ocr_par' dir='ltr' id='par_1_205' title="bbox 658 5505 2193 5592">
     <span class='ocr_line' id='line_1_208' title="bbox 658 5505 2193 5592; baseline -0.012 -13"><span class='ocrx_word' id='word_1_843' title='bbox 658 5528 684 5558; x_wconf 75' lang='grc' dir='ltr'><strong>ἰ</strong></span> <span class='ocrx_word' id='word_1_844' title='bbox 712 5518 884 5592; x_wconf 86' lang='lat' dir='ltr'><strong>Hujus</strong></span> <span class='ocrx_word' id='word_1_845' title='bbox 909 5512 1200 5592; x_wconf 76' lang='lat' dir='ltr'><strong>additionls</strong></span> <span class='ocrx_word' id='word_1_846' title='bbox 1226 5509 1514 5582; x_wconf 86' lang='lat' dir='ltr'><strong>vestigium</strong></span> <span class='ocrx_word' id='word_1_847' title='bbox 1544 5505 2045 5579; x_wconf 71' lang='lat' dir='ltr'><strong>aliquodinvenire</strong></span> <span class='ocrx_word' id='word_1_848' title='bbox 2094 5506 2193 5561; x_wconf 87' lang='lat' dir='ltr'><strong>ali-</strong></span> 
     </span>
    </p>
   </div>
   <div class='ocr_carea' id='block_1_206' title="bbox 584 5585 1212 5650">
    <p class='ocr_par' dir='ltr' id='par_1_206' title="bbox 584 5585 1212 5650">
     <span class='ocr_line' id='line_1_209' title="bbox 584 5585 1212 5650; baseline -0.013 -2"><span class='ocrx_word' id='word_1_849' title='bbox 584 5592 712 5650; x_wconf 87' lang='lat' dir='ltr'><strong>cubi</strong></span> <span class='ocrx_word' id='word_1_850' title='bbox 738 5585 871 5648; x_wconf 82' lang='lat' dir='ltr'><strong>mihi</strong></span> <span class='ocrx_word' id='word_1_851' title='bbox 900 5604 1011 5646; x_wconf 87' lang='lat' dir='ltr'><strong>non</strong></span> <span class='ocrx_word' id='word_1_852' title='bbox 1040 5585 1212 5643; x_wconf 89' lang='lat' dir='ltr'><strong>licuit.</strong></span> 
     </span>
    </p>
   </div>
   <div class='ocr_carea' id='block_1_207' title="bbox 661 5720 1899 5803">
    <p class='ocr_par' dir='ltr' id='par_1_207' title="bbox 661 5720 1899 5803">
     <span class='ocr_line' id='line_1_210' title="bbox 661 5720 1899 5803; baseline -0.01 -18"><span class='ocrx_word' id='word_1_853' title='bbox 661 5730 738 5803; x_wconf 86' lang='lat' dir='ltr'><strong>(a)</strong></span> <span class='ocrx_word' id='word_1_854' title='bbox 770 5729 935 5787; x_wconf 80' lang='lat' dir='ltr'><strong>Addit</strong></span> <span class='ocrx_word' id='word_1_855' title='bbox 964 5728 1155 5796; x_wconf 75' lang='lat' dir='ltr'><strong>Amen,</strong></span> <span class='ocrx_word' id='word_1_856' title='bbox 1187 5724 1349 5784; x_wconf 86' lang='lat' dir='ltr'><strong>etiam</strong></span> <span class='ocrx_word' id='word_1_857' title='bbox 1374 5720 1698 5795; x_wconf 15' lang='lat' dir='ltr'><strong>C0d.7Cant.</strong></span> <span class='ocrx_word' id='word_1_858' title='bbox 1729 5720 1899 5796; x_wconf 71' lang='grc' dir='ltr'><strong>Ἀμήν.</strong></span> 
     </span>
    </p>
   </div>
   <div class='ocr_carea' id='block_1_208' title="bbox 2367 5508 2539 5569">
    <p class='ocr_par' dir='ltr' id='par_1_208' title="bbox 2367 5508 2539 5569">
     <span class='ocr_line' id='line_1_211' title="bbox 2367 5508 2539 5569; baseline -0.012 0"><span class='ocrx_word' id='word_1_859' title='bbox 2367 5508 2395 5548; x_wconf 73' lang='grc' dir='ltr'><strong>ι)</strong></span> <span class='ocrx_word' id='word_1_860' title='bbox 2427 5511 2539 5569; x_wconf 89' lang='lat' dir='ltr'><strong>Sic.</strong></span> 
     </span>
    </p>
   </div>
  </div>
