1990 3096
269 125 322 153 267

464 180 582 209 CODEX
601 178 872 220 VERCELLENSIS.

268 234 342 258 esset
355 230 376 265 ’ξ’
388 235 492 257 sermo-
687 262 698 265 _
719 233 783 265 una.

270 273 319 293 nes
331 261 398 292 istos
409 265 488 292 Jesus
499 284 506 297 ,
683 262 709 289 6.
732 262 825 296 Itaque
834 261 889 297 jam
902 267 955 289 non

270 301 408 328 transtulit
421 308 451 329 se
683 302 746 325 sunt
757 297 827 329 duo,
839 296 887 325 sed

268 345 282 363 a
296 337 425 368 Galilaea,
440 339 468 363 et
683 341 735 360 una
748 341 823 360 caro.

269 372 342 399 venit
358 373 383 398 in
400 372 459 398 lini—
681 368 759 402 Quod
770 376 835 403 ergo
848 369 899 396 De-

680 412 713 431 us
722 404 862 439 conjunxit

682 440 709 467 in
723 448 823 472 unum,
839 447 894 467 non

681 475 745 503 licet
761 483 870 509 separa-

680 511 706 537 7.
730 511 763 537 ri.
780 511 879 538 Dicunt
891 510 930 538 illi
948 520 954 538 :

266 408 316 435 bus
327 407 428 434 .ludeae
438 412 465 434 et

265 448 340 470 trans
352 443 448 470 Jorda-

265 480 292 505 2.
316 487 379 509 neu,
393 483 420 505 ct
434 485 510 505 secu«

266 520 310 541 tae
323 519 385 540 511111,
395 522 455 540 CIIII]

264 550 359 577 turbae
372 549 440 576 mul—
679 546 750 581 Quid
763 554 827 581 ergo
842 547 916 582 Moy-

264 590 319 617 tae,
333 590 359 611 et
372 584 474 612 curavit
678 590 724 610 ses
736 582 874 609 mandavit

261 620 334 647 illos.
359 641 366 648 .
389 640 395 646 .
418 639 426 646 .
449 641 457 647 .
479 641 485 647 .
678 617 735 645 dari
750 618 847 645 librum

678 653 799 687 repudii,
813 658 840 681 et
852 652 893 681 di-

677 689 803 716 mittere?

677 724 703 751 8.
725 725 770 752 Ait
784 724 838 752 illis
851 723 929 753 Jesns
942 731 949 751 :
964 722 1037 758 Quo-

677 760 750 787 niam
764 760 798 787 ad
812 759 888 787 duri-

678 796 742 822 tiam
756 795 848 823 cordis

676 831 760 858 vestri
776 831 876 865 permi-

676 867 712 893 sit
722 867 798 894 vobis
810 866 880 902 Moy-

660 916 661 919 π
674 909 720 930 ses
733 902 872 930 dimittere

674 945 772 966 uxores
787 946 848 965 V88-

674 977 729 1000 tras
742 983 748 1001 :
765 973 799 1001 ab
810 973 888 1001 initio

672 1014 761 1037 autem
774 1017 829 1037 non

673 1044 723 1072 fuit
736 1045 787 1073 sic.

672 1080 699 1108 9.
722 1081 788 1108 Dico
800 1085 890 1109 autem
904 1087 951 1109 vo-

673 1116 730 1149 bis,
747 1116 784 1152 (b)
797 1117 920 1151 quicum-

672 1159 726 1187 que
741 1152 878 1179 dimiserit

672 1185 783 1214 tixorem
797 1195 873 1221 suam
886 1208 894 1221 ,
910 1185 948 1223 (ο)

671 1223 722 1250 nisi
737 1223 772 1250 ob
785 1231 895 1251 causam

262 656 290 683 3.
312 656 343 683 Et
359 660 532 683 accesserunt

262 691 295 718 ad
307 700 368 718 eum
381 692 474 718 Phari-

261 728 316 754 saei
330 732 462 761 temptan-

260 766 301 789 tes
316 768 341 789 et
356 763 448 789 dicen-

260 801 301 825 tes
317 807 322 824 :
340 798 366 825 Si
380 798 442 824 licet
456 798 505 823 ho—

260 834 325 860 mini
337 833 428 859 dimit-

259 873 317 896 tere
328 875 441 895 uxorem

258 911 350 935 5113111,
364 911 493 938 quacum-

258 947 311 972 qtte
322 948 355 966 ex
369 939 469 966 causa?

257 974 284 1001 4.
309 975 341 1001 Ει
354 975 520 1009 respondens

257 1010 337 1037 Jesus
348 1012 384 1037 ait
400 1019 406 1037 :
423 1011 480 1038 Non

256 1045 358 1080 legistis
368 1067 374 1078 ,
395 1046 455 1080 quia

255 1084 299 1116 qui
314 1083 374 1108 fecit
390 1082 426 1117 (η)
443 1083 476 1109 ab
491 1082 511 1109 i-

255 1118 321 1144 nitio
334 1125 439 1144 mascu-

253 1153 308 1179 ltttn
325 1159 350 1180 et
365 1154 441 1179 fetui-

254 1197 316 1215 nam
332 1189 412 1216 fecit?
427 1193 454 1216 ct

252 1223 323 1251 dixit
339 1233 346 1250 :

288 1259 317 1287 5.
337 1259 451 1294 Propter
466 1260 518 1288 hoc
670 1257 828 1286 fornicatio-

287 1293 410 1323 remittet
668 1294 726 1327 nis,
738 1293 759 1329 -ι-
770 1299 797 1322 et
810 1294 892 1321 aliam

289 1330 372 1358 homo
387 1338 434 1366 pa-
667 1329 790 1363 duxerit,
806 1337 880 1358 moe-

286 1370 357 1394 trem
368 1371 396 1394 et
409 1374 466 1394 ma-
666 1370 755 1393 catur.
768 1365 808 1400 (ά)

287 1408 368 1435 trem,
384 1407 413 1430 et
426 1402 474 1430 he-
667 1401 711 1428 10.
734 1401 831 1428 Dicunt
842 1401 867 1428 ei
880 1400 935 1429 dis-

286 1438 356 1466 rebit
367 1446 434 1465 uxo-
665 1437 748 1472 cipuli
763 1437 822 1472 ejus
838 1447 844 1464 :
860 1436 889 1464 Si

286 1474 308 1501 ri
321 1481 387 1501 suae
398 1494 406 1507 ,
422 1477 451 1501 et
666 1473 705 1500 sic
716 1477 759 1500 est
773 1480 854 1500 causa

284 1514 365 1537 erunt
379 1509 432 1536 duo
665 1508 717 1535 viri
730 1516 791 1535 cum
805 1516 872 1537 uxo-

284 1546 313 1573 in
323 1553 405 1573 carne
667 1551 713 1577 re,
725 1551 777 1571 non
789 1551 873 1580 expe-

457 1590 577 1619 CODEX
596 1590 836 1619 CORBEIENSIS.

247 1645 342 1666 mones
358 1637 440 1670 istos,
457 1640 470 1654 ι
482 1636 621 1663 transtulit
635 1643 665 1663 se
680 1643 695 1662 a
714 1635 837 1663 Galilaea
848 1657 855 1668 ,
872 1641 899 1664 et
921 1635 995 1663 venit
1019 1635 1048 1663 in

248 1675 317 1701 fines
332 1674 339 1688 ¹
355 1672 473 1700 Iudaeae
487 1676 515 1699 et
536 1677 610 1699 trans
629 1671 775 1698 Jordanem
787 1692 794 1703 ,
812 1675 840 1698 et
854 1676 965 1700 secutae
987 1677 1049 1700 sunt

245 1717 310 1737 eum
332 1709 426 1735 turbae
441 1708 559 1740 multae,
576 1711 602 1735 et
617 1707 724 1735 curavit
737 1714 786 1734 eos
810 1707 857 1736 ibi.
876 1707 910 1734 Et
921 1714 1047 1735 accesse-

247 1748 311 1772 runt
325 1744 359 1771 ad
371 1751 432 1771 etim
456 1741 594 1769 Pharisaei
610 1747 746 1769 tentantes
768 1750 828 1769 eum
839 1763 846 1774 .
858 1747 886 1770 et
899 1742 1021 1770 dicentes
1038 1752 1044 1769 :

246 1780 275 1808 Si
299 1780 360 1807 licet
383 1778 483 1806 homini
505 1778 643 1805 dimittere
665 1785 787 1814 uxorem
804 1785 899 1810 suam,
926 1786 957 1805 ex
979 1786 1046 1814 qua-

245 1815 405 1851 quumque‘
420 1814 655 1851 cau5sairQ_u_ibus
673 1813 844 1851 respondens
860 1814 916 1851 ait:
934 1813 994 1841 Non
1008 1815 1046 1851 le-

244 1848 413 1886 g'istis,rquia
429 1852 472 1884 qui
496 1849 559 1886 fecit
572 1849 582 1864 ³
594 1848 630 1886 ιιι
643 1849 792 1886 masculum
813 1854 840 1876 ct
857 1850 984 1877 feminam
1007 1849 1046 1877 fe-

245 1884 281 1914 cit
295 1886 327 1912 ‘?
343 1884 370 1913 ei.
389 1885 458 1912 dixit
475 1894 480 1911 :
496 1884 612 1919 Propter
626 1885 676 1912 hoc
699 1885 819 1913 remittet
837 1886 917 1912 ltomo
938 1890 1044 1920 patrem

243 1927 271 1950 et
282 1927 405 1953 matrem,
419 1925 446 1948 et
459 1920 616 1948 adhaerebit
630 1921 707 1948 uxori
731 1928 807 1953 suae,
834 1926 862 1948 et
884 1926 963 1948 erunt
990 1921 1048 1949 duo

244 1958 270 1985 in
290 1965 371 1985 carne
393 1964 454 1984 una.
471 1956 562 1990 Itaque
584 1957 639 1989 jam
661 1964 713 1983 non
734 1961 796 1983 sunt
820 1957 895 1990 duo,
917 1957 964 1984 sed
988 1965 1043 1984 una

243 2002 317 2021 caro.
334 1993 411 2027 Quod
427 2000 491 2027 ergo
507 1993 577 2019 Deus
592 1992 602 2006 ⁵
615 1993 702 2025 junxit
724 1992 751 2019 in
766 2000 847 2019 uuttm
863 2014 870 2024 ,
892 1992 972 2019 homo
987 2001 1041 2020 non

241 2029 387 2064 disjungat.
408 2028 537 2054 Dixerunt
557 2028 593 2054 illi
617 2027 727 2064 {Quare
739 2035 812 2064 ergo
835 2027 941 2064 Moyses
960 2036 1040 2062 prae-

242 2063 314 2100 cepit
330 2063 395 2092 dare
411 2064 532 2091 lihellutn
548 2063 652 2098 repudii
665 2084 676 2100 ,γ
689 2069 715 2091 et
729 2063 887 2090 dimittere?
903 2064 946 2090 Ait
965 2063 1038 2091 illis:

241 2101 372 2138 Quoniam
396 2100 429 2138 ad
454 2099 580 2138 duritiam
603 2099 693 2126 cordis
714 2100 798 2126 vestri
820 2100 942 2138 permisit
962 2100 1041 2127 vobis

242 2135 369 2172 "Moyses
397 2135 533 2172 dimittere
552 2142 650 2161 uxores
668 2135 837 2172 vestras:_ab
856 2135 934 2161 initio
950 2140 1039 2172 autem

242 2180 295 2199 non
309 2170 359 2198 iuit
377 2172 426 2199 sic.
443 2171 507 2197 Dico
526 2175 615 2197 autem
631 2170 723 2202 vobis,
738 2171 746 2185 '
762 2170 946 2204 quiquumque
959 2170 1039 2197 dimi-

241 2208 309 2234 serit
325 2214 435 2234 uxorcm
449 2213 523 2239 suam
538 2227 544 2238 ,
566 2211 678 2240 excepta
692 2213 786 2233 caussa
807 2205 930 2232 adulterii
944 2227 951 2239 ,
975 2206 1040 2233 facit

241 2250 301 2270 eam
319 2242 464 2270 moechari.
483 2242 579 2269 lticunt
592 2243 617 2270 ei
632 2241 754 2277 discipuli
770 2250 777 2268 :
794 2241 822 2268 Si
837 2243 871 2268 ita
885 2245 926 2269 cst
942 2249 1038 2269 caussa

241 2279 252 2295 ⁸
262 2286 323 2307 cum
338 2285 437 2312 uxore,
453 2284 505 2305 non
520 2285 599 2313 expe-

540 121 677 152 EUSEBII
697 119 864 150 VERCELL.
887 118 1112 148 EVANGELIUM
1131 117 1202 149 CUM
1222 117 1337 148 VARUS
1354 117 1432 148 COD.
1453 117 1650 149 COLLATUM.
1861 118 1908 150 268

1336 176 1453 206 CODEX
1473 177 1696 207 VERONENSIS.

1118 232 1260 253 sermones
1274 225 1310 252 is-
1537 225 1584 252 sed
1599 232 1651 252 una
1662 231 1735 252 caro.

1119 266 1161 288 tos
1175 261 1268 294 Iesus,
1285 264 1372 291 trans-
1537 261 1613 294 Quod
1626 268 1691 296 ergo

1118 297 1179 336 tulit
1191 304 1220 324 se
1233 304 1248 324 a
1259 296 1313 325 Ga-
1535 296 1609 336 _Deus
1623 295 1774 336 conjucxitq

1116 332 1211 364 lilaea,
1227 337 1254 360 et
1266 340 1313 360 ve-
1534 331 1616 359 homo
1629 339 1683 360 non
1698 339 1741 366 se-

1117 368 1157 395 nit
1172 368 1198 395 in
1213 367 1281 395 ﬁnes
1535 372 1622 395 naret.

1554 423 1560 430 .
1582 403 1680 431 Dicunt
1695 403 1734 437 illi
1747 413 1761 436 ς.

1532 438 1601 473 Quid
1616 447 1681 475 ergo
1693 439 1768 476 Moy-

1534 481 1578 502 ses
1594 476 1733 504 mandavit

1534 510 1593 538 dari
1604 510 1704 539 librum

1534 546 1656 580 repudii,
1670 550 1698 574 et

1534 581 1672 610 dimittere
1685 590 1751 617 uxo-

1115 403 1235 431 Judaeae
1249 409 1322 431 trans

1114 438 1143 466 2.
1165 439 1310 467 Jordanem
1318 459 1326 473 .
1341 443 1369 469 et

1115 479 1225 502 secutae
1241 479 1304 503 sunt

1114 518 1176 538 eum
1193 510 1286 538 turbae

1115 546 1215 573 multae
1226 566 1233 578 ,
1249 552 1277 574 et
1291 552 1337 574 Cu-

1116 582 1184 608 ravit
1199 589 1246 609 eos
1257 582 1303 610 ibi.

1115 617 1143 644 5.
1164 617 1198 644 Et
1208 621 1382 648 accesserunt
1534 618 1610 645 rem?

1114 652 1148 680 ad
1160 660 1222 680 eum
1242 652 1347 687 Pharis
1535 652 1561 680 8.
1586 652 1633 681 Ait
1645 653 1699 682 illis

1114 689 1171 716 saei
1185 692 1348 722 temptantes
1533 687 1613 716 Jesus
1626 698 1633 716 :

1534 725 1667 757 Quoniam
1681 724 1715 753 ad
1726 725 1774 759 du.

1534 760 1624 788 ritiam
1638 761 1728 789 cordis

1531 796 1615 824 vestri
1631 797 1755 830 permisit

1533 831 1610 868 vobis
1626 832 1733 868 Moyses

1532 867 1669 896 dimittere
1684 875 1752 897 uxo-

1531 910 1576 931 res
1590 908 1694 931 vestras
1707 912 1713 930 :
1729 904 1764 932 ab

1531 938 1611 966 initio
1625 943 1718 967 autem

1113 731 1175 751 eum
1183 744 1191 757 ,
1207 729 1235 751 et
1252 724 1344 753 dicen-

1114 764 1155 786 tes
1168 768 1175 786 :
1192 759 1220 786 Si
1236 759 1299 787 licet
1312 759 1360 789 ho-

1112 794 1180 822 mini
1194 795 1332 823 dimittere

1113 838 1224 858 uxorem
1244 838 1321 859 suam
1330 852 1338 866 ,

1111 873 1281 902 quacumque

1111 909 1145 929 ex
1158 909 1188 929 ca
1193 902 1257 929 usa?

1110 936 1140 964 4.
1161 938 1194 965 Et
1208 938 1376 972 respondens

1110 972 1190 1001 Jesus
1205 973 1241 1001 ait
1253 974 1325 1003 illis:

1111 1008 1168 1036 Non
1186 1009 1288 1044 legistis
1297 1030 1304 1042 ,

1110 1045 1173 1079 quia
1187 1046 1231 1080 qui
1247 1045 1286 1072 fe-

1109 1080 1148 1108 cit
1161 1080 1206 1116 7(a)
1222 1081 1374 1113 masculum,

1109 1119 1139 1143 et
1155 1115 1283 1144 feminam

1532 982 1588 1002 non
1604 974 1655 1002 fuit
1666 975 1717 1003 sic.

1531 1010 1559 1038 9.
1580 1009 1646 1037 Dico
1659 1015 1753 1043 autem

1530 1046 1622 1078 vobis,
1636 1046 1674 1082 (b)
1690 1047 1751 1082 qui.—

1529 1089 1646 1117 cumque
1656 1083 1736 1114 dimi—

1529 1118 1596 1145 serit
1610 1125 1726 1151 uxorem

1108 1151 1143 1189 ab
1160 1152 1238 1189 initio
1253 1153 1291 1180 fe-
1529 1160 1621 1186 suam,
1639 1152 1675 1189 (ε)
1689 1154 1740 1182 nisi

1108 1187 1146 1214 cit
1165 1188 1231 1215 eos?
1247 1192 1274 1216 et
1529 1189 1566 1216 ob
1578 1187 1687 1216 causam
1702 1189 1745 1222 fax

1109 1222 1178 1250 dixit
1192 1232 1199 1250 :
1529 1225 1673 1252 nicationis
1681 1246 1688 1257 ,

1109 1257 1135 1285 5.
1158 1259 1272 1293 Propter
1289 1258 1340 1289 hoc
1529 1263 1557 1287 et
1569 1260 1651 1287 aliam
1663 1257 1714 1288 duJ

1109 1294 1244 1329 relinquet
1258 1295 1341 1327 homo
1527 1297 1614 1329 xerit,
1630 1303 1705 1325 moe-

1108 1334 1213 1364 patrem
1227 1334 1254 1357 et
1267 1338 1323 1368 ma-
1525 1335 1613 1368 catur.
1625 1332 1665 1368 (τι)
1718 1335 1729 1368 ς

1526 1366 1572 1409 10_.
1593 1366 1690 1410 Dicunt
1700 1367 1725 1396 ei
1738 1368 1785 1399 di-

1524 1403 1623 1466 sscipuli
1638 1403 1712 1438 ejus:

1548 1447 1555 1465 ι
1569 1443 1604 1465 ita
1615 1444 1657 1466 est
1669 1447 1735 1473 caq-

1108 1369 1193 1398 trem,
1207 1370 1235 1392 et
1247 1365 1347 1394 adhae-

1107 1400 1179 1428 rebit
1192 1401 1269 1429 uxori
1283 1409 1366 1436 suae,

1105 1439 1134 1463 et
1147 1441 1228 1464 erunt
1242 1437 1296 1465 duo

1105 1471 1132 1498 in
1145 1479 1226 1500 carne
1241 1480 1304 1500 una.
1525 1481 1556 1502 sa
1570 1474 1622 1502 viri
1640 1482 1702 1503 cum

1105 1507 1133 1534 6.
1154 1507 1247 1543 Itaque
1259 1508 1314 1544 jam
1525 1516 1612 1538 uxore
1622 1531 1630 1544 ,

1106 1550 1160 1570 non
1173 1549 1237 1572 sunt
1251 1549 1320 1577 duo,
1527 1553 1581 1572 non
1592 1553 1641 1573 ex-

1340 1589 1455 1619 θοοεχ
1472 1591 1674 1622 ΒΗΙΧΙΑΝυᾶ.

1103 1644 1201 1665 mones
1216 1637 1294 1665 istos.
1306 1638 1445 1665 transtulit
1460 1645 1490 1665 se
1504 1646 1519 1665 a
1532 1638 1662 1666 Galilaea.
1676 1643 1703 1666 et
1718 1640 1798 1668 venit
1810 1641 1844 1671 in
1855 1642 1919 1669 lni—

1103 1672 1155 1710 bus
1181 1672 1293 1710 Judeae.
1310 1678 1388 1700 trans
1405 1672 1552 1710 Iordanen.
1582 1678 1610 1702 et
1629 1679 1723 1710 sequte
1750 1681 1829 1704 sunt
1852 1685 1917 1705 eum

1103 1709 1200 1736 turbae
1220 1709 1332 1736 multae.
1346 1714 1378 1740 et;
1395 1714 1407 1730 ε
1420 1709 1528 1739 curabit
1544 1717 1599 1742 eos
1610 1710 1658 1740 ibi.
1669 1709 1711 1738 ’Et
1729 1717 1920 1741 accesserunt.

1105 1744 1137 1771 ad
1151 1752 1212 1771 eutn
1230 1744 1367 1772 Pharisaei
1380 1748 1526 1773 temtantes
1541 1753 1603 1774 eum
1616 1748 1642 1773 et
1654 1746 1790 1774 dicentes.
1806 1748 1837 1776 Si
1847 1745 1919 1777 licet

1104 1780 1209 1817 homini
1222 1780 1357 1808 dimittere
1372 1788 1484 1808 uxorem
1500 1789 1585 1810 suam.
1598 1788 1770 1817 quacumque
1787 1790 1824 1812 ex
1847 1792 1921 1812 eau-

1105 1823 1148 1857 sa._
1165 1814 1253 1857 Iesus
1266 1822 1356 1857 autem
1379 1817 1548 1857 respondens
1571 1814 1619 1857 ait:
1629 1818 1692 1845 illis.
1809 1819 1921 1857 legistis

1102 1852 1166 1886 quia
1181 1852 1225 1885 qui
1243 1851 1305 1878 fecit
1320 1852 1359 1887 (nl
1373 1852 1408 1879 ab
1423 1852 1499 1879 initio
1517 1853 1667 1881 masculum
1681 1858 1708 1882 et
1724 1851 1865 1887 fetttinaiit
1880 1856 1921 1883 fb-

1101 1888 1139 1914 cit
1153 1895 1210 1913 eos.
1227 1892 1253 1914 et
1267 1887 1474 1926 dixit._Propter
1486 1887 1537 1916 hoc
1548 1889 1685 1926 relinquet
1701 1889 1787 1918 homo
1806 1898 1922 1926 patrem

1100 1927 1128 1949 et
1145 1928 1257 1950 matrem
1274 1929 1301 1950 et
1320 1923 1465 1951 adherebit
1490 1924 1567 1952 uxori
1591 1932 1666 1952 suae.
1692 1931 1719 1952 et
1743 1923 1834 1955 erunt
1863 1929 1921 1955 duo

1099 1959 1126 1985 in
1138 1966 1220 1986 carne
1236 1966 1298 1987 una.
1312 1959 1404 1994 Itaque
1415 1959 1469 1994 jam
1486 1967 1538 1987 nou
1553 1965 1616 1988 sunt
1630 1960 1684 1988 duo
1697 1961 1744 1988 sed
1761 1968 1824 1992 una
1837 1970 1920 1991 caro.

1098 1994 1174 2031 Quod
1191 2002 1256 2030 ergo
1271 1994 1340 2031 Deus
1351 1995 1498 2027 coniunxit.
1513 1995 1593 2023 homo
1610 2003 1662 2023 non
1671 2001 1794 2031 separet.
1813 1998 1923 2027 Dicunt

1098 2029 1124 2057 ei
1137 2029 1305 2065 Quare'ergo
1321 2030 1426 2066 Moyses
1439 2031 1574 2058 mandavit
1589 2031 1647 2059 dari
1655 2029 1788 2094 éibellum
1803 2035 1922 2069 repudii

1102 2070 1130 2092 et
1150 2065 1288 2092 dimittere
1304 2073 1374 2093 eam.
1389 2065 1431 2092 Ait
1448 2067 1511 2094 illis.
1528 2066 1641 2094 Propter
1675 2068 1788 2094 uritiam
1821 2070 1922 2094 mrdie

1102 2070 1130 2092 et
1150 2065 1288 2092 dimittere
1304 2073 1374 2093 eam.
1389 2065 1431 2092 Ait
1448 2067 1511 2094 illis.
1528 2066 1641 2101 Propter
1655 2065 1788 2097 duritiam
1821 2065 1925 2099 cordis

1099 2102 1194 2138 vestri.
1204 2101 1325 2136 permisit
1335 2101 1525 2138 vobisMoyses
1534 2102 1669 2138 dimittere
1677 2111 1781 2131 uxores
1792 2111 1923 2134 vestras.

1098 2136 1214 2177 ablnitio
1234 2141 1323 2177 autem
1339 2136 1526 2177 non_fuit'sic.
1541 2137 1607 2166 Dico
1626 2144 1718 2177 autem
1730 2140 1828 2177 vobis
1853 2143 1924 2177 quia

1098 2172 1262 2210 quicumque
1281 2172 1413 2210 dimiserit
1429 2181 1540 2210 uxorem
1556 2181 1632 2202 suam
1650 2174 1686 2210 (ε)
1709 2175 1763 2203 nisi
1786 2176 1829 2204 ob
1854 2172 1926 2206 c'au-

1098 2214 1168 2244 sam
1181 2207 1375 2235 fornicationis.
1390 2208 1412 2244 1‘
1422 2212 1449 2236 et
1460 2209 1539 2236 aliam
1552 2207 1682 2237 duxerit.’
1696 2218 1865 2240 moecatur.
1895 2219 1926 2242 et

1097 2244 1143 2277 qtti
1155 2243 1294 2271 dimissam
1306 2243 1411 2272 duxerit
1424 2250 1571 2272 moecatur.
1584 2244 1618 2272 Et
1628 2245 1755 2273 dixerunt
1783 2248 1814 2275 ei
1831 2248 1926 2277 disci-

1096 2279 1153 2313 puli
1165 2279 1222 2313 ejus
1235 2279 1264 2307 Si
1279 2281 1314 2306 ita
1330 2285 1371 2308 est
1383 2287 1464 2308 causa
1471 2279 1589 2309 hominis
1603 2280 1786 2312 cumduxore
1801 2291 1926 2314 nonex—

590 2335 785 2364 VABIANTES
804 2335 997 2364 LECT-lONES
1017 2336 1153 2366 CODICIS
1172 2337 1226 2366 MS.
1248 2338 1276 2367 5-
1298 2337 1553 2367 GERMANENSIS.

271 2384 279 2400 ¹
299 2384 410 2409 Iudaeae
422 2388 488 2410 trans

270 2417 281 2431 ²
299 2423 329 2441 ex
343 2422 436 2441 caussa.
450 2416 479 2440 Et
490 2414 644 2446 respondens
653 2414 726 2439 Jesus
736 2415 770 2439 ait
781 2415 819 2439 eis

271 2448 283 2464 ⁸
298 2448 356 2473 fecit
366 2449 396 2472 ah
409 2447 478 2471 initio
490 2445 505 2464 ὶι

269 2479 281 2494 ι
298 2485 350 2508 eos.
361 2482 388 2504 et
399 2478 544 2504 benedixit:
556 2477 661 2508 Propter
670 2477 716 2501 hoc
727 2476 848 2508 relinquit

267 2510 280 2527 ⁸
296 2510 433 2542 conjunxit,
445 2509 517 2534 homo
528 2514 577 2535 non
589 2507 700 2540 separet.
712 2512 772 2540 etc.,
785 2507 810 2534 ul
826 2507 900 2541 Vulg.

1126 2385 1138 2432 :
1253 2417 1298 2454 nisi
1309 2417 1449 2454 ob‘causant
1462 2416 1641 2449 fornicationis,
1655 2420 1683 2443 et
1692 2417 1769 2443 aliam
1788 2418 1926 2453 duxerit,

1094 2448 1246 2473 moechatur.
1259 2448 1352 2474 Dicunt

1105 2499 1106 2502 η
1126 2479 1138 2495 ⁸
1155 2479 1201 2505 νὴιί
1212 2485 1267 2507 cum

901 2549 1016 2581 ΒΙΑΝο
1021 2551 1096 2586 HINI:
1109 2552 1226 2582 NOTAE.

272 2605 285 2619 ει
303 2600 350 2627 Sic
361 2599 433 2633 legas
450 2596 521 2632 apttd
536 2595 667 2624 llilarium
684 2596 710 2624 in
726 2600 801 2624 textu
815 2595 1035 2630 Commentario-

233 2643 294 2664 rum
308 2636 334 2662 iu
349 2634 512 2661 Matthaeum.

269 2671 283 2691 ι’
297 2671 422 2705 Vulgata,
438 2671 481 2705 qui
498 2668 556 2703 fecit
577 2668 706 2705 hominem
718 2669 757 2705 rab
771 2668 858 2695 inilio.
879 2669 1032 2705 Utrumque

231 2708 331 2734 omittit
344 2704 482 2740 exemplar
494 2704 660 2732 Corbeiense
674 2725 689 2740 ,ί
698 2704 725 2731 id
746 2710 805 2736 esti,
821 2704 954 2732 hominem
964 2726 970 2737 ,
984 2704 1029 2740 et,

230 2743 262 2770 ab
276 2744 349 2770 initio
364 2750 374 2769 :
396 2739 483 2769 codex
496 2745 588 2767 autem
603 2739 870 2767 San-Germanensis
891 2741 958 2775 legit
969 2741 1030 2776 qui-

267 2801 303 2836 (a)
317 2800 379 2828 Post
392 2799 474 2837 fecit;
483 2798 557 2826 deest
574 2797 809 2837 ltomirtemj‘etiam
821 2798 847 2824 in
863 2803 937 2837 textu
949 2799 1057 2837 Graeco.
1070 2816 1104 2821 —
1119 2799 1158 2836 (b)
1173 2800 1237 2837 Post
1251 2802 1342 2834 vobir,
1354 2801 1431 2830 deest
1443 2802 1504 2837 quia
1518 2801 1547 2829 in
1560 2800 1620 2829 cod.

1090 2599 1167 2638 dem,
1190 2600 1222 2626 ab
1237 2600 1327 2638 initio;
1341 2600 1388 2628 sed
1403 2608 1463 2638 non
1483 2600 1566 2638 legit,
1581 2600 1721 2638 hominem.
1735 2598 1846 2638 [vim
1856 2613 1925 2637 μη-

1089 2636 1251 2673 τὶιοηᾳμυιη
1267 2636 1339 2663 idem
1353 2636 1465 2673 verbum
1478 2636 1594 2673 positum
1610 2636 1725 2673 minima
1737 2636 1923 2673 INth

1089 2670 1334 2708 apudjliieronym.
1352 2670 1495 2700 Comment
1508 2672 1535 2699 in
1552 2672 1649 2700 Matth.

1127 2712 1138 2726 ο
1154 2706 1209 2734 Sic.

1125 2741 1139 2761 ἀ
1154 2742 1256 2771 Finalis
1268 2751 1294 2770 γη
1308 2743 1405 2772 detrita
1420 2748 1463 2772 est
1476 2750 1492 2771 a
1507 2748 1670 2771 correctore.

1662 2807 1753 2835 uoque
1769 2801 1867 2833 Cant.
1882 2821 1924 2827 —

228 2833 317 2872 (cilia
331 2841 358 2873 el
373 2833 433 2873 coli.
454 2833 533 2873 Cant.
555 2833 680 2873 παρεκτρς
701 2833 778 2869 λόγου
794 2835 924 2871 πορνείας.
936 2849 973 2855 --

1103 2841 1110 2863 ι
1124 2833 1288 2869 ἠὲοεεὴίιηιτ,
1303 2833 1380 2866 deest
1401 2843 1424 2865 et
1437 2833 1485 2873 q'tti,
1496 2837 1627 2866 dimissam
1641 2833 1759 2872 duxerit,
1775 2841 1925 2871 οηοεειιαα-

227 2867 289 2906 iur,
313 2870 393 2899 etiam
414 2870 443 2898 in
466 2868 528 2897 cod.
553 2867 631 2896 Caitt.
654 2867 698 2896 hic
711 2888 719 2902 ,
735 2867 769 2896 ’et
793 2867 853 2905 cap.
875 2878 911 2904 ν,
927 2867 998 2900 νει-εξ
1012 2867 1059 2901 32.
