1990 3096
90 160 130 187 £69
530 153 755 184 EVANGELlUM
773 153 845 184 SECI

900 154 960 184 ἨΜ
979 153 1200 185 ΜΑΤΊῚΙιΕυΜ.

244 211 361 242 CODEX
381 210 648 241 VERCELLENSIS.

466 260 551 295 posita
566 260 618 287 illis
632 267 690 287 ma-

467 303 502 323 nu
513 317 521 329 ,
539 296 602 323 abiit
614 296 690 323 inde.

471 331 513 359 16.
535 331 568 359 Et
582 339 644 359 ecce
658 336 726 359 unus

466 368 580 394 accessit
593 368 626 394 ad
642 375 702 394 eum
713 388 720 401 ,

466 408 491 430 ct
506 403 572 430 dixit
587 403 623 429 illi
637 412 643 430 :

467 438 593 473 Magister
602 460 608 471 ,
625 438 687 473 quid

90 263 121 290 dit
131 262 219 291 nubere.

91 299 123 325 ll.
141 297 196 325 Dixit
205 301 286 325 autem

88 334 128 361 illis
138 333 200 361 Iesus
211 340 217 361 :
228 333 286 361 Non

88 377 160 397 omnes
168 377 191 396 ca
195 368 228 403 pi-

89 409 124 432 unt
134 405 222 432 verbum

87 440 148 473 istut,
159 440 196 467 sed
208 440 264 476 qui-

87 476 124 503 bus
134 476 207 504 datum
216 474 222 476 V
467 474 529 501 boni
547 475 641 501 facium

88 512 119 538 t2.
136 516 177 539 est.
190 511 252 539 Sunt
263 512 339 542 enim
467 515 494 536 ut
510 510 621 538 habeam

84 547 249 582 spadones,qui
466 545 548 582 vitam
563 550 652 573 aeter-

468 581 510 608 17.
532 582 610 608 nam?
625 581 663 609 Ad
679 581 759 609 Jesus

466 616 534 644 dixit
544 616 568 644 ei
580 626 586 643 :
600 616 668 651 Quid

466 660 510 680 me
525 653 639 680 interro-

465 695 512 721 gas
522 688 556 715 de
568 688 658 716 bono?

466 722 540 751 Unus
553 728 595 751 est
611 724 659 752 bo-

84 582 111 610 de
121 583 194 610 matris
205 586 278 613 utero

83 617 114 645 sic
122 619 164 645 nati
174 624 244 646 sunt:

82 658 159 681 etsunt
169 661 221 689 spa-

82 688 158 721 dones,
169 688 208 723 qui

80 724 128 752 {acti
138 730 190 752 sunt
199 725 232 753 ab

80 759 221 791 hominibus;
466 766 526 787 nus.
542 759 595 787 Sed
609 760 650 787 vis

81 799 101 822 et
112 801 161 824 sunt
172 796 260 832 spado-
466 794 492 832 in
504 794 586 832 vitam
599 803 644 823 ve-

78 839 126 871 rres,
184 830 214 860 'se
466 830 541 857 nire?
554 836 632 859 serva

78 870 134 900 ipsos
146 876 218 896 eunu.
467 870 619 901 praecepta.

466 901 509 937 is.
531 902 601 929 Dicit
613 901 650 929 illi
664 912 669 928 ι
684 901 776 937 Quae?

464 936 542 965 Jesus
556 943 645 965 autem
659 936 725 966 dixit
739 948 744 964 ε

536 972 595 1000 Non
608 974 678 1000 υεεὶ-

76 902 204 931 cizareruut

75 944 165 972 propter
178 947 232 975 reg-

76 981 126 1000 num
137 975 271 1003 caelorum.

539 1008 586 1036 des
600 1018 606 1035 :
623 1009 680 1036 Non

537 1044 678 1072 moecabe-

536 1079 575 1107 ris
588 1088 594 1106 :
607 1080 665 1107 Non
677 1085 706 1108 a-

536 1114 686 1144 dulterabis
699 1124 706 1144 :

73 1008 113 1041 Qui
130 1014 207 1045 potest
227 1045 233 1051 .

72 1050 279 1121 ἷξῗθῷῗιῆἓδοῗῗὲίὶ
294 1084 358 1110 sunt

72 1117 91 1142 ei
101 1117 201 1144 infantes
209 1138 215 1150 ,

73 1155 95 1190 ut
105 1160 188 1180 manus
201 1152 237 1180 eis
537 1150 595 1190 Νοῃ
610 1150 674 1179 fact-

72 1186 205 1220 inponeret.
221 1193 246 1217 et
537 1193 567 1214 es
581 1186 680 1214 furtum
694 1195 700 1213 :

71 1228 167 1251 curaret.
183 1224 236 1251 Dis-
539 1221 596 1250 Non
611 1222 705 1250 falsum

72 1258 135 1290 cipuli
151 1264 234 1287 autem
543 1258 694 1285 testimoni-

70 1292 115 1329 ejus
128 1294 244 1329 prohibe-
539 1301 583 1321 um
597 1293 688 1320 dices:

69 1327 120 1356 bant
127 1327 177 1357 eos.
540 1328 583 1356 19.
607 1329 714 1357 Honora

1645 159 1698 187 270

1113 213 1231 243 CODEX
1251 212 1476 243 VERONENSIS.

900 259 975 295 pedit
988 261 1100 288 nubere.

901 296 945 323 11.
966 295 1038 323 Dixit
1049 300 1137 325 autem

901 331 956 358 illis
968 331 1067 359 Jesus:

899 366 959 394 Non
973 375 1068 395 omnes
1083 374 1129 396 (ξας

900 403 976 438 piunt
992 403 1104 431 verbum

900 439 978 469 isrut,
991 438 1039 466 sed
1049 439 1106 473 qui-

866 500 870 508 ,
896 473 949 501 bus
962 473 1052 501 datum
1064 479 1115 502 est.

901 509 946 537 13.
966 509 1035 537 Sunt
1049 510 1122 538 enim

899 545 1049 580 spadones,
1063 547 1108 580 qui

901 581 935 608 de
950 582 1045 609 matris
1060 589 1124 610 suae

902 621 980 644 utero
989 617 1029 644 sic
1041 617 1095 644 nati

900 656 981 680 sunt:
995 655 1099 680 etsunt

900 687 1035 723 spadones
1045 708 1052 720 ,
1065 687 1109 723 qui

900 723 964 751 facti
978 728 1041 751 sunt
1056 731 1070 750 a

901 759 1057 786 hominibus
1071 768 1077 786 :
1093 763 1120 787 et

900 800 963 836 sunt
977 793 1126 836 spadones,

899 838 944 865 qm
960 837 990 858 se
1005 838 1079 865 ipsos

899 870 1086 895 castraverunt

899 907 1010 938 propter

900 945 1013 973 regnum

898 974 1034 1001 caelorum
1040 993 1046 1000 .

900 1009 951 1042 Qui
961 1013 1052 1044 potest
1061 1017 1106 1039 ca-

901 1052 966 1079 pere
976 1065 983 1075 .
1000 1052 1030 1072 cn
1034 1047 1098 1080 piat.

902 1080 948 1108 15.
968 1080 1044 1108 Tunc
1055 1081 1104 1109 ob-

901 1115 949 1143 lati
962 1121 1025 1146 sunt
1038 1117 1063 1145 ei

901 1152 994 1186 pueri,

903 1191 931 1214 ut
946 1195 1043 1215 manus

902 1222 943 1250 eis
956 1224 1126 1259 imponeret,

902 1262 930 1286 et
944 1264 1045 1287 oraret.

902 1293 1062 1331 Discipuliha
1068 1303 1099 1324 u-

903 1334 956 1357 tem
968 1329 1149 1365 prohibebant

1320 261 1363 288 15.
1388 262 1419 287 lit
1430 261 1563 295 impositis

1320 296 1373 323 illis
1385 297 1510 323 munibus
1524 318 1531 330 ,

1320 332 1383 358 abiit
1400 332 1470 359 inde.

1322 368 1363 394 tu.
1387 368 1420 394 Et
1434 375 1498 395 ecce
1511 375 1582 396 unus

1320 404 1434 429 accessit
1451 404 1483 430 ad

1321 438 1395 465 illum
1407 460 1414 470 ,
1439 444 1465 466 cl.
1484 440 1521 466 ait

1321 474 1357 500 illi
1374 483 1379 500 :
1394 474 1519 509 Magister

1321 510 1391 537 boue
1402 531 1409 540 ,
1420 511 1482 544 quid

1322 545 1385 572 boui
1402 546 1495 573 facium

1322 586 1351 608 ut
1366 582 1477 608 habeant
1491 583 1530 609 vi—

1321 621 1374 644 tam
1389 617 1545 646 aeternam?

1322 652 1355 679 17
1374 652 1415 680 Ad
1429 652 1508 681 Jesus
1522 653 1563 681 di-

1320 688 1358 715 xit
1373 689 1398 716 ei
1411 696 1418 716 :
1434 689 1503 722 Quid

1319 731 1364 751 me
1376 724 1526 758 interrogas

1318 759 1352 787 de
1366 759 1437 787 bono
1448 758 1545 789 ?U‘nus

1318 800 1359 822 est
1376 795 1460 824 bonus

1319 830 1401 858 Deus.

1321 868 1373 894 Sed
1389 868 1412 894 si
1427 868 1467 894 vis
1483 869 1507 895 in

1321 903 1402 930 vitam
1415 909 1553 932 aeternam

1322 939 1415 966 venire
1427 959 1433 970 ,
1451 947 1527 966 serva

1321 975 1365 1001 18.
1388 975 1522 1002 mandata.
1538 974 1584 1002 Di-

1320 1011 1357 1037 cit
1372 1010 1409 1036 illi
1426 1020 1431 1037 :
1450 1011 1545 1043 Quae?

1319 1046 1398 1073 Jcsus
1411 1052 1499 1073 autem

1320 1082 1388 1108 dixit
1405 1081 1483 1110 :Non
1499 1090 1544 1113 oc-

1321 1118 1388 1144 cidis
1402 1126 1408 1143 :
1425 1117 1483 1144 Non

1320 1152 1486 1182 adulter-ubis
1503 1162 1509 1180 :

1320 1188 1377 1215 Non
1392 1188 1494 1215 furtum

1319 1224 1401 1251 facies
1417 1233 1422 1250 :
1435 1224 1494 1251 Non

1318 1259 1416 1287 falsum
1432 1260 1507 1287 testi-

1317 1295 1437 1323 monium
1450 1295 1491 1323 di-

1318 1331 1361 1359 19.
1382 1338 1428 1359 ces
1444 1339 1450 1357 :
1468 1331 1575 1360 Honora

70 1363 102 1403 li.
115 1364 183 1394 Iesus
189 1374 249 1395 vero
257 1365 300 1404 (α)
307 1366 346 1395 ait
352 1365 372 1403 ί-
380 1374 387 1393 :
394 1364 432 1394 Si-

67 1403 110 1427 ntle
123 1409 210 1434 pueros
223 1423 231 1435 ,

68 1439 87 1461 et
100 1437 170 1465 nolite
181 1445 227 1466 eos

539 1369 642 1399 patrem
658 1368 701 1391 tu-

539 1408 598 1432 um,
610 1405 637 1426 et
654 1408 711 1427 Ina-

538 1441 606 1463 trem
622 1439 694 1462 tuam
709 1445 714 1461 ;

903 1365 947 1392 l4.
969 1374 1025 1393 eos.
1042 1366 1121 1396 Jesus
1137 1375 1183 1398 ve-
1318 1373 1421 1401 patrem
1437 1372 1510 1396 tuum
1523 1388 1532 1401 ,

903 1408 934 1442 [ρ
949 1401 987 1442 (α)
1001 1402 1038 1429 ait
1053 1402 1073 1437 -ι-
1090 1411 1096 1430 :

903 1435 991 1464 Sinite
1004 1435 1072 1469 eos}

902 1475 929 1507 et
944 1472 1028 1499 nolite
1043 1479 1106 1507 pro-

902 1506 996 1535 hibere
1010 1506 1050 1535 ad?
1060 1516 1104 1536 me

1317 1406 1344 1429 et
1359 1406 1474 1430 matrem

1318 1442 1390 1465 tuam
1408 1447 1414 1464 :
1429 1442 1457 1465 et
1471 1458 1478 1470 ,

1317 1472 1414 1514 diliges
1426 1480 1487 1507 pro-

1319 1516 1423 1535 lellnl
1439 1514 1513 1535 tuum

68 1471 186 1503 prohibere
200 1473 232 1502 ad
538 1476 579 1502 et,
595 1471 688 1505 diliges

66 1513 98 1541 tne
109 1509 207 1536 venire:
224 1514 263 1537 ta-
541 1508 692 1541 proximum

67 1540 116 1569 lium
126 1549 162 1571 est
173 1546 242 1574 enim
540 1540 611 1569 tuum
629 1543 664 1569 si-

64 1583 154 1611 reguum
164 1587 222 1609 cae-
514 1592 517 1595 -
540 1584 585 1605 cut
602 1582 626 1605 te
644 1577 741 1613 ipsum.

66 1612 99 1640 15.
116 1614 205 1644 lorum.
216 1615 311 1644 Etin-
467 1613 513 1641 20.
537 1614 607 1640 Dixit
622 1618 711 1640 autem

246 1670 368 1702 CODEX
386 1668 623 1700 GOBBEIENSIS.

63 1728 91 1756 dit
106 1731 207 1760 nubere.
234 1733 244 1748 ¹
273 1731 350 1759 Dixit
385 1735 473 1757 autem
504 1728 535 1755 ad
571 1728 630 1755 illos
656 1728 732 1755 Jesus
760 1737 764 1753 :
787 1728 844 1755 Non

63 1771 135 1803 omnes
166 1768 278 1803 capiunt
306 1766 415 1794 verbum
449 1764 537 1803 istud,
570 1764 737 1803 sed_qui_bus
753 1763 843 1803 datum

61 1806 99 1827 εει·
126 1800 307 1832 Sunt'enim
346 1807 358 1820 υ
394 1801 543 1836 spadones,
589 1800 634 1834 qui
678 1800 711 1826 de
750 1800 844 1826 matris

63 1841 121 1864 utero
134 1839 171 1866 sic
196 1840 251 1867 nati
277 1843 344 1866 sum
374 1847 380 1864 :
406 1835 432 1864 et
456 1841 519 1863 sunt
548 1835 700 1870 spadones,
736 1836 779 1869 qui
811 1836 844 1862 ab

62 1869 190 1902 hominibus
210 1875 276 1902 facti
301 1879 382 1902 sunt:
400 1877 500 1899 etsunt
515 1869 662 1905 spadones,
680 1871 722 1904 qui
740 1871 845 1904 svipsos

62 1907 291 1938 'Clcastraverunt
312 1913 421 1943 propter
444 1915 554 1941 regnum
575 1907 721 1934 anulorum.
736 1906 784 1943 Qui
801 1914 846 1940 po-

62 1946 214 1981 ttalcapere.
229 1942 336 1981 capiat.
352 1942 428 1971 Tunc
442 1943 521 1970 olulali
547 1949 618 1981 sunt
635 1943 679 1981 illi
704 1942 819 1981 infantes
838 1963 844 1973 ,

60 1978 173 2015 {limatius
190 1982 230 2010 eis
244 1978 423 2015 imponeret,
440 1986 465 2006 et
486 1984 585 2005 oraret.
612 1978 844 2015 llisciintlipuulcrlt

61 2012 126 2054 ‘eim
138 2012 326 2054 prohibebant
342 2023 398 2043 eos.
420 2015 580 2054 testisvero
594 2014 653 2054 ait:
672 2022 677 2038 :
695 2013 780 2040 Sinite
792 2033 797 2043 ,
810 2017 846 2052 ἐι

60 2051 124 2080 "(dite
136 2048 182 2081 Eos
203 2053 359 2090 prohibere
373 2053 464 2090 venire
477 2049 509 2090 ad
520 2057 594 2090 _me_:_
609 2049 705 2090 tuliutrr
718 2053 759 2075 est
773 2048 844 2090 enim

58 2092 148 2120 mgnum
159 2084 320 2117 caelorum.
338 2087 369 2114 El
385 2087 394 2101 ⁵
409 2086 542 2119 impositis
559 2086 611 2112 illis
626 2085 764 2113 omnibus.
781 2084 844 2110 aluit

59 2119 115 2150 inde.
127 2123 161 2155 Ει
171 2132 236 2154 ecce
250 2131 328 2152 unus
344 2123 458 2150 accessit
479 2121 511 2147 ad
527 2129 586 2148 eum
597 2142 603 2154 ,
617 2125 643 2147 et
663 2122 700 2146 ait
717 2120 752 2146 illi
768 2128 773 2145 :
790 2119 845 2145 Illa-

57 2158 155 2196 gistet'f,
172 2160 238 2196 quid
262 2158 444 2196 buniiuciam
467 2157 624 2196 utuhalieum
646 2157 732 2196 _\'itmu
757 2160 844 2196 auter-

59 2195 142 2230 pami'
158 2191 206 2224 (Ξῖιὶ
224 2194 373 2230 respondit
387 2193 481 2230 Jesus:
497 2192 565 2230 Quid
582 2199 623 2218 me
646 2192 798 2230 ititerrngus
812 2191 845 2230 de

59 2225 242 2260 b<zrto?'Unus
258 2225 307 2259 est
323 2229 395 2257 Deus
418 2229 513 2256 honus.
533 2228 559 2255 Si
584 2232 672 2253 mrtem
694 2227 733 2253 vis
749 2227 782 2253 nd
806 2227 845 2252 \‘i-

59 2267 98 2291 tam
110 2266 250 2302 'ihgredi,
270 2273 352 2302 serva
368 2265 502 2302 "mndata.
520 2263 589 2302 Dicit
607 2263 664 2289 illi:
685 2262 779 2302 Quae?
800 2262 846 2302 .le-

58 2305 93 2325 SHS
103 2298 186 2330 aute'nt
197 2298 273 2331 dixit
288 2311 296 2328 :
312 2301 369 2328 Non
384 2300 406 2315 ¹⁰
420 2299 528 2327 occides
542 2308 547 2324 ε
564 2298 622 2325 Non
639 2298 825 2325 tuoechaheris
840 2307 845 2324 :

58 2331 103 2361 lion
119 2336 218 2366 [unum
234 2338 342 2366 facies:
360 2335 419 2363 Non
439 2335 536 2362 falsum
553 2334 734 2361 testiinonium
749 2334 824 2360 dices
838 2342 843 2358 :

57 2368 146 2410 Honora
170 2380 281 2410 patrem
312 2376 387 2399 tuum
398 2393 405 2405 ,
423 2375 449 2399 et
468 2375 582 2410 matrem
598 2375 668 2410 tuam
684 2379 693 2410 _:
710 2375 737 2397 et
751 2369 844 2403 diliges

60 2406 192 2439 proximur'n
214 2411 298 2437 tuum
323 2413 458 2442 tamquam
485 2406 609 2439 teipsuni.
633 2406 703 2432 Dixit

904 1543 998 1584 venire
1015 1551 1021 1570 :
1040 1543 1133 1572 talium
1318 1545 1388 1584 sicut
1404 1548 1429 1571 te

902 1582 943 1605 est
954 1579 1025 1606 enim
1042 1586 1085 1606 re-
1318 1579 1418 1613 ipsum.

902 1622 983 1649 gnum
998 1615 1147 1643 caelorum.
1317 1615 1365 1644 20.
1387 1614 1457 1643 Dicit
1470 1614 1507 1642 illi
1523 1614 1590 1642 adu~

1127 1671 1243 1700 CQDEX
1261 1668 1462 1701 BRIXMNUS.

897 1728 971 1764 pedit
1004 1728 1115 1758 nubere.
1153 1729 1194 1757 Ad
1236 1729 1282 1758 ille
1308 1729 1375 1757 dixit
1420 1729 1470 1760 eis.
1502 1729 1564 1758 Non
1599 1736 1695 1763 omnes

896 1767 1007 1800 capiunt
1020 1768 1130 1801 verbum
1156 1765 1226 1793 istud
1251 1765 1298 1793 sed
1322 1766 1419 1801 quibus
1439 1766 1530 1793 datum
1552 1770 1604 1793 est.
1626 1765 1696 1793 Sunt

897 1801 969 1829 enim
989 1800 1116 1828 eunuchi.
1134 1801 1178 1835 qui
1199 1809 1232 1829 ex
1254 1805 1334 1830 utero
1357 1802 1460 1828 matris.
1483 1802 1522 1828 sic
1543 1801 1598 1830 nati
1620 1806 1693 1829 sunt.

898 1840 925 1864 et
937 1841 1000 1864 sunt
1013 1837 1140 1864 eunuchi.
1156 1837 1200 1872 qui
1218 1836 1281 1864 facti
1295 1842 1358 1864 sunt
1371 1837 1404 1863 ah
1416 1836 1581 1864 hominibus.
1594 1841 1621 1864 et
1635 1841 1698 1863 sunt

898 1873 1024 1900 eunuchi.
1041 1873 1084 1907 qui
1102 1881 1131 1899 se
1152 1873 1224 1907 ipsos
1246 1876 1436 1900 castraverunt
1454 1877 1565 1905 propter
1585 1880 1696 1906 regnum

899 1908 1036 1935 caelorum
1052 1908 1102 1941 Qui
1118 1913 1206 1942 potest
1222 1916 1317 1941 cepere
1330 1909 1429 1943 enpiat.
1441 1907 1516 1934 Tunc
1530 1907 1612 1943 oblati
1633 1911 1696 1934 sunt

899 1943 923 1970 ei
936 1943 1048 1977 parvuli.
1060 1949 1088 1970 ut
1101 1952 1196 1970 manus
1207 1943 1246 1970 eis
1255 1944 1406 1978 imponeret
1417 1948 1444 1970 et
1453 1948 1554 1970 oraret.
1563 1942 1695 1976 Discipuli

898 1985 987 2006 autem
995 1979 1052 2014 ejus
1064 1979 1243 2013 prohibebant
1253 1987 1311 2006 eos.
1320 1978 1400 2006 Jesus
1407 1983 1497 2005 autem
1508 1979 1545 2005 ait
1555 1978 1616 2005 illis.
1624 1978 1694 2005 Sini-

899 2018 924 2041 te
938 2013 1072 2049 parvulos.
1091 2017 1118 2042 et
1132 2014 1215 2041 nolite
1227 2022 1274 2041 eos
1289 2014 1433 2049 prohibere
1445 2014 1537 2041 venire
1552 2013 1584 2040 ad
1600 2022 1641 2040 me
1655 2018 1695 2039 ta-

898 2048 963 2078 lium
986 2054 1028 2078 est
1048 2051 1121 2078 enim
1145 2058 1255 2084 regnum
1269 2048 1418 2077 caelorum.
1436 2050 1471 2076 Et
1494 2050 1626 2082 inponens
1652 2048 1693 2075 eis

898 2093 1004 2115 manus.
1029 2085 1095 2113 abiit
1114 2086 1187 2112 inde.
1204 2085 1237 2113 Et
1251 2093 1314 2113 ecce
1339 2092 1407 2112 unus
1422 2085 1534 2112 accessit
1547 2084 1580 2112 ad
1594 2091 1655 2111 eum
1667 2087 1695 2110 et

897 2121 963 2148 dixit
986 2121 1111 2156 Magister
1129 2121 1199 2148 boue
1227 2120 1289 2155 quid
1315 2121 1377 2148 boui
1402 2120 1513 2156 faciam.
1536 2125 1562 2147 ut
1578 2119 1692 2156 habeam

898 2157 980 2184 vitam
1005 2155 1126 2185 eternaut
1141 2156 1190 2190 Qui
1217 2156 1284 2184 dixit
1299 2157 1334 2184 ei.
1355 2155 1424 2190 Quid
1441 2164 1483 2183 me
1499 2155 1566 2182 dicis
1578 2155 1689 2182 bonum.

899 2191 985 2220 Nemo
998 2193 1085 2220 bonus
1109 2192 1160 2220 uisi
1175 2200 1244 2220 unus
1256 2193 1336 2219 Deus.
1353 2190 1381 2220 Si
1397 2196 1486 2218 autem
1509 2191 1548 2217 vis
1562 2191 1595 2218 ad
1610 2192 1692 2217 vitam

899 2228 1006 2263 ingredi
1017 2236 1095 2256 serva
1110 2228 1248 2258 mandata.
1263 2228 1303 2255 Ad
1318 2227 1443 2263 illerdixit
1456 2227 1499 2263 rei.
1512 2226 1598 2263 Quae.
1612 2226 1692 2263 Jesus

899 2262 997 2291 autem‘
1013 2263 1092 2291 dixit.
1118 2264 1175 2291 Non
1203 2263 1321 2291 occides.
1348 2262 1408 2290 Non
1429 2262 1606 2291 adulter-ubis.
1634 2262 1692 2291 Non

899 2298 912 2318 ιι
925 2299 1068 2327 iuraveris.
1083 2298 1142 2327 Non
1155 2300 1251 2327 l‘alsum
1275 2299 1460 2327 testimonium
1477 2298 1560 2325 dices.
1586 2298 1694 2325 llonora

899 2339 1003 2370 patrem
1020 2339 1093 2362 tuum
1108 2338 1136 2362 et
1150 2339 1280 2371 iniatrem.
1301 2339 1328 2361 et
1340 2334 1436 2371 diliges
1451 2334 1602 2369 proximum
1620 2338 1694 2361 tuum

899 2371 969 2398 sicut
984 2375 1010 2397 te
1024 2370 1120 2406 ipsum.
1149 2370 1217 2398 Dicit

399 2462 595 2493 VABIANTES
612 2461 807 2492 LECTIONES
825 2460 959 2493 CODICIS
978 2460 1034 2489 MS.
1054 2460 1083 2489 S.
1104 2459 1358 2495 GERMANENSIS.
1396 2458 1399 2460 ’

82 2524 88 2539 ¹
102 2524 167 2550 Dixit
177 2529 268 2552 autem
279 2525 330 2550 illis
341 2531 347 2549 :
357 2524 410 2551 Non

80 2556 88 2572 ’
101 2557 275 2583 castraverunt

81 2587 90 2602 ³
103 2589 267 2614 increpabant
281 2588 328 2613 eis.

80 2617 89 2651 ξ
104 2620 139 2645 eis
150 2628 156 2645 :
165 2617 249 2645 Sinite
262 2619 388 2651 parnt“,

78 2649 87 2666 '
103 2651 133 2677 Ut
147 2650 222 2684 Vulg.
236 2649 329 2683 usque,
341 2650 407 2675 bone

930 2522 941 2537 ⁸
961 2522 1037 2553 bone,

930 2553 940 2569 "
957 2553 1004 2610 gul
1016 2553 1078 2578 dixit
1090 2554 1130 2578 ei:
1298 2578 1300 2582 ,

930 2585 941 2601 ⁸
981 2591 1036 2609 emo
1047 2586 1126 2610 bonus
1136 2585 1182 2610 nisi
1192 2591 1256 2610 unus
1266 2585 1300 2610 Dc

930 2585 941 2601 ⁸
957 2585 1036 2610 Nemo
1047 2586 1126 2610 bonus
1136 2585 1182 2610 nisi
1192 2591 1256 2610 unus
1266 2585 1336 2611 Deus
1348 2585 1370 2610 ο.

930 2616 941 2632 ’
959 2616 1056 2641 venire.

931 2647 954 2663 ιο
974 2647 1005 2672 Ut
1019 2646 1093 2679 Vulg.
1106 2653 1190 2680 usque,
1205 2647 1354 2674 adolescens.

699 2688 882 2720 BLANCHINI
900 2688 1017 2720 NOTAE.

80 2746 92 2760 ³
106 2741 222 2772 Tertull.
238 2747 270 2771 et
281 2740 409 2778 Cyprian.
420 2739 513 2778 legunt
527 2745 588 2766 cum
604 2737 709 2778 duobus
725 2744 789 2778 mss.
803 2743 851 2778 ne

56 2779 106 2805 uris
128 2774 379 2811 codicibus,’iuut
400 2774 547 2812 spadones;
575 2778 602 2812 et
628 2774 671 2801 ita
694 2777 852 2812 constanter

58 2818 138 2853 lNuneu
152 2809 316 2849 spadonum
333 2809 454 2853 retinéu;
463 2810 490 2839 iu
506 2810 611 2838 caeteris
626 2817 675 2845 pro
688 2809 797 2837 nomine
807 2814 854 2837 eu-

57 2850 208 2879 unchorum.

84 2915 115 2951 (α)
129 2916 199 2946 Post
213 2915 255 2943 ait
267 2934 278 2951 ,
295 2913 370 2945 deest
384 2916 421 2943 eis
431 2934 440 2948 ,
455 2912 539 2942 etiam
560 2912 588 2942 in
603 2916 675 2941 textu
692 2910 800 2940 Graeco.

940 2735 954 2792 ἲ
968 2736 1168 2807 ῗὶὲἱιυεοτὶριυε
1180 2771 1272 2800 Codex
1289 2769 1547 2802 San-Gertnanensls
1557 2768 1643 2797 habet
1655 2767 1699 2807 hic

905 2809 978 2843 loci,
992 2809 1065 2844 quod
1079 2804 1185 2844 ple-gitur
1200 2809 1270 2844 apud
1288 2808 1407 2838 Murcum
1425 2814 1485 2841 cap.
1505 2813 1523 2832 x
1536 2824 1543 2837 ,
1560 2812 1631 2833 vers.
1655 2804 1700 2831 18.
