3980 6192
194 184 292 243 τη»

1148 185 1603 246 EVANGELIUM
1640 184 2008 245 SECUNDUM
2043 187 2478 247 ΜΑΤΤΗίΕυΜ.

578 302 814 359 CODEX
858 301 1401 360 VERCELLENSIS.

197 414 285 454 xu.
315 396 484 452 tribus
510 396 591 451 ls—

199 469 383 524 trahe].

197 541 279 596 29.
327 539 391 595 Et
415 538 586 594 omnis
614 538 711 609 qui
742 552 829 594 re-

199 612 415 682 liquerit
435 609 652 665 domum
674 651 690 673 ,

195 683 273 737 vel
301 682 490 736 fratres
511 722 527 746 ,

195 762 279 808 aut
304 767 515 808 θοι-οης
537 792 555 817 ,

196 833 284 880 aut
308 835 512 895 patrem
538 862 555 886 ,

197 904 278 950 aut
314 905 538 950 matrem
563 934 580 958 ,

196 976 276 1020 aut
299 966 437 1021 ﬁlios
461 1007 476 1030 ,
505 973 599 1018 aut

197 1053 342 1108 agros
364 1079 378 1101 ,
406 1043 632 1107 propter

197 1123 382 1164 nomen
404 1123 516 1162 me-

195 1196 276 1234 um
295 1223 311 1244 ,
340 1177 594 1247 centuplo

199 1251 419 1322 accipiet
444 1290 460 1317 ,
490 1256 549 1303 et
571 1247 654 1302 vi—

194 1329 295 1376 tam
320 1332 592 1377 aeternam

194 1394 276 1448 30.
312 1390 629 1462 possidebit.
658 1387 800 1444 Mul-

196 1465 232 1518 ti
255 1473 424 1520 autem
453 1469 586 1517 sunt

196 1535 341 1604 primi
371 1535 555 1589 novis-

194 1603 302 1659 Simi
323 1649 340 1673 ,
369 1617 423 1661 et
451 1603 643 1659 novis-

195 1678 308 1732 simi
328 1677 508 1748 primi.

369 1789 598 1848 CAPUT
629 1790 752 1846 XX.

192 1888 238 1940 1.
276 1884 461 1942 Simile
484 1895 565 1940 est
593 1884 740 1939 enim

196 1997 264 2011 ..
309 1996 324 2010 .
403 1956 810 2012 ..umcaelo-

190 2043 306 2084 rum
345 2027 548 2081 homini

190 2099 336 2170 patri
363 2097 592 2170 familias
606 2137 623 2164 ,

187 2169 281 2240 qui
311 2169 447 2224 exiit
475 2169 582 2237 pri-

190 2255 283 2296 mo
313 2254 475 2294 mane
501 2254 628 2294 con—

189 2312 389 2394 ducere
411 2325 600 2392 opera-

189 2397 298 2438 HOS
327 2398 380 2436 111
402 2396 551 2436 Vme-

1020 397 1209 451 lioram
1227 397 1386 452 terti-

1018 483 1103 522 am
1134 509 1150 534 ,
1181 467 1258 538 (a)
1289 467 1492 523 invenit
1518 467 1562 538 ἰ-

1017 540 1159 594 alios
1185 546 1394 595 stantes

1020 610 1075 664 in
1100 609 1217 665 l‘oro
1243 611 1382 665 otio—

1018 678 1074 735 4.
1118 695 1208 735 sos
1228 720 1243 746 ,
1273 692 1328 737 et
1353 680 1489 736 dixit
1517 680 1582 736 il—

1021 751 1084 806 lis
1116 769 1132 808 :
1164 752 1241 807 Ite
1269 761 1326 807 et
1346 767 1442 807 vos

1021 823 1095 877 in.
1146 863 1160 876 .
1205 863 1220 878 .
1262 839 1422 879 neam

1017 909 1091 949 m.
1136 933 1152 948 .
1197 935 1213 948 .
1259 934 1273 948 .
1321 935 1334 947 .
1368 893 1514 964 quod

1019 963 1514 1020 .....mfue-

1017 1035 1090 1090 rit
1115 1035 1258 1090 dabo
1285 1052 1380 1090 vo—

1017 1106 1072 1162 5.
1114 1106 1218 1163 his.
1252 1106 1332 1161 illi
1354 1114 1536 1162 autem

1016 1179 1285 1249 abierunt.
1319 1176 1393 1249 (c)

1015 1248 1212 1304 lterum
1235 1248 1277 1319 -ί-
1303 1248 1435 1304 exiit
1464 1248 1571 1303 cir-

1016 1334 1076 1375 ca
1104 1329 1310 1374 sextam
1340 1329 1396 1374 θι

1018 1406 1212 1446 nonam
1242 1390 1435 1445 horam
1467 1407 1483 1443 :

1017 1461 1148 1517 fecit
1175 1461 1454 1520 similiter.

1015 1532 1068 1587 6.
1109 1531 1263 1588 Circa
1295 1533 1466 1590 unde-

1014 1606 1155 1659 cima
1178 1613 1357 1659 autem

1016 1676 1181 1740 exiit,
1211 1684 1268 1731 et
1293 1677 1446 1732 inve-

1017 1748 1258 1816 nit_alios
1285 1756 1435 1801 stan-

1017 1828 1098 1873 tes
1117 1859 1134 1885 ,
1165 1828 1219 1872 et
1247 1818 1379 1873 dicit
1410 1820 1474 1874 il-

1015 1889 1083 1944 lis
1115 1907 1130 1943 :
1161 1888 1298 1956 Quid
1329 1889 1417 1944 hic

1013 1960 1169 2014 statis
1199 1968 1312 2014 tota

1014 2030 1068 2084 7.
1105 2031 1191 2086 die
1215 2030 1420 2085 otiosi?
1450 2030 1539 2086 Di-

1016 2103 1222 2157 cuut'ei
1249 2119 1263 2155 :
1294 2101 1431 2169 Quia

1017 2187 1178 2228 nemo
1206 2186 1308 2228 nos

1016 2243 1297 2298 conduxit.

1015 2315 1157 2370 Dicit
1184 2314 1291 2369 illis
1315 2331 1329 2368 :

1015 2385 1093 2442 Ite
1121 2393 1178 2439 et
1209 2399 1306 2440 vos
1333 2386 1386 2440 in

2317 305 2552 366 CODEX
2591 307 3046 366 VERONENSIS.

1879 408 2068 454 cantes
2091 398 2303 454 duode-

1872 470 1982 526 cim
2011 469 2182 525 tribus
2207 469 2257 526 ls

1882 540 2083 596 trahel.

1878 611 1972 667 29.
2015 613 2083 666 Et
2111 613 2291 669 omnis

1925 684 1979 738 ui
2013 682 2299 752 reliquerit

1926 769 2131 816 omum,
2165 753 2248 809 vel

1888 824 2132 889 fratrem,
2164 834 2261 880 aut

1887 910 2131 960 sorores,
2161 906 2254 950 aut

1887 975 2141 1029 matrem,
2169 979 2264 1024 aut

1886 1037 2050 1102 ﬁlios,
2081 1045 2175 1091 aut

1885 1122 2066 1178 agros,
2101 1119 2324 1180 prOpter

1883 1194 2086 1234 nomen
2116 1193 2321 1248 meum,

1881 1251 2192 1319 centuplum
2223 1267 2314 1309 ac-

1882 1322 2066 1390 cipiet,
2095 1329 2151 1375 et
2178 1324 2259 1378 vi-

1886 1401 1993 1446 tam
2012 1400 2287 1450 aeternam

1884 1460 2202 1531 possidebit.

1883 1534 1972 1589 30.
2016 1532 2165 1590 Multi
2195 1547 2375 1594 autem

1883 1613 2010 1660 sunt
2040 1605 2202 1673 primi

1884 1677 2191 1745 nobissimi,
2218 1686 2271 1735 el

1883 1746 2168 1803 tiobissimi

1882 1820 2064 1888 primi.

2067 1932 2297 1990 CAPUT
2336 1932 2457 1988 XX.

1878 2027 1930 2081 1.
1974 2025 2163 2082 Simile
2193 2034 2278 2080 est

1874 2112 2100 2166 regnum
2126 2096 2308 2151 caelo-

1878 2184 1998 2222 rum
2031 2168 2237 2224 homini

1877 2237 2278 2308 patrifamilias,

1875 2310 1969 2380 qui
1997 2309 2132 2365 exiit
2170 2310 2279 2379 pri-

1876 2395 1968 2436 m0
1993 2395 2154 2436 mane
2179 2395 2279 2437 COﬂ
2289 2413 2314 2426 -

1875 2451 2078 2508 ducere
2104 2466 2296 2520 opera-

1877 2524 1987 2578 rios
2018 2523 2071 2578 in
2101 2526 2315 2579 vineam

1875 2594 1931 2648 2.
1973 2611 2150 2652 suam.
2193 2600 2338 2652 Con-

1878 2667 2135 2723 ventione
2166 2682 2263 2724 au-

1843 2759 1851 2766 ·
1878 2746 1987 2793 tem
2016 2739 2156 2794 facta
2180 2755 2302 2797 cum

1876 2811 2139 2880 operariis
2167 2826 2236 2866 ex

1878 2879 2103 2936 denario
2128 2883 2275 2939 diur—

2722 401 2867 458 circa
2899 402 3090 458 horam

2720 473 2959 545 tertiam,
2996 472 3074 545 (a)
3104 474 3188 530 in-

2720 545 2870 600 venit
2897 544 2939 615 -ι-
2965 543 3103 615 alitis

2721 623 2928 670 stantes
2954 615 3008 670 in
3037 614 3156 675 foro

2720 685 2777 739 4.
2820 687 3044 749 otiosos,
3077 698 3134 745 et

2721 756 2800 812 ait
2827 757 2932 813 illis
2952 776 2964 810 :
3001 756 3084 812 Ite

2723 840 2780 883 et
2811 842 2910 882 vos
2940 828 2990 882 in
3024 827 3101 897 (b)
3129 829 3214 886 vi-

2723 913 2881 954 neam
2909 901 2972 969 1-,
3001 908 3056 953 et

2723 969 2867 1040 quod
2903 971 3112 1039 justum

2719 1039 2885 1095 fuerit
2914 1040 3057 1096 dabo

2719 1110 2772 1166 5.
2815 1111 2992 1166 vobis.
3035 1110 3116 1170 Illi
3144 1130 3248 1172 au-

2721 1189 2832 1236 tem
2863 1182 3136 1240 abierunt.

2719 1250 3025 1327 (cinerum
3053 1255 3096 1327 1‘

2718 1323 2855 1377 exiit
2882 1325 3028 1378 circa
3057 1323 3184 1383 sex-

2722 1401 2829 1447 tam
2858 1403 2910 1450 et
2940 1410 3137 1453 nonam

2720 1462 2910 1519 horam
2935 1483 2949 1517 :
2990 1474 3046 1519 et
3071 1468 3150 1524 fe-

2719 1535 2794 1589 cit
2817 1534 3089 1593 similiter.

2719 1605 2771 1660 6.
2815 1604 2974 1661 Circa
3002 1610 3232 1669 undeci-

2718 1691 2862 1730 mam
2896 1686 3075 1734 autem
3107 1685 3238 1739 exiit

2717 1755 2770 1801 et
2798 1747 3007 1803 invenit
3031 1751 3170 1808 alios

2717 1827 2945 1883 stantes,
2977 1830 3031 1875 et
3056 1821 3189 1879 dicit

2717 1888 2824 1944 illis
2847 1908 2862 1945 :
2897 1891 3038 1956 Quid
3066 1891 3155 1950 hic

2717 1961 2876 2015 statis
2906 1970 3016 2016 tota
3043 1962 3132 2019 die

2719 2031 2772 2084 7.
2815 2032 2976 2086 otiosi
2999 2033 3024 2087 ?
3065 2034 3156 2090 Di-

2716 2111 2846 2156 cunt
2872 2103 2922 2157 ei
2951 2120 2965 2157 :
2998 2103 3137 2170 Quia

2716 2188 2877 2228 nemo
2899 2175 3159 2233 conduxit

2711 2259 2832 2298 nos.
2861 2245 2999 2301 Dicit
3024 2245 3092 2300 il-

2709 2313 2776 2370 lis
2810 2334 2822 2369 :
2853 2316 2928 2371 Ite
2945 2328 2999 2372 et

2708 2399 2805 2442 vos
2834 2391 2886 2442 In
2911 2393 3123 2448 vineam

2708 2473 2906 2518 meam.

2705 2531 2760 2585 8.
2797 2531 2932 2590 Cum
2955 2550 3080 2593 sero

2706 2610 2890 2660 autem
2919 2607 3118 2666 factum

2705 2682 2884 2741 esset,
2913 2678 3046 2733 dicit

2709 2745 2962 2804 dominus
2993 2752 3076 2806 vi-

2703 2831 2838 2890 neae
2858 2834 3115 2890 procura-

2705 2889 2808 2942 tori
2831 2889 2930 2944 suo
2954 2909 2967 2944 :
2996 2893 3146 2950 Voca

3387 187 3500 245 επ

187 2455 242 2508 2.
276 2469 362 2507 am
390 2467 562 2508 suam.
584 2450 727 2510 Con—
1012 2458 1223 2513 vineam
1253 2471 1374 2512 me-

188 2524 437 2580 ventione
1013 2529 1069 2584 8.
1111 2544 1218 2584 am.
1254 2526 1390 2583 Cum

189 2605 369 2651 autem
398 2595 535 2651 facta
1015 2613 1526 2660 ser........m

187 2682 307 2742 cum
334 2668 572 2742 operari—
1017 2671 1214 2726 factum
1243 2713 1258 2726 .
1291 2709 1306 2725 .
1347 2714 1358 2724 .
1392 2681 1499 2742 set,

190 2739 234 2792 is
263 2755 329 2792 ex
359 2738 583 2794 denario
1016 2741 1148 2798 dicit
1176 2742 1430 2802 dominus

185 2809 379 2864 diurno
402 2851 426 2882 ,μ
448 2809 547 2882 mi:
1012 2814 1203 2869 vineae
1226 2830 1350 2882 pro-

190 2882 258 2935 sit
289 2894 383 2936 eos
412 2880 466 2936 in
491 2881 646 2936 vine-
1006 2880 1242 2940 curatori
1267 2902 1404 2942 suo:

187 2967 472 3026 am_suam.
1021 2956 1167 3011 Voca
1199 2971 1392 3026 opera-
1471 2959 1474 2961 λ

188 3023 242 3076 3.
277 3022 340 3077 Et
370 3037 622 3094 egressus
1015 3027 1150 3091 rios,
1179 3022 1388 3083 etred-

192 3095 380 3149 iterum
410 3096 556 3150 circa
1017 3097 1087 3153 de
1111 3098 1221 3154 illis
1247 3116 1391 3157 mer-

611 3232 844 3290 CODEX
883 3232 1349 3294 CORBEIENSIS.

191 3349 470 3425 duodecim
496 3350 670 3425 tribus
686 3350 1135 3408 Israel.Etomnis
1160 3353 1486 3425 quicumque
1498 3354 1784 3424 reliquerit

191 3421 428 3486 domum,
441 3423 526 3477 vel
542 3424 755 3486 fratres,
770 3433 861 3477 aut
873 3434 1141 3489 sorores,"
1156 3437 1244 3479 aut
1261 3421 1610 3492 tuatrem,aut
1622 3421 1779 3492 iilios,

191 3504 278 3545 aut
295 3509 474 3563 agros,
505 3502 726 3563 propter
753 3511 947 3549 nomen
976 3511 1177 3562 meum,
1202 3498 1509 3564 centuplum
1531 3498 1780 3566 accipiet,

192 3573 242 3617 et
267 3566 430 3646 vitam
451 3566 1256 3646 aeternampossidebit._Multi
1286 3568 1430 3623 enim
1463 3581 1590 3623 sunt
1623 3568 1784 3637 primi

194 3637 465 3706 novissimi
492 3679 509 3702 ,
542 3647 598 3692 et
628 3637 906 3690 novissimi
952 3640 1130 3706 primi.

405 3707 598 3762 Simile
621 3704 963 3780 estrregnum‘
995 3710 1275 3764 coelorum
1309 3711 1512 3764 homini
1555 3709 1779 3780 patrifa-

193 3778 364 3851 milias
391 3819 407 3837 .
431 3780 526 3848 qui
551 3781 566 3810 ¹
587 3779 757 3851 exivit
779 3781 953 3848 primo
984 3797 1141 3836 mane
1169 3781 1474 3836 conducere
1496 3778 1778 3851 operarios

192 3848 242 3900 in
264 3847 678 3924 vineam‘suam.
711 3847 1084 3924 Cenveutione
1111 3863 1290 3907 autem
1321 3854 1457 3906 facta
1488 3847 1608 3906 cum
1649 3867 1782 3924 ope-

189 3920 344 3973 rariis
373 3937 442 3975 ex
467 3921 694 3976 denario
712 3921 941 3986 diurno,
966 3924 1114 3977 misit
1142 3938 1237 3978 eos
1268 3927 1320 3977 in
1363 3924 1576 3977 vineam
1605 3920 1777 3977 suam.

189 3987 252 4043 Et
283 4007 541 4060 egressus
569 3995 712 4046 circa
757 3993 945 4047 horam
976 3995 1208 4059 tertiam,
1241 3996 1372 4048 vidit
1399 3995 1531 4048 alios
1579 4005 1784 4049 stantes

188 4062 236 4112 in
271 4064 391 4116 loro
419 4065 725 4126 otiosos,et
751 4065 886 4118 dixit
913 4067 1051 4118 illis:
1106 4066 1182 4120 Ite
1236 4078 1292 4120 et
1343 4080 1440 4118 vos
1489 4066 1540 4118 in
1573 4067 1784 4119 vineam

189 4148 364 4185 ineam
387 4174 404 4198 ,
438 4149 486 4188 et
516 4137 658 4203 quod
686 4135 888 4203 justum
924 4137 1082 4190 fuerit
1122 4137 1264 4190 dabo
1292 4137 1466 4190 vobis.
1501 4136 1579 4190 llli
1612 4146 1788 4190 autem

185 4204 460 4258 abierunt.
491 4205 689 4260 lterum
709 4208 729 4236 ³
753 4207 922 4260 exivit
945 4209 1090 4261 circa
1137 4218 1346 4262 sextam
1376 4217 1430 4261 et
1469 4223 1668 4262 nonam
1697 4207 1794 4262 ho-

187 4289 300 4328 ram
334 4294 348 4328 ;
382 4276 405 4306 ³
437 4286 493 4330 et
533 4277 670 4331 idem
697 4277 844 4330 fecit.
881 4276 1040 4333 Circa
1078 4279 1416 4334 undecimam
1447 4294 1574 4333 vero
1602 4279 1788 4345 exivit,

184 4355 237 4424 et
270 4347 482 4424 invenit
506 4349 642 4402 alios
674 4358 920 4424 stantes,
945 4360 999 4403 et
1043 4349 1178 4424 dixit
1208 4351 1313 4424 illis
1343 4367 1356 4402 :
1391 4350 1528 4414 Quid
1569 4350 1658 4424 hic
1680 4362 1790 4403 sta-

185 4418 257 4468 tis
281 4426 390 4471 tota
416 4418 505 4472 die
527 4419 733 4473 oliusi?
758 4420 1016 4474 Dixerunt
1045 4421 1094 4475 ei
1117 4438 1130 4474 :
1157 4421 1288 4487 Quia
1324 4436 1483 4475 nemo
1535 4418 1632 4474 nos
1661 4435 1792 4475 con-

185 4487 365 4542 duxit.
431 4491 570 4544 Dicit
614 4491 720 4544 illis
775 4508 787 4543 :
834 4489 910 4544 Ite
940 4490 960 4520 ⁸
987 4501 1041 4546 et
1080 4506 1215 4558 vos,
1257 4493 1558 4560 operamini
1608 4494 1660 4545 in
1711 4494 1791 4545 vi-

187 4572 369 4612 neam.
413 4560 587 4628 Quum
641 4576 766 4615 sero
801 4569 978 4614 autem
1006 4563 1203 4616 factum
1231 4573 1397 4626 esset,
1446 4563 1577 4618 dicit
1619 4563 1795 4618 domi-

187 4631 514 4756 ιᾶαξιῖῖίηθηθ
545 4633 887 4701 procuratori
909 4648 1012 4688 suo
1039 4633 1206 4689 :Voca
1233 4635 1512 4704 operarios
1532 4675 1548 4702 ,
1586 4644 1641 4689 et
1670 4635 1794 4690 red-

226 4715 302 4754 ei
348 4718 396 4756 is
420 4719 562 4756 mer-

226 4715 260 4752 e
287 4715 396 4757 illis
420 4719 562 4759 mer-

1880 2967 1974 3035 tio,
2002 2952 2162 3035 .misit
2187 2967 2284 3010 eos

1880 3040 1934 3077 111
1966 3038 2178 3078 Vineam
2211 3039 2385 3081 suam.

1880 3094 1936 3150 3.
1981 3094 2048 3148 Et
2076 3109 2331 3165 egressus

2715 2963 2995 3027 operarios
3011 3003 3025 3026 ,
3048 2974 3103 3018 et

2715 3029 2884 3084 redde
2920 3031 3032 3086 illis
3159 3039 3172 3046 "

2715 3103 3045 3170 mercedem,

2349 3233 2581 3291 CODEX
2619 3236 3012 3297 BRIXIANUS.

1884 3347 2171 3430 duodecim
2201 3348 2374 3430 tribus
2403 3348 2431 3387 δ
2476 3348 2728 3406 Sdrahel.
2786 3353 2853 3407 Et
2881 3356 3060 3411 omnis
3087 3356 3179 3427 qui
3208 3357 3483 3430 relinquet

1885 3420 2129 3476 domum.
2170 3419 2250 3475 vel
2304 3420 2532 3487 fratres,
2585 3433 2676 3477 aut
2712 3437 2949 3497 sorores.
2980 3435 3074 3483 aut
3105 3419 3344 3497 patrem.
3369 3419 3485 3486 'aut

1887 3502 2139 3547 matrem.
2169 3501 2263 3545 aut
2293 3508 2546 3572 uxorem.
2574 3505 2667 3548 aut
2708 3495 2868 3572 filios.
2912 3506 3004 3552 aut
3045 3495 3206 3572 agros
3255 3513 3478 3572 propter

1889 3578 2088 3636 nomen
2113 3578 2299 3636 meum
2331 3565 2641 3636 centuplum
2669 3568 2980 3636 accipiet.et
3010 3565 3174 3625 vitam
3201 3565 3477 3627 aeternam

1889 3634 2211 3716 possidebit.
2263 3635 2413 3717 illiilli
2459 3645 2638 3691 autem
2666 3634 2852 3712 .eru’nt
2894 3641 3054 3710 primi
3095 3642 3381 3698 novissimi
3420 3652 3479 3698 et

1883 3719 2164 3761 novrssnmi
2197 3720 2376 3774 primi.

1955 3777 2144 3853 Simile
2187 3787 2272 3853 est
2299 3776 2444 3853 enim
2491 3792 2716 3853 regnum
2747 3780 3044 3853 caelorum.
3088 3783 3292 3838 homini
3339 3785 3480 3853 patri

1888 3847 2140 3922 familias.
2173 3848 2261 3916 qui
2303 3849 2456 3922 exiit.
2477 3849 2648 3916 prima
2672 3865 2835 3922 mane
2865 3852 3172 3908 conducere
3198 3847 3480 3922 Operarios

1891 3920 1942 3972 in
1972 3921 2183 3992 vineam
2211 3933 2385 3992 suam.
2418 3917 2790 3992 conventione
2819 3931 2998 3976 autem
3029 3922 3167 3978 facta
3195 3917 3316 3978 cum
3349 3940 3480 3992 ope-

1892 3989 2072 4044 rariis.
2101 4005 2166 4042 ex
2193 3989 2418 4043 denario
2447 3991 2664 4045 diurno.
2689 3993 2836 4045 misit
2861 4008 2956 4046 eos
2987 3995 3036 4048 in
3066 3997 3278 4049 vineam
3302 3989 3477 4050 suam.

1895 4060 1961 4115 Et
1987 4073 2241 4128 egressus
2279 4063 2423 4114 circa
2470 4061 2658 4116 horam
2702 4064 2913 4117 tertiam
2944 4065 3078 4119 vidit
3106 4067 3243 4120 alios
3273 4074 3482 4120 stantes

1895 4133 1948 4186 in
2000 4131 2123 4186 foro
2172 4132 2397 4186 otiosos.
2451 4142 2505 4186 et
2558 4134 2633 4186 ait
2681 4133 2786 4187 illis
2829 4133 2906 4188 Ite
2945 4145 2998 4190 et
3035 4152 3131 4190 vos
3168 4139 3221 4190 in
3268 4139 3482 4192 vineam

1896 4217 2092 4256 meam.
2125 4212 2179 4255 et
2205 4204 2351 4268 quod
2376 4203 2581 4274 justum
2614 4203 2777 4258 fuerit
2801 4204 2942 4258 dabo
2971 4207 3146 4261 vobis.
3192 4207 3274 4262 llli
3299 4217 3483 4262 autem

1894 4274 2166 4328 abierunt.
2200 4274 2267 4327 Et
2290 4275 2480 4328 iterum
2505 4275 2636 4328 exiit
2665 4274 2810 4328 circa
2843 4277 3029 4330 horam
3049 4286 3260 4333 sextam
3305 4289 3361 4332 et
3387 4295 3486 4332 no-

1897 4359 2043 4398 nam.
2069 4353 2124 4398 et
2146 4345 2809 4401 fecitsimiliter.'Exiieus
2838 4359 3019 4403 autem
3051 4361 3101 4402 et
3128 4350 3270 4403 circa
3291 4348 3484 4404 horam

1895 4416 2256 4470 undecimam.
2284 4417 2488 4470 invenit
2517 4417 2653 4471 alios
2676 4424 2882 4471 stantes
2938 4420 2990 4472 in
3046 4418 3166 4473 foro
3196 4421 3400 4474 otiosos
3430 4431 3487 4474 et

1901 4486 2038 4541 dixit
2063 4487 2164 4541 eis.
2185 4487 2324 4554 Quid
2354 4489 2442 4541 hic
2468 4490 2625 4541 statis
2658 4497 2766 4542 tota
2794 4487 2884 4542 die
2908 4489 3095 4546 otiosi.
3116 4490 3196 4544 Ad
3225 4492 3302 4545 illi
3325 4491 3484 4546 dixe-

1903 4567 2029 4611 runt
2054 4558 2124 4612 ei.
2149 4557 2282 4625 Quia
2313 4573 2477 4613 nemo
2497 4575 2595 4613 nos
2616 4559 2899 4613 conduxit.
2929 4560 3067 4615 Dicit
3097 4562 3178 4617 eis
3205 4562 3281 4617 Ite
3309 4573 3364 4617 et
3392 4577 3493 4617 vos

1902 4629 2206 4702 Operamini
2237 4630 2287 4682 in
2322 4629 2538 4683 vineam
2567 4645 2766 4702 meam.
2789 4641 2843 4684 et
2864 4632 3006 4699 quod
3016 4632 3220 4702 justum
3243 4642 3330 4688 est
3349 4634 3494 4688 acci-

1903 4698 2222 4768 pietis.Cum
2239 4714 2363 4754 sero
2392 4707 2573 4754 autem
2592 4701 2789 4754 factum
2811 4698 2960 4757 esSet
2978 4698 3112 4758 dicit
3129 4705 3389 4759 dominus
3415 4703 3498 4760 vi-

1901 4786 2036 4825 neae
2052 4771 2388 4840 procuratori
2403 4772 2677 4826 suo.Voca
2691 4773 2973 4840 operarios
2991 4775 3226 4832 etredde
3243 4776 3350 4832 illis
3363 4789 3500 4831 mer-

881 4883 1278 4945 VARIANTES
1315 4884 1701 4945 LECTIONES
1736 4885 2007 4946 CODICIS
2042 4886 2151 4943 MS.
2194 4886 2254 4943 S.
2295 4885 2796 4946 GERMANENSIS.

264 5007 282 5036 ¹
317 5006 439 5057 exiit

262 5069 284 5097 ¹
313 5078 473 5121 autem
491 5072 619 5122 exiit

1959 5005 1983 5037 ⁸
2016 5008 2071 5055 et
2090 5003 2209 5054 fecit
2229 5005 2459 5057 similiter

1960 5067 1984 5099 ⁸
2018 5075 2073 5118 et
2093 5080 2180 5118 vos
2195 5069 2250 5120 in
2265 5072 2462 5122 vineam
2484 5082 2662 5121 meam.

1517 5171 1886 5230 BLANCHINI
1916 5171 2144 5231 NOTAE}.

287 5298 309 5325 ι
337 5263 604 5346 Νοηηιιῆει
637 5290 972 5345 omittuntur
994 5288 1158 5344 verba
1204 5289 1256 5343 in
1283 5289 1650 5358 manuscripto
1680 5287 1816 5343 Cor-

203 5358 445 5424 beiensi.
473 5364 692 5417 scilicet
738 5370 831 5414 aut
863 5372 1091 5427 patrem,
1137 5369 1232 5426 et,
1272 5371 1361 5413 aut
1405 5377 1638 5415 uxorem.
1683 5359 1815 5428 Quae

197 5432 362 5488 etiam
407 5435 610 5491 desunt
669 5433 725 5486 in
791 5431 1157 5501 manuscripto
1215 5432 1684 5503 (lantabrigieusi,
1757 5438 1815 5485 ut

1923 5291 2577 5415 lrnolnelnthoslvariantes
2607 5292 2872 5350 lectiones
2897 5293 3138 5352 Graecae
3159 5306 3290 5353 tom.
3331 5311 3384 5351 vt
3407 5296 3517 5354 Po-

1942 5375 2007 5415 γε
2033 5374 2066 5412 0
2098 5402 2111 5415 .
2181 5377 2246 5413 011
2295 5379 2365 5415 In.

1942 5374 2111 5431 ygtot.
2135 5374 2365 5431 Longum.

1996 5430 2024 5469 ι)
2068 5429 2118 5484 D
2145 5433 2198 5486 in
2228 5429 2455 5488 Sdrahel
2489 5433 2682 5491 derasa
2709 5444 2792 5491 est
2817 5451 2850 5492 a
2877 5445 3211 5493 correctore.

283 5591 362 5665 (a)
415 5593 494 5648 ita
544 5600 600 5648 et
644 5587 776 5667 cod.
807 5586 966 5667 Qant.
1001 5587 1165 5667 εὗρεν.
1197 5621 1269 5630 —
1303 5590 1382 5661 (ὁ)
1427 5589 1557 5648 Post
1599 5593 1826 5656 vineam,
1873 5594 2030 5650 deest
2078 5610 2285 5663 meam,
2332 5605 2393 5651 ut
2442 5597 2496 5651 in
2554 5605 2702 5652 textu
2727 5597 2938 5653 Graeco.
2967 5625 3039 5638 —
3069 5596 3142 5662 (c)
3173 5566 3300 5654 Post
3325 5601 3537 5667 iterum,

190 5659 360 5720 deest
387 5677 592 5730 autent,
627 5659 800 5716 etiam
834 5660 890 5712 in
917 5659 1293 5715 textu'Gmco.
