  <div class='ocr_page' id='page_1' title='image "/cluster/home/n/w/nwhite01/storage/ocr_20150623/12/uva.x000826551/143.png"; bbox 0 0 1990 3096; ppageno 0'>
   <div class='ocr_carea' id='block_1_1' title="bbox 245 61 1078 101">
    <p class='ocr_par' dir='ltr' id='par_1_1' title="bbox 245 63 1078 101">
     <span class='ocr_line' id='line_1_1' title="bbox 245 63 1078 101; baseline -0.007 -1"><span class='ocrx_word' id='word_1_1' title='bbox 245 74 275 101; x_wconf 72' lang='grc'><strong>9·</strong></span> <span class='ocrx_word' id='word_1_2' title='bbox 282 74 298 99; x_wconf 71' lang='lat' dir='ltr'><strong>:‘i</strong></span> <span class='ocrx_word' id='word_1_3' title='bbox 510 67 648 97; x_wconf 78' lang='lat' dir='ltr'><strong>EUSEBII</strong></span> <span class='ocrx_word' id='word_1_4' title='bbox 667 65 838 96; x_wconf 78' lang='lat' dir='ltr'><strong>VERCELL.</strong></span> <span class='ocrx_word' id='word_1_5' title='bbox 861 63 1078 94; x_wconf 69' lang='lat' dir='ltr'><strong>EVA‘NCELWI</strong></span> 
     </span>
    </p>
   </div>
   <div class='ocr_carea' id='block_1_2' title="bbox 1133 61 1888 101">
    <p class='ocr_par' dir='ltr' id='par_1_2' title="bbox 1133 61 1888 94">
     <span class='ocr_line' id='line_1_2' title="bbox 1133 61 1888 94; baseline -0.003 -2"><span class='ocrx_word' id='word_1_6' title='bbox 1133 63 1181 94; x_wconf 68' lang='lat' dir='ltr'><strong>U¥</strong></span> <span class='ocrx_word' id='word_1_7' title='bbox 1206 63 1322 92; x_wconf 69' lang='lat' dir='ltr'><strong>VARHS</strong></span> <span class='ocrx_word' id='word_1_8' title='bbox 1337 63 1416 92; x_wconf 73' lang='lat' dir='ltr'><strong>COD.</strong></span> <span class='ocrx_word' id='word_1_9' title='bbox 1434 61 1634 91; x_wconf 81' lang='lat' dir='ltr'><strong>COLLATUM.</strong></span> <span class='ocrx_word' id='word_1_10' title='bbox 1836 62 1888 90; x_wconf 69' lang='lat'><strong>976</strong></span> 
     </span>
    </p>
   </div>
   <div class='ocr_carea' id='block_1_3' title="bbox 448 123 854 157">
    <p class='ocr_par' dir='ltr' id='par_1_3' title="bbox 448 123 854 157">
     <span class='ocr_line' id='line_1_3' title="bbox 448 123 854 157; baseline -0.017 -1"><span class='ocrx_word' id='word_1_11' title='bbox 448 127 563 157; x_wconf 67' lang='lat' dir='ltr'><strong>CODEX</strong></span> <span class='ocrx_word' id='word_1_12' title='bbox 582 123 854 154; x_wconf 72' lang='lat' dir='ltr'><strong>VERCELLENSIS.</strong></span> 
     </span>
    </p>
   </div>
   <div class='ocr_carea' id='block_1_4' title="bbox 253 175 441 209">
    <p class='ocr_par' dir='ltr' id='par_1_4' title="bbox 253 175 441 209">
     <span class='ocr_line' id='line_1_4' title="bbox 253 175 441 209; baseline -0.021 -4"><span class='ocrx_word' id='word_1_13' title='bbox 253 176 359 209; x_wconf 82' lang='lat' dir='ltr'><strong>cedem,</strong></span> <span class='ocrx_word' id='word_1_14' title='bbox 374 175 441 202; x_wconf 89' lang='lat' dir='ltr'><strong>inci-</strong></span> 
     </span>
    </p>
   </div>
   <div class='ocr_carea' id='block_1_5' title="bbox 254 211 469 248">
    <p class='ocr_par' dir='ltr' id='par_1_5' title="bbox 254 211 469 248">
     <span class='ocr_line' id='line_1_5' title="bbox 254 211 469 248; baseline -0.009 -9"><span class='ocrx_word' id='word_1_15' title='bbox 254 213 333 248; x_wconf 85' lang='lat' dir='ltr'><strong>piens</strong></span> <span class='ocrx_word' id='word_1_16' title='bbox 346 219 361 237; x_wconf 90' lang='lat' dir='ltr'><strong>a</strong></span> <span class='ocrx_word' id='word_1_17' title='bbox 376 211 469 238; x_wconf 79' lang='lat' dir='ltr'><strong>novis-</strong></span> 
     </span>
    </p>
   </div>
   <div class='ocr_carea' id='block_1_6' title="bbox 253 248 431 281">
    <p class='ocr_par' dir='ltr' id='par_1_6' title="bbox 253 248 431 281">
     <span class='ocr_line' id='line_1_6' title="bbox 253 248 431 281; baseline -0.017 -6"><span class='ocrx_word' id='word_1_18' title='bbox 253 248 330 275; x_wconf 82' lang='lat' dir='ltr'><strong>simis</strong></span> <span class='ocrx_word' id='word_1_19' title='bbox 345 252 431 281; x_wconf 87' lang='lat' dir='ltr'><strong>usque</strong></span> 
     </span>
    </p>
   </div>
   <div class='ocr_carea' id='block_1_7' title="bbox 254 283 419 317">
    <p class='ocr_par' dir='ltr' id='par_1_7' title="bbox 254 283 419 317">
     <span class='ocr_line' id='line_1_7' title="bbox 254 283 419 317; baseline -0.012 -7"><span class='ocrx_word' id='word_1_20' title='bbox 254 283 288 310; x_wconf 88' lang='lat' dir='ltr'><strong>ad</strong></span> <span class='ocrx_word' id='word_1_21' title='bbox 308 283 419 317; x_wconf 88' lang='lat' dir='ltr'><strong>primos.</strong></span> 
     </span>
    </p>
   </div>
   <div class='ocr_carea' id='block_1_8' title="bbox 255 315 523 346">
    <p class='ocr_par' dir='ltr' id='par_1_8' title="bbox 255 315 523 346">
     <span class='ocr_line' id='line_1_8' title="bbox 255 315 523 346; baseline -0.015 0"><span class='ocrx_word' id='word_1_22' title='bbox 255 318 282 346; x_wconf 84' lang='lat'><strong>9.</strong></span> <span class='ocrx_word' id='word_1_23' title='bbox 303 315 369 345; x_wconf 85' lang='lat' dir='ltr'><strong>Cum</strong></span> <span class='ocrx_word' id='word_1_24' title='bbox 386 315 523 344; x_wconf 84' lang='lat' dir='ltr'><strong>venissent</strong></span> 
     </span>
    </p>
   </div>
   <div class='ocr_carea' id='block_1_9' title="bbox 253 353 449 389">
    <p class='ocr_par' dir='ltr' id='par_1_9' title="bbox 253 353 449 389">
     <span class='ocr_line' id='line_1_9' title="bbox 253 353 449 389; baseline -0.02 -7"><span class='ocrx_word' id='word_1_25' title='bbox 253 361 321 389; x_wconf 73' lang='lat' dir='ltr'><strong>ergo</strong></span> <span class='ocrx_word' id='word_1_26' title='bbox 337 353 381 389; x_wconf 84' lang='lat' dir='ltr'><strong>qui</strong></span> <span class='ocrx_word' id='word_1_27' title='bbox 390 353 449 389; x_wconf 93' lang='lat' dir='ltr'><strong>_cir-</strong></span> 
     </span>
    </p>
   </div>
   <div class='ocr_carea' id='block_1_10' title="bbox 253 387 412 417">
    <p class='ocr_par' dir='ltr' id='par_1_10' title="bbox 253 387 412 417">
     <span class='ocr_line' id='line_1_10' title="bbox 253 387 412 417; baseline -0.025 0"><span class='ocrx_word' id='word_1_28' title='bbox 253 387 412 417; x_wconf 63' lang='lat' dir='ltr'><strong>ca&#39;undeci-</strong></span> 
     </span>
    </p>
   </div>
   <div class='ocr_carea' id='block_1_11' title="bbox 251 424 433 452">
    <p class='ocr_par' dir='ltr' id='par_1_11' title="bbox 251 424 433 452">
     <span class='ocr_line' id='line_1_11' title="bbox 251 424 433 452; baseline -0.005 0"><span class='ocrx_word' id='word_1_29' title='bbox 251 431 324 452; x_wconf 89' lang='lat' dir='ltr'><strong>mam</strong></span> <span class='ocrx_word' id='word_1_30' title='bbox 338 424 433 451; x_wconf 87' lang='lat' dir='ltr'><strong>horam</strong></span> 
     </span>
    </p>
   </div>
   <div class='ocr_carea' id='block_1_12' title="bbox 251 464 393 490">
    <p class='ocr_par' dir='ltr' id='par_1_12' title="bbox 251 464 393 490">
     <span class='ocr_line' id='line_1_12' title="bbox 251 464 393 490; baseline -0.021 -3"><span class='ocrx_word' id='word_1_31' title='bbox 251 464 393 490; x_wconf 81' lang='lat' dir='ltr'><strong>veneram,</strong></span> 
     </span>
    </p>
   </div>
   <div class='ocr_carea' id='block_1_13' title="bbox 252 498 417 529">
    <p class='ocr_par' dir='ltr' id='par_1_13' title="bbox 252 498 417 529">
     <span class='ocr_line' id='line_1_13' title="bbox 252 498 417 529; baseline -0.012 -7"><span class='ocrx_word' id='word_1_32' title='bbox 252 498 417 529; x_wconf 87' lang='lat' dir='ltr'><strong>acceperunt</strong></span> 
     </span>
    </p>
   </div>
   <div class='ocr_carea' id='block_1_14' title="bbox 252 528 436 565">
    <p class='ocr_par' dir='ltr' id='par_1_14' title="bbox 252 528 436 565">
     <span class='ocr_line' id='line_1_14' title="bbox 252 528 436 565; baseline -0.005 -7"><span class='ocrx_word' id='word_1_33' title='bbox 252 528 373 565; x_wconf 78' lang='lat' dir='ltr'><strong>singulas</strong></span> <span class='ocrx_word' id='word_1_34' title='bbox 388 528 436 557; x_wconf 91' lang='lat' dir='ltr'><strong>de—</strong></span> 
     </span>
    </p>
   </div>
   <div class='ocr_carea' id='block_1_15' title="bbox 252 562 498 593">
    <p class='ocr_par' dir='ltr' id='par_1_15' title="bbox 252 562 498 593">
     <span class='ocr_line' id='line_1_15' title="bbox 252 562 498 593; baseline -0.004 0"><span class='ocrx_word' id='word_1_35' title='bbox 252 562 309 593; x_wconf 51' lang='lat' dir='ltr'><strong>IO.‘</strong></span> <span class='ocrx_word' id='word_1_36' title='bbox 321 565 422 592; x_wconf 84' lang='lat' dir='ltr'><strong>narios.</strong></span> <span class='ocrx_word' id='word_1_37' title='bbox 447 562 498 592; x_wconf 79' lang='lat' dir='ltr'><strong>Ve-</strong></span> 
     </span>
    </p>
   </div>
   <div class='ocr_carea' id='block_1_16' title="bbox 252 601 424 628">
    <p class='ocr_par' dir='ltr' id='par_1_16' title="bbox 252 601 424 628">
     <span class='ocr_line' id='line_1_16' title="bbox 252 601 424 628; baseline -0.017 0"><span class='ocrx_word' id='word_1_38' title='bbox 252 601 362 628; x_wconf 87' lang='lat' dir='ltr'><strong>nientes</strong></span> <span class='ocrx_word' id='word_1_39' title='bbox 376 607 424 626; x_wconf 89' lang='lat' dir='ltr'><strong>au-</strong></span> 
     </span>
    </p>
   </div>
   <div class='ocr_carea' id='block_1_17' title="bbox 251 635 423 670">
    <p class='ocr_par' dir='ltr' id='par_1_17' title="bbox 251 635 423 670">
     <span class='ocr_line' id='line_1_17' title="bbox 251 635 423 670; baseline -0.012 -6"><span class='ocrx_word' id='word_1_40' title='bbox 251 642 308 664; x_wconf 84' lang='lat' dir='ltr'><strong>tem</strong></span> <span class='ocrx_word' id='word_1_41' title='bbox 326 641 353 663; x_wconf 91' lang='lat' dir='ltr'><strong>et</strong></span> <span class='ocrx_word' id='word_1_42' title='bbox 367 635 423 670; x_wconf 90' lang='lat' dir='ltr'><strong>pri-</strong></span> 
     </span>
    </p>
   </div>
   <div class='ocr_carea' id='block_1_18' title="bbox 256 671 439 703">
    <p class='ocr_par' dir='ltr' id='par_1_18' title="bbox 256 671 439 703">
     <span class='ocr_line' id='line_1_18' title="bbox 256 671 439 703; baseline -0.011 -4"><span class='ocrx_word' id='word_1_43' title='bbox 256 672 305 703; x_wconf 86' lang='lat' dir='ltr'><strong>mi,</strong></span> <span class='ocrx_word' id='word_1_44' title='bbox 323 671 439 697; x_wconf 89' lang='lat' dir='ltr'><strong>arbitra-</strong></span> 
     </span>
    </p>
   </div>
   <div class='ocr_carea' id='block_1_19' title="bbox 256 705 441 741">
    <p class='ocr_par' dir='ltr' id='par_1_19' title="bbox 256 705 441 741">
     <span class='ocr_line' id='line_1_19' title="bbox 256 705 441 741; baseline 0 -7"><span class='ocrx_word' id='word_1_45' title='bbox 256 707 276 734; x_wconf 89' lang='lat' dir='ltr'><strong>ti</strong></span> <span class='ocrx_word' id='word_1_46' title='bbox 292 711 356 734; x_wconf 85' lang='lat' dir='ltr'><strong>sunt</strong></span> <span class='ocrx_word' id='word_1_47' title='bbox 368 705 441 741; x_wconf 84' lang='lat' dir='ltr'><strong>quod</strong></span> 
     </span>
    </p>
   </div>
   <div class='ocr_carea' id='block_1_20' title="bbox 255 742 512 778">
    <p class='ocr_par' dir='ltr' id='par_1_20' title="bbox 255 742 512 778">
     <span class='ocr_line' id='line_1_20' title="bbox 255 742 512 778; baseline 0.004 -10"><span class='ocrx_word' id='word_1_48' title='bbox 255 742 318 778; x_wconf 86' lang='lat' dir='ltr'><strong>plus</strong></span> <span class='ocrx_word' id='word_1_49' title='bbox 332 748 393 768; x_wconf 86' lang='lat' dir='ltr'><strong>esse</strong></span> <span class='ocrx_word' id='word_1_50' title='bbox 413 762 420 768; x_wconf 88' lang='lat'><strong>.</strong></span> <span class='ocrx_word' id='word_1_51' title='bbox 445 763 451 769; x_wconf 91' lang='lat'><strong>.</strong></span> <span class='ocrx_word' id='word_1_52' title='bbox 475 763 481 769; x_wconf 93' lang='lat'><strong>.</strong></span> <span class='ocrx_word' id='word_1_53' title='bbox 505 762 512 769; x_wconf 92' lang='lat'><strong>.</strong></span> 
     </span>
    </p>
   </div>
   <div class='ocr_carea' id='block_1_21' title="bbox 256 777 475 812">
    <p class='ocr_par' dir='ltr' id='par_1_21' title="bbox 256 777 475 812">
     <span class='ocr_line' id='line_1_21' title="bbox 256 777 475 812; baseline 0.005 -7"><span class='ocrx_word' id='word_1_54' title='bbox 256 777 394 812; x_wconf 77' lang='lat' dir='ltr'><strong>accepturi</strong></span> <span class='ocrx_word' id='word_1_55' title='bbox 407 786 413 804; x_wconf 71' lang='grc' dir='ltr'>ε</span> <span class='ocrx_word' id='word_1_56' title='bbox 430 785 475 806; x_wconf 88' lang='lat' dir='ltr'><strong>ac-</strong></span> 
     </span>
    </p>
   </div>
   <div class='ocr_carea' id='block_1_22' title="bbox 257 816 390 848">
    <p class='ocr_par' dir='ltr' id='par_1_22' title="bbox 257 816 390 848">
     <span class='ocr_line' id='line_1_22' title="bbox 257 816 390 848; baseline -0.023 -7"><span class='ocrx_word' id='word_1_57' title='bbox 257 816 390 848; x_wconf 89' lang='lat' dir='ltr'><strong>ceperunt</strong></span> 
     </span>
    </p>
   </div>
   <div class='ocr_carea' id='block_1_23' title="bbox 257 847 463 883">
    <p class='ocr_par' dir='ltr' id='par_1_23' title="bbox 257 847 463 883">
     <span class='ocr_line' id='line_1_23' title="bbox 257 847 463 883; baseline -0.005 -8"><span class='ocrx_word' id='word_1_58' title='bbox 257 853 349 875; x_wconf 88' lang='lat' dir='ltr'><strong>autem</strong></span> <span class='ocrx_word' id='word_1_59' title='bbox 365 852 392 874; x_wconf 90' lang='lat' dir='ltr'><strong>et</strong></span> <span class='ocrx_word' id='word_1_60' title='bbox 408 847 463 883; x_wconf 90' lang='lat' dir='ltr'><strong>ipsi</strong></span> 
     </span>
    </p>
   </div>
   <div class='ocr_carea' id='block_1_24' title="bbox 261 883 443 918">
    <p class='ocr_par' dir='ltr' id='par_1_24' title="bbox 261 883 443 918">
     <span class='ocr_line' id='line_1_24' title="bbox 261 883 443 918; baseline -0.005 -7"><span class='ocrx_word' id='word_1_61' title='bbox 261 883 382 918; x_wconf 73' lang='lat' dir='ltr'><strong>singulos</strong></span> <span class='ocrx_word' id='word_1_62' title='bbox 396 883 443 911; x_wconf 86' lang='lat' dir='ltr'><strong>de-</strong></span> 
     </span>
    </p>
   </div>
   <div class='ocr_carea' id='block_1_25' title="bbox 259 925 362 946">
    <p class='ocr_par' dir='ltr' id='par_1_25' title="bbox 259 925 362 946">
     <span class='ocr_line' id='line_1_25' title="bbox 259 925 362 946; baseline -0.029 0"><span class='ocrx_word' id='word_1_63' title='bbox 259 925 362 946; x_wconf 86' lang='lat' dir='ltr'><strong>nanos.</strong></span> 
     </span>
    </p>
   </div>
   <div class='ocr_carea' id='block_1_26' title="bbox 261 952 596 989">
    <p class='ocr_par' dir='ltr' id='par_1_26' title="bbox 261 952 596 989">
     <span class='ocr_line' id='line_1_26' title="bbox 261 952 596 989; baseline -0.003 -9"><span class='ocrx_word' id='word_1_64' title='bbox 261 954 275 980; x_wconf 81' lang='grc'><strong>1</strong></span> <span class='ocrx_word' id='word_1_65' title='bbox 282 956 305 980; x_wconf 85' lang='lat' dir='ltr'><strong>l.</strong></span> <span class='ocrx_word' id='word_1_66' title='bbox 328 953 361 980; x_wconf 88' lang='lat' dir='ltr'><strong>Et</strong></span> <span class='ocrx_word' id='word_1_67' title='bbox 374 952 540 989; x_wconf 74' lang='lat' dir='ltr'><strong>accipientes</strong></span> <span class='ocrx_word' id='word_1_68' title='bbox 556 953 596 988; x_wconf 88' lang='lat' dir='ltr'><strong>(a)</strong></span> 
     </span>
    </p>
   </div>
   <div class='ocr_carea' id='block_1_27' title="bbox 263 996 417 1016">
    <p class='ocr_par' dir='ltr' id='par_1_27' title="bbox 263 996 417 1016">
     <span class='ocr_line' id='line_1_27' title="bbox 263 996 417 1016; baseline -0.006 0"><span class='ocrx_word' id='word_1_69' title='bbox 263 996 417 1016; x_wconf 86' lang='lat' dir='ltr'><strong>murmura-</strong></span> 
     </span>
    </p>
   </div>
   <div class='ocr_carea' id='block_1_28' title="bbox 264 1023 513 1059">
    <p class='ocr_par' dir='ltr' id='par_1_28' title="bbox 264 1023 513 1059">
     <span class='ocr_line' id='line_1_28' title="bbox 264 1023 513 1059; baseline 0 -8"><span class='ocrx_word' id='word_1_70' title='bbox 264 1030 365 1051; x_wconf 83' lang='lat' dir='ltr'><strong>verunt</strong></span> <span class='ocrx_word' id='word_1_71' title='bbox 380 1024 400 1059; x_wconf 68' lang='grc' dir='ltr'><strong>-ι-</strong></span> <span class='ocrx_word' id='word_1_72' title='bbox 415 1023 447 1052; x_wconf 87' lang='lat' dir='ltr'><strong>ad</strong></span> <span class='ocrx_word' id='word_1_73' title='bbox 453 1031 513 1053; x_wconf 86' lang='lat' dir='ltr'><strong>ver-</strong></span> 
     </span>
    </p>
   </div>
   <div class='ocr_carea' id='block_1_29' title="bbox 265 1065 431 1094">
    <p class='ocr_par' dir='ltr' id='par_1_29' title="bbox 265 1065 431 1094">
     <span class='ocr_line' id='line_1_29' title="bbox 265 1065 431 1094; baseline 0.006 -7"><span class='ocrx_word' id='word_1_74' title='bbox 265 1067 312 1087; x_wconf 88' lang='lat' dir='ltr'><strong>sus</strong></span> <span class='ocrx_word' id='word_1_75' title='bbox 327 1065 431 1094; x_wconf 89' lang='lat' dir='ltr'><strong>patrem</strong></span> 
     </span>
    </p>
   </div>
   <div class='ocr_carea' id='block_1_30' title="bbox 266 1094 570 1127">
    <p class='ocr_par' dir='ltr' id='par_1_30' title="bbox 266 1094 570 1127">
     <span class='ocr_line' id='line_1_30' title="bbox 266 1094 570 1127; baseline -0.003 -5"><span class='ocrx_word' id='word_1_76' title='bbox 266 1095 309 1122; x_wconf 68' lang='grc' dir='ltr'><strong>η.</strong></span> <span class='ocrx_word' id='word_1_77' title='bbox 332 1095 460 1127; x_wconf 79' lang='lat' dir='ltr'><strong>familias,</strong></span> <span class='ocrx_word' id='word_1_78' title='bbox 476 1094 570 1125; x_wconf 78' lang='lat' dir='ltr'><strong>dicen-</strong></span> 
     </span>
    </p>
   </div>
   <div class='ocr_carea' id='block_1_31' title="bbox 266 1130 532 1160">
    <p class='ocr_par' dir='ltr' id='par_1_31' title="bbox 266 1130 532 1160">
     <span class='ocr_line' id='line_1_31' title="bbox 266 1130 532 1160; baseline -0.008 -2"><span class='ocrx_word' id='word_1_79' title='bbox 266 1151 273 1158; x_wconf 96' lang='lat'><strong>.</strong></span> <span class='ocrx_word' id='word_1_80' title='bbox 292 1150 300 1157; x_wconf 93' lang='lat'><strong>.</strong></span> <span class='ocrx_word' id='word_1_81' title='bbox 319 1151 326 1157; x_wconf 88' lang='lat'><strong>.</strong></span> <span class='ocrx_word' id='word_1_82' title='bbox 343 1150 350 1156; x_wconf 89' lang='lat'><strong>.</strong></span> <span class='ocrx_word' id='word_1_83' title='bbox 368 1131 401 1157; x_wconf 85' lang='lat' dir='ltr'><strong>Hi</strong></span> <span class='ocrx_word' id='word_1_84' title='bbox 417 1130 532 1160; x_wconf 80' lang='lat' dir='ltr'><strong>novissi—</strong></span> 
     </span>
    </p>
   </div>
   <div class='ocr_carea' id='block_1_32' title="bbox 268 1167 477 1193">
    <p class='ocr_par' dir='ltr' id='par_1_32' title="bbox 268 1167 477 1193">
     <span class='ocr_line' id='line_1_32' title="bbox 268 1167 477 1193; baseline -0.005 0"><span class='ocrx_word' id='word_1_85' title='bbox 268 1187 275 1193; x_wconf 98' lang='lat'><strong>.</strong></span> <span class='ocrx_word' id='word_1_86' title='bbox 293 1185 301 1193; x_wconf 87' lang='lat'><strong>.</strong></span> <span class='ocrx_word' id='word_1_87' title='bbox 318 1186 325 1193; x_wconf 92' lang='lat'><strong>.</strong></span> <span class='ocrx_word' id='word_1_88' title='bbox 342 1174 395 1193; x_wconf 92' lang='lat' dir='ltr'><strong>una</strong></span> <span class='ocrx_word' id='word_1_89' title='bbox 409 1167 477 1193; x_wconf 90' lang='lat' dir='ltr'><strong>hora</strong></span> 
     </span>
    </p>
   </div>
   <div class='ocr_carea' id='block_1_33' title="bbox 270 1204 529 1235">
    <p class='ocr_par' dir='ltr' id='par_1_33' title="bbox 270 1204 529 1235">
     <span class='ocr_line' id='line_1_33' title="bbox 270 1204 529 1235; baseline -0.008 -6"><span class='ocrx_word' id='word_1_90' title='bbox 270 1223 277 1229; x_wconf 98' lang='lat'><strong>.</strong></span> <span class='ocrx_word' id='word_1_91' title='bbox 295 1223 302 1228; x_wconf 98' lang='lat'><strong>.</strong></span> <span class='ocrx_word' id='word_1_92' title='bbox 320 1222 327 1228; x_wconf 89' lang='lat'><strong>.</strong></span> <span class='ocrx_word' id='word_1_93' title='bbox 346 1221 354 1229; x_wconf 89' lang='lat'><strong>.</strong></span> <span class='ocrx_word' id='word_1_94' title='bbox 372 1222 380 1229; x_wconf 93' lang='lat'><strong>.</strong></span> <span class='ocrx_word' id='word_1_95' title='bbox 395 1204 485 1235; x_wconf 85' lang='lat' dir='ltr'><strong>erunt,</strong></span> <span class='ocrx_word' id='word_1_96' title='bbox 501 1204 529 1231; x_wconf 79' lang='lat' dir='ltr'><strong>et</strong></span> 
     </span>
    </p>
   </div>
   <div class='ocr_carea' id='block_1_34' title="bbox 269 1244 475 1273">
    <p class='ocr_par' dir='ltr' id='par_1_34' title="bbox 269 1244 475 1273">
     <span class='ocr_line' id='line_1_34' title="bbox 269 1244 475 1273; baseline -0.005 -9"><span class='ocrx_word' id='word_1_97' title='bbox 269 1245 348 1273; x_wconf 85' lang='lat' dir='ltr'><strong>pares</strong></span> <span class='ocrx_word' id='word_1_98' title='bbox 363 1245 411 1264; x_wconf 93' lang='lat' dir='ltr'><strong>eos</strong></span> <span class='ocrx_word' id='word_1_99' title='bbox 426 1244 475 1264; x_wconf 91' lang='lat' dir='ltr'><strong>no-</strong></span> 
     </span>
    </p>
   </div>
   <div class='ocr_carea' id='block_1_35' title="bbox 270 1273 492 1313">
    <p class='ocr_par' dir='ltr' id='par_1_35' title="bbox 270 1273 492 1313">
     <span class='ocr_line' id='line_1_35' title="bbox 270 1273 492 1313; baseline -0.009 -12"><span class='ocrx_word' id='word_1_100' title='bbox 270 1274 312 1301; x_wconf 86' lang='lat' dir='ltr'><strong>bis</strong></span> <span class='ocrx_word' id='word_1_101' title='bbox 328 1273 425 1313; x_wconf 78' lang='lat' dir='ltr'><strong>iecisti,</strong></span> <span class='ocrx_word' id='word_1_102' title='bbox 444 1275 492 1309; x_wconf 82' lang='lat' dir='ltr'><strong>qui</strong></span> 
     </span>
    </p>
   </div>
   <div class='ocr_carea' id='block_1_36' title="bbox 270 1313 458 1336">
    <p class='ocr_par' dir='ltr' id='par_1_36' title="bbox 270 1313 458 1336">
     <span class='ocr_line' id='line_1_36' title="bbox 270 1313 458 1336; baseline -0.005 0"><span class='ocrx_word' id='word_1_103' title='bbox 270 1329 277 1336; x_wconf 84' lang='lat'><strong>.</strong></span> <span class='ocrx_word' id='word_1_104' title='bbox 296 1329 303 1336; x_wconf 86' lang='lat'><strong>.</strong></span> <span class='ocrx_word' id='word_1_105' title='bbox 322 1330 330 1336; x_wconf 90' lang='lat'><strong>.</strong></span> <span class='ocrx_word' id='word_1_106' title='bbox 347 1329 354 1336; x_wconf 84' lang='lat'><strong>.</strong></span> <span class='ocrx_word' id='word_1_107' title='bbox 369 1313 458 1335; x_wconf 70' lang='grc' dir='ltr'><strong>νιῐηυσ</strong></span> 
     </span>
    </p>
   </div>
   <div class='ocr_carea' id='block_1_37' title="bbox 272 1345 454 1380">
    <p class='ocr_par' dir='ltr' id='par_1_37' title="bbox 272 1345 454 1380">
     <span class='ocr_line' id='line_1_37' title="bbox 272 1345 454 1380; baseline 0.005 -8"><span class='ocrx_word' id='word_1_108' title='bbox 272 1365 279 1372; x_wconf 93' lang='grc'><em>.</em></span> <span class='ocrx_word' id='word_1_109' title='bbox 297 1366 304 1372; x_wconf 91' lang='grc'>.</span> <span class='ocrx_word' id='word_1_110' title='bbox 322 1366 329 1372; x_wconf 91' lang='grc'><strong>.</strong></span> <span class='ocrx_word' id='word_1_111' title='bbox 344 1354 376 1374; x_wconf 89' lang='lat' dir='ltr'><strong>us</strong></span> <span class='ocrx_word' id='word_1_112' title='bbox 389 1345 454 1380; x_wconf 90' lang='lat' dir='ltr'><strong>diei,</strong></span> 
     </span>
    </p>
   </div>
   <div class='ocr_carea' id='block_1_38' title="bbox 275 1579 617 1593">
    <p class='ocr_par' dir='ltr' id='par_1_38' title="bbox 275 1579 617 1593">
     <span class='ocr_line' id='line_1_38' title="bbox 275 1579 617 1593; baseline -0.023 0"><span class='ocrx_word' id='word_1_113' title='bbox 275 1586 282 1593; x_wconf 74' lang='grc' dir='ltr'><strong>ο</strong></span> <span class='ocrx_word' id='word_1_114' title='bbox 322 1584 329 1591; x_wconf 77' lang='grc' dir='ltr'>ι</span> <span class='ocrx_word' id='word_1_115' title='bbox 371 1585 378 1591; x_wconf 86' lang='grc'><strong>.</strong></span> <span class='ocrx_word' id='word_1_116' title='bbox 418 1583 425 1589; x_wconf 76' lang='grc' dir='ltr'>ι</span> <span class='ocrx_word' id='word_1_117' title='bbox 466 1583 473 1589; x_wconf 78' lang='grc' dir='ltr'>ι</span> <span class='ocrx_word' id='word_1_118' title='bbox 515 1581 521 1588; x_wconf 91' lang='grc'><em>.</em></span> <span class='ocrx_word' id='word_1_119' title='bbox 561 1579 568 1585; x_wconf 74' lang='grc' dir='ltr'>ι</span> <span class='ocrx_word' id='word_1_120' title='bbox 610 1579 617 1586; x_wconf 75' lang='grc' dir='ltr'><strong>ο</strong></span> 
     </span>
    </p>
   </div>
   <div class='ocr_carea' id='block_1_39' title="bbox 275 1614 618 1629">
    <p class='ocr_par' dir='ltr' id='par_1_39' title="bbox 275 1614 618 1629">
     <span class='ocr_line' id='line_1_39' title="bbox 275 1614 618 1629; baseline -0.017 -2"><span class='ocrx_word' id='word_1_121' title='bbox 275 1622 282 1629; x_wconf 84' lang='grc'><strong>.</strong></span> <span class='ocrx_word' id='word_1_122' title='bbox 323 1620 330 1627; x_wconf 73' lang='grc' dir='ltr'><strong>σ</strong></span> <span class='ocrx_word' id='word_1_123' title='bbox 371 1620 378 1626; x_wconf 81' lang='grc' dir='ltr'>ι</span> <span class='ocrx_word' id='word_1_124' title='bbox 420 1618 427 1625; x_wconf 77' lang='grc' dir='ltr'>ι</span> <span class='ocrx_word' id='word_1_125' title='bbox 467 1618 473 1624; x_wconf 81' lang='grc' dir='ltr'>ι</span> <span class='ocrx_word' id='word_1_126' title='bbox 515 1615 523 1622; x_wconf 66' lang='grc' dir='ltr'><strong>ε</strong></span> <span class='ocrx_word' id='word_1_127' title='bbox 563 1614 570 1622; x_wconf 83' lang='grc'><strong>1</strong></span> <span class='ocrx_word' id='word_1_128' title='bbox 610 1614 618 1621; x_wconf 71' lang='grc' dir='ltr'>ι</span> 
     </span>
    </p>
   </div>
   <div class='ocr_carea' id='block_1_40' title="bbox 670 167 1048 202">
    <p class='ocr_par' dir='ltr' id='par_1_40' title="bbox 670 167 1048 202">
     <span class='ocr_line' id='line_1_40' title="bbox 670 167 1048 202; baseline -0.008 -4"><span class='ocrx_word' id='word_1_129' title='bbox 670 171 714 202; x_wconf 75' lang='grc'><strong>15,</strong></span> <span class='ocrx_word' id='word_1_130' title='bbox 731 169 775 197; x_wconf 70' lang='grc'><strong>14.</strong></span> <span class='ocrx_word' id='word_1_131' title='bbox 796 169 882 197; x_wconf 75' lang='lat' dir='ltr'><strong>cum?</strong></span> <span class='ocrx_word' id='word_1_132' title='bbox 903 167 981 200; x_wconf 78' lang='lat' dir='ltr'><strong>Tolle</strong></span> <span class='ocrx_word' id='word_1_133' title='bbox 998 167 1048 195; x_wconf 83' lang='lat' dir='ltr'><strong>ita-</strong></span> 
     </span>
    </p>
   </div>
   <div class='ocr_carea' id='block_1_41' title="bbox 669 204 866 242">
    <p class='ocr_par' dir='ltr' id='par_1_41' title="bbox 669 204 866 242">
     <span class='ocr_line' id='line_1_41' title="bbox 669 204 866 242; baseline -0.015 -9"><span class='ocrx_word' id='word_1_134' title='bbox 669 213 723 242; x_wconf 90' lang='lat' dir='ltr'><strong>que</strong></span> <span class='ocrx_word' id='word_1_135' title='bbox 735 204 810 240; x_wconf 90' lang='lat' dir='ltr'><strong>quod</strong></span> <span class='ocrx_word' id='word_1_136' title='bbox 824 209 866 231; x_wconf 85' lang='lat' dir='ltr'><strong>tti-</strong></span> 
     </span>
    </p>
   </div>
   <div class='ocr_carea' id='block_1_42' title="bbox 669 244 889 272">
    <p class='ocr_par' dir='ltr' id='par_1_42' title="bbox 669 244 889 272">
     <span class='ocr_line' id='line_1_42' title="bbox 669 244 889 272; baseline -0.018 -4"><span class='ocrx_word' id='word_1_137' title='bbox 669 249 715 268; x_wconf 93' lang='lat' dir='ltr'><strong>um</strong></span> <span class='ocrx_word' id='word_1_138' title='bbox 732 246 784 272; x_wconf 87' lang='lat' dir='ltr'><strong>est,</strong></span> <span class='ocrx_word' id='word_1_139' title='bbox 800 244 828 268; x_wconf 90' lang='lat' dir='ltr'><strong>et</strong></span> <span class='ocrx_word' id='word_1_140' title='bbox 842 246 889 265; x_wconf 87' lang='lat' dir='ltr'><strong>va-</strong></span> 
     </span>
    </p>
   </div>
   <div class='ocr_carea' id='block_1_43' title="bbox 670 276 906 305">
    <p class='ocr_par' dir='ltr' id='par_1_43' title="bbox 670 276 906 305">
     <span class='ocr_line' id='line_1_43' title="bbox 670 276 906 305; baseline -0.013 -1"><span class='ocrx_word' id='word_1_141' title='bbox 670 276 704 304; x_wconf 85' lang='lat' dir='ltr'><strong>de</strong></span> <span class='ocrx_word' id='word_1_142' title='bbox 717 285 723 303; x_wconf 94' lang='lat'>:</span> <span class='ocrx_word' id='word_1_143' title='bbox 740 277 802 304; x_wconf 92' lang='lat' dir='ltr'><strong>volo</strong></span> <span class='ocrx_word' id='word_1_144' title='bbox 817 279 906 305; x_wconf 86' lang='lat' dir='ltr'><strong>autem</strong></span> 
     </span>
    </p>
   </div>
   <div class='ocr_carea' id='block_1_44' title="bbox 671 310 881 339">
    <p class='ocr_par' dir='ltr' id='par_1_44' title="bbox 671 310 881 339">
     <span class='ocr_line' id='line_1_44' title="bbox 671 310 881 339; baseline -0.01 0"><span class='ocrx_word' id='word_1_145' title='bbox 671 317 699 339; x_wconf 91' lang='lat' dir='ltr'><strong>et</strong></span> <span class='ocrx_word' id='word_1_146' title='bbox 714 312 777 338; x_wconf 86' lang='lat' dir='ltr'><strong>huic</strong></span> <span class='ocrx_word' id='word_1_147' title='bbox 790 310 881 338; x_wconf 83' lang='lat' dir='ltr'><strong>novis-</strong></span> 
     </span>
    </p>
   </div>
   <div class='ocr_carea' id='block_1_45' title="bbox 633 346 823 380">
    <p class='ocr_par' dir='ltr' id='par_1_45' title="bbox 633 346 823 380">
     <span class='ocr_line' id='line_1_45' title="bbox 633 346 823 380; baseline 0 -6"><span class='ocrx_word' id='word_1_148' title='bbox 633 378 635 380; x_wconf 22' lang='lat'>.</span> <span class='ocrx_word' id='word_1_149' title='bbox 670 347 741 374; x_wconf 88' lang='lat' dir='ltr'><strong>simo</strong></span> <span class='ocrx_word' id='word_1_150' title='bbox 756 346 823 374; x_wconf 90' lang='lat' dir='ltr'><strong>dare</strong></span> 
     </span>
    </p>
   </div>
   <div class='ocr_carea' id='block_1_46' title="bbox 670 381 853 410">
    <p class='ocr_par' dir='ltr' id='par_1_46' title="bbox 670 381 853 410">
     <span class='ocr_line' id='line_1_46' title="bbox 670 381 853 410; baseline -0.005 -1"><span class='ocrx_word' id='word_1_151' title='bbox 670 383 742 410; x_wconf 90' lang='lat' dir='ltr'><strong>sicut</strong></span> <span class='ocrx_word' id='word_1_152' title='bbox 751 388 779 409; x_wconf 88' lang='lat' dir='ltr'><strong>et</strong></span> <span class='ocrx_word' id='word_1_153' title='bbox 792 381 853 409; x_wconf 92' lang='lat' dir='ltr'><strong>tibi.</strong></span> 
     </span>
    </p>
   </div>
   <div class='ocr_carea' id='block_1_47' title="bbox 669 415 972 445">
    <p class='ocr_par' dir='ltr' id='par_1_47' title="bbox 669 415 972 445">
     <span class='ocr_line' id='line_1_47' title="bbox 669 415 972 445; baseline -0.007 0"><span class='ocrx_word' id='word_1_154' title='bbox 669 418 714 445; x_wconf 76' lang='grc'><strong>15.</strong></span> <span class='ocrx_word' id='word_1_155' title='bbox 737 437 744 444; x_wconf 96' lang='grc'><em>.</em></span> <span class='ocrx_word' id='word_1_156' title='bbox 767 437 773 444; x_wconf 97' lang='grc'>.</span> <span class='ocrx_word' id='word_1_157' title='bbox 796 422 824 444; x_wconf 87' lang='lat' dir='ltr'><strong>ut</strong></span> <span class='ocrx_word' id='word_1_158' title='bbox 839 422 892 444; x_wconf 90' lang='lat' dir='ltr'><strong>non</strong></span> <span class='ocrx_word' id='word_1_159' title='bbox 908 415 972 444; x_wconf 89' lang='lat' dir='ltr'><strong>licet</strong></span> 
     </span>
    </p>
   </div>
   <div class='ocr_carea' id='block_1_48' title="bbox 671 452 824 488">
    <p class='ocr_par' dir='ltr' id='par_1_48' title="bbox 671 452 824 488">
     <span class='ocr_line' id='line_1_48' title="bbox 671 452 824 488; baseline 0 -9"><span class='ocrx_word' id='word_1_160' title='bbox 671 452 738 480; x_wconf 90' lang='lat' dir='ltr'><strong>mihi</strong></span> <span class='ocrx_word' id='word_1_161' title='bbox 752 452 824 488; x_wconf 90' lang='lat' dir='ltr'><strong>quod</strong></span> 
     </span>
    </p>
   </div>
   <div class='ocr_carea' id='block_1_49' title="bbox 671 489 931 518">
    <p class='ocr_par' dir='ltr' id='par_1_49' title="bbox 671 489 931 518">
     <span class='ocr_line' id='line_1_49' title="bbox 671 489 931 518; baseline 0 -3"><span class='ocrx_word' id='word_1_162' title='bbox 671 489 734 516; x_wconf 90' lang='lat' dir='ltr'><strong>volo</strong></span> <span class='ocrx_word' id='word_1_163' title='bbox 749 489 838 515; x_wconf 86' lang='lat' dir='ltr'><strong>iacere</strong></span> <span class='ocrx_word' id='word_1_164' title='bbox 929 516 931 518; x_wconf 95' lang='lat'><em>_</em></span> 
     </span>
    </p>
   </div>
   <div class='ocr_carea' id='block_1_50' title="bbox 672 521 952 551">
    <p class='ocr_par' dir='ltr' id='par_1_50' title="bbox 672 521 952 551">
     <span class='ocr_line' id='line_1_50' title="bbox 672 521 952 551; baseline -0.004 0"><span class='ocrx_word' id='word_1_165' title='bbox 672 543 680 551; x_wconf 90' lang='lat'><strong>.</strong></span> <span class='ocrx_word' id='word_1_166' title='bbox 702 543 710 550; x_wconf 92' lang='lat'><strong>.</strong></span> <span class='ocrx_word' id='word_1_167' title='bbox 734 545 740 550; x_wconf 93' lang='lat'><strong>.</strong></span> <span class='ocrx_word' id='word_1_168' title='bbox 763 544 770 550; x_wconf 93' lang='lat'><strong>.</strong></span> <span class='ocrx_word' id='word_1_169' title='bbox 793 544 799 550; x_wconf 91' lang='lat'><strong>.</strong></span> <span class='ocrx_word' id='word_1_170' title='bbox 822 521 952 551; x_wconf 85' lang='lat' dir='ltr'><strong>meis?an</strong></span> 
     </span>
    </p>
   </div>
   <div class='ocr_carea' id='block_1_51' title="bbox 703 564 868 587">
    <p class='ocr_par' dir='ltr' id='par_1_51' title="bbox 703 564 868 587">
     <span class='ocr_line' id='line_1_51' title="bbox 703 564 868 587; baseline -0.012 0"><span class='ocrx_word' id='word_1_171' title='bbox 703 578 710 587; x_wconf 76' lang='grc' dir='ltr'>ι</span> <span class='ocrx_word' id='word_1_172' title='bbox 734 579 740 586; x_wconf 84' lang='grc'><strong>.</strong></span> <span class='ocrx_word' id='word_1_173' title='bbox 762 566 792 586; x_wconf 80' lang='lat' dir='ltr'><strong>IIS</strong></span> <span class='ocrx_word' id='word_1_174' title='bbox 808 564 868 585; x_wconf 79' lang='grc' dir='ltr'><strong>ωας</strong></span> 
     </span>
    </p>
   </div>
   <div class='ocr_carea' id='block_1_52' title="bbox 673 597 880 630">
    <p class='ocr_par' dir='ltr' id='par_1_52' title="bbox 673 597 880 630">
     <span class='ocr_line' id='line_1_52' title="bbox 673 597 880 630; baseline -0.01 -8"><span class='ocrx_word' id='word_1_175' title='bbox 673 614 680 622; x_wconf 94' lang='grc'><strong>.</strong></span> <span class='ocrx_word' id='word_1_176' title='bbox 704 616 710 621; x_wconf 90' lang='grc'><strong>.</strong></span> <span class='ocrx_word' id='word_1_177' title='bbox 733 615 740 621; x_wconf 92' lang='grc'>.</span> <span class='ocrx_word' id='word_1_178' title='bbox 761 597 880 630; x_wconf 87' lang='lat' dir='ltr'><strong>quaest,</strong></span> 
     </span>
    </p>
   </div>
   <div class='ocr_carea' id='block_1_53' title="bbox 672 630 861 666">
    <p class='ocr_par' dir='ltr' id='par_1_53' title="bbox 672 630 861 666">
     <span class='ocr_line' id='line_1_53' title="bbox 672 630 861 666; baseline -0.011 -8"><span class='ocrx_word' id='word_1_179' title='bbox 672 631 735 666; x_wconf 83' lang='lat' dir='ltr'><strong>quia</strong></span> <span class='ocrx_word' id='word_1_180' title='bbox 747 637 797 665; x_wconf 78' lang='lat' dir='ltr'><strong>ego</strong></span> <span class='ocrx_word' id='word_1_181' title='bbox 812 630 861 657; x_wconf 92' lang='lat' dir='ltr'><strong>bo-</strong></span> 
     </span>
    </p>
   </div>
   <div class='ocr_carea' id='block_1_54' title="bbox 675 664 905 693">
    <p class='ocr_par' dir='ltr' id='par_1_54' title="bbox 675 664 905 693">
     <span class='ocr_line' id='line_1_54' title="bbox 675 664 905 693; baseline -0.009 0"><span class='ocrx_word' id='word_1_182' title='bbox 675 664 905 693; x_wconf 47' lang='lat' dir='ltr'><strong>.‘..I.sum?</strong></span> 
     </span>
    </p>
   </div>
   <div class='ocr_carea' id='block_1_55' title="bbox 673 701 971 730">
    <p class='ocr_par' dir='ltr' id='par_1_55' title="bbox 673 701 971 730">
     <span class='ocr_line' id='line_1_55' title="bbox 673 701 971 730; baseline -0.01 0"><span class='ocrx_word' id='word_1_183' title='bbox 673 701 717 730; x_wconf 76' lang='lat' dir='ltr'><strong>i6.</strong></span> <span class='ocrx_word' id='word_1_184' title='bbox 741 703 971 728; x_wconf 84' lang='lat' dir='ltr'><strong>....untno—</strong></span> 
     </span>
    </p>
   </div>
   <div class='ocr_carea' id='block_1_56' title="bbox 679 826 1021 835">
    <p class='ocr_par' dir='ltr' id='par_1_56' title="bbox 679 826 1021 835">
     <span class='ocr_line' id='line_1_56' title="bbox 679 826 1021 835; baseline -0.006 0"><span class='ocrx_word' id='word_1_185' title='bbox 679 828 686 835; x_wconf 72' lang='grc' dir='ltr'>ι</span> <span class='ocrx_word' id='word_1_186' title='bbox 725 828 732 834; x_wconf 82' lang='grc'><strong>-</strong></span> <span class='ocrx_word' id='word_1_187' title='bbox 774 827 781 834; x_wconf 76' lang='grc' dir='ltr'><strong>ο</strong></span> <span class='ocrx_word' id='word_1_188' title='bbox 822 827 828 833; x_wconf 81' lang='grc' dir='ltr'>ι</span> <span class='ocrx_word' id='word_1_189' title='bbox 869 827 876 834; x_wconf 69' lang='grc' dir='ltr'><strong>θ</strong></span> <span class='ocrx_word' id='word_1_190' title='bbox 917 826 925 834; x_wconf 69' lang='grc' dir='ltr'>α</span> <span class='ocrx_word' id='word_1_191' title='bbox 964 828 972 835; x_wconf 84' lang='grc'>.</span> <span class='ocrx_word' id='word_1_192' title='bbox 1013 827 1021 835; x_wconf 76' lang='grc' dir='ltr'><strong>ο</strong></span> 
     </span>
    </p>
   </div>
   <div class='ocr_carea' id='block_1_57' title="bbox 679 861 1022 870">
    <p class='ocr_par' dir='ltr' id='par_1_57' title="bbox 679 861 1022 870">
     <span class='ocr_line' id='line_1_57' title="bbox 679 861 1022 870; baseline -0.003 0"><span class='ocrx_word' id='word_1_193' title='bbox 679 864 686 870; x_wconf 75' lang='grc'><strong>.</strong></span> <span class='ocrx_word' id='word_1_194' title='bbox 726 863 733 869; x_wconf 70' lang='grc' dir='ltr'><em>ι</em></span> <span class='ocrx_word' id='word_1_195' title='bbox 773 863 781 870; x_wconf 70' lang='grc' dir='ltr'><strong>ι</strong></span> <span class='ocrx_word' id='word_1_196' title='bbox 822 861 829 868; x_wconf 79' lang='grc' dir='ltr'><strong>ο</strong></span> <span class='ocrx_word' id='word_1_197' title='bbox 870 861 877 868; x_wconf 84' lang='grc' dir='ltr'>ι</span> <span class='ocrx_word' id='word_1_198' title='bbox 917 862 925 869; x_wconf 73' lang='grc' dir='ltr'>ι</span> <span class='ocrx_word' id='word_1_199' title='bbox 965 862 972 869; x_wconf 68' lang='grc' dir='ltr'>ι</span> <span class='ocrx_word' id='word_1_200' title='bbox 1014 861 1022 869; x_wconf 78' lang='grc' dir='ltr'><strong><em>ο</em></strong></span> 
     </span>
    </p>
   </div>
   <div class='ocr_carea' id='block_1_58' title="bbox 681 932 1022 941">
    <p class='ocr_par' dir='ltr' id='par_1_58' title="bbox 681 932 1022 941">
     <span class='ocr_line' id='line_1_58' title="bbox 681 932 1022 941; baseline -0.003 0"><span class='ocrx_word' id='word_1_201' title='bbox 681 936 686 941; x_wconf 89' lang='grc'><em>.</em></span> <span class='ocrx_word' id='word_1_202' title='bbox 727 933 734 941; x_wconf 74' lang='grc' dir='ltr'><strong><em>ο</em></strong></span> <span class='ocrx_word' id='word_1_203' title='bbox 775 933 783 940; x_wconf 70' lang='grc' dir='ltr'><strong>θ</strong></span> <span class='ocrx_word' id='word_1_204' title='bbox 823 934 830 940; x_wconf 80' lang='grc'><strong>.</strong></span> <span class='ocrx_word' id='word_1_205' title='bbox 873 935 879 940; x_wconf 88' lang='grc'>.</span> <span class='ocrx_word' id='word_1_206' title='bbox 920 932 927 940; x_wconf 76' lang='grc' dir='ltr'>ι</span> <span class='ocrx_word' id='word_1_207' title='bbox 967 933 974 939; x_wconf 74' lang='grc' dir='ltr'>ι</span> <span class='ocrx_word' id='word_1_208' title='bbox 1015 933 1022 940; x_wconf 74' lang='grc' dir='ltr'><strong>ο</strong></span> 
     </span>
    </p>
   </div>
   <div class='ocr_carea' id='block_1_59' title="bbox 682 1019 977 1048">
    <p class='ocr_par' dir='ltr' id='par_1_59' title="bbox 682 1019 977 1048">
     <span class='ocr_line' id='line_1_59' title="bbox 682 1019 977 1048; baseline 0 0"><span class='ocrx_word' id='word_1_209' title='bbox 682 1021 724 1048; x_wconf 82' lang='lat' dir='ltr'><strong>i7.</strong></span> <span class='ocrx_word' id='word_1_210' title='bbox 747 1019 825 1046; x_wconf 86' lang='lat' dir='ltr'><strong>Jesus</strong></span> <span class='ocrx_word' id='word_1_211' title='bbox 842 1020 867 1045; x_wconf 89' lang='lat' dir='ltr'><strong>in</strong></span> <span class='ocrx_word' id='word_1_212' title='bbox 882 1020 977 1048; x_wconf 84' lang='lat' dir='ltr'><strong>Hiero-</strong></span> 
     </span>
    </p>
   </div>
   <div class='ocr_carea' id='block_1_60' title="bbox 683 1055 937 1090">
    <p class='ocr_par' dir='ltr' id='par_1_60' title="bbox 683 1055 937 1090">
     <span class='ocr_line' id='line_1_60' title="bbox 683 1055 937 1090; baseline -0.004 -7"><span class='ocrx_word' id='word_1_213' title='bbox 683 1057 797 1090; x_wconf 81' lang='lat' dir='ltr'><strong>solyma,</strong></span> <span class='ocrx_word' id='word_1_214' title='bbox 809 1055 937 1090; x_wconf 87' lang='lat' dir='ltr'><strong>adsump—</strong></span> 
     </span>
    </p>
   </div>
   <div class='ocr_carea' id='block_1_61' title="bbox 683 1091 875 1118">
    <p class='ocr_par' dir='ltr' id='par_1_61' title="bbox 683 1091 875 1118">
     <span class='ocr_line' id='line_1_61' title="bbox 683 1091 875 1118; baseline -0.01 0"><span class='ocrx_word' id='word_1_215' title='bbox 683 1093 717 1118; x_wconf 84' lang='lat' dir='ltr'><strong>sit</strong></span> <span class='ocrx_word' id='word_1_216' title='bbox 733 1099 778 1117; x_wconf 78' lang='lat' dir='ltr'><strong>xu.</strong></span> <span class='ocrx_word' id='word_1_217' title='bbox 794 1091 875 1117; x_wconf 85' lang='lat' dir='ltr'><strong>disci-</strong></span> 
     </span>
    </p>
   </div>
   <div class='ocr_carea' id='block_1_62' title="bbox 683 1127 879 1163">
    <p class='ocr_par' dir='ltr' id='par_1_62' title="bbox 683 1127 879 1163">
     <span class='ocr_line' id='line_1_62' title="bbox 683 1127 879 1163; baseline 0 -10"><span class='ocrx_word' id='word_1_218' title='bbox 683 1128 760 1163; x_wconf 80' lang='lat' dir='ltr'><strong>pulos</strong></span> <span class='ocrx_word' id='word_1_219' title='bbox 776 1134 838 1153; x_wconf 75' lang='lat' dir='ltr'><strong>su0s</strong></span> <span class='ocrx_word' id='word_1_220' title='bbox 853 1127 879 1153; x_wconf 89' lang='lat' dir='ltr'><strong>in</strong></span> 
     </span>
    </p>
   </div>
   <div class='ocr_carea' id='block_1_63' title="bbox 684 1163 872 1196">
    <p class='ocr_par' dir='ltr' id='par_1_63' title="bbox 684 1163 872 1196">
     <span class='ocr_line' id='line_1_63' title="bbox 684 1163 872 1196; baseline -0.011 -6"><span class='ocrx_word' id='word_1_221' title='bbox 684 1163 726 1190; x_wconf 86' lang='lat' dir='ltr'><strong>via</strong></span> <span class='ocrx_word' id='word_1_222' title='bbox 737 1169 872 1196; x_wconf 82' lang='lat' dir='ltr'><strong>seorsum,</strong></span> 
     </span>
    </p>
   </div>
   <div class='ocr_carea' id='block_1_64' title="bbox 685 1196 986 1227">
    <p class='ocr_par' dir='ltr' id='par_1_64' title="bbox 685 1196 986 1227">
     <span class='ocr_line' id='line_1_64' title="bbox 685 1196 986 1227; baseline 0 -1"><span class='ocrx_word' id='word_1_223' title='bbox 685 1199 730 1226; x_wconf 75' lang='grc'><strong>18.</strong></span> <span class='ocrx_word' id='word_1_224' title='bbox 750 1201 778 1223; x_wconf 88' lang='lat' dir='ltr'><strong>et</strong></span> <span class='ocrx_word' id='word_1_225' title='bbox 791 1196 830 1224; x_wconf 92' lang='lat' dir='ltr'><strong>ait</strong></span> <span class='ocrx_word' id='word_1_226' title='bbox 844 1197 898 1227; x_wconf 87' lang='lat' dir='ltr'><strong>illis</strong></span> <span class='ocrx_word' id='word_1_227' title='bbox 914 1206 922 1226; x_wconf 88' lang='lat'><strong>:</strong></span> <span class='ocrx_word' id='word_1_228' title='bbox 936 1196 986 1226; x_wconf 82' lang='lat' dir='ltr'><strong>Ec-</strong></span> 
     </span>
    </p>
   </div>
   <div class='ocr_carea' id='block_1_65' title="bbox 684 1232 858 1261">
    <p class='ocr_par' dir='ltr' id='par_1_65' title="bbox 684 1232 858 1261">
     <span class='ocr_line' id='line_1_65' title="bbox 684 1232 858 1261; baseline -0.011 0"><span class='ocrx_word' id='word_1_229' title='bbox 684 1241 716 1261; x_wconf 97' lang='lat' dir='ltr'><strong>ce</strong></span> <span class='ocrx_word' id='word_1_230' title='bbox 732 1232 858 1260; x_wconf 89' lang='lat' dir='ltr'><strong>ascendi-</strong></span> 
     </span>
    </p>
   </div>
   <div class='ocr_carea' id='block_1_66' title="bbox 685 1268 882 1296">
    <p class='ocr_par' dir='ltr' id='par_1_66' title="bbox 685 1268 882 1296">
     <span class='ocr_line' id='line_1_66' title="bbox 685 1268 882 1296; baseline 0 0"><span class='ocrx_word' id='word_1_231' title='bbox 685 1275 745 1296; x_wconf 88' lang='lat' dir='ltr'><strong>mus</strong></span> <span class='ocrx_word' id='word_1_232' title='bbox 759 1268 819 1295; x_wconf 88' lang='lat' dir='ltr'><strong>Hie.</strong></span> <span class='ocrx_word' id='word_1_233' title='bbox 843 1288 850 1294; x_wconf 91' lang='lat'><strong>.</strong></span> <span class='ocrx_word' id='word_1_234' title='bbox 875 1289 882 1296; x_wconf 96' lang='lat'><strong>.</strong></span> 
     </span>
    </p>
   </div>
   <div class='ocr_carea' id='block_1_67' title="bbox 686 1304 889 1339">
    <p class='ocr_par' dir='ltr' id='par_1_67' title="bbox 686 1304 889 1339">
     <span class='ocr_line' id='line_1_67' title="bbox 686 1304 889 1339; baseline -0.005 -7"><span class='ocrx_word' id='word_1_235' title='bbox 686 1304 802 1339; x_wconf 80' lang='lat' dir='ltr'><strong>solyma,</strong></span> <span class='ocrx_word' id='word_1_236' title='bbox 817 1308 845 1331; x_wconf 92' lang='lat' dir='ltr'><strong>et</strong></span> <span class='ocrx_word' id='word_1_237' title='bbox 859 1304 889 1331; x_wconf 87' lang='lat' dir='ltr'><strong>ii—</strong></span> 
     </span>
    </p>
   </div>
   <div class='ocr_carea' id='block_1_68' title="bbox 687 1339 982 1368">
    <p class='ocr_par' dir='ltr' id='par_1_68' title="bbox 687 1339 982 1368">
     <span class='ocr_line' id='line_1_68' title="bbox 687 1339 982 1368; baseline 0 -1"><span class='ocrx_word' id='word_1_238' title='bbox 687 1340 731 1367; x_wconf 79' lang='grc'><strong>19.</strong></span> <span class='ocrx_word' id='word_1_239' title='bbox 752 1339 804 1366; x_wconf 90' lang='lat' dir='ltr'><strong>lius</strong></span> <span class='ocrx_word' id='word_1_240' title='bbox 817 1340 920 1368; x_wconf 88' lang='lat' dir='ltr'><strong>homin.</strong></span> <span class='ocrx_word' id='word_1_241' title='bbox 943 1360 951 1368; x_wconf 93' lang='lat'><strong>.</strong></span> <span class='ocrx_word' id='word_1_242' title='bbox 974 1359 982 1367; x_wconf 93' lang='lat'><strong>.</strong></span> 
     </span>
    </p>
   </div>
   <div class='ocr_carea' id='block_1_69' title="bbox 686 1376 926 1409">
    <p class='ocr_par' dir='ltr' id='par_1_69' title="bbox 686 1376 926 1409">
     <span class='ocr_line' id='line_1_69' title="bbox 686 1376 926 1409; baseline -0.004 -6"><span class='ocrx_word' id='word_1_243' title='bbox 686 1376 817 1403; x_wconf 89' lang='lat' dir='ltr'><strong>tradetur.</strong></span> <span class='ocrx_word' id='word_1_244' title='bbox 839 1395 847 1402; x_wconf 92' lang='lat'><strong>.</strong></span> <span class='ocrx_word' id='word_1_245' title='bbox 870 1396 878 1402; x_wconf 91' lang='lat'><strong>.</strong></span> <span class='ocrx_word' id='word_1_246' title='bbox 899 1395 906 1402; x_wconf 98' lang='lat'><strong>.</strong></span> <span class='ocrx_word' id='word_1_247' title='bbox 920 1398 926 1409; x_wconf 85' lang='lat'><strong>,</strong></span> 
     </span>
    </p>
   </div>
   <div class='ocr_carea' id='block_1_70' title="bbox 688 1410 984 1445">
    <p class='ocr_par' dir='ltr' id='par_1_70' title="bbox 688 1410 984 1445">
     <span class='ocr_line' id='line_1_70' title="bbox 688 1410 984 1445; baseline -0.007 -6"><span class='ocrx_word' id='word_1_248' title='bbox 688 1410 805 1445; x_wconf 89' lang='lat' dir='ltr'><strong>cipibus.</strong></span> <span class='ocrx_word' id='word_1_249' title='bbox 827 1430 834 1438; x_wconf 94' lang='lat'><strong>.</strong></span> <span class='ocrx_word' id='word_1_250' title='bbox 856 1430 863 1438; x_wconf 92' lang='lat'><strong>.</strong></span> <span class='ocrx_word' id='word_1_251' title='bbox 886 1431 893 1437; x_wconf 92' lang='lat'><strong>.</strong></span> <span class='ocrx_word' id='word_1_252' title='bbox 916 1430 923 1438; x_wconf 93' lang='lat'><strong>.</strong></span> <span class='ocrx_word' id='word_1_253' title='bbox 946 1431 953 1437; x_wconf 91' lang='lat'><strong>.</strong></span> <span class='ocrx_word' id='word_1_254' title='bbox 976 1429 984 1437; x_wconf 91' lang='lat'><strong>.</strong></span> 
     </span>
    </p>
   </div>
   <div class='ocr_carea' id='block_1_71' title="bbox 689 1447 947 1479">
    <p class='ocr_par' dir='ltr' id='par_1_71' title="bbox 689 1447 947 1479">
     <span class='ocr_line' id='line_1_71' title="bbox 689 1447 947 1479; baseline 0 -5"><span class='ocrx_word' id='word_1_255' title='bbox 689 1447 794 1479; x_wconf 79' lang='lat' dir='ltr'><strong>dolum,</strong></span> <span class='ocrx_word' id='word_1_256' title='bbox 808 1451 836 1474; x_wconf 88' lang='lat' dir='ltr'><strong>et</strong></span> <span class='ocrx_word' id='word_1_257' title='bbox 848 1454 888 1475; x_wconf 87' lang='lat' dir='ltr'><strong>sc.</strong></span> <span class='ocrx_word' id='word_1_258' title='bbox 910 1466 917 1473; x_wconf 91' lang='lat'><strong>.</strong></span> <span class='ocrx_word' id='word_1_259' title='bbox 939 1465 947 1474; x_wconf 89' lang='lat'><strong>.</strong></span> 
     </span>
    </p>
   </div>
   <div class='ocr_carea' id='block_1_72' title="bbox 689 1483 937 1516">
    <p class='ocr_par' dir='ltr' id='par_1_72' title="bbox 689 1483 937 1516">
     <span class='ocr_line' id='line_1_72' title="bbox 689 1483 937 1516; baseline -0.012 -4"><span class='ocrx_word' id='word_1_260' title='bbox 689 1484 742 1516; x_wconf 87' lang='lat' dir='ltr'><strong>bis,</strong></span> <span class='ocrx_word' id='word_1_261' title='bbox 754 1488 782 1510; x_wconf 94' lang='lat' dir='ltr'><strong>et</strong></span> <span class='ocrx_word' id='word_1_262' title='bbox 796 1483 876 1511; x_wconf 89' lang='lat' dir='ltr'><strong>cond.</strong></span> <span class='ocrx_word' id='word_1_263' title='bbox 899 1502 905 1509; x_wconf 95' lang='lat'><strong>.</strong></span> <span class='ocrx_word' id='word_1_264' title='bbox 929 1501 937 1509; x_wconf 94' lang='lat'><strong>.</strong></span> 
     </span>
    </p>
   </div>
   <div class='ocr_carea' id='block_1_73' title="bbox 690 1520 952 1547">
    <p class='ocr_par' dir='ltr' id='par_1_73' title="bbox 690 1520 952 1547">
     <span class='ocr_line' id='line_1_73' title="bbox 690 1520 952 1547; baseline -0.008 0"><span class='ocrx_word' id='word_1_265' title='bbox 690 1520 802 1547; x_wconf 90' lang='lat' dir='ltr'><strong>nabunt.</strong></span> <span class='ocrx_word' id='word_1_266' title='bbox 825 1538 832 1546; x_wconf 92' lang='lat'><strong>.</strong></span> <span class='ocrx_word' id='word_1_267' title='bbox 856 1539 862 1546; x_wconf 96' lang='lat'><strong>.</strong></span> <span class='ocrx_word' id='word_1_268' title='bbox 884 1538 891 1545; x_wconf 93' lang='lat'><strong>.</strong></span> <span class='ocrx_word' id='word_1_269' title='bbox 916 1539 922 1545; x_wconf 94' lang='lat'><strong>.</strong></span> <span class='ocrx_word' id='word_1_270' title='bbox 945 1538 952 1544; x_wconf 94' lang='lat'><strong>.</strong></span> 
     </span>
    </p>
   </div>
   <div class='ocr_carea' id='block_1_74' title="bbox 690 1561 968 1583">
    <p class='ocr_par' dir='ltr' id='par_1_74' title="bbox 690 1561 968 1583">
     <span class='ocr_line' id='line_1_74' title="bbox 690 1561 968 1583; baseline -0.011 0"><span class='ocrx_word' id='word_1_271' title='bbox 690 1561 968 1583; x_wconf 89' lang='lat' dir='ltr'><strong>morte.......</strong></span> 
     </span>
    </p>
   </div>
   <div class='ocr_carea' id='block_1_75' title="bbox 488 1717 859 1751">
    <p class='ocr_par' dir='ltr' id='par_1_75' title="bbox 488 1717 859 1751">
     <span class='ocr_line' id='line_1_75' title="bbox 488 1717 859 1751; baseline -0.016 0"><span class='ocrx_word' id='word_1_272' title='bbox 488 1721 603 1751; x_wconf 80' lang='lat' dir='ltr'><strong>CODEX</strong></span> <span class='ocrx_word' id='word_1_273' title='bbox 621 1717 859 1749; x_wconf 76' lang='lat' dir='ltr'><strong>CORBEIENSIS.</strong></span> 
     </span>
    </p>
   </div>
   <div class='ocr_carea' id='block_1_76' title="bbox 276 1764 1071 1805">
    <p class='ocr_par' dir='ltr' id='par_1_76' title="bbox 276 1764 1071 1805">
     <span class='ocr_line' id='line_1_76' title="bbox 276 1764 1071 1805; baseline -0.016 -2"><span class='ocrx_word' id='word_1_274' title='bbox 276 1773 389 1805; x_wconf 78' lang='lat' dir='ltr'><strong>cedem,</strong></span> <span class='ocrx_word' id='word_1_275' title='bbox 410 1770 542 1804; x_wconf 73' lang='lat' dir='ltr'><strong>incipiens</strong></span> <span class='ocrx_word' id='word_1_276' title='bbox 560 1777 575 1795; x_wconf 78' lang='grc' dir='ltr'><strong>ιι</strong></span> <span class='ocrx_word' id='word_1_277' title='bbox 590 1766 748 1805; x_wconf 55' lang='lat' dir='ltr'><strong>novissimis</strong></span> <span class='ocrx_word' id='word_1_278' title='bbox 763 1772 849 1805; x_wconf 79' lang='lat' dir='ltr'><strong>usque</strong></span> <span class='ocrx_word' id='word_1_279' title='bbox 863 1764 898 1805; x_wconf 84' lang='lat' dir='ltr'><strong>ad</strong></span> <span class='ocrx_word' id='word_1_280' title='bbox 915 1766 923 1781; x_wconf 76' lang='grc' dir='ltr'><strong><em>ι</em></strong></span> <span class='ocrx_word' id='word_1_281' title='bbox 941 1764 1071 1805; x_wconf 81' lang='lat' dir='ltr'><strong>primum.</strong></span> 
     </span>
    </p>
   </div>
   <div class='ocr_carea' id='block_1_77' title="bbox 275 1800 1073 1845">
    <p class='ocr_par' dir='ltr' id='par_1_77' title="bbox 275 1800 1073 1845">
     <span class='ocr_line' id='line_1_77' title="bbox 275 1800 1073 1845; baseline -0.013 -8"><span class='ocrx_word' id='word_1_282' title='bbox 275 1800 370 1845; x_wconf 47' lang='lat'><strong>{11.1.6</strong></span> <span class='ocrx_word' id='word_1_283' title='bbox 381 1800 447 1842; x_wconf 72' lang='lat' dir='ltr'><strong>ergo</strong></span> <span class='ocrx_word' id='word_1_284' title='bbox 466 1800 612 1832; x_wconf 54' lang='lat' dir='ltr'><strong>&#39;Venissent</strong></span> <span class='ocrx_word' id='word_1_285' title='bbox 638 1803 683 1843; x_wconf 77' lang='lat' dir='ltr'><strong>qui</strong></span> <span class='ocrx_word' id='word_1_286' title='bbox 708 1800 1073 1845; x_wconf 19' lang='lat' dir='ltr'><strong>circalundecima‘r&#39;nrlinrain</strong></span> 
     </span>
    </p>
   </div>
   <div class='ocr_carea' id='block_1_78' title="bbox 278 1835 1074 1875">
    <p class='ocr_par' dir='ltr' id='par_1_78' title="bbox 278 1835 1074 1875">
     <span class='ocr_line' id='line_1_78' title="bbox 278 1835 1074 1875; baseline -0.013 -2"><span class='ocrx_word' id='word_1_287' title='bbox 278 1835 429 1875; x_wconf 45' lang='lat' dir='ltr'><strong>Veneram:</strong></span> <span class='ocrx_word' id='word_1_288' title='bbox 449 1844 610 1875; x_wconf 57' lang='lat' dir='ltr'><strong>acceperunt</strong></span> <span class='ocrx_word' id='word_1_289' title='bbox 633 1835 755 1872; x_wconf 79' lang='lat' dir='ltr'><strong>singulos</strong></span> <span class='ocrx_word' id='word_1_290' title='bbox 777 1836 914 1875; x_wconf 75' lang='lat' dir='ltr'><strong>denarius.</strong></span> <span class='ocrx_word' id='word_1_291' title='bbox 927 1835 1074 1863; x_wconf 79' lang='lat' dir='ltr'><strong>Venientes</strong></span> 
     </span>
    </p>
   </div>
   <div class='ocr_carea' id='block_1_79' title="bbox 277 1871 1073 1912">
    <p class='ocr_par' dir='ltr' id='par_1_79' title="bbox 277 1871 1073 1912">
     <span class='ocr_line' id='line_1_79' title="bbox 277 1871 1073 1912; baseline -0.016 -3"><span class='ocrx_word' id='word_1_292' title='bbox 277 1871 368 1909; x_wconf 67' lang='lat' dir='ltr'><strong>amem</strong></span> <span class='ocrx_word' id='word_1_293' title='bbox 381 1884 407 1906; x_wconf 84' lang='lat' dir='ltr'><strong>et</strong></span> <span class='ocrx_word' id='word_1_294' title='bbox 417 1871 645 1912; x_wconf 63' lang='lat' dir='ltr'><strong>primi.&#39;arbitrati</strong></span> <span class='ocrx_word' id='word_1_295' title='bbox 659 1871 722 1900; x_wconf 84' lang='lat' dir='ltr'><strong>sunt</strong></span> <span class='ocrx_word' id='word_1_296' title='bbox 732 1872 803 1912; x_wconf 77' lang='lat' dir='ltr'><strong>quod</strong></span> <span class='ocrx_word' id='word_1_297' title='bbox 811 1871 872 1912; x_wconf 87' lang='lat' dir='ltr'><strong>plus</strong></span> <span class='ocrx_word' id='word_1_298' title='bbox 881 1877 979 1912; x_wconf 72' lang='lat' dir='ltr'><strong>essent</strong></span> <span class='ocrx_word' id='word_1_299' title='bbox 995 1879 1073 1912; x_wconf 72' lang='lat' dir='ltr'><strong>nece-</strong></span> 
     </span>
    </p>
   </div>
   <div class='ocr_carea' id='block_1_80' title="bbox 299 1907 1073 1946">
    <p class='ocr_par' dir='ltr' id='par_1_80' title="bbox 299 1907 1073 1946">
     <span class='ocr_line' id='line_1_80' title="bbox 299 1907 1073 1946; baseline -0.013 -2"><span class='ocrx_word' id='word_1_300' title='bbox 299 1907 351 1944; x_wconf 63' lang='lat' dir='ltr'><strong>iiii</strong></span> <span class='ocrx_word' id='word_1_301' title='bbox 366 1924 372 1942; x_wconf 89' lang='lat'><strong>:</strong></span> <span class='ocrx_word' id='word_1_302' title='bbox 395 1907 559 1946; x_wconf 79' lang='lat' dir='ltr'><strong>acceperunt</strong></span> <span class='ocrx_word' id='word_1_303' title='bbox 588 1916 678 1936; x_wconf 82' lang='lat' dir='ltr'><strong>autem</strong></span> <span class='ocrx_word' id='word_1_304' title='bbox 691 1914 719 1936; x_wconf 86' lang='lat' dir='ltr'><strong>et</strong></span> <span class='ocrx_word' id='word_1_305' title='bbox 735 1908 785 1942; x_wconf 88' lang='lat' dir='ltr'><strong>ipsi</strong></span> <span class='ocrx_word' id='word_1_306' title='bbox 799 1907 921 1946; x_wconf 72' lang='lat' dir='ltr'><strong>singulos</strong></span> <span class='ocrx_word' id='word_1_307' title='bbox 937 1908 1073 1946; x_wconf 74' lang='lat' dir='ltr'><strong>denarius.</strong></span> 
     </span>
    </p>
   </div>
   <div class='ocr_carea' id='block_1_81' title="bbox 278 1925 1076 1983">
    <p class='ocr_par' dir='ltr' id='par_1_81' title="bbox 278 1925 1076 1983">
     <span class='ocr_line' id='line_1_81' title="bbox 299 1925 1073 1946; baseline -0.013 -4"><span class='ocrx_word' id='word_1_308' title='bbox 299 1925 351 1944; x_wconf 84' lang='lat' dir='ltr'><strong>lurl</strong></span> <span class='ocrx_word' id='word_1_309' title='bbox 366 1925 372 1942; x_wconf 76' lang='grc' dir='ltr'>ζ</span> <span class='ocrx_word' id='word_1_310' title='bbox 395 1925 559 1946; x_wconf 66' lang='lat' dir='ltr'><strong>acceperunt</strong></span> <span class='ocrx_word' id='word_1_311' title='bbox 588 1925 678 1936; x_wconf 75' lang='lat' dir='ltr'><strong>nutu-t-</strong></span> <span class='ocrx_word' id='word_1_312' title='bbox 692 1925 719 1936; x_wconf 71' lang='grc' dir='ltr'><strong>ῡι</strong></span> <span class='ocrx_word' id='word_1_313' title='bbox 735 1925 785 1942; x_wconf 67' lang='lat' dir='ltr'><strong>npa-</strong></span> <span class='ocrx_word' id='word_1_314' title='bbox 799 1925 921 1942; x_wconf 69' lang='grc' dir='ltr'><strong>ιιι-ουιυδ</strong></span> <span class='ocrx_word' id='word_1_315' title='bbox 937 1925 1073 1934; x_wconf 50' lang='lat' dir='ltr'><strong>unum“...</strong></span> 
     </span>
     <span class='ocr_line' id='line_1_82' title="bbox 278 1925 1076 1983; baseline -0.014 -3"><span class='ocrx_word' id='word_1_316' title='bbox 278 1925 316 1980; x_wconf 56' lang='lat' dir='ltr'><strong>Et</strong></span> <span class='ocrx_word' id='word_1_317' title='bbox 342 1950 505 1983; x_wconf 79' lang='lat' dir='ltr'><strong>accipientes</strong></span> <span class='ocrx_word' id='word_1_318' title='bbox 524 1949 764 1983; x_wconf 67' lang='lat' dir='ltr'><strong>murmuraverupt</strong></span> <span class='ocrx_word' id='word_1_319' title='bbox 782 1943 914 1983; x_wconf 66' lang='lat' dir='ltr'><strong>adversus</strong></span> <span class='ocrx_word' id='word_1_320' title='bbox 929 1944 1076 1983; x_wconf 78' lang='lat' dir='ltr'><strong>patremla-</strong></span> 
     </span>
    </p>
   </div>
   <div class='ocr_carea' id='block_1_82' title="bbox 279 1979 1077 2018">
    <p class='ocr_par' dir='ltr' id='par_1_82' title="bbox 279 1979 1077 2018">
     <span class='ocr_line' id='line_1_83' title="bbox 279 1979 1077 2018; baseline -0.01 -6"><span class='ocrx_word' id='word_1_321' title='bbox 279 1979 379 2018; x_wconf 64' lang='lat' dir='ltr'><strong>minus,</strong></span> <span class='ocrx_word' id='word_1_322' title='bbox 387 1979 510 2012; x_wconf 67' lang='lat' dir='ltr'><strong>dicentes</strong></span> <span class='ocrx_word' id='word_1_323' title='bbox 522 1991 528 2009; x_wconf 94' lang='lat'><strong>:</strong></span> <span class='ocrx_word' id='word_1_324' title='bbox 542 1982 574 2009; x_wconf 89' lang='lat' dir='ltr'><strong>lii</strong></span> <span class='ocrx_word' id='word_1_325' title='bbox 584 1981 725 2018; x_wconf 77' lang='lat' dir='ltr'><strong>novissimi</strong></span> <span class='ocrx_word' id='word_1_326' title='bbox 760 1986 812 2018; x_wconf 77' lang='lat' dir='ltr'><strong>una</strong></span> <span class='ocrx_word' id='word_1_327' title='bbox 831 1981 895 2018; x_wconf 66' lang='lat' dir='ltr'><strong>liora</strong></span> <span class='ocrx_word' id='word_1_328' title='bbox 908 1983 1013 2018; x_wconf 82' lang='lat' dir='ltr'><strong>tantum</strong></span> <span class='ocrx_word' id='word_1_329' title='bbox 1038 1979 1077 2018; x_wconf 82' lang='lat' dir='ltr'><strong>la-</strong></span> 
     </span>
    </p>
   </div>
   <div class='ocr_carea' id='block_1_83' title="bbox 280 2014 1078 2052">
    <p class='ocr_par' dir='ltr' id='par_1_83' title="bbox 280 2014 1078 2052">
     <span class='ocr_line' id='line_1_84' title="bbox 280 2014 1078 2052; baseline -0.015 -1"><span class='ocrx_word' id='word_1_330' title='bbox 280 2014 485 2052; x_wconf 78' lang='lat' dir='ltr'><strong>boraverunt,et</strong></span> <span class='ocrx_word' id='word_1_331' title='bbox 494 2017 623 2052; x_wconf 74' lang='lat' dir='ltr'><strong>aequales</strong></span> <span class='ocrx_word' id='word_1_332' title='bbox 637 2016 700 2052; x_wconf 82' lang='lat' dir='ltr'><strong>illos</strong></span> <span class='ocrx_word' id='word_1_333' title='bbox 705 2014 782 2052; x_wconf 85' lang='lat' dir='ltr'><strong>nobis</strong></span> <span class='ocrx_word' id='word_1_334' title='bbox 795 2014 890 2047; x_wconf 88' lang='lat' dir='ltr'><strong>iecisti,</strong></span> <span class='ocrx_word' id='word_1_335' title='bbox 900 2015 950 2052; x_wconf 84' lang='lat' dir='ltr'><strong>_qui</strong></span> <span class='ocrx_word' id='word_1_336' title='bbox 961 2014 1078 2052; x_wconf 79' lang='lat' dir='ltr'><strong>portavi-</strong></span> 
     </span>
    </p>
   </div>
   <div class='ocr_carea' id='block_1_84' title="bbox 282 2049 1080 2092">
    <p class='ocr_par' dir='ltr' id='par_1_84' title="bbox 282 2049 1080 2092">
     <span class='ocr_line' id='line_1_85' title="bbox 282 2049 1080 2092; baseline -0.013 -6"><span class='ocrx_word' id='word_1_337' title='bbox 282 2049 343 2086; x_wconf 71' lang='lat' dir='ltr'><strong>mus</strong></span> <span class='ocrx_word' id='word_1_338' title='bbox 359 2049 464 2092; x_wconf 76' lang='lat' dir='ltr'><strong>pondus</strong></span> <span class='ocrx_word' id='word_1_339' title='bbox 474 2049 571 2092; x_wconf 46' lang='lat' dir='ltr'><strong>diei—et</strong></span> <span class='ocrx_word' id='word_1_340' title='bbox 583 2050 724 2092; x_wconf 47' lang='lat' dir='ltr'><strong>8681115..AI</strong></span> <span class='ocrx_word' id='word_1_341' title='bbox 732 2051 776 2092; x_wconf 66' lang='lat' dir='ltr'><strong>ille</strong></span> <span class='ocrx_word' id='word_1_342' title='bbox 784 2049 959 2091; x_wconf 65' lang='lat' dir='ltr'><strong>respondens</strong></span> <span class='ocrx_word' id='word_1_343' title='bbox 976 2050 1020 2076; x_wconf 92' lang='lat' dir='ltr'><strong>uni</strong></span> <span class='ocrx_word' id='word_1_344' title='bbox 1036 2056 1080 2077; x_wconf 89' lang='lat' dir='ltr'><strong>eo-</strong></span> 
     </span>
    </p>
   </div>
   <div class='ocr_carea' id='block_1_85' title="bbox 280 2085 1079 2126">
    <p class='ocr_par' dir='ltr' id='par_1_85' title="bbox 280 2085 1079 2126">
     <span class='ocr_line' id='line_1_86' title="bbox 280 2085 1079 2126; baseline -0.013 -4"><span class='ocrx_word' id='word_1_345' title='bbox 280 2085 437 2126; x_wconf 60' lang='lat' dir='ltr'><strong>runi,&#39;dixlt</strong></span> <span class='ocrx_word' id='word_1_346' title='bbox 452 2099 458 2117; x_wconf 90' lang='lat'><strong>:</strong></span> <span class='ocrx_word' id='word_1_347' title='bbox 470 2089 565 2126; x_wconf 81' lang='lat' dir='ltr'><strong>Amice</strong></span> <span class='ocrx_word' id='word_1_348' title='bbox 576 2095 628 2115; x_wconf 92' lang='lat' dir='ltr'><strong>non</strong></span> <span class='ocrx_word' id='word_1_349' title='bbox 640 2086 773 2126; x_wconf 76' lang='lat' dir='ltr'><strong>facio__til_i_i</strong></span> <span class='ocrx_word' id='word_1_350' title='bbox 784 2085 908 2126; x_wconf 74' lang='lat' dir='ltr'><strong>iniuriam</strong></span> <span class='ocrx_word' id='word_1_351' title='bbox 921 2094 928 2112; x_wconf 69' lang='grc' dir='ltr'>ι</span> <span class='ocrx_word' id='word_1_352' title='bbox 941 2093 1031 2113; x_wconf 86' lang='lat' dir='ltr'><strong>nonne</strong></span> <span class='ocrx_word' id='word_1_353' title='bbox 1045 2092 1079 2126; x_wconf 73' lang='lat' dir='ltr'><strong>ett</strong></span> 
     </span>
    </p>
   </div>
   <div class='ocr_carea' id='block_1_86' title="bbox 281 2121 1081 2157">
    <p class='ocr_par' dir='ltr' id='par_1_86' title="bbox 281 2121 1081 2157">
     <span class='ocr_line' id='line_1_87' title="bbox 281 2121 1081 2157; baseline -0.013 0"><span class='ocrx_word' id='word_1_354' title='bbox 281 2121 394 2157; x_wconf 80' lang='lat' dir='ltr'><strong>denario</strong></span> <span class='ocrx_word' id='word_1_355' title='bbox 404 2125 556 2155; x_wconf 83' lang='lat' dir='ltr'><strong>convenisti</strong></span> <span class='ocrx_word' id='word_1_356' title='bbox 575 2130 680 2150; x_wconf 88' lang='lat' dir='ltr'><strong>mecum</strong></span> <span class='ocrx_word' id='word_1_357' title='bbox 691 2124 703 2149; x_wconf 77' lang='grc' dir='ltr'><strong><em>τ</em></strong></span> <span class='ocrx_word' id='word_1_358' title='bbox 714 2121 789 2148; x_wconf 86' lang='lat' dir='ltr'><strong>Tolle</strong></span> <span class='ocrx_word' id='word_1_359' title='bbox 801 2121 878 2157; x_wconf 14' lang='lat' dir='ltr'><strong>quod?</strong></span> <span class='ocrx_word' id='word_1_360' title='bbox 897 2125 971 2148; x_wconf 90' lang='lat' dir='ltr'><strong>tuum</strong></span> <span class='ocrx_word' id='word_1_361' title='bbox 985 2126 1037 2153; x_wconf 84' lang='lat' dir='ltr'><strong>est,</strong></span> <span class='ocrx_word' id='word_1_362' title='bbox 1053 2125 1081 2148; x_wconf 91' lang='lat' dir='ltr'><strong>et</strong></span> 
     </span>
    </p>
   </div>
   <div class='ocr_carea' id='block_1_87' title="bbox 281 2156 1081 2192">
    <p class='ocr_par' dir='ltr' id='par_1_87' title="bbox 281 2156 1081 2192">
     <span class='ocr_line' id='line_1_88' title="bbox 281 2156 1081 2192; baseline -0.013 1"><span class='ocrx_word' id='word_1_363' title='bbox 281 2156 351 2192; x_wconf 55' lang='lat' dir='ltr'><strong>vide</strong></span> <span class='ocrx_word' id='word_1_364' title='bbox 371 2173 379 2191; x_wconf 88' lang='lat'><strong><em>:</em></strong></span> <span class='ocrx_word' id='word_1_365' title='bbox 403 2163 464 2190; x_wconf 88' lang='lat' dir='ltr'><strong>volo</strong></span> <span class='ocrx_word' id='word_1_366' title='bbox 486 2164 575 2187; x_wconf 81' lang='lat' dir='ltr'><strong>autem</strong></span> <span class='ocrx_word' id='word_1_367' title='bbox 589 2165 616 2185; x_wconf 84' lang='lat' dir='ltr'><strong>et</strong></span> <span class='ocrx_word' id='word_1_368' title='bbox 631 2157 693 2185; x_wconf 84' lang='lat' dir='ltr'><strong>huic</strong></span> <span class='ocrx_word' id='word_1_369' title='bbox 706 2156 857 2184; x_wconf 87' lang='lat' dir='ltr'><strong>novissimo</strong></span> <span class='ocrx_word' id='word_1_370' title='bbox 871 2156 881 2171; x_wconf 86' lang='grc'>³</span> <span class='ocrx_word' id='word_1_371' title='bbox 897 2161 1000 2183; x_wconf 81' lang='lat' dir='ltr'><strong>tantum</strong></span> <span class='ocrx_word' id='word_1_372' title='bbox 1016 2157 1081 2183; x_wconf 82' lang='lat' dir='ltr'><strong>dare</strong></span> 
     </span>
    </p>
   </div>
   <div class='ocr_carea' id='block_1_88' title="bbox 281 2191 1082 2236">
    <p class='ocr_par' dir='ltr' id='par_1_88' title="bbox 281 2191 1082 2236">
     <span class='ocr_line' id='line_1_89' title="bbox 281 2191 1082 2236; baseline -0.014 -8"><span class='ocrx_word' id='word_1_373' title='bbox 281 2191 413 2236; x_wconf 70' lang='lat' dir='ltr'><strong>quantum</strong></span> <span class='ocrx_word' id='word_1_374' title='bbox 426 2203 454 2225; x_wconf 88' lang='lat' dir='ltr'><strong>et</strong></span> <span class='ocrx_word' id='word_1_375' title='bbox 469 2197 527 2236; x_wconf 57' lang='lat' dir='ltr'><strong>tibi:</strong></span> <span class='ocrx_word' id='word_1_376' title='bbox 543 2196 597 2221; x_wconf 83' lang='lat' dir='ltr'><strong>Aut</strong></span> <span class='ocrx_word' id='word_1_377' title='bbox 618 2201 671 2236; x_wconf 74' lang='lat' dir='ltr'><strong>non</strong></span> <span class='ocrx_word' id='word_1_378' title='bbox 688 2193 753 2236; x_wconf 75' lang='lat' dir='ltr'><strong>licet</strong></span> <span class='ocrx_word' id='word_1_379' title='bbox 774 2191 925 2236; x_wconf 70' lang='lat' dir='ltr'><strong>iniliiquod</strong></span> <span class='ocrx_word' id='word_1_380' title='bbox 949 2191 1082 2236; x_wconf 30' lang='lat' dir='ltr'><strong>volopia:</strong></span> 
     </span>
    </p>
   </div>
   <div class='ocr_carea' id='block_1_89' title="bbox 282 2229 1082 2264">
    <p class='ocr_par' dir='ltr' id='par_1_89' title="bbox 282 2229 1082 2264">
     <span class='ocr_line' id='line_1_90' title="bbox 282 2229 1082 2264; baseline -0.013 0"><span class='ocrx_word' id='word_1_381' title='bbox 282 2229 346 2264; x_wconf 72' lang='lat' dir='ltr'><strong>cere</strong></span> <span class='ocrx_word' id='word_1_382' title='bbox 357 2235 389 2262; x_wconf 83' lang='lat' dir='ltr'><strong>de</strong></span> <span class='ocrx_word' id='word_1_383' title='bbox 403 2241 432 2260; x_wconf 93' lang='lat' dir='ltr'><strong>re</strong></span> <span class='ocrx_word' id='word_1_384' title='bbox 446 2239 504 2260; x_wconf 85' lang='lat' dir='ltr'><strong>mea</strong></span> <span class='ocrx_word' id='word_1_385' title='bbox 514 2232 526 2257; x_wconf 64' lang='grc' dir='ltr'><em>ἲ</em></span> <span class='ocrx_word' id='word_1_386' title='bbox 537 2238 571 2257; x_wconf 89' lang='lat' dir='ltr'><strong>an</strong></span> <span class='ocrx_word' id='word_1_387' title='bbox 585 2229 680 2256; x_wconf 84' lang='lat' dir='ltr'><strong>oculus</strong></span> <span class='ocrx_word' id='word_1_388' title='bbox 697 2233 758 2255; x_wconf 87' lang='lat' dir='ltr'><strong>tuus</strong></span> <span class='ocrx_word' id='word_1_389' title='bbox 770 2235 865 2264; x_wconf 17' lang='lat' dir='ltr'><strong>inequa</strong></span> <span class='ocrx_word' id='word_1_390' title='bbox 880 2231 922 2254; x_wconf 87' lang='lat' dir='ltr'><strong>est</strong></span> <span class='ocrx_word' id='word_1_391' title='bbox 935 2247 947 2264; x_wconf 22' lang='grc' dir='ltr'><strong>,ν</strong></span> <span class='ocrx_word' id='word_1_392' title='bbox 957 2229 1019 2261; x_wconf 82' lang='lat' dir='ltr'><strong>quia</strong></span> <span class='ocrx_word' id='word_1_393' title='bbox 1032 2234 1082 2264; x_wconf 78' lang='lat' dir='ltr'><strong>ego</strong></span> 
     </span>
    </p>
   </div>
   <div class='ocr_carea' id='block_1_90' title="bbox 283 2263 1083 2299">
    <p class='ocr_par' dir='ltr' id='par_1_90' title="bbox 283 2263 1083 2299">
     <span class='ocr_line' id='line_1_91' title="bbox 283 2263 1083 2299; baseline -0.011 -1"><span class='ocrx_word' id='word_1_394' title='bbox 283 2272 372 2298; x_wconf 81' lang='lat' dir='ltr'><strong>bonus</strong></span> <span class='ocrx_word' id='word_1_395' title='bbox 382 2277 441 2296; x_wconf 86' lang='lat' dir='ltr'><strong>sum</strong></span> <span class='ocrx_word' id='word_1_396' title='bbox 453 2269 464 2294; x_wconf 86' lang='lat'><strong>?</strong></span> <span class='ocrx_word' id='word_1_397' title='bbox 480 2267 525 2294; x_wconf 81' lang='lat' dir='ltr'><strong>Sic</strong></span> <span class='ocrx_word' id='word_1_398' title='bbox 539 2273 605 2299; x_wconf 77' lang='lat' dir='ltr'><strong>ergo</strong></span> <span class='ocrx_word' id='word_1_399' title='bbox 619 2268 701 2292; x_wconf 88' lang='lat' dir='ltr'><strong>erunt</strong></span> <span class='ocrx_word' id='word_1_400' title='bbox 714 2263 855 2290; x_wconf 73' lang='lat' dir='ltr'><strong>novissimi</strong></span> <span class='ocrx_word' id='word_1_401' title='bbox 871 2263 968 2297; x_wconf 87' lang='lat' dir='ltr'><strong>primi,</strong></span> <span class='ocrx_word' id='word_1_402' title='bbox 988 2267 1016 2289; x_wconf 89' lang='lat' dir='ltr'><strong>et</strong></span> <span class='ocrx_word' id='word_1_403' title='bbox 1029 2263 1083 2296; x_wconf 90' lang='lat' dir='ltr'><strong>pri-</strong></span> 
     </span>
    </p>
   </div>
   <div class='ocr_carea' id='block_1_91' title="bbox 283 2300 900 2334">
    <p class='ocr_par' dir='ltr' id='par_1_91' title="bbox 283 2300 900 2334">
     <span class='ocr_line' id='line_1_92' title="bbox 283 2300 900 2334; baseline -0.015 -1"><span class='ocrx_word' id='word_1_404' title='bbox 283 2307 321 2334; x_wconf 96' lang='lat' dir='ltr'><strong>mi</strong></span> <span class='ocrx_word' id='word_1_405' title='bbox 346 2303 495 2332; x_wconf 77' lang='lat' dir='ltr'><strong>novissimi.</strong></span> <span class='ocrx_word' id='word_1_406' title='bbox 521 2301 597 2328; x_wconf 67' lang='lat' dir='ltr'><strong>nulli</strong></span> <span class='ocrx_word' id='word_1_407' title='bbox 615 2300 688 2327; x_wconf 89' lang='lat' dir='ltr'><strong>enim</strong></span> <span class='ocrx_word' id='word_1_408' title='bbox 708 2304 772 2326; x_wconf 83' lang='lat' dir='ltr'><strong>sunt</strong></span> <span class='ocrx_word' id='word_1_409' title='bbox 794 2301 900 2329; x_wconf 83' lang='lat' dir='ltr'><strong>vocati,</strong></span> 
     </span>
    </p>
   </div>
   <div class='ocr_carea' id='block_1_92' title="bbox 283 2334 1081 2370">
    <p class='ocr_par' dir='ltr' id='par_1_92' title="bbox 283 2334 1081 2370">
     <span class='ocr_line' id='line_1_93' title="bbox 283 2334 1081 2370; baseline -0.013 0"><span class='ocrx_word' id='word_1_410' title='bbox 283 2341 373 2370; x_wconf 84' lang='lat' dir='ltr'><strong>electi.</strong></span> <span class='ocrx_word' id='word_1_411' title='bbox 398 2339 434 2366; x_wconf 85' lang='lat' dir='ltr'><strong>Et</strong></span> <span class='ocrx_word' id='word_1_412' title='bbox 455 2346 515 2365; x_wconf 85' lang='lat' dir='ltr'><strong>cum</strong></span> <span class='ocrx_word' id='word_1_413' title='bbox 531 2337 540 2352; x_wconf 67' lang='lat'>&quot;</span> <span class='ocrx_word' id='word_1_414' title='bbox 562 2336 724 2363; x_wconf 81' lang='lat' dir='ltr'><strong>ascenderet</strong></span> <span class='ocrx_word' id='word_1_415' title='bbox 746 2334 826 2362; x_wconf 82' lang='lat' dir='ltr'><strong>Jesus</strong></span> <span class='ocrx_word' id='word_1_416' title='bbox 850 2334 1081 2368; x_wconf 78' lang='lat' dir='ltr'><strong>Hierosolymam,</strong></span> 
     </span>
    </p>
   </div>
   <div class='ocr_carea' id='block_1_93' title="bbox 283 2369 1083 2408">
    <p class='ocr_par' dir='ltr' id='par_1_93' title="bbox 283 2369 1083 2408">
     <span class='ocr_line' id='line_1_94' title="bbox 283 2369 1083 2408; baseline -0.009 -5"><span class='ocrx_word' id='word_1_417' title='bbox 283 2376 432 2408; x_wconf 75' lang='lat' dir='ltr'><strong>assumpsit</strong></span> <span class='ocrx_word' id='word_1_418' title='bbox 451 2373 594 2400; x_wconf 75' lang='lat' dir='ltr'><strong>duodecim</strong></span> <span class='ocrx_word' id='word_1_419' title='bbox 608 2371 758 2404; x_wconf 80' lang='lat' dir='ltr'><strong>discipulos</strong></span> <span class='ocrx_word' id='word_1_420' title='bbox 769 2370 791 2408; x_wconf 49' lang='grc' dir='ltr'><strong>ἦ.</strong></span> <span class='ocrx_word' id='word_1_421' title='bbox 806 2374 837 2408; x_wconf 75' lang='lat' dir='ltr'><strong>et</strong></span> <span class='ocrx_word' id='word_1_422' title='bbox 856 2370 903 2408; x_wconf 90' lang='lat' dir='ltr'><strong>ait_</strong></span> <span class='ocrx_word' id='word_1_423' title='bbox 916 2370 971 2408; x_wconf 78' lang='lat' dir='ltr'><strong>illis</strong></span> <span class='ocrx_word' id='word_1_424' title='bbox 988 2378 995 2395; x_wconf 92' lang='lat'>:</span> <span class='ocrx_word' id='word_1_425' title='bbox 1013 2369 1083 2408; x_wconf 77' lang='lat' dir='ltr'><strong>_Ecce</strong></span> 
     </span>
    </p>
   </div>
   <div class='ocr_carea' id='block_1_94' title="bbox 284 2405 1084 2442">
    <p class='ocr_par' dir='ltr' id='par_1_94' title="bbox 284 2405 1084 2442">
     <span class='ocr_line' id='line_1_95' title="bbox 284 2405 1084 2442; baseline -0.01 -3"><span class='ocrx_word' id='word_1_426' title='bbox 284 2405 456 2440; x_wconf 66' lang='lat' dir='ltr'><strong>ascendimus</strong></span> <span class='ocrx_word' id='word_1_427' title='bbox 470 2408 694 2442; x_wconf 78' lang='lat' dir='ltr'><strong>Hierosolymam,</strong></span> <span class='ocrx_word' id='word_1_428' title='bbox 709 2412 735 2433; x_wconf 90' lang='lat' dir='ltr'><strong>ct</strong></span> <span class='ocrx_word' id='word_1_429' title='bbox 748 2406 819 2442; x_wconf 84' lang='lat' dir='ltr'><strong>iilius</strong></span> <span class='ocrx_word' id='word_1_430' title='bbox 832 2405 950 2433; x_wconf 85' lang='lat' dir='ltr'><strong>hominis</strong></span> <span class='ocrx_word' id='word_1_431' title='bbox 963 2405 1084 2442; x_wconf 73' lang='lat' dir='ltr'><strong>tradetur</strong></span> 
     </span>
    </p>
   </div>
   <div class='ocr_carea' id='block_1_95' title="bbox 284 2440 1084 2482">
    <p class='ocr_par' dir='ltr' id='par_1_95' title="bbox 284 2440 1084 2482">
     <span class='ocr_line' id='line_1_96' title="bbox 284 2440 1084 2482; baseline -0.01 -8"><span class='ocrx_word' id='word_1_432' title='bbox 284 2448 452 2482; x_wconf 80' lang='lat' dir='ltr'><strong>principibus</strong></span> <span class='ocrx_word' id='word_1_433' title='bbox 468 2440 651 2482; x_wconf 69' lang='lat' dir='ltr'><strong>sacerdotum,</strong></span> <span class='ocrx_word' id='word_1_434' title='bbox 662 2445 690 2469; x_wconf 85' lang='lat' dir='ltr'><strong>et</strong></span> <span class='ocrx_word' id='word_1_435' title='bbox 703 2441 811 2482; x_wconf 67' lang='lat' dir='ltr'><strong>scribis.</strong></span> <span class='ocrx_word' id='word_1_436' title='bbox 823 2445 851 2468; x_wconf 86' lang='lat' dir='ltr'><strong>et</strong></span> <span class='ocrx_word' id='word_1_437' title='bbox 863 2440 1084 2482; x_wconf 67' lang='lat' dir='ltr'><strong>condemnabunt</strong></span> 
     </span>
    </p>
   </div>
   <div class='ocr_carea' id='block_1_96' title="bbox 285 2477 1081 2512">
    <p class='ocr_par' dir='ltr' id='par_1_96' title="bbox 285 2477 1081 2512">
     <span class='ocr_line' id='line_1_97' title="bbox 285 2477 1081 2512; baseline -0.011 -1"><span class='ocrx_word' id='word_1_438' title='bbox 285 2477 346 2511; x_wconf 73' lang='lat' dir='ltr'><strong>cum</strong></span> <span class='ocrx_word' id='word_1_439' title='bbox 362 2477 460 2512; x_wconf 82' lang='lat' dir='ltr'><strong>morte,</strong></span> <span class='ocrx_word' id='word_1_440' title='bbox 476 2485 503 2506; x_wconf 90' lang='lat' dir='ltr'><strong>et</strong></span> <span class='ocrx_word' id='word_1_441' title='bbox 516 2478 623 2505; x_wconf 86' lang='lat' dir='ltr'><strong>tradent</strong></span> <span class='ocrx_word' id='word_1_442' title='bbox 633 2485 694 2504; x_wconf 84' lang='lat' dir='ltr'><strong>eum</strong></span> <span class='ocrx_word' id='word_1_443' title='bbox 706 2477 832 2512; x_wconf 80' lang='lat' dir='ltr'><strong>gentibus</strong></span> <span class='ocrx_word' id='word_1_444' title='bbox 842 2477 876 2505; x_wconf 80' lang='lat' dir='ltr'><strong>ad</strong></span> <span class='ocrx_word' id='word_1_445' title='bbox 887 2477 1081 2508; x_wconf 74' lang='lat' dir='ltr'><strong>deiudoitdum,</strong></span> 
     </span>
    </p>
   </div>
   <div class='ocr_carea' id='block_1_97' title="bbox 316 2588 442 2620">
    <p class='ocr_par' dir='ltr' id='par_1_97' title="bbox 316 2588 442 2620">
     <span class='ocr_line' id='line_1_98' title="bbox 316 2588 442 2620; baseline -0.008 -7"><span class='ocrx_word' id='word_1_446' title='bbox 316 2590 325 2605; x_wconf 73' lang='grc' dir='ltr'>ί</span> <span class='ocrx_word' id='word_1_447' title='bbox 344 2588 442 2620; x_wconf 73' lang='lat' dir='ltr'><strong>primos.</strong></span> 
     </span>
    </p>
   </div>
   <div class='ocr_carea' id='block_1_98' title="bbox 316 2616 770 2647">
    <p class='ocr_par' dir='ltr' id='par_1_98' title="bbox 316 2616 770 2647">
     <span class='ocr_line' id='line_1_99' title="bbox 316 2616 770 2647; baseline -0.013 -3"><span class='ocrx_word' id='word_1_448' title='bbox 316 2621 326 2636; x_wconf 79' lang='grc'>²</span> <span class='ocrx_word' id='word_1_449' title='bbox 343 2616 417 2644; x_wconf 82' lang='lat' dir='ltr'><strong>imam</strong></span> <span class='ocrx_word' id='word_1_450' title='bbox 427 2618 511 2642; x_wconf 87' lang='lat' dir='ltr'><strong>horam</strong></span> <span class='ocrx_word' id='word_1_451' title='bbox 523 2616 646 2646; x_wconf 79' lang='lat' dir='ltr'><strong>iecerunt,</strong></span> <span class='ocrx_word' id='word_1_452' title='bbox 655 2617 686 2647; x_wconf 75' lang='lat' dir='ltr'><strong>et</strong></span> <span class='ocrx_word' id='word_1_453' title='bbox 697 2620 770 2647; x_wconf 84' lang='lat' dir='ltr'><strong>pares</strong></span> 
     </span>
    </p>
   </div>
   <div class='ocr_carea' id='block_1_99' title="bbox 256 2645 709 2683">
    <p class='ocr_par' dir='ltr' id='par_1_99' title="bbox 256 2645 709 2683">
     <span class='ocr_line' id='line_1_100' title="bbox 256 2645 709 2683; baseline -0.015 -6"><span class='ocrx_word' id='word_1_454' title='bbox 256 2657 260 2659; x_wconf 86' lang='lat'>&#39;</span> <span class='ocrx_word' id='word_1_455' title='bbox 285 2669 294 2683; x_wconf 73' lang='lat'><strong>_.</strong></span> <span class='ocrx_word' id='word_1_456' title='bbox 317 2651 328 2668; x_wconf 78' lang='grc' dir='ltr'>ι</span> <span class='ocrx_word' id='word_1_457' title='bbox 342 2651 401 2676; x_wconf 80' lang='lat' dir='ltr'><strong>dare</strong></span> <span class='ocrx_word' id='word_1_458' title='bbox 412 2649 476 2674; x_wconf 76' lang='lat' dir='ltr'><strong>sicut</strong></span> <span class='ocrx_word' id='word_1_459' title='bbox 487 2651 553 2673; x_wconf 80' lang='lat' dir='ltr'><strong>eL...</strong></span> <span class='ocrx_word' id='word_1_460' title='bbox 564 2645 665 2672; x_wconf 70' lang='lat' dir='ltr'><strong>facere?</strong></span> <span class='ocrx_word' id='word_1_461' title='bbox 677 2645 709 2670; x_wconf 80' lang='lat' dir='ltr'><strong>an</strong></span> 
     </span>
    </p>
   </div>
   <div class='ocr_carea' id='block_1_100' title="bbox 927 2299 1083 2331">
    <p class='ocr_par' dir='ltr' id='par_1_100' title="bbox 927 2299 1083 2331">
     <span class='ocr_line' id='line_1_101' title="bbox 927 2299 1083 2331; baseline 0.006 -7"><span class='ocrx_word' id='word_1_462' title='bbox 927 2299 1004 2331; x_wconf 78' lang='lat' dir='ltr'><strong>pauci</strong></span> <span class='ocrx_word' id='word_1_463' title='bbox 1019 2305 1083 2325; x_wconf 90' lang='lat' dir='ltr'><strong>vero</strong></span> 
     </span>
    </p>
   </div>
   <div class='ocr_carea' id='block_1_101' title="bbox 1319 120 1683 150">
    <p class='ocr_par' dir='ltr' id='par_1_101' title="bbox 1319 120 1683 150">
     <span class='ocr_line' id='line_1_102' title="bbox 1319 120 1683 150; baseline 0 -1"><span class='ocrx_word' id='word_1_464' title='bbox 1319 121 1435 150; x_wconf 79' lang='lat' dir='ltr'><strong>CODEX</strong></span> <span class='ocrx_word' id='word_1_465' title='bbox 1458 120 1683 150; x_wconf 75' lang='lat' dir='ltr'><strong>VEBONENSIS.</strong></span> 
     </span>
    </p>
   </div>
   <div class='ocr_carea' id='block_1_102' title="bbox 1102 168 1327 202">
    <p class='ocr_par' dir='ltr' id='par_1_102' title="bbox 1102 168 1327 202">
     <span class='ocr_line' id='line_1_103' title="bbox 1102 168 1327 202; baseline 0 -7"><span class='ocrx_word' id='word_1_466' title='bbox 1102 168 1236 202; x_wconf 87' lang='lat' dir='ltr'><strong>incipiens</strong></span> <span class='ocrx_word' id='word_1_467' title='bbox 1250 175 1265 195; x_wconf 91' lang='lat' dir='ltr'><strong>a</strong></span> <span class='ocrx_word' id='word_1_468' title='bbox 1278 175 1327 195; x_wconf 89' lang='lat' dir='ltr'><strong>no-</strong></span> 
     </span>
    </p>
   </div>
   <div class='ocr_carea' id='block_1_103' title="bbox 1102 204 1327 240">
    <p class='ocr_par' dir='ltr' id='par_1_103' title="bbox 1102 204 1327 240">
     <span class='ocr_line' id='line_1_104' title="bbox 1102 204 1327 240; baseline 0.004 -9"><span class='ocrx_word' id='word_1_469' title='bbox 1102 204 1221 240; x_wconf 80' lang='lat' dir='ltr'><strong>bissimis</strong></span> <span class='ocrx_word' id='word_1_470' title='bbox 1240 211 1327 240; x_wconf 89' lang='lat' dir='ltr'><strong>usque</strong></span> 
     </span>
    </p>
   </div>
   <div class='ocr_carea' id='block_1_104' title="bbox 1103 239 1259 273">
    <p class='ocr_par' dir='ltr' id='par_1_104' title="bbox 1103 239 1259 273">
     <span class='ocr_line' id='line_1_105' title="bbox 1103 239 1259 273; baseline 0.006 -7"><span class='ocrx_word' id='word_1_471' title='bbox 1103 239 1137 266; x_wconf 85' lang='lat' dir='ltr'><strong>ad</strong></span> <span class='ocrx_word' id='word_1_472' title='bbox 1149 240 1259 273; x_wconf 88' lang='lat' dir='ltr'><strong>primos.</strong></span> 
     </span>
    </p>
   </div>
   <div class='ocr_carea' id='block_1_105' title="bbox 1105 274 1328 302">
    <p class='ocr_par' dir='ltr' id='par_1_105' title="bbox 1105 274 1328 302">
     <span class='ocr_line' id='line_1_106' title="bbox 1105 274 1328 302; baseline 0 0"><span class='ocrx_word' id='word_1_473' title='bbox 1105 274 1132 302; x_wconf 89' lang='lat'><strong>9.</strong></span> <span class='ocrx_word' id='word_1_474' title='bbox 1153 274 1221 301; x_wconf 88' lang='lat' dir='ltr'><strong>Cum</strong></span> <span class='ocrx_word' id='word_1_475' title='bbox 1237 276 1328 302; x_wconf 88' lang='lat' dir='ltr'><strong>venis—</strong></span> 
     </span>
    </p>
   </div>
   <div class='ocr_carea' id='block_1_106' title="bbox 1105 311 1308 345">
    <p class='ocr_par' dir='ltr' id='par_1_106' title="bbox 1105 311 1308 345">
     <span class='ocr_line' id='line_1_107' title="bbox 1105 311 1308 345; baseline 0 -9"><span class='ocrx_word' id='word_1_476' title='bbox 1105 313 1168 337; x_wconf 82' lang='lat' dir='ltr'><strong>sent</strong></span> <span class='ocrx_word' id='word_1_477' title='bbox 1181 317 1246 345; x_wconf 75' lang='lat' dir='ltr'><strong>ergo</strong></span> <span class='ocrx_word' id='word_1_478' title='bbox 1261 311 1308 345; x_wconf 82' lang='lat' dir='ltr'><strong>qui</strong></span> 
     </span>
    </p>
   </div>
   <div class='ocr_carea' id='block_1_107' title="bbox 1104 345 1308 373">
    <p class='ocr_par' dir='ltr' id='par_1_107' title="bbox 1104 345 1308 373">
     <span class='ocr_line' id='line_1_108' title="bbox 1104 345 1308 373; baseline 0.005 -1"><span class='ocrx_word' id='word_1_479' title='bbox 1104 345 1175 372; x_wconf 88' lang='lat' dir='ltr'><strong>circa</strong></span> <span class='ocrx_word' id='word_1_480' title='bbox 1195 345 1308 373; x_wconf 87' lang='lat' dir='ltr'><strong>undeci-</strong></span> 
     </span>
    </p>
   </div>
   <div class='ocr_carea' id='block_1_108' title="bbox 1106 381 1287 408">
    <p class='ocr_par' dir='ltr' id='par_1_108' title="bbox 1106 381 1287 408">
     <span class='ocr_line' id='line_1_109' title="bbox 1106 381 1287 408; baseline 0.006 -1"><span class='ocrx_word' id='word_1_481' title='bbox 1106 388 1178 407; x_wconf 87' lang='lat' dir='ltr'><strong>mam</strong></span> <span class='ocrx_word' id='word_1_482' title='bbox 1193 381 1287 408; x_wconf 90' lang='lat' dir='ltr'><strong>horam</strong></span> 
     </span>
    </p>
   </div>
   <div class='ocr_carea' id='block_1_109' title="bbox 1107 421 1311 448">
    <p class='ocr_par' dir='ltr' id='par_1_109' title="bbox 1107 421 1311 448">
     <span class='ocr_line' id='line_1_110' title="bbox 1107 421 1311 448; baseline 0.005 -5"><span class='ocrx_word' id='word_1_483' title='bbox 1107 421 1251 448; x_wconf 86' lang='lat' dir='ltr'><strong>venerant.</strong></span> <span class='ocrx_word' id='word_1_484' title='bbox 1266 424 1311 444; x_wconf 83' lang='lat' dir='ltr'><strong>ac-</strong></span> 
     </span>
    </p>
   </div>
   <div class='ocr_carea' id='block_1_110' title="bbox 1107 452 1307 479">
    <p class='ocr_par' dir='ltr' id='par_1_110' title="bbox 1107 452 1307 479">
     <span class='ocr_line' id='line_1_111' title="bbox 1107 452 1307 479; baseline 0.005 -1"><span class='ocrx_word' id='word_1_485' title='bbox 1107 456 1238 479; x_wconf 76' lang='lat' dir='ltr'><strong>ceperunt</strong></span> <span class='ocrx_word' id='word_1_486' title='bbox 1252 452 1307 479; x_wconf 89' lang='lat' dir='ltr'><strong>sin-</strong></span> 
     </span>
    </p>
   </div>
   <div class='ocr_carea' id='block_1_111' title="bbox 1107 487 1283 527">
    <p class='ocr_par' dir='ltr' id='par_1_111' title="bbox 1107 487 1283 527">
     <span class='ocr_line' id='line_1_112' title="bbox 1107 487 1283 527; baseline 0.006 -13"><span class='ocrx_word' id='word_1_487' title='bbox 1107 487 1185 527; x_wconf 78' lang='lat' dir='ltr'><strong>gulos</strong></span> <span class='ocrx_word' id='word_1_488' title='bbox 1199 487 1283 515; x_wconf 85' lang='lat' dir='ltr'><strong>dena-</strong></span> 
     </span>
    </p>
   </div>
   <div class='ocr_carea' id='block_1_112' title="bbox 1107 529 1173 549">
    <p class='ocr_par' dir='ltr' id='par_1_112' title="bbox 1107 529 1173 549">
     <span class='ocr_line' id='line_1_113' title="bbox 1107 529 1173 549; baseline 0 0"><span class='ocrx_word' id='word_1_489' title='bbox 1107 529 1173 549; x_wconf 78' lang='lat' dir='ltr'><strong>I&#39;IOS.</strong></span> 
     </span>
    </p>
   </div>
   <div class='ocr_carea' id='block_1_113' title="bbox 1109 558 1321 587">
    <p class='ocr_par' dir='ltr' id='par_1_113' title="bbox 1109 558 1321 587">
     <span class='ocr_line' id='line_1_114' title="bbox 1109 558 1321 587; baseline 0.014 -3"><span class='ocrx_word' id='word_1_490' title='bbox 1109 558 1153 585; x_wconf 82' lang='grc'><strong>10.</strong></span> <span class='ocrx_word' id='word_1_491' title='bbox 1175 558 1321 587; x_wconf 82' lang='lat' dir='ltr'><strong>Venientes</strong></span> 
     </span>
    </p>
   </div>
   <div class='ocr_carea' id='block_1_114' title="bbox 1108 594 1302 628">
    <p class='ocr_par' dir='ltr' id='par_1_114' title="bbox 1108 594 1302 628">
     <span class='ocr_line' id='line_1_115' title="bbox 1108 594 1302 628; baseline 0.015 -9"><span class='ocrx_word' id='word_1_492' title='bbox 1108 597 1136 620; x_wconf 92' lang='lat' dir='ltr'><strong>et</strong></span> <span class='ocrx_word' id='word_1_493' title='bbox 1151 594 1243 628; x_wconf 80' lang='lat' dir='ltr'><strong>primi,</strong></span> <span class='ocrx_word' id='word_1_494' title='bbox 1258 602 1302 622; x_wconf 88' lang='lat' dir='ltr'><strong>ar-</strong></span> 
     </span>
    </p>
   </div>
   <div class='ocr_carea' id='block_1_115' title="bbox 1106 628 1274 656">
    <p class='ocr_par' dir='ltr' id='par_1_115' title="bbox 1106 628 1274 656">
     <span class='ocr_line' id='line_1_116' title="bbox 1106 628 1274 656; baseline 0.006 -1"><span class='ocrx_word' id='word_1_495' title='bbox 1106 628 1198 656; x_wconf 86' lang='lat' dir='ltr'><strong>bitrati</strong></span> <span class='ocrx_word' id='word_1_496' title='bbox 1212 634 1274 656; x_wconf 89' lang='lat' dir='ltr'><strong>sunt</strong></span> 
     </span>
    </p>
   </div>
   <div class='ocr_carea' id='block_1_116' title="bbox 1108 664 1310 699">
    <p class='ocr_par' dir='ltr' id='par_1_116' title="bbox 1108 664 1310 699">
     <span class='ocr_line' id='line_1_117' title="bbox 1108 664 1310 699; baseline 0.01 -8"><span class='ocrx_word' id='word_1_497' title='bbox 1108 664 1179 699; x_wconf 89' lang='lat' dir='ltr'><strong>quod</strong></span> <span class='ocrx_word' id='word_1_498' title='bbox 1195 665 1255 699; x_wconf 93' lang='lat' dir='ltr'><strong>plus</strong></span> <span class='ocrx_word' id='word_1_499' title='bbox 1267 673 1310 693; x_wconf 89' lang='lat' dir='ltr'><strong>es-</strong></span> 
     </span>
    </p>
   </div>
   <div class='ocr_carea' id='block_1_117' title="bbox 1109 702 1354 735">
    <p class='ocr_par' dir='ltr' id='par_1_117' title="bbox 1109 702 1354 735">
     <span class='ocr_line' id='line_1_118' title="bbox 1109 702 1354 735; baseline 0.008 -8"><span class='ocrx_word' id='word_1_500' title='bbox 1109 705 1170 727; x_wconf 88' lang='lat' dir='ltr'><strong>sent</strong></span> <span class='ocrx_word' id='word_1_501' title='bbox 1192 702 1330 735; x_wconf 84' lang='lat' dir='ltr'><strong>accepturi</strong></span> <span class='ocrx_word' id='word_1_502' title='bbox 1346 711 1354 730; x_wconf 91' lang='lat'><strong>:</strong></span> 
     </span>
    </p>
   </div>
   <div class='ocr_carea' id='block_1_118' title="bbox 1109 742 1272 770">
    <p class='ocr_par' dir='ltr' id='par_1_118' title="bbox 1109 742 1272 770">
     <span class='ocr_line' id='line_1_119' title="bbox 1109 742 1272 770; baseline 0.006 -8"><span class='ocrx_word' id='word_1_503' title='bbox 1109 742 1272 770; x_wconf 87' lang='lat' dir='ltr'><strong>acceperunt</strong></span> 
     </span>
    </p>
   </div>
   <div class='ocr_carea' id='block_1_119' title="bbox 1111 772 1311 808">
    <p class='ocr_par' dir='ltr' id='par_1_119' title="bbox 1111 772 1311 808">
     <span class='ocr_line' id='line_1_120' title="bbox 1111 772 1311 808; baseline 0.005 -11"><span class='ocrx_word' id='word_1_504' title='bbox 1111 775 1202 808; x_wconf 80' lang='lat' dir='ltr'><strong>autem</strong></span> <span class='ocrx_word' id='word_1_505' title='bbox 1216 776 1243 799; x_wconf 93' lang='lat' dir='ltr'><strong>et</strong></span> <span class='ocrx_word' id='word_1_506' title='bbox 1260 772 1311 808; x_wconf 90' lang='lat' dir='ltr'><strong>ipsi</strong></span> 
     </span>
    </p>
   </div>
   <div class='ocr_carea' id='block_1_120' title="bbox 1110 806 1293 841">
    <p class='ocr_par' dir='ltr' id='par_1_120' title="bbox 1110 806 1293 841">
     <span class='ocr_line' id='line_1_121' title="bbox 1110 806 1293 841; baseline 0.011 -8"><span class='ocrx_word' id='word_1_507' title='bbox 1110 806 1232 841; x_wconf 75' lang='lat' dir='ltr'><strong>singulos</strong></span> <span class='ocrx_word' id='word_1_508' title='bbox 1246 806 1293 835; x_wconf 80' lang='lat' dir='ltr'><strong>de-</strong></span> 
     </span>
    </p>
   </div>
   <div class='ocr_carea' id='block_1_121' title="bbox 1113 842 1383 874">
    <p class='ocr_par' dir='ltr' id='par_1_121' title="bbox 1113 842 1383 874">
     <span class='ocr_line' id='line_1_122' title="bbox 1113 842 1383 874; baseline 0.022 -6"><span class='ocrx_word' id='word_1_509' title='bbox 1113 842 1157 868; x_wconf 80' lang='grc' dir='ltr'><strong>Η.</strong></span> <span class='ocrx_word' id='word_1_510' title='bbox 1179 843 1278 870; x_wconf 91' lang='lat' dir='ltr'><strong>narios.</strong></span> <span class='ocrx_word' id='word_1_511' title='bbox 1293 845 1327 873; x_wconf 82' lang='lat' dir='ltr'><strong>Et</strong></span> <span class='ocrx_word' id='word_1_512' title='bbox 1339 851 1383 874; x_wconf 78' lang='lat' dir='ltr'><strong>ac-</strong></span> 
     </span>
    </p>
   </div>
   <div class='ocr_carea' id='block_1_122' title="bbox 1112 877 1299 916">
    <p class='ocr_par' dir='ltr' id='par_1_122' title="bbox 1112 877 1299 916">
     <span class='ocr_line' id='line_1_123' title="bbox 1112 877 1299 916; baseline 0.011 -12"><span class='ocrx_word' id='word_1_513' title='bbox 1112 877 1245 911; x_wconf 90' lang='lat' dir='ltr'><strong>cipientes</strong></span> <span class='ocrx_word' id='word_1_514' title='bbox 1259 878 1299 916; x_wconf 82' lang='grc' dir='ltr'><strong>(α)</strong></span> 
     </span>
    </p>
   </div>
   <div class='ocr_carea' id='block_1_123' title="bbox 1112 920 1301 942">
    <p class='ocr_par' dir='ltr' id='par_1_123' title="bbox 1112 920 1301 942">
     <span class='ocr_line' id='line_1_124' title="bbox 1112 920 1301 942; baseline 0.005 -2"><span class='ocrx_word' id='word_1_515' title='bbox 1112 920 1301 942; x_wconf 89' lang='lat' dir='ltr'><strong>murmurave-</strong></span> 
     </span>
    </p>
   </div>
   <div class='ocr_carea' id='block_1_124' title="bbox 1113 948 1272 983">
    <p class='ocr_par' dir='ltr' id='par_1_124' title="bbox 1113 948 1272 983">
     <span class='ocr_line' id='line_1_125' title="bbox 1113 948 1272 983; baseline 0.006 -9"><span class='ocrx_word' id='word_1_516' title='bbox 1113 952 1178 975; x_wconf 90' lang='lat' dir='ltr'><strong>runt</strong></span> <span class='ocrx_word' id='word_1_517' title='bbox 1190 948 1212 983; x_wconf 72' lang='lat'><strong>1&#39;</strong></span> <span class='ocrx_word' id='word_1_518' title='bbox 1225 948 1272 975; x_wconf 89' lang='lat' dir='ltr'><strong>ad-</strong></span> 
     </span>
    </p>
   </div>
   <div class='ocr_carea' id='block_1_125' title="bbox 1113 988 1327 1018">
    <p class='ocr_par' dir='ltr' id='par_1_125' title="bbox 1113 988 1327 1018">
     <span class='ocr_line' id='line_1_126' title="bbox 1113 988 1327 1018; baseline -0.005 -8"><span class='ocrx_word' id='word_1_519' title='bbox 1113 990 1210 1010; x_wconf 88' lang='lat' dir='ltr'><strong>versus</strong></span> <span class='ocrx_word' id='word_1_520' title='bbox 1223 988 1327 1018; x_wconf 77' lang='lat' dir='ltr'><strong>patrem</strong></span> 
     </span>
    </p>
   </div>
   <div class='ocr_carea' id='block_1_126' title="bbox 1116 1019 1365 1057">
    <p class='ocr_par' dir='ltr' id='par_1_126' title="bbox 1116 1019 1365 1057">
     <span class='ocr_line' id='line_1_127' title="bbox 1116 1019 1365 1057; baseline -0.004 -12"><span class='ocrx_word' id='word_1_521' title='bbox 1116 1019 1162 1046; x_wconf 69' lang='grc' dir='ltr'><strong>η.</strong></span> <span class='ocrx_word' id='word_1_522' title='bbox 1185 1019 1311 1057; x_wconf 60' lang='lat' dir='ltr'><strong>familias,</strong></span> <span class='ocrx_word' id='word_1_523' title='bbox 1325 1022 1365 1052; x_wconf 59' lang='lat' dir='ltr'><strong>di.</strong></span> 
     </span>
    </p>
   </div>
   <div class='ocr_carea' id='block_1_127' title="bbox 1116 1054 1275 1085">
    <p class='ocr_par' dir='ltr' id='par_1_127' title="bbox 1116 1054 1275 1085">
     <span class='ocr_line' id='line_1_128' title="bbox 1116 1054 1275 1085; baseline 0 -3"><span class='ocrx_word' id='word_1_524' title='bbox 1116 1058 1210 1082; x_wconf 85' lang='lat' dir='ltr'><strong>centes</strong></span> <span class='ocrx_word' id='word_1_525' title='bbox 1225 1064 1230 1080; x_wconf 87' lang='lat'>:</span> <span class='ocrx_word' id='word_1_526' title='bbox 1243 1054 1275 1085; x_wconf 87' lang='lat' dir='ltr'><strong>Hi</strong></span> 
     </span>
    </p>
   </div>
   <div class='ocr_carea' id='block_1_128' title="bbox 1117 1089 1257 1117">
    <p class='ocr_par' dir='ltr' id='par_1_128' title="bbox 1117 1089 1257 1117">
     <span class='ocr_line' id='line_1_129' title="bbox 1117 1089 1257 1117; baseline -0.007 0"><span class='ocrx_word' id='word_1_527' title='bbox 1117 1089 1257 1117; x_wconf 87' lang='lat' dir='ltr'><strong>nobissimi</strong></span> 
     </span>
    </p>
   </div>
   <div class='ocr_carea' id='block_1_129' title="bbox 1118 1126 1253 1152">
    <p class='ocr_par' dir='ltr' id='par_1_129' title="bbox 1118 1126 1253 1152">
     <span class='ocr_line' id='line_1_130' title="bbox 1118 1126 1253 1152; baseline 0 0"><span class='ocrx_word' id='word_1_528' title='bbox 1118 1133 1171 1152; x_wconf 91' lang='lat' dir='ltr'><strong>una</strong></span> <span class='ocrx_word' id='word_1_529' title='bbox 1186 1126 1253 1152; x_wconf 90' lang='lat' dir='ltr'><strong>hora</strong></span> 
     </span>
    </p>
   </div>
   <div class='ocr_carea' id='block_1_130' title="bbox 1119 1160 1294 1196">
    <p class='ocr_par' dir='ltr' id='par_1_130' title="bbox 1119 1160 1294 1196">
     <span class='ocr_line' id='line_1_131' title="bbox 1119 1160 1294 1196; baseline -0.006 -8"><span class='ocrx_word' id='word_1_530' title='bbox 1119 1160 1252 1196; x_wconf 66' lang='lat' dir='ltr'><strong>fecerunt,</strong></span> <span class='ocrx_word' id='word_1_531' title='bbox 1266 1169 1294 1193; x_wconf 74' lang='grc' dir='ltr'><strong>ει</strong></span> 
     </span>
    </p>
   </div>
   <div class='ocr_carea' id='block_1_131' title="bbox 1118 1197 1273 1231">
    <p class='ocr_par' dir='ltr' id='par_1_131' title="bbox 1118 1197 1273 1231">
     <span class='ocr_line' id='line_1_132' title="bbox 1118 1197 1273 1231; baseline 0 -8"><span class='ocrx_word' id='word_1_532' title='bbox 1118 1204 1200 1231; x_wconf 88' lang='lat' dir='ltr'><strong>pares</strong></span> <span class='ocrx_word' id='word_1_533' title='bbox 1212 1197 1273 1227; x_wconf 85' lang='lat' dir='ltr'><strong>illos</strong></span> 
     </span>
    </p>
   </div>
   <div class='ocr_carea' id='block_1_132' title="bbox 1119 1232 1310 1268">
    <p class='ocr_par' dir='ltr' id='par_1_132' title="bbox 1119 1232 1310 1268">
     <span class='ocr_line' id='line_1_133' title="bbox 1119 1232 1310 1268; baseline -0.005 -9"><span class='ocrx_word' id='word_1_534' title='bbox 1119 1232 1199 1259; x_wconf 86' lang='lat' dir='ltr'><strong>nobis</strong></span> <span class='ocrx_word' id='word_1_535' title='bbox 1210 1232 1296 1263; x_wconf 76' lang='lat' dir='ltr'><strong>iecisli</strong></span> <span class='ocrx_word' id='word_1_536' title='bbox 1301 1256 1310 1268; x_wconf 68' lang='lat'><strong>,</strong></span> 
     </span>
    </p>
   </div>
   <div class='ocr_carea' id='block_1_133' title="bbox 1120 1268 1296 1302">
    <p class='ocr_par' dir='ltr' id='par_1_133' title="bbox 1120 1268 1296 1302">
     <span class='ocr_line' id='line_1_134' title="bbox 1120 1268 1296 1302; baseline -0.028 0"><span class='ocrx_word' id='word_1_537' title='bbox 1120 1268 1165 1302; x_wconf 84' lang='lat' dir='ltr'><strong>qui</strong></span> <span class='ocrx_word' id='word_1_538' title='bbox 1178 1272 1296 1302; x_wconf 82' lang='lat' dir='ltr'><strong>POI&#39;tavi-</strong></span> 
     </span>
    </p>
   </div>
   <div class='ocr_carea' id='block_1_134' title="bbox 1122 1306 1307 1340">
    <p class='ocr_par' dir='ltr' id='par_1_134' title="bbox 1122 1306 1307 1340">
     <span class='ocr_line' id='line_1_135' title="bbox 1122 1306 1307 1340; baseline 0 -5"><span class='ocrx_word' id='word_1_539' title='bbox 1122 1310 1182 1330; x_wconf 81' lang='lat' dir='ltr'><strong>mus</strong></span> <span class='ocrx_word' id='word_1_540' title='bbox 1201 1306 1307 1340; x_wconf 86' lang='lat' dir='ltr'><strong>pondus</strong></span> 
     </span>
    </p>
   </div>
   <div class='ocr_carea' id='block_1_135' title="bbox 1121 1340 1314 1372">
    <p class='ocr_par' dir='ltr' id='par_1_135' title="bbox 1121 1340 1314 1372">
     <span class='ocr_line' id='line_1_136' title="bbox 1121 1340 1314 1372; baseline 0.016 -5"><span class='ocrx_word' id='word_1_541' title='bbox 1121 1340 1176 1367; x_wconf 85' lang='lat' dir='ltr'><strong>diei</strong></span> <span class='ocrx_word' id='word_1_542' title='bbox 1189 1362 1196 1372; x_wconf 86' lang='grc'>,</span> <span class='ocrx_word' id='word_1_543' title='bbox 1211 1347 1238 1369; x_wconf 90' lang='lat' dir='ltr'><strong>et</strong></span> <span class='ocrx_word' id='word_1_544' title='bbox 1253 1349 1314 1370; x_wconf 84' lang='lat' dir='ltr'><strong>aes—</strong></span> 
     </span>
    </p>
   </div>
   <div class='ocr_carea' id='block_1_136' title="bbox 1123 1376 1370 1405">
    <p class='ocr_par' dir='ltr' id='par_1_136' title="bbox 1123 1376 1370 1405">
     <span class='ocr_line' id='line_1_137' title="bbox 1123 1376 1370 1405; baseline 0.008 -2"><span class='ocrx_word' id='word_1_545' title='bbox 1123 1377 1168 1404; x_wconf 75' lang='grc'><strong>15.</strong></span> <span class='ocrx_word' id='word_1_546' title='bbox 1189 1378 1254 1404; x_wconf 82' lang='lat' dir='ltr'><strong>tus?</strong></span> <span class='ocrx_word' id='word_1_547' title='bbox 1272 1377 1312 1405; x_wconf 85' lang='lat' dir='ltr'><strong>Ad</strong></span> <span class='ocrx_word' id='word_1_548' title='bbox 1323 1376 1370 1405; x_wconf 86' lang='lat' dir='ltr'><strong>ille</strong></span> 
     </span>
    </p>
   </div>
   <div class='ocr_carea' id='block_1_137' title="bbox 1123 1414 1292 1454">
    <p class='ocr_par' dir='ltr' id='par_1_137' title="bbox 1123 1414 1292 1454">
     <span class='ocr_line' id='line_1_138' title="bbox 1123 1414 1292 1454; baseline 0 -14"><span class='ocrx_word' id='word_1_549' title='bbox 1123 1414 1292 1454; x_wconf 76' lang='lat' dir='ltr'><strong>respondens</strong></span> 
     </span>
    </p>
   </div>
   <div class='ocr_carea' id='block_1_138' title="bbox 1124 1456 1290 1480">
    <p class='ocr_par' dir='ltr' id='par_1_138' title="bbox 1124 1456 1290 1480">
     <span class='ocr_line' id='line_1_139' title="bbox 1124 1456 1290 1480; baseline 0 -5"><span class='ocrx_word' id='word_1_550' title='bbox 1124 1456 1169 1475; x_wconf 87' lang='lat' dir='ltr'><strong>uni</strong></span> <span class='ocrx_word' id='word_1_551' title='bbox 1184 1456 1290 1480; x_wconf 86' lang='lat' dir='ltr'><strong>eorum,</strong></span> 
     </span>
    </p>
   </div>
   <div class='ocr_carea' id='block_1_139' title="bbox 1125 1484 1321 1512">
    <p class='ocr_par' dir='ltr' id='par_1_139' title="bbox 1125 1484 1321 1512">
     <span class='ocr_line' id='line_1_140' title="bbox 1125 1484 1321 1512; baseline 0.005 -1"><span class='ocrx_word' id='word_1_552' title='bbox 1125 1485 1193 1511; x_wconf 81' lang='lat' dir='ltr'><strong>dixit</strong></span> <span class='ocrx_word' id='word_1_553' title='bbox 1205 1493 1211 1510; x_wconf 92' lang='lat'><strong>:</strong></span> <span class='ocrx_word' id='word_1_554' title='bbox 1227 1484 1321 1512; x_wconf 78' lang='lat' dir='ltr'><strong>Amice</strong></span> 
     </span>
    </p>
   </div>
   <div class='ocr_carea' id='block_1_140' title="bbox 1125 1519 1263 1547">
    <p class='ocr_par' dir='ltr' id='par_1_140' title="bbox 1125 1519 1263 1547">
     <span class='ocr_line' id='line_1_141' title="bbox 1125 1519 1263 1547; baseline 0 0"><span class='ocrx_word' id='word_1_555' title='bbox 1125 1527 1178 1547; x_wconf 90' lang='lat' dir='ltr'><strong>non</strong></span> <span class='ocrx_word' id='word_1_556' title='bbox 1194 1519 1263 1547; x_wconf 79' lang='lat' dir='ltr'><strong>facio</strong></span> 
     </span>
    </p>
   </div>
   <div class='ocr_carea' id='block_1_141' title="bbox 1125 1555 1311 1590">
    <p class='ocr_par' dir='ltr' id='par_1_141' title="bbox 1125 1555 1311 1590">
     <span class='ocr_line' id='line_1_142' title="bbox 1125 1555 1311 1590; baseline 0 -8"><span class='ocrx_word' id='word_1_557' title='bbox 1125 1555 1174 1582; x_wconf 87' lang='lat' dir='ltr'><strong>tibi</strong></span> <span class='ocrx_word' id='word_1_558' title='bbox 1191 1555 1287 1590; x_wconf 88' lang='lat' dir='ltr'><strong>injuria</strong></span> <span class='ocrx_word' id='word_1_559' title='bbox 1305 1565 1311 1582; x_wconf 95' lang='lat'>:</span> 
     </span>
    </p>
   </div>
   <div class='ocr_carea' id='block_1_142' title="bbox 1127 1598 1272 1619">
    <p class='ocr_par' dir='ltr' id='par_1_142' title="bbox 1127 1598 1272 1619">
     <span class='ocr_line' id='line_1_143' title="bbox 1127 1598 1272 1619; baseline 0.014 -2"><span class='ocrx_word' id='word_1_560' title='bbox 1127 1598 1217 1617; x_wconf 82' lang='lat' dir='ltr'><strong>nonne</strong></span> <span class='ocrx_word' id='word_1_561' title='bbox 1239 1599 1272 1619; x_wconf 76' lang='grc' dir='ltr'><strong>ει</strong></span> 
     </span>
    </p>
   </div>
   <div class='ocr_carea' id='block_1_143' title="bbox 1127 1626 1318 1654">
    <p class='ocr_par' dir='ltr' id='par_1_143' title="bbox 1127 1626 1318 1654">
     <span class='ocr_line' id='line_1_144' title="bbox 1127 1626 1318 1654; baseline 0.005 -1"><span class='ocrx_word' id='word_1_562' title='bbox 1127 1626 1240 1653; x_wconf 92' lang='lat' dir='ltr'><strong>denario</strong></span> <span class='ocrx_word' id='word_1_563' title='bbox 1252 1634 1318 1654; x_wconf 91' lang='lat' dir='ltr'><strong>con-</strong></span> 
     </span>
    </p>
   </div>
   <div class='ocr_carea' id='block_1_144' title="bbox 1128 1662 1368 1691">
    <p class='ocr_par' dir='ltr' id='par_1_144' title="bbox 1128 1662 1368 1691">
     <span class='ocr_line' id='line_1_145' title="bbox 1128 1662 1368 1691; baseline 0 -3"><span class='ocrx_word' id='word_1_564' title='bbox 1128 1663 1227 1690; x_wconf 78' lang='lat' dir='ltr'><strong>venisti</strong></span> <span class='ocrx_word' id='word_1_565' title='bbox 1238 1669 1343 1691; x_wconf 83' lang='lat' dir='ltr'><strong>mecum</strong></span> <span class='ocrx_word' id='word_1_566' title='bbox 1355 1662 1368 1688; x_wconf 72' lang='grc' dir='ltr'>τ</span> 
     </span>
    </p>
   </div>
   <div class='ocr_carea' id='block_1_145' title="bbox 1520 168 1746 204">
    <p class='ocr_par' dir='ltr' id='par_1_145' title="bbox 1520 168 1746 204">
     <span class='ocr_line' id='line_1_146' title="bbox 1520 168 1746 204; baseline 0.009 -9"><span class='ocrx_word' id='word_1_567' title='bbox 1520 169 1563 196; x_wconf 71' lang='grc'><strong>14.</strong></span> <span class='ocrx_word' id='word_1_568' title='bbox 1584 168 1660 196; x_wconf 87' lang='lat' dir='ltr'><strong>Tolle</strong></span> <span class='ocrx_word' id='word_1_569' title='bbox 1674 168 1746 204; x_wconf 87' lang='lat' dir='ltr'><strong>quod</strong></span> 
     </span>
    </p>
   </div>
   <div class='ocr_carea' id='block_1_146' title="bbox 1519 208 1670 237">
    <p class='ocr_par' dir='ltr' id='par_1_146' title="bbox 1519 208 1670 237">
     <span class='ocr_line' id='line_1_147' title="bbox 1519 208 1670 237; baseline 0 -6"><span class='ocrx_word' id='word_1_570' title='bbox 1519 209 1593 231; x_wconf 89' lang='lat' dir='ltr'><strong>tuum</strong></span> <span class='ocrx_word' id='word_1_571' title='bbox 1609 208 1651 231; x_wconf 91' lang='lat' dir='ltr'><strong>est</strong></span> <span class='ocrx_word' id='word_1_572' title='bbox 1662 224 1670 237; x_wconf 95' lang='lat'><strong>,</strong></span> 
     </span>
    </p>
   </div>
   <div class='ocr_carea' id='block_1_147' title="bbox 1520 239 1649 267">
    <p class='ocr_par' dir='ltr' id='par_1_147' title="bbox 1520 239 1649 267">
     <span class='ocr_line' id='line_1_148' title="bbox 1520 239 1649 267; baseline 0 -1"><span class='ocrx_word' id='word_1_573' title='bbox 1520 244 1547 267; x_wconf 90' lang='lat' dir='ltr'><strong>et</strong></span> <span class='ocrx_word' id='word_1_574' title='bbox 1560 239 1628 267; x_wconf 88' lang='lat' dir='ltr'><strong>vade</strong></span> <span class='ocrx_word' id='word_1_575' title='bbox 1643 248 1649 266; x_wconf 87' lang='lat'>:</span> 
     </span>
    </p>
   </div>
   <div class='ocr_carea' id='block_1_148' title="bbox 1522 275 1686 303">
    <p class='ocr_par' dir='ltr' id='par_1_148' title="bbox 1522 275 1686 303">
     <span class='ocr_line' id='line_1_149' title="bbox 1522 275 1686 303; baseline 0.006 -1"><span class='ocrx_word' id='word_1_576' title='bbox 1522 275 1583 302; x_wconf 83' lang='lat' dir='ltr'><strong>volo</strong></span> <span class='ocrx_word' id='word_1_577' title='bbox 1594 278 1686 303; x_wconf 73' lang='lat' dir='ltr'><strong>autem</strong></span> 
     </span>
    </p>
   </div>
   <div class='ocr_carea' id='block_1_149' title="bbox 1522 310 1687 338">
    <p class='ocr_par' dir='ltr' id='par_1_149' title="bbox 1522 310 1687 338">
     <span class='ocr_line' id='line_1_150' title="bbox 1522 310 1687 338; baseline -0.012 0"><span class='ocrx_word' id='word_1_578' title='bbox 1522 315 1547 338; x_wconf 89' lang='lat' dir='ltr'><strong>el</strong></span> <span class='ocrx_word' id='word_1_579' title='bbox 1563 310 1625 338; x_wconf 89' lang='lat' dir='ltr'><strong>huic</strong></span> <span class='ocrx_word' id='word_1_580' title='bbox 1638 317 1687 337; x_wconf 88' lang='lat' dir='ltr'><strong>no—</strong></span> 
     </span>
    </p>
   </div>
   <div class='ocr_carea' id='block_1_150' title="bbox 1523 345 1712 373">
    <p class='ocr_par' dir='ltr' id='par_1_150' title="bbox 1523 345 1712 373">
     <span class='ocr_line' id='line_1_151' title="bbox 1523 345 1712 373; baseline 0.005 -1"><span class='ocrx_word' id='word_1_581' title='bbox 1523 346 1633 373; x_wconf 77' lang='lat' dir='ltr'><strong>bissimo</strong></span> <span class='ocrx_word' id='word_1_582' title='bbox 1647 345 1712 373; x_wconf 92' lang='lat' dir='ltr'><strong>dare</strong></span> 
     </span>
    </p>
   </div>
   <div class='ocr_carea' id='block_1_151' title="bbox 1524 381 1697 408">
    <p class='ocr_par' dir='ltr' id='par_1_151' title="bbox 1524 381 1697 408">
     <span class='ocr_line' id='line_1_152' title="bbox 1524 381 1697 408; baseline 0 0"><span class='ocrx_word' id='word_1_583' title='bbox 1524 382 1593 408; x_wconf 88' lang='lat' dir='ltr'><strong>sicut</strong></span> <span class='ocrx_word' id='word_1_584' title='bbox 1605 385 1632 408; x_wconf 92' lang='lat' dir='ltr'><strong>ct</strong></span> <span class='ocrx_word' id='word_1_585' title='bbox 1639 381 1697 408; x_wconf 89' lang='lat' dir='ltr'><strong>tibi.</strong></span> 
     </span>
    </p>
   </div>
   <div class='ocr_carea' id='block_1_152' title="bbox 1526 417 1647 444">
    <p class='ocr_par' dir='ltr' id='par_1_152' title="bbox 1526 417 1647 444">
     <span class='ocr_line' id='line_1_153' title="bbox 1526 417 1647 444; baseline -0.008 0"><span class='ocrx_word' id='word_1_586' title='bbox 1526 417 1568 444; x_wconf 77' lang='grc'><strong>15.</strong></span> <span class='ocrx_word' id='word_1_587' title='bbox 1592 417 1647 443; x_wconf 80' lang='lat' dir='ltr'><strong>Aut</strong></span> 
     </span>
    </p>
   </div>
   <div class='ocr_carea' id='block_1_153' title="bbox 1524 452 1654 480">
    <p class='ocr_par' dir='ltr' id='par_1_153' title="bbox 1524 452 1654 480">
     <span class='ocr_line' id='line_1_154' title="bbox 1524 452 1654 480; baseline -0.008 0"><span class='ocrx_word' id='word_1_588' title='bbox 1524 460 1577 480; x_wconf 92' lang='lat' dir='ltr'><strong>non</strong></span> <span class='ocrx_word' id='word_1_589' title='bbox 1591 452 1654 479; x_wconf 87' lang='lat' dir='ltr'><strong>licet</strong></span> 
     </span>
    </p>
   </div>
   <div class='ocr_carea' id='block_1_154' title="bbox 1522 487 1693 516">
    <p class='ocr_par' dir='ltr' id='par_1_154' title="bbox 1522 487 1693 516">
     <span class='ocr_line' id='line_1_155' title="bbox 1522 487 1693 516; baseline 0.006 -1"><span class='ocrx_word' id='word_1_590' title='bbox 1522 487 1589 515; x_wconf 93' lang='lat' dir='ltr'><strong>mihi</strong></span> <span class='ocrx_word' id='word_1_591' title='bbox 1603 487 1693 516; x_wconf 78' lang='lat' dir='ltr'><strong>facere</strong></span> 
     </span>
    </p>
   </div>
   <div class='ocr_carea' id='block_1_155' title="bbox 1523 523 1690 559">
    <p class='ocr_par' dir='ltr' id='par_1_155' title="bbox 1523 523 1690 559">
     <span class='ocr_line' id='line_1_156' title="bbox 1523 523 1690 559; baseline 0 -9"><span class='ocrx_word' id='word_1_592' title='bbox 1523 523 1596 559; x_wconf 90' lang='lat' dir='ltr'><strong>quod</strong></span> <span class='ocrx_word' id='word_1_593' title='bbox 1609 523 1690 551; x_wconf 82' lang='lat' dir='ltr'><strong>volo?</strong></span> 
     </span>
    </p>
   </div>
   <div class='ocr_carea' id='block_1_156' title="bbox 1523 559 1666 586">
    <p class='ocr_par' dir='ltr' id='par_1_156' title="bbox 1523 559 1666 586">
     <span class='ocr_line' id='line_1_157' title="bbox 1523 559 1666 586; baseline -0.007 0"><span class='ocrx_word' id='word_1_594' title='bbox 1523 566 1559 586; x_wconf 87' lang='lat' dir='ltr'><strong>an</strong></span> <span class='ocrx_word' id='word_1_595' title='bbox 1571 559 1666 586; x_wconf 89' lang='lat' dir='ltr'><strong>oculus</strong></span> 
     </span>
    </p>
   </div>
   <div class='ocr_carea' id='block_1_157' title="bbox 1525 598 1691 629">
    <p class='ocr_par' dir='ltr' id='par_1_157' title="bbox 1525 598 1691 629">
     <span class='ocr_line' id='line_1_158' title="bbox 1525 598 1691 629; baseline 0 -8"><span class='ocrx_word' id='word_1_596' title='bbox 1525 598 1588 621; x_wconf 88' lang='lat' dir='ltr'><strong>tuus</strong></span> <span class='ocrx_word' id='word_1_597' title='bbox 1605 602 1691 629; x_wconf 79' lang='lat' dir='ltr'><strong>nequa</strong></span> 
     </span>
    </p>
   </div>
   <div class='ocr_carea' id='block_1_158' title="bbox 1525 630 1723 666">
    <p class='ocr_par' dir='ltr' id='par_1_158' title="bbox 1525 630 1723 666">
     <span class='ocr_line' id='line_1_159' title="bbox 1525 630 1723 666; baseline -0.005 -9"><span class='ocrx_word' id='word_1_598' title='bbox 1525 635 1578 666; x_wconf 83' lang='lat' dir='ltr'><strong>est,</strong></span> <span class='ocrx_word' id='word_1_599' title='bbox 1594 630 1655 664; x_wconf 81' lang='lat' dir='ltr'><strong>quia</strong></span> <span class='ocrx_word' id='word_1_600' title='bbox 1669 638 1723 666; x_wconf 79' lang='lat' dir='ltr'><strong>ego</strong></span> 
     </span>
    </p>
   </div>
   <div class='ocr_carea' id='block_1_159' title="bbox 1526 665 1711 695">
    <p class='ocr_par' dir='ltr' id='par_1_159' title="bbox 1526 665 1711 695">
     <span class='ocr_line' id='line_1_160' title="bbox 1526 665 1711 695; baseline 0 -2"><span class='ocrx_word' id='word_1_601' title='bbox 1526 665 1615 694; x_wconf 89' lang='lat' dir='ltr'><strong>bonus</strong></span> <span class='ocrx_word' id='word_1_602' title='bbox 1628 665 1711 695; x_wconf 57' lang='lat' dir='ltr'><strong>sum&quot;!</strong></span> 
     </span>
    </p>
   </div>
   <div class='ocr_carea' id='block_1_160' title="bbox 1528 700 1732 731">
    <p class='ocr_par' dir='ltr' id='par_1_160' title="bbox 1528 700 1732 731">
     <span class='ocr_line' id='line_1_161' title="bbox 1528 700 1732 731; baseline 0.015 -3"><span class='ocrx_word' id='word_1_603' title='bbox 1528 700 1571 728; x_wconf 79' lang='grc'><strong>16.</strong></span> <span class='ocrx_word' id='word_1_604' title='bbox 1593 700 1638 728; x_wconf 89' lang='lat' dir='ltr'><strong>Sic</strong></span> <span class='ocrx_word' id='word_1_605' title='bbox 1650 706 1732 731; x_wconf 82' lang='lat' dir='ltr'><strong>erunt</strong></span> 
     </span>
    </p>
   </div>
   <div class='ocr_carea' id='block_1_161' title="bbox 1528 736 1670 764">
    <p class='ocr_par' dir='ltr' id='par_1_161' title="bbox 1528 736 1670 764">
     <span class='ocr_line' id='line_1_162' title="bbox 1528 736 1670 764; baseline 0.007 -1"><span class='ocrx_word' id='word_1_606' title='bbox 1528 736 1670 764; x_wconf 87' lang='lat' dir='ltr'><strong>nobissimi</strong></span> 
     </span>
    </p>
   </div>
   <div class='ocr_carea' id='block_1_162' title="bbox 1528 772 1733 807">
    <p class='ocr_par' dir='ltr' id='par_1_162' title="bbox 1528 772 1733 807">
     <span class='ocr_line' id='line_1_163' title="bbox 1528 772 1733 807; baseline 0.005 -8"><span class='ocrx_word' id='word_1_607' title='bbox 1528 772 1621 807; x_wconf 85' lang='lat' dir='ltr'><strong>primi.</strong></span> <span class='ocrx_word' id='word_1_608' title='bbox 1638 776 1666 799; x_wconf 87' lang='lat' dir='ltr'><strong>et</strong></span> <span class='ocrx_word' id='word_1_609' title='bbox 1676 773 1733 807; x_wconf 86' lang='lat' dir='ltr'><strong>pri-</strong></span> 
     </span>
    </p>
   </div>
   <div class='ocr_carea' id='block_1_163' title="bbox 1531 808 1730 835">
    <p class='ocr_par' dir='ltr' id='par_1_163' title="bbox 1531 808 1730 835">
     <span class='ocr_line' id='line_1_164' title="bbox 1531 808 1730 835; baseline 0.005 -1"><span class='ocrx_word' id='word_1_610' title='bbox 1531 808 1566 834; x_wconf 90' lang='lat' dir='ltr'><strong>mi</strong></span> <span class='ocrx_word' id='word_1_611' title='bbox 1580 808 1730 835; x_wconf 81' lang='lat' dir='ltr'><strong>nobissimi.</strong></span> 
     </span>
    </p>
   </div>
   <div class='ocr_carea' id='block_1_164' title="bbox 1530 842 1680 870">
    <p class='ocr_par' dir='ltr' id='par_1_164' title="bbox 1530 842 1680 870">
     <span class='ocr_line' id='line_1_165' title="bbox 1530 842 1680 870; baseline 0 0"><span class='ocrx_word' id='word_1_612' title='bbox 1530 842 1604 870; x_wconf 80' lang='lat' dir='ltr'><strong>Militi</strong></span> <span class='ocrx_word' id='word_1_613' title='bbox 1616 849 1680 870; x_wconf 91' lang='lat' dir='ltr'><strong>sunt</strong></span> 
     </span>
    </p>
   </div>
   <div class='ocr_carea' id='block_1_165' title="bbox 1531 878 1720 912">
    <p class='ocr_par' dir='ltr' id='par_1_165' title="bbox 1531 878 1720 912">
     <span class='ocr_line' id='line_1_166' title="bbox 1531 878 1720 912; baseline 0 -6"><span class='ocrx_word' id='word_1_614' title='bbox 1531 878 1605 906; x_wconf 90' lang='lat' dir='ltr'><strong>enim</strong></span> <span class='ocrx_word' id='word_1_615' title='bbox 1618 878 1720 912; x_wconf 79' lang='lat' dir='ltr'><strong>vocati,</strong></span> 
     </span>
    </p>
   </div>
   <div class='ocr_carea' id='block_1_166' title="bbox 1532 913 1712 949">
    <p class='ocr_par' dir='ltr' id='par_1_166' title="bbox 1532 913 1712 949">
     <span class='ocr_line' id='line_1_167' title="bbox 1532 913 1712 949; baseline 0.017 -9"><span class='ocrx_word' id='word_1_616' title='bbox 1532 913 1610 949; x_wconf 88' lang='lat' dir='ltr'><strong>pauci</strong></span> <span class='ocrx_word' id='word_1_617' title='bbox 1623 918 1712 943; x_wconf 81' lang='lat' dir='ltr'><strong>autem</strong></span> 
     </span>
    </p>
   </div>
   <div class='ocr_carea' id='block_1_167' title="bbox 1532 949 1624 977">
    <p class='ocr_par' dir='ltr' id='par_1_167' title="bbox 1532 949 1624 977">
     <span class='ocr_line' id='line_1_168' title="bbox 1532 949 1624 977; baseline 0 0"><span class='ocrx_word' id='word_1_618' title='bbox 1532 949 1624 977; x_wconf 89' lang='lat' dir='ltr'><strong>electi.</strong></span> 
     </span>
    </p>
   </div>
   <div class='ocr_carea' id='block_1_168' title="bbox 1534 985 1803 1014">
    <p class='ocr_par' dir='ltr' id='par_1_168' title="bbox 1534 985 1803 1014">
     <span class='ocr_line' id='line_1_169' title="bbox 1534 985 1803 1014; baseline 0.015 -3"><span class='ocrx_word' id='word_1_619' title='bbox 1534 985 1578 1011; x_wconf 86' lang='lat' dir='ltr'><strong>l7.</strong></span> <span class='ocrx_word' id='word_1_620' title='bbox 1601 985 1635 1012; x_wconf 87' lang='lat' dir='ltr'><strong>Et</strong></span> <span class='ocrx_word' id='word_1_621' title='bbox 1648 986 1803 1014; x_wconf 76' lang='lat' dir='ltr'><strong>ascendens</strong></span> 
     </span>
    </p>
   </div>
   <div class='ocr_carea' id='block_1_169' title="bbox 1532 1020 1755 1051">
    <p class='ocr_par' dir='ltr' id='par_1_169' title="bbox 1532 1020 1755 1051">
     <span class='ocr_line' id='line_1_170' title="bbox 1532 1020 1755 1051; baseline 0 -4"><span class='ocrx_word' id='word_1_622' title='bbox 1532 1020 1612 1047; x_wconf 78' lang='lat' dir='ltr'><strong>Jesus</strong></span> <span class='ocrx_word' id='word_1_623' title='bbox 1628 1020 1755 1051; x_wconf 76' lang='lat' dir='ltr'><strong>Hieroso-</strong></span> 
     </span>
    </p>
   </div>
   <div class='ocr_carea' id='block_1_170' title="bbox 1535 1056 1732 1091">
    <p class='ocr_par' dir='ltr' id='par_1_170' title="bbox 1535 1056 1732 1091">
     <span class='ocr_line' id='line_1_171' title="bbox 1535 1056 1732 1091; baseline 0.015 -9"><span class='ocrx_word' id='word_1_624' title='bbox 1535 1056 1607 1091; x_wconf 90' lang='lat' dir='ltr'><strong>lyma</strong></span> <span class='ocrx_word' id='word_1_625' title='bbox 1621 1058 1732 1085; x_wconf 85' lang='lat' dir='ltr'><strong>adsum—</strong></span> 
     </span>
    </p>
   </div>
   <div class='ocr_carea' id='block_1_171' title="bbox 1536 1091 1712 1127">
    <p class='ocr_par' dir='ltr' id='par_1_171' title="bbox 1536 1091 1712 1127">
     <span class='ocr_line' id='line_1_172' title="bbox 1536 1091 1712 1127; baseline 0.023 -10"><span class='ocrx_word' id='word_1_626' title='bbox 1536 1091 1592 1127; x_wconf 87' lang='lat' dir='ltr'><strong>psit</strong></span> <span class='ocrx_word' id='word_1_627' title='bbox 1606 1100 1656 1119; x_wconf 73' lang='grc' dir='ltr'><strong>ιιι.</strong></span> <span class='ocrx_word' id='word_1_628' title='bbox 1672 1093 1712 1121; x_wconf 86' lang='lat' dir='ltr'><strong>di-</strong></span> 
     </span>
    </p>
   </div>
   <div class='ocr_carea' id='block_1_172' title="bbox 1535 1126 1708 1161">
    <p class='ocr_par' dir='ltr' id='par_1_172' title="bbox 1535 1126 1708 1161">
     <span class='ocr_line' id='line_1_173' title="bbox 1535 1126 1708 1161; baseline 0.006 -7"><span class='ocrx_word' id='word_1_629' title='bbox 1535 1126 1665 1161; x_wconf 80' lang='lat' dir='ltr'><strong>scipulos,</strong></span> <span class='ocrx_word' id='word_1_630' title='bbox 1678 1135 1708 1157; x_wconf 90' lang='lat' dir='ltr'><strong>et</strong></span> 
     </span>
    </p>
   </div>
   <div class='ocr_carea' id='block_1_173' title="bbox 1537 1163 1662 1193">
    <p class='ocr_par' dir='ltr' id='par_1_173' title="bbox 1537 1163 1662 1193">
     <span class='ocr_line' id='line_1_174' title="bbox 1537 1163 1662 1193; baseline 0 -4"><span class='ocrx_word' id='word_1_631' title='bbox 1537 1163 1575 1193; x_wconf 77' lang='lat' dir='ltr'><strong>ait</strong></span> <span class='ocrx_word' id='word_1_632' title='bbox 1589 1163 1641 1190; x_wconf 88' lang='lat' dir='ltr'><strong>illis</strong></span> <span class='ocrx_word' id='word_1_633' title='bbox 1656 1172 1662 1189; x_wconf 89' lang='lat'>:</span> 
     </span>
    </p>
   </div>
   <div class='ocr_carea' id='block_1_174' title="bbox 1538 1197 1676 1229">
    <p class='ocr_par' dir='ltr' id='par_1_174' title="bbox 1538 1197 1676 1229">
     <span class='ocr_line' id='line_1_175' title="bbox 1538 1197 1676 1229; baseline 0.007 -4"><span class='ocrx_word' id='word_1_634' title='bbox 1538 1197 1584 1229; x_wconf 68' lang='lat'><strong>18.</strong></span> <span class='ocrx_word' id='word_1_635' title='bbox 1604 1198 1676 1229; x_wconf 84' lang='lat' dir='ltr'><strong>Ecce</strong></span> 
     </span>
    </p>
   </div>
   <div class='ocr_carea' id='block_1_175' title="bbox 1536 1233 1659 1265">
    <p class='ocr_par' dir='ltr' id='par_1_175' title="bbox 1536 1233 1659 1265">
     <span class='ocr_line' id='line_1_176' title="bbox 1536 1233 1659 1265; baseline -0.033 -1"><span class='ocrx_word' id='word_1_636' title='bbox 1536 1233 1659 1265; x_wconf 85' lang='lat' dir='ltr'><strong>ascendi-</strong></span> 
     </span>
    </p>
   </div>
   <div class='ocr_carea' id='block_1_176' title="bbox 1538 1269 1739 1301">
    <p class='ocr_par' dir='ltr' id='par_1_176' title="bbox 1538 1269 1739 1301">
     <span class='ocr_line' id='line_1_177' title="bbox 1538 1269 1739 1301; baseline -0.005 0"><span class='ocrx_word' id='word_1_637' title='bbox 1538 1278 1599 1301; x_wconf 92' lang='lat' dir='ltr'><strong>mus</strong></span> <span class='ocrx_word' id='word_1_638' title='bbox 1610 1269 1739 1300; x_wconf 80' lang='lat' dir='ltr'><strong>Hieroso-</strong></span> 
     </span>
    </p>
   </div>
   <div class='ocr_carea' id='block_1_177' title="bbox 1540 1309 1663 1338">
    <p class='ocr_par' dir='ltr' id='par_1_177' title="bbox 1540 1309 1663 1338">
     <span class='ocr_line' id='line_1_178' title="bbox 1540 1309 1663 1338; baseline -0.016 -2"><span class='ocrx_word' id='word_1_639' title='bbox 1540 1309 1623 1338; x_wconf 85' lang='lat' dir='ltr'><strong>lvma,</strong></span> <span class='ocrx_word' id='word_1_640' title='bbox 1636 1312 1663 1334; x_wconf 86' lang='lat' dir='ltr'><strong>et</strong></span> 
     </span>
    </p>
   </div>
   <div class='ocr_carea' id='block_1_178' title="bbox 1560 1344 1613 1371">
    <p class='ocr_par' dir='ltr' id='par_1_178' title="bbox 1560 1344 1613 1371">
     <span class='ocr_line' id='line_1_179' title="bbox 1560 1344 1613 1371; baseline -0.057 0"><span class='ocrx_word' id='word_1_641' title='bbox 1560 1344 1613 1371; x_wconf 84' lang='lat' dir='ltr'><strong>lius</strong></span> 
     </span>
    </p>
   </div>
   <div class='ocr_carea' id='block_1_179' title="bbox 1540 1377 1794 1407">
    <p class='ocr_par' dir='ltr' id='par_1_179' title="bbox 1540 1377 1794 1407">
     <span class='ocr_line' id='line_1_180' title="bbox 1540 1377 1794 1407; baseline -0.004 0"><span class='ocrx_word' id='word_1_642' title='bbox 1540 1379 1585 1407; x_wconf 66' lang='lat' dir='ltr'><strong>i9.</strong></span> <span class='ocrx_word' id='word_1_643' title='bbox 1607 1377 1723 1406; x_wconf 81' lang='lat' dir='ltr'><strong>hominis</strong></span> <span class='ocrx_word' id='word_1_644' title='bbox 1735 1381 1794 1406; x_wconf 88' lang='lat' dir='ltr'><strong>tra-</strong></span> 
     </span>
    </p>
   </div>
   <div class='ocr_carea' id='block_1_180' title="bbox 1540 1412 1761 1448">
    <p class='ocr_par' dir='ltr' id='par_1_180' title="bbox 1540 1412 1761 1448">
     <span class='ocr_line' id='line_1_181' title="bbox 1540 1412 1761 1448; baseline -0.009 -6"><span class='ocrx_word' id='word_1_645' title='bbox 1540 1415 1620 1442; x_wconf 87' lang='lat' dir='ltr'><strong>detur</strong></span> <span class='ocrx_word' id='word_1_646' title='bbox 1633 1412 1761 1448; x_wconf 84' lang='lat' dir='ltr'><strong>principi-</strong></span> 
     </span>
    </p>
   </div>
   <div class='ocr_carea' id='block_1_181' title="bbox 1540 1449 1801 1482">
    <p class='ocr_par' dir='ltr' id='par_1_181' title="bbox 1540 1449 1801 1482">
     <span class='ocr_line' id='line_1_182' title="bbox 1540 1449 1801 1482; baseline -0.008 -5"><span class='ocrx_word' id='word_1_647' title='bbox 1540 1450 1591 1477; x_wconf 85' lang='lat' dir='ltr'><strong>bus</strong></span> <span class='ocrx_word' id='word_1_648' title='bbox 1606 1449 1778 1476; x_wconf 90' lang='lat' dir='ltr'><strong>sacerdotum</strong></span> <span class='ocrx_word' id='word_1_649' title='bbox 1790 1468 1801 1482; x_wconf 84' lang='lat'><strong>,</strong></span> 
     </span>
    </p>
   </div>
   <div class='ocr_carea' id='block_1_182' title="bbox 1542 1485 1732 1516">
    <p class='ocr_par' dir='ltr' id='par_1_182' title="bbox 1542 1485 1732 1516">
     <span class='ocr_line' id='line_1_183' title="bbox 1542 1485 1732 1516; baseline 0.005 -4"><span class='ocrx_word' id='word_1_650' title='bbox 1542 1491 1571 1512; x_wconf 90' lang='lat' dir='ltr'><strong>ut</strong></span> <span class='ocrx_word' id='word_1_651' title='bbox 1583 1485 1691 1516; x_wconf 80' lang='lat' dir='ltr'><strong>scribis.</strong></span> <span class='ocrx_word' id='word_1_652' title='bbox 1702 1490 1732 1513; x_wconf 83' lang='lat' dir='ltr'><strong>et</strong></span> 
     </span>
    </p>
   </div>
   <div class='ocr_carea' id='block_1_183' title="bbox 1541 1519 1762 1549">
    <p class='ocr_par' dir='ltr' id='par_1_183' title="bbox 1541 1519 1762 1549">
     <span class='ocr_line' id='line_1_184' title="bbox 1541 1519 1762 1549; baseline 0 -1"><span class='ocrx_word' id='word_1_653' title='bbox 1541 1519 1762 1549; x_wconf 83' lang='lat' dir='ltr'><strong>condemnabunt</strong></span> 
     </span>
    </p>
   </div>
   <div class='ocr_carea' id='block_1_184' title="bbox 1542 1561 1722 1588">
    <p class='ocr_par' dir='ltr' id='par_1_184' title="bbox 1542 1561 1722 1588">
     <span class='ocr_line' id='line_1_185' title="bbox 1542 1561 1722 1588; baseline 0 -5"><span class='ocrx_word' id='word_1_654' title='bbox 1542 1564 1603 1584; x_wconf 89' lang='lat' dir='ltr'><strong>eum</strong></span> <span class='ocrx_word' id='word_1_655' title='bbox 1618 1561 1706 1583; x_wconf 92' lang='lat' dir='ltr'><strong>morte</strong></span> <span class='ocrx_word' id='word_1_656' title='bbox 1714 1576 1722 1588; x_wconf 92' lang='lat'><strong>,</strong></span> 
     </span>
    </p>
   </div>
   <div class='ocr_carea' id='block_1_185' title="bbox 1544 1592 1771 1620">
    <p class='ocr_par' dir='ltr' id='par_1_185' title="bbox 1544 1592 1771 1620">
     <span class='ocr_line' id='line_1_186' title="bbox 1544 1592 1771 1620; baseline -0.009 0"><span class='ocrx_word' id='word_1_657' title='bbox 1544 1597 1572 1620; x_wconf 88' lang='lat' dir='ltr'><strong>et</strong></span> <span class='ocrx_word' id='word_1_658' title='bbox 1587 1592 1696 1620; x_wconf 77' lang='lat' dir='ltr'><strong>tradent</strong></span> <span class='ocrx_word' id='word_1_659' title='bbox 1710 1599 1771 1619; x_wconf 90' lang='lat' dir='ltr'><strong>eum</strong></span> 
     </span>
    </p>
   </div>
   <div class='ocr_carea' id='block_1_186' title="bbox 1561 1627 1723 1655">
    <p class='ocr_par' dir='ltr' id='par_1_186' title="bbox 1561 1627 1723 1655">
     <span class='ocr_line' id='line_1_187' title="bbox 1561 1627 1723 1655; baseline 0 -1"><span class='ocrx_word' id='word_1_660' title='bbox 1561 1628 1670 1655; x_wconf 90' lang='lat' dir='ltr'><strong>entibus</strong></span> <span class='ocrx_word' id='word_1_661' title='bbox 1688 1627 1723 1654; x_wconf 90' lang='lat' dir='ltr'><strong>ad</strong></span> 
     </span>
    </p>
   </div>
   <div class='ocr_carea' id='block_1_187' title="bbox 1582 1663 1741 1696">
    <p class='ocr_par' dir='ltr' id='par_1_187' title="bbox 1582 1663 1741 1696">
     <span class='ocr_line' id='line_1_188' title="bbox 1582 1663 1741 1696; baseline 0 -6"><span class='ocrx_word' id='word_1_662' title='bbox 1582 1663 1741 1696; x_wconf 88' lang='lat' dir='ltr'><strong>ludendum,</strong></span> 
     </span>
    </p>
   </div>
   <div class='ocr_carea' id='block_1_188' title="bbox 1359 1718 1694 1748">
    <p class='ocr_par' dir='ltr' id='par_1_188' title="bbox 1359 1718 1694 1748">
     <span class='ocr_line' id='line_1_189' title="bbox 1359 1718 1694 1748; baseline 0.003 -1"><span class='ocrx_word' id='word_1_663' title='bbox 1359 1718 1479 1747; x_wconf 81' lang='lat' dir='ltr'><strong>CODEX</strong></span> <span class='ocrx_word' id='word_1_664' title='bbox 1497 1719 1694 1748; x_wconf 72' lang='lat' dir='ltr'><strong>BRlXIANUS.</strong></span> 
     </span>
    </p>
   </div>
   <div class='ocr_carea' id='block_1_189' title="bbox 1128 1764 1933 1802">
    <p class='ocr_par' dir='ltr' id='par_1_189' title="bbox 1128 1764 1933 1802">
     <span class='ocr_line' id='line_1_190' title="bbox 1128 1764 1933 1802; baseline -0.004 -8"><span class='ocrx_word' id='word_1_665' title='bbox 1128 1764 1223 1794; x_wconf 88' lang='lat' dir='ltr'><strong>cedem</strong></span> <span class='ocrx_word' id='word_1_666' title='bbox 1236 1772 1340 1802; x_wconf 22' lang='lat' dir='ltr'><strong>isnam.</strong></span> <span class='ocrx_word' id='word_1_667' title='bbox 1357 1765 1488 1799; x_wconf 84' lang='lat' dir='ltr'><strong>incipiens</strong></span> <span class='ocrx_word' id='word_1_668' title='bbox 1508 1773 1523 1793; x_wconf 89' lang='lat' dir='ltr'><strong>a</strong></span> <span class='ocrx_word' id='word_1_669' title='bbox 1550 1766 1703 1794; x_wconf 80' lang='lat' dir='ltr'><strong>novissimis</strong></span> <span class='ocrx_word' id='word_1_670' title='bbox 1727 1773 1818 1802; x_wconf 77' lang='lat' dir='ltr'><strong>usque</strong></span> <span class='ocrx_word' id='word_1_671' title='bbox 1833 1765 1867 1792; x_wconf 83' lang='lat' dir='ltr'><strong>ad</strong></span> <span class='ocrx_word' id='word_1_672' title='bbox 1881 1765 1933 1799; x_wconf 86' lang='lat' dir='ltr'><strong>pri-</strong></span> 
     </span>
    </p>
   </div>
   <div class='ocr_carea' id='block_1_190' title="bbox 1130 1801 1933 1837">
    <p class='ocr_par' dir='ltr' id='par_1_190' title="bbox 1130 1801 1933 1837">
     <span class='ocr_line' id='line_1_191' title="bbox 1130 1801 1933 1837; baseline -0.001 -9"><span class='ocrx_word' id='word_1_673' title='bbox 1130 1808 1199 1828; x_wconf 91' lang='lat' dir='ltr'><strong>mos.</strong></span> <span class='ocrx_word' id='word_1_674' title='bbox 1229 1801 1296 1828; x_wconf 89' lang='lat' dir='ltr'><strong>Cum</strong></span> <span class='ocrx_word' id='word_1_675' title='bbox 1327 1803 1467 1828; x_wconf 88' lang='lat' dir='ltr'><strong>venissent</strong></span> <span class='ocrx_word' id='word_1_676' title='bbox 1488 1809 1553 1837; x_wconf 71' lang='lat' dir='ltr'><strong>ergo</strong></span> <span class='ocrx_word' id='word_1_677' title='bbox 1586 1802 1632 1836; x_wconf 85' lang='lat' dir='ltr'><strong>qui</strong></span> <span class='ocrx_word' id='word_1_678' title='bbox 1660 1803 1732 1829; x_wconf 92' lang='lat' dir='ltr'><strong>circa</strong></span> <span class='ocrx_word' id='word_1_679' title='bbox 1757 1801 1933 1829; x_wconf 72' lang='lat' dir='ltr'><strong>undecimam</strong></span> 
     </span>
    </p>
   </div>
   <div class='ocr_carea' id='block_1_191' title="bbox 1130 1837 1934 1872">
    <p class='ocr_par' dir='ltr' id='par_1_191' title="bbox 1130 1837 1934 1872">
     <span class='ocr_line' id='line_1_192' title="bbox 1130 1837 1934 1872; baseline -0.002 -8"><span class='ocrx_word' id='word_1_680' title='bbox 1130 1837 1224 1864; x_wconf 84' lang='lat' dir='ltr'><strong>horam</strong></span> <span class='ocrx_word' id='word_1_681' title='bbox 1241 1841 1382 1864; x_wconf 85' lang='lat' dir='ltr'><strong>venerant.</strong></span> <span class='ocrx_word' id='word_1_682' title='bbox 1402 1842 1568 1872; x_wconf 81' lang='lat' dir='ltr'><strong>acceperunt</strong></span> <span class='ocrx_word' id='word_1_683' title='bbox 1583 1838 1704 1871; x_wconf 77' lang='lat' dir='ltr'><strong>singulos</strong></span> <span class='ocrx_word' id='word_1_684' title='bbox 1718 1837 1864 1864; x_wconf 77' lang='lat' dir='ltr'><strong>denarios.</strong></span> <span class='ocrx_word' id='word_1_685' title='bbox 1882 1837 1934 1863; x_wconf 73' lang='lat' dir='ltr'><strong>Ve-</strong></span> 
     </span>
    </p>
   </div>
   <div class='ocr_carea' id='block_1_192' title="bbox 1130 1873 1934 1907">
    <p class='ocr_par' dir='ltr' id='par_1_192' title="bbox 1130 1873 1934 1907">
     <span class='ocr_line' id='line_1_193' title="bbox 1130 1873 1934 1907; baseline -0.002 -7"><span class='ocrx_word' id='word_1_686' title='bbox 1130 1873 1238 1900; x_wconf 85' lang='lat' dir='ltr'><strong>nientes</strong></span> <span class='ocrx_word' id='word_1_687' title='bbox 1261 1878 1350 1899; x_wconf 88' lang='lat' dir='ltr'><strong>autem</strong></span> <span class='ocrx_word' id='word_1_688' title='bbox 1375 1878 1402 1900; x_wconf 89' lang='lat' dir='ltr'><strong>et</strong></span> <span class='ocrx_word' id='word_1_689' title='bbox 1429 1875 1517 1906; x_wconf 89' lang='lat' dir='ltr'><strong>primi.</strong></span> <span class='ocrx_word' id='word_1_690' title='bbox 1542 1873 1665 1900; x_wconf 82' lang='lat' dir='ltr'><strong>arbitrati</strong></span> <span class='ocrx_word' id='word_1_691' title='bbox 1691 1878 1764 1900; x_wconf 88' lang='lat' dir='ltr'><strong>sunt.</strong></span> <span class='ocrx_word' id='word_1_692' title='bbox 1780 1873 1858 1907; x_wconf 78' lang='lat' dir='ltr'><strong>quod</strong></span> <span class='ocrx_word' id='word_1_693' title='bbox 1875 1873 1934 1907; x_wconf 89' lang='lat' dir='ltr'><strong>plus</strong></span> 
     </span>
    </p>
   </div>
   <div class='ocr_carea' id='block_1_193' title="bbox 1130 1908 1936 1943">
    <p class='ocr_par' dir='ltr' id='par_1_193' title="bbox 1130 1908 1936 1943">
     <span class='ocr_line' id='line_1_194' title="bbox 1130 1908 1936 1943; baseline -0.001 -8"><span class='ocrx_word' id='word_1_694' title='bbox 1130 1913 1222 1935; x_wconf 77' lang='lat' dir='ltr'><strong>essent</strong></span> <span class='ocrx_word' id='word_1_695' title='bbox 1236 1908 1384 1941; x_wconf 85' lang='lat' dir='ltr'><strong>accepturi.</strong></span> <span class='ocrx_word' id='word_1_696' title='bbox 1399 1914 1563 1943; x_wconf 81' lang='lat' dir='ltr'><strong>occeperunt</strong></span> <span class='ocrx_word' id='word_1_697' title='bbox 1580 1914 1673 1936; x_wconf 77' lang='lat' dir='ltr'><strong>autem</strong></span> <span class='ocrx_word' id='word_1_698' title='bbox 1686 1913 1714 1935; x_wconf 82' lang='lat' dir='ltr'><strong>et</strong></span> <span class='ocrx_word' id='word_1_699' title='bbox 1737 1909 1788 1943; x_wconf 83' lang='lat' dir='ltr'><strong>ipsi</strong></span> <span class='ocrx_word' id='word_1_700' title='bbox 1813 1909 1936 1943; x_wconf 76' lang='lat' dir='ltr'><strong>singulos</strong></span> 
     </span>
    </p>
   </div>
   <div class='ocr_carea' id='block_1_194' title="bbox 1130 1943 1936 1978">
    <p class='ocr_par' dir='ltr' id='par_1_194' title="bbox 1130 1943 1936 1978">
     <span class='ocr_line' id='line_1_195' title="bbox 1130 1943 1936 1978; baseline -0.004 -7"><span class='ocrx_word' id='word_1_701' title='bbox 1130 1943 1268 1971; x_wconf 88' lang='lat' dir='ltr'><strong>denarios.</strong></span> <span class='ocrx_word' id='word_1_702' title='bbox 1290 1944 1323 1971; x_wconf 86' lang='lat' dir='ltr'><strong>Et</strong></span> <span class='ocrx_word' id='word_1_703' title='bbox 1350 1945 1528 1978; x_wconf 85' lang='lat' dir='ltr'><strong>accipientes.</strong></span> <span class='ocrx_word' id='word_1_704' title='bbox 1561 1944 1766 1971; x_wconf 85' lang='lat' dir='ltr'><strong>murmurabant</strong></span> <span class='ocrx_word' id='word_1_705' title='bbox 1788 1945 1936 1972; x_wconf 85' lang='lat' dir='ltr'><strong>adversum</strong></span> 
     </span>
    </p>
   </div>
   <div class='ocr_carea' id='block_1_195' title="bbox 1132 1978 1936 2014">
    <p class='ocr_par' dir='ltr' id='par_1_195' title="bbox 1132 1978 1936 2014">
     <span class='ocr_line' id='line_1_196' title="bbox 1132 1978 1936 2014; baseline 0 -8"><span class='ocrx_word' id='word_1_706' title='bbox 1132 1984 1235 2014; x_wconf 87' lang='lat' dir='ltr'><strong>patrem</strong></span> <span class='ocrx_word' id='word_1_707' title='bbox 1261 1978 1388 2007; x_wconf 77' lang='lat' dir='ltr'><strong>familias.</strong></span> <span class='ocrx_word' id='word_1_708' title='bbox 1416 1979 1548 2007; x_wconf 83' lang='lat' dir='ltr'><strong>dicentes.</strong></span> <span class='ocrx_word' id='word_1_709' title='bbox 1566 1980 1598 2007; x_wconf 87' lang='lat' dir='ltr'><strong>Hi</strong></span> <span class='ocrx_word' id='word_1_710' title='bbox 1624 1980 1773 2007; x_wconf 86' lang='lat' dir='ltr'><strong>novissimi.</strong></span> <span class='ocrx_word' id='word_1_711' title='bbox 1794 1988 1850 2006; x_wconf 86' lang='lat' dir='ltr'><strong>una</strong></span> <span class='ocrx_word' id='word_1_712' title='bbox 1868 1979 1936 2006; x_wconf 79' lang='lat' dir='ltr'><strong>liora</strong></span> 
     </span>
    </p>
   </div>
   <div class='ocr_carea' id='block_1_196' title="bbox 1133 2015 1938 2050">
    <p class='ocr_par' dir='ltr' id='par_1_196' title="bbox 1133 2015 1938 2050">
     <span class='ocr_line' id='line_1_197' title="bbox 1133 2015 1938 2050; baseline -0.002 -7"><span class='ocrx_word' id='word_1_713' title='bbox 1133 2015 1256 2043; x_wconf 77' lang='lat' dir='ltr'><strong>iecerunt</strong></span> <span class='ocrx_word' id='word_1_714' title='bbox 1276 2020 1304 2042; x_wconf 88' lang='lat' dir='ltr'><strong>et</strong></span> <span class='ocrx_word' id='word_1_715' title='bbox 1329 2022 1408 2049; x_wconf 85' lang='lat' dir='ltr'><strong>pares</strong></span> <span class='ocrx_word' id='word_1_716' title='bbox 1432 2016 1491 2042; x_wconf 87' lang='lat' dir='ltr'><strong>illos</strong></span> <span class='ocrx_word' id='word_1_717' title='bbox 1504 2017 1583 2043; x_wconf 84' lang='lat' dir='ltr'><strong>nobis</strong></span> <span class='ocrx_word' id='word_1_718' title='bbox 1599 2015 1686 2043; x_wconf 76' lang='lat' dir='ltr'><strong>iecisti</strong></span> <span class='ocrx_word' id='word_1_719' title='bbox 1699 2016 1744 2049; x_wconf 89' lang='lat' dir='ltr'><strong>qui</strong></span> <span class='ocrx_word' id='word_1_720' title='bbox 1761 2016 1938 2050; x_wconf 80' lang='lat' dir='ltr'><strong>portavimus</strong></span> 
     </span>
    </p>
   </div>
   <div class='ocr_carea' id='block_1_197' title="bbox 1133 2050 1937 2085">
    <p class='ocr_par' dir='ltr' id='par_1_197' title="bbox 1133 2050 1937 2085">
     <span class='ocr_line' id='line_1_198' title="bbox 1133 2050 1937 2085; baseline 0.001 -9"><span class='ocrx_word' id='word_1_721' title='bbox 1133 2050 1240 2085; x_wconf 83' lang='lat' dir='ltr'><strong>pondus</strong></span> <span class='ocrx_word' id='word_1_722' title='bbox 1254 2050 1307 2077; x_wconf 87' lang='lat' dir='ltr'><strong>diei</strong></span> <span class='ocrx_word' id='word_1_723' title='bbox 1319 2057 1346 2077; x_wconf 90' lang='lat' dir='ltr'><strong>et</strong></span> <span class='ocrx_word' id='word_1_724' title='bbox 1357 2056 1459 2078; x_wconf 76' lang='lat' dir='ltr'><strong>aestus.</strong></span> <span class='ocrx_word' id='word_1_725' title='bbox 1482 2051 1516 2078; x_wconf 81' lang='lat' dir='ltr'><strong>At</strong></span> <span class='ocrx_word' id='word_1_726' title='bbox 1531 2053 1576 2079; x_wconf 90' lang='lat' dir='ltr'><strong>ille</strong></span> <span class='ocrx_word' id='word_1_727' title='bbox 1591 2051 1760 2085; x_wconf 82' lang='lat' dir='ltr'><strong>respondens</strong></span> <span class='ocrx_word' id='word_1_728' title='bbox 1775 2053 1824 2078; x_wconf 90' lang='lat' dir='ltr'><strong>nni</strong></span> <span class='ocrx_word' id='word_1_729' title='bbox 1839 2058 1937 2078; x_wconf 83' lang='lat' dir='ltr'><strong>eorum</strong></span> 
     </span>
    </p>
   </div>
   <div class='ocr_carea' id='block_1_198' title="bbox 1134 2086 1938 2122">
    <p class='ocr_par' dir='ltr' id='par_1_198' title="bbox 1134 2086 1938 2122">
     <span class='ocr_line' id='line_1_199' title="bbox 1134 2086 1938 2122; baseline 0.001 -10"><span class='ocrx_word' id='word_1_730' title='bbox 1134 2086 1210 2113; x_wconf 80' lang='lat' dir='ltr'><strong>dixit.</strong></span> <span class='ocrx_word' id='word_1_731' title='bbox 1234 2086 1337 2113; x_wconf 82' lang='lat' dir='ltr'><strong>Amice.</strong></span> <span class='ocrx_word' id='word_1_732' title='bbox 1357 2094 1411 2113; x_wconf 91' lang='lat' dir='ltr'><strong>non</strong></span> <span class='ocrx_word' id='word_1_733' title='bbox 1426 2086 1472 2114; x_wconf 88' lang='lat' dir='ltr'><strong>tibi</strong></span> <span class='ocrx_word' id='word_1_734' title='bbox 1495 2087 1563 2114; x_wconf 76' lang='lat' dir='ltr'><strong>facio</strong></span> <span class='ocrx_word' id='word_1_735' title='bbox 1578 2087 1714 2122; x_wconf 87' lang='lat' dir='ltr'><strong>injuriain.</strong></span> <span class='ocrx_word' id='word_1_736' title='bbox 1728 2094 1781 2113; x_wconf 91' lang='lat' dir='ltr'><strong>non</strong></span> <span class='ocrx_word' id='word_1_737' title='bbox 1800 2095 1837 2114; x_wconf 87' lang='lat' dir='ltr'><strong>ne</strong></span> <span class='ocrx_word' id='word_1_738' title='bbox 1851 2086 1938 2113; x_wconf 80' lang='lat' dir='ltr'><strong>dena-</strong></span> 
     </span>
    </p>
   </div>
   <div class='ocr_carea' id='block_1_199' title="bbox 1135 2122 1936 2157">
    <p class='ocr_par' dir='ltr' id='par_1_199' title="bbox 1135 2122 1936 2157">
     <span class='ocr_line' id='line_1_200' title="bbox 1135 2122 1936 2157; baseline 0 -9"><span class='ocrx_word' id='word_1_739' title='bbox 1135 2122 1204 2149; x_wconf 90' lang='lat' dir='ltr'><strong>rium</strong></span> <span class='ocrx_word' id='word_1_740' title='bbox 1221 2122 1345 2155; x_wconf 86' lang='lat' dir='ltr'><strong>placuisti</strong></span> <span class='ocrx_word' id='word_1_741' title='bbox 1357 2130 1462 2150; x_wconf 90' lang='lat' dir='ltr'><strong>mecum</strong></span> <span class='ocrx_word' id='word_1_742' title='bbox 1477 2122 1554 2149; x_wconf 84' lang='lat' dir='ltr'><strong>Tolle</strong></span> <span class='ocrx_word' id='word_1_743' title='bbox 1567 2122 1639 2157; x_wconf 87' lang='lat' dir='ltr'><strong>quod</strong></span> <span class='ocrx_word' id='word_1_744' title='bbox 1656 2127 1729 2149; x_wconf 85' lang='lat' dir='ltr'><strong>tuum</strong></span> <span class='ocrx_word' id='word_1_745' title='bbox 1744 2127 1799 2149; x_wconf 75' lang='lat' dir='ltr'><strong>est.</strong></span> <span class='ocrx_word' id='word_1_746' title='bbox 1814 2127 1845 2150; x_wconf 88' lang='lat' dir='ltr'><strong>et</strong></span> <span class='ocrx_word' id='word_1_747' title='bbox 1859 2123 1936 2149; x_wconf 88' lang='lat' dir='ltr'><strong>vade.</strong></span> 
     </span>
    </p>
   </div>
   <div class='ocr_carea' id='block_1_200' title="bbox 1134 2157 1938 2185">
    <p class='ocr_par' dir='ltr' id='par_1_200' title="bbox 1134 2157 1938 2185">
     <span class='ocr_line' id='line_1_201' title="bbox 1134 2157 1938 2185; baseline 0 -2"><span class='ocrx_word' id='word_1_748' title='bbox 1134 2158 1196 2184; x_wconf 80' lang='lat' dir='ltr'><strong>volo</strong></span> <span class='ocrx_word' id='word_1_749' title='bbox 1219 2162 1309 2185; x_wconf 88' lang='lat' dir='ltr'><strong>autem</strong></span> <span class='ocrx_word' id='word_1_750' title='bbox 1336 2161 1365 2184; x_wconf 85' lang='lat' dir='ltr'><strong>et</strong></span> <span class='ocrx_word' id='word_1_751' title='bbox 1384 2157 1446 2185; x_wconf 88' lang='lat' dir='ltr'><strong>huic</strong></span> <span class='ocrx_word' id='word_1_752' title='bbox 1475 2159 1631 2185; x_wconf 88' lang='lat' dir='ltr'><strong>novissimo.</strong></span> <span class='ocrx_word' id='word_1_753' title='bbox 1656 2158 1721 2185; x_wconf 85' lang='lat' dir='ltr'><strong>dare</strong></span> <span class='ocrx_word' id='word_1_754' title='bbox 1745 2158 1820 2184; x_wconf 83' lang='lat' dir='ltr'><strong>sient</strong></span> <span class='ocrx_word' id='word_1_755' title='bbox 1833 2163 1863 2185; x_wconf 90' lang='lat' dir='ltr'><strong>et</strong></span> <span class='ocrx_word' id='word_1_756' title='bbox 1879 2158 1938 2184; x_wconf 88' lang='lat' dir='ltr'><strong>tibi.</strong></span> 
     </span>
    </p>
   </div>
   <div class='ocr_carea' id='block_1_201' title="bbox 1135 2192 1940 2228">
    <p class='ocr_par' dir='ltr' id='par_1_201' title="bbox 1135 2192 1940 2228">
     <span class='ocr_line' id='line_1_202' title="bbox 1135 2192 1940 2228; baseline 0 -9"><span class='ocrx_word' id='word_1_757' title='bbox 1135 2192 1212 2220; x_wconf 87' lang='lat' dir='ltr'><strong>Haud</strong></span> <span class='ocrx_word' id='word_1_758' title='bbox 1250 2201 1303 2220; x_wconf 87' lang='lat' dir='ltr'><strong>non</strong></span> <span class='ocrx_word' id='word_1_759' title='bbox 1342 2193 1404 2220; x_wconf 87' lang='lat' dir='ltr'><strong>licet</strong></span> <span class='ocrx_word' id='word_1_760' title='bbox 1432 2193 1496 2220; x_wconf 88' lang='lat' dir='ltr'><strong>mihi</strong></span> <span class='ocrx_word' id='word_1_761' title='bbox 1526 2193 1616 2221; x_wconf 79' lang='lat' dir='ltr'><strong>facere</strong></span> <span class='ocrx_word' id='word_1_762' title='bbox 1654 2194 1688 2220; x_wconf 88' lang='lat' dir='ltr'><strong>de</strong></span> <span class='ocrx_word' id='word_1_763' title='bbox 1732 2200 1827 2220; x_wconf 87' lang='lat' dir='ltr'><strong>meum</strong></span> <span class='ocrx_word' id='word_1_764' title='bbox 1867 2193 1940 2228; x_wconf 83' lang='lat' dir='ltr'><strong>quod</strong></span> 
     </span>
    </p>
   </div>
   <div class='ocr_carea' id='block_1_202' title="bbox 1133 2228 1940 2264">
    <p class='ocr_par' dir='ltr' id='par_1_202' title="bbox 1133 2228 1940 2264">
     <span class='ocr_line' id='line_1_203' title="bbox 1133 2228 1940 2264; baseline 0 -9"><span class='ocrx_word' id='word_1_765' title='bbox 1133 2228 1206 2255; x_wconf 85' lang='lat' dir='ltr'><strong>volo.</strong></span> <span class='ocrx_word' id='word_1_766' title='bbox 1236 2235 1270 2255; x_wconf 89' lang='lat' dir='ltr'><strong>an</strong></span> <span class='ocrx_word' id='word_1_767' title='bbox 1293 2228 1387 2255; x_wconf 77' lang='lat' dir='ltr'><strong>oculus</strong></span> <span class='ocrx_word' id='word_1_768' title='bbox 1411 2233 1473 2256; x_wconf 80' lang='lat' dir='ltr'><strong>tuus</strong></span> <span class='ocrx_word' id='word_1_769' title='bbox 1500 2236 1614 2264; x_wconf 78' lang='lat' dir='ltr'><strong>nequam</strong></span> <span class='ocrx_word' id='word_1_770' title='bbox 1642 2233 1693 2256; x_wconf 82' lang='lat' dir='ltr'><strong>est.</strong></span> <span class='ocrx_word' id='word_1_771' title='bbox 1729 2229 1793 2262; x_wconf 81' lang='lat' dir='ltr'><strong>quia</strong></span> <span class='ocrx_word' id='word_1_772' title='bbox 1824 2236 1879 2264; x_wconf 75' lang='lat' dir='ltr'><strong>ego</strong></span> <span class='ocrx_word' id='word_1_773' title='bbox 1894 2229 1940 2255; x_wconf 88' lang='lat' dir='ltr'><strong>bo-</strong></span> 
     </span>
    </p>
   </div>
   <div class='ocr_carea' id='block_1_203' title="bbox 1136 2264 1940 2299">
    <p class='ocr_par' dir='ltr' id='par_1_203' title="bbox 1136 2264 1940 2299">
     <span class='ocr_line' id='line_1_204' title="bbox 1136 2264 1940 2299; baseline -0.001 -8"><span class='ocrx_word' id='word_1_774' title='bbox 1136 2271 1188 2291; x_wconf 86' lang='lat' dir='ltr'><strong>nus</strong></span> <span class='ocrx_word' id='word_1_775' title='bbox 1202 2272 1272 2290; x_wconf 86' lang='lat' dir='ltr'><strong>sum.</strong></span> <span class='ocrx_word' id='word_1_776' title='bbox 1298 2264 1343 2291; x_wconf 87' lang='lat' dir='ltr'><strong>Sic</strong></span> <span class='ocrx_word' id='word_1_777' title='bbox 1363 2269 1444 2291; x_wconf 85' lang='lat' dir='ltr'><strong>erunt</strong></span> <span class='ocrx_word' id='word_1_778' title='bbox 1463 2265 1541 2299; x_wconf 85' lang='lat' dir='ltr'><strong>primi</strong></span> <span class='ocrx_word' id='word_1_779' title='bbox 1560 2265 1711 2292; x_wconf 82' lang='lat' dir='ltr'><strong>novissimi.</strong></span> <span class='ocrx_word' id='word_1_780' title='bbox 1736 2269 1765 2291; x_wconf 89' lang='lat' dir='ltr'><strong>et</strong></span> <span class='ocrx_word' id='word_1_781' title='bbox 1793 2264 1940 2291; x_wconf 84' lang='lat' dir='ltr'><strong>novissimi</strong></span> 
     </span>
    </p>
   </div>
   <div class='ocr_carea' id='block_1_204' title="bbox 1136 2299 1940 2334">
    <p class='ocr_par' dir='ltr' id='par_1_204' title="bbox 1136 2299 1940 2334">
     <span class='ocr_line' id='line_1_205' title="bbox 1136 2299 1940 2334; baseline 0 -8"><span class='ocrx_word' id='word_1_782' title='bbox 1136 2299 1225 2334; x_wconf 85' lang='lat' dir='ltr'><strong>primi.</strong></span> <span class='ocrx_word' id='word_1_783' title='bbox 1242 2299 1318 2326; x_wconf 78' lang='lat' dir='ltr'><strong>Multi</strong></span> <span class='ocrx_word' id='word_1_784' title='bbox 1333 2300 1405 2327; x_wconf 91' lang='lat' dir='ltr'><strong>enim</strong></span> <span class='ocrx_word' id='word_1_785' title='bbox 1427 2306 1489 2327; x_wconf 81' lang='lat' dir='ltr'><strong>sunt</strong></span> <span class='ocrx_word' id='word_1_786' title='bbox 1505 2302 1604 2327; x_wconf 80' lang='lat' dir='ltr'><strong>vocati.</strong></span> <span class='ocrx_word' id='word_1_787' title='bbox 1630 2300 1706 2334; x_wconf 90' lang='lat' dir='ltr'><strong>pauci</strong></span> <span class='ocrx_word' id='word_1_788' title='bbox 1730 2306 1823 2326; x_wconf 69' lang='lat' dir='ltr'><strong>autem</strong></span> <span class='ocrx_word' id='word_1_789' title='bbox 1847 2301 1940 2326; x_wconf 72' lang='lat' dir='ltr'><strong>electi.</strong></span> 
     </span>
    </p>
   </div>
   <div class='ocr_carea' id='block_1_205' title="bbox 1139 2334 1944 2371">
    <p class='ocr_par' dir='ltr' id='par_1_205' title="bbox 1139 2334 1944 2371">
     <span class='ocr_line' id='line_1_206' title="bbox 1139 2334 1944 2371; baseline 0 -10"><span class='ocrx_word' id='word_1_790' title='bbox 1139 2335 1328 2371; x_wconf 78' lang='lat' dir='ltr'><strong>Etnscendens</strong></span> <span class='ocrx_word' id='word_1_791' title='bbox 1343 2334 1421 2362; x_wconf 86' lang='lat' dir='ltr'><strong>Jesus</strong></span> <span class='ocrx_word' id='word_1_792' title='bbox 1436 2336 1463 2362; x_wconf 91' lang='lat' dir='ltr'><strong>in</strong></span> <span class='ocrx_word' id='word_1_793' title='bbox 1479 2337 1704 2371; x_wconf 84' lang='lat' dir='ltr'><strong>Hierosolymam.</strong></span> <span class='ocrx_word' id='word_1_794' title='bbox 1720 2336 1861 2362; x_wconf 76' lang='lat' dir='ltr'><strong>adsumsit</strong></span> <span class='ocrx_word' id='word_1_795' title='bbox 1873 2336 1944 2362; x_wconf 84' lang='lat' dir='ltr'><strong>diio-</strong></span> 
     </span>
    </p>
   </div>
   <div class='ocr_carea' id='block_1_206' title="bbox 1136 2370 1944 2404">
    <p class='ocr_par' dir='ltr' id='par_1_206' title="bbox 1136 2370 1944 2404">
     <span class='ocr_line' id='line_1_207' title="bbox 1136 2370 1944 2404; baseline 0.001 -7"><span class='ocrx_word' id='word_1_796' title='bbox 1136 2370 1224 2397; x_wconf 84' lang='lat' dir='ltr'><strong>decim</strong></span> <span class='ocrx_word' id='word_1_797' title='bbox 1248 2370 1397 2404; x_wconf 87' lang='lat' dir='ltr'><strong>discipulos</strong></span> <span class='ocrx_word' id='word_1_798' title='bbox 1420 2378 1542 2399; x_wconf 61' lang='lat' dir='ltr'><strong>seorsum</strong></span> <span class='ocrx_word' id='word_1_799' title='bbox 1558 2372 1584 2398; x_wconf 92' lang='lat' dir='ltr'><strong>in</strong></span> <span class='ocrx_word' id='word_1_800' title='bbox 1606 2370 1661 2398; x_wconf 74' lang='lat' dir='ltr'><strong>via.</strong></span> <span class='ocrx_word' id='word_1_801' title='bbox 1688 2376 1715 2398; x_wconf 91' lang='lat' dir='ltr'><strong>et</strong></span> <span class='ocrx_word' id='word_1_802' title='bbox 1729 2372 1766 2397; x_wconf 85' lang='lat' dir='ltr'><strong>ait</strong></span> <span class='ocrx_word' id='word_1_803' title='bbox 1782 2370 1852 2397; x_wconf 88' lang='lat' dir='ltr'><strong>illis.</strong></span> <span class='ocrx_word' id='word_1_804' title='bbox 1869 2371 1944 2398; x_wconf 75' lang='lat' dir='ltr'><strong>Ecue</strong></span> 
     </span>
    </p>
   </div>
   <div class='ocr_carea' id='block_1_207' title="bbox 1136 2406 1944 2442">
    <p class='ocr_par' dir='ltr' id='par_1_207' title="bbox 1136 2406 1944 2442">
     <span class='ocr_line' id='line_1_208' title="bbox 1136 2406 1944 2442; baseline 0.001 -10"><span class='ocrx_word' id='word_1_805' title='bbox 1136 2406 1310 2442; x_wconf 82' lang='lat' dir='ltr'><strong>ascendimus</strong></span> <span class='ocrx_word' id='word_1_806' title='bbox 1325 2406 1540 2442; x_wconf 82' lang='lat' dir='ltr'><strong>Hierosolymam</strong></span> <span class='ocrx_word' id='word_1_807' title='bbox 1555 2413 1579 2436; x_wconf 86' lang='lat' dir='ltr'><strong>el</strong></span> <span class='ocrx_word' id='word_1_808' title='bbox 1592 2407 1663 2433; x_wconf 88' lang='lat' dir='ltr'><strong>iilius</strong></span> <span class='ocrx_word' id='word_1_809' title='bbox 1678 2406 1797 2433; x_wconf 86' lang='lat' dir='ltr'><strong>hominis</strong></span> <span class='ocrx_word' id='word_1_810' title='bbox 1816 2409 1944 2433; x_wconf 85' lang='lat' dir='ltr'><strong>tradetur</strong></span> 
     </span>
    </p>
   </div>
   <div class='ocr_carea' id='block_1_208' title="bbox 1137 2441 1945 2475">
    <p class='ocr_par' dir='ltr' id='par_1_208' title="bbox 1137 2441 1945 2475">
     <span class='ocr_line' id='line_1_209' title="bbox 1137 2441 1945 2475; baseline 0.001 -8"><span class='ocrx_word' id='word_1_811' title='bbox 1137 2441 1303 2475; x_wconf 85' lang='lat' dir='ltr'><strong>principibus</strong></span> <span class='ocrx_word' id='word_1_812' title='bbox 1326 2441 1497 2469; x_wconf 79' lang='lat' dir='ltr'><strong>sacerdotum</strong></span> <span class='ocrx_word' id='word_1_813' title='bbox 1517 2447 1545 2470; x_wconf 78' lang='lat' dir='ltr'><strong>et</strong></span> <span class='ocrx_word' id='word_1_814' title='bbox 1559 2443 1656 2470; x_wconf 88' lang='lat' dir='ltr'><strong>scribis</strong></span> <span class='ocrx_word' id='word_1_815' title='bbox 1670 2446 1697 2469; x_wconf 89' lang='lat' dir='ltr'><strong>et</strong></span> <span class='ocrx_word' id='word_1_816' title='bbox 1713 2441 1945 2468; x_wconf 82' lang='lat' dir='ltr'><strong>contlenlnabnnt</strong></span> 
     </span>
    </p>
   </div>
   <div class='ocr_carea' id='block_1_209' title="bbox 1136 2477 1943 2513">
    <p class='ocr_par' dir='ltr' id='par_1_209' title="bbox 1136 2477 1943 2513">
     <span class='ocr_line' id='line_1_210' title="bbox 1136 2477 1943 2513; baseline 0.001 -10"><span class='ocrx_word' id='word_1_817' title='bbox 1136 2484 1197 2504; x_wconf 90' lang='lat' dir='ltr'><strong>eum</strong></span> <span class='ocrx_word' id='word_1_818' title='bbox 1212 2477 1305 2504; x_wconf 87' lang='lat' dir='ltr'><strong>tnorti.</strong></span> <span class='ocrx_word' id='word_1_819' title='bbox 1320 2483 1347 2504; x_wconf 88' lang='lat' dir='ltr'><strong>et</strong></span> <span class='ocrx_word' id='word_1_820' title='bbox 1362 2478 1469 2505; x_wconf 88' lang='lat' dir='ltr'><strong>tradent</strong></span> <span class='ocrx_word' id='word_1_821' title='bbox 1481 2486 1542 2505; x_wconf 87' lang='lat' dir='ltr'><strong>cum</strong></span> <span class='ocrx_word' id='word_1_822' title='bbox 1557 2478 1681 2513; x_wconf 79' lang='lat' dir='ltr'><strong>gentibus</strong></span> <span class='ocrx_word' id='word_1_823' title='bbox 1696 2477 1730 2505; x_wconf 84' lang='lat' dir='ltr'><strong>ad</strong></span> <span class='ocrx_word' id='word_1_824' title='bbox 1743 2477 1943 2506; x_wconf 68' lang='lat' dir='ltr'><strong>inludendum.</strong></span> 
     </span>
    </p>
   </div>
   <div class='ocr_carea' id='block_1_210' title="bbox 625 2530 1580 2563">
    <p class='ocr_par' dir='ltr' id='par_1_210' title="bbox 625 2530 1580 2563">
     <span class='ocr_line' id='line_1_211' title="bbox 625 2530 1580 2563; baseline 0.001 -1"><span class='ocrx_word' id='word_1_825' title='bbox 625 2532 823 2563; x_wconf 72' lang='lat' dir='ltr'><strong>VARIANTES</strong></span> <span class='ocrx_word' id='word_1_826' title='bbox 837 2530 1028 2563; x_wconf 77' lang='lat' dir='ltr'><strong>LECTIONES</strong></span> <span class='ocrx_word' id='word_1_827' title='bbox 1048 2532 1180 2561; x_wconf 81' lang='lat' dir='ltr'><strong>CODICIS</strong></span> <span class='ocrx_word' id='word_1_828' title='bbox 1198 2532 1252 2561; x_wconf 76' lang='lat' dir='ltr'><strong>MS.</strong></span> <span class='ocrx_word' id='word_1_829' title='bbox 1274 2534 1303 2561; x_wconf 92' lang='lat' dir='ltr'><strong>S.</strong></span> <span class='ocrx_word' id='word_1_830' title='bbox 1326 2533 1580 2563; x_wconf 80' lang='lat' dir='ltr'><strong>GERMANENSIS.</strong></span> 
     </span>
    </p>
   </div>
   <div class='ocr_carea' id='block_1_211' title="bbox 1165 2579 1304 2605">
    <p class='ocr_par' dir='ltr' id='par_1_211' title="bbox 1165 2579 1304 2605">
     <span class='ocr_line' id='line_1_212' title="bbox 1165 2579 1304 2605; baseline 0.007 -1"><span class='ocrx_word' id='word_1_831' title='bbox 1165 2579 1178 2595; x_wconf 79' lang='grc' dir='ltr'>ι</span> <span class='ocrx_word' id='word_1_832' title='bbox 1194 2580 1304 2605; x_wconf 82' lang='lat' dir='ltr'><strong>ascendit</strong></span> 
     </span>
    </p>
   </div>
   <div class='ocr_carea' id='block_1_212' title="bbox 1164 2611 1398 2644">
    <p class='ocr_par' dir='ltr' id='par_1_212' title="bbox 1164 2611 1398 2644">
     <span class='ocr_line' id='line_1_213' title="bbox 1164 2611 1398 2644; baseline -0.004 -7"><span class='ocrx_word' id='word_1_833' title='bbox 1164 2611 1176 2626; x_wconf 84' lang='lat'><strong>&#39;</strong></span> <span class='ocrx_word' id='word_1_834' title='bbox 1191 2617 1250 2637; x_wconf 87' lang='lat' dir='ltr'><strong>suos</strong></span> <span class='ocrx_word' id='word_1_835' title='bbox 1262 2612 1275 2626; x_wconf 71' lang='grc'><strong>³</strong></span> <span class='ocrx_word' id='word_1_836' title='bbox 1287 2614 1398 2644; x_wconf 75' lang='lat' dir='ltr'><strong>secreto,</strong></span> 
     </span>
    </p>
   </div>
   <div class='ocr_carea' id='block_1_213' title="bbox 943 2683 1259 2720">
    <p class='ocr_par' dir='ltr' id='par_1_213' title="bbox 943 2683 1259 2720">
     <span class='ocr_line' id='line_1_214' title="bbox 943 2683 1259 2720; baseline 0.006 -2"><span class='ocrx_word' id='word_1_837' title='bbox 943 2683 1127 2719; x_wconf 73' lang='lat' dir='ltr'><strong>BLANCHINI</strong></span> <span class='ocrx_word' id='word_1_838' title='bbox 1144 2690 1259 2720; x_wconf 66' lang='grc' dir='ltr'><strong>ΝΟΤίΕ.</strong></span> 
     </span>
    </p>
   </div>
   <div class='ocr_carea' id='block_1_214' title="bbox 325 2744 1630 2786">
    <p class='ocr_par' dir='ltr' id='par_1_214' title="bbox 325 2744 1630 2786">
     <span class='ocr_line' id='line_1_215' title="bbox 325 2744 1630 2786; baseline -0.003 -6"><span class='ocrx_word' id='word_1_839' title='bbox 325 2758 339 2773; x_wconf 73' lang='grc' dir='ltr'>ι</span> <span class='ocrx_word' id='word_1_840' title='bbox 350 2751 501 2782; x_wconf 75' lang='lat' dir='ltr'><strong>SJiilarius</strong></span> <span class='ocrx_word' id='word_1_841' title='bbox 512 2747 618 2785; x_wconf 74' lang='lat' dir='ltr'><strong>legebat</strong></span> <span class='ocrx_word' id='word_1_842' title='bbox 631 2746 687 2782; x_wconf 89' lang='lat' dir='ltr'><strong>hic,</strong></span> <span class='ocrx_word' id='word_1_843' title='bbox 701 2750 808 2780; x_wconf 72' lang='lat' dir='ltr'><strong>secreto,</strong></span> <span class='ocrx_word' id='word_1_844' title='bbox 821 2745 897 2781; x_wconf 77' lang='lat' dir='ltr'><strong>juxta</strong></span> <span class='ocrx_word' id='word_1_845' title='bbox 911 2745 991 2774; x_wconf 84' lang='lat' dir='ltr'><strong>ﬁdem</strong></span> <span class='ocrx_word' id='word_1_846' title='bbox 1003 2754 1083 2782; x_wconf 89' lang='lat' dir='ltr'><strong>quam</strong></span> <span class='ocrx_word' id='word_1_847' title='bbox 1100 2744 1221 2783; x_wconf 83' lang='lat' dir='ltr'><strong>plurium</strong></span> <span class='ocrx_word' id='word_1_848' title='bbox 1235 2750 1484 2786; x_wconf 81' lang='lat' dir='ltr'><strong>manuscriptorum</strong></span> <span class='ocrx_word' id='word_1_849' title='bbox 1497 2749 1630 2778; x_wconf 88' lang='lat' dir='ltr'><strong>codicum.</strong></span> 
     </span>
    </p>
   </div>
   <div class='ocr_carea' id='block_1_215' title="bbox 320 2817 789 2858">
    <p class='ocr_par' dir='ltr' id='par_1_215' title="bbox 320 2817 789 2858">
     <span class='ocr_line' id='line_1_216' title="bbox 320 2817 789 2858; baseline -0.015 -8"><span class='ocrx_word' id='word_1_850' title='bbox 320 2822 359 2858; x_wconf 83' lang='lat' dir='ltr'><strong>(a)</strong></span> <span class='ocrx_word' id='word_1_851' title='bbox 375 2821 414 2849; x_wconf 83' lang='lat' dir='ltr'><strong>ita</strong></span> <span class='ocrx_word' id='word_1_852' title='bbox 427 2824 455 2849; x_wconf 84' lang='lat' dir='ltr'><strong>et</strong></span> <span class='ocrx_word' id='word_1_853' title='bbox 465 2818 527 2848; x_wconf 89' lang='lat' dir='ltr'><strong>cod.</strong></span> <span class='ocrx_word' id='word_1_854' title='bbox 543 2817 622 2846; x_wconf 82' lang='lat' dir='ltr'><strong>Cant.</strong></span> <span class='ocrx_word' id='word_1_855' title='bbox 636 2817 789 2854; x_wconf 72' lang='grc' dir='ltr'><strong>ιγόγγυσαν.</strong></span> 
     </span>
    </p>
   </div>
  </div>
