1990 3096
117 85 163 115 ΥΠ
619 84 848 115 EVANGILIUM
866 85 890 115 Si

955 86 1051 116 Νυωι
1068 87 1287 118 nmmum.

311 143 429 172 CODEX
452 142 725 172 VERCEILENSlS.

119 209 128 220 .
163 210 170 217 .
208 209 216 216 .
257 209 265 216 .
307 210 314 216 .
355 209 363 217 .
404 209 413 216 .
454 208 463 218 .
534 189 757 225 bis,sedquibus

535 225 781 253 datumest....

122 270 462 290 .......:
536 264 734 289 ..atremeo.

121 314 460 326 ........
534 295 903 327 2‘.........ntes

120 350 459 360 .....-o.
536 340 869 362 .........οοη-

118 367 161 396 20.
180 366 342 398 necessitati
351 374 415 396 uim
534 367 631 395 tristati
646 372 711 395 sunt

119 408 201 432 mater
211 405 281 433 ﬁlio-
532 402 567 430 de
582 403 664 431 duob.
686 422 694 430 .
717 423 725 430 .

119 447 175 467 rum
190 439 324 469 Zebedaoi
532 437 637 466 fratrib.
659 459 667 466 .
689 459 697 466 .
717 458 724 467 .
746 457 755 466 .
776 458 784 467 .
803 456 812 470 .

118 476 317 504 cumﬁliissn—
536 493 543 501 .
582 493 590 501 .
630 492 638 501 .
678 494 685 501 .
725 492 733 501 .
772 493 780 502 .
820 494 828 502 .
866 496 875 502 .

119 511 331 544 is,adorans,et
534 528 542 535 .
581 529 588 536 .
629 530 637 536 .
677 528 685 536 .
725 530 730 536 .
772 530 780 537 .
819 530 827 539 .
859 527 876 540 3

118 546 324 583 petensaliquid
535 565 542 571 .
582 564 589 572 .
629 565 636 572 .
677 565 683 571 .
722 564 731 572 .
770 566 780 575 .
818 564 827 574 .
866 566 875 574 .

117 582 391 611 dari....'....

117 617 412 646 2i.temdixit....

118 652 367 686 Quidvis?A...
534 673 541 680 .
582 672 589 679 .
629 672 637 679 .
678 672 683 678 .
724 673 732 679 .
772 673 779 679 .
820 674 827 682 .
867 673 874 680 .

117 689 169 716 illa.
186 690 232 717 Dic
243 694 282 717 ut.
303 707 313 717 .
335 709 343 717 .
530 687 576 715 25.
596 695 692 716 eorum
706 696 713 715 :
727 692 756 716 et

117 724 257 752 deantduo
533 730 784 752 .......res

118 761 410 788 ...eiun.....
532 763 820 794 ..τωρ-..οδω-

116 795 148 823 ad
159 795 247 824 dexte.
271 816 280 824 .
301 814 311 823 .
332 814 340 823 .
362 814 371 823 .
391 816 400 824 .
419 815 428 824 .
451 815 459 823 .
533 817 540 824 .
564 815 572 822 .
591 802 635 822 em
650 800 777 822 exercent

119 831 185 859 alius
195 831 228 859 ad
245 831 323 860 sinis.
346 851 354 858 .
377 851 385 858 .
529 831 575 861 26.
595 830 622 857 in
636 831 686 857 eis.
700 830 760 858 Non
773 831 810 858 ita

117 870 198 894 tuam.
219 887 227 894 .
249 888 257 895 .
280 887 286 893 .
309 886 317 894 .
338 885 347 895 .
530 868 584 897 erit.
598 866 670 893 inter
683 873 754 894 vos:

115 907 218 929 notuo.
533 902 794 937 ....qui....

115 937 455 975 22.Βθιι)ο.......
533 938 732 967 .....erit

116 991 457 1003 ......ο.
532 980 807 1004 ......osma-

115 1028 410 1038 ....
448 1029 457 1038 .
533 1009 875 1051 ......._(b)erit1-

534 1053 753 1075 ......Ιιι-

115 1099 124 1106 .
168 1100 175 1107 .
216 1100 223 1107 .
263 1100 272 1108 .
307 1100 315 1108 .
353 1099 359 1108 .
400 1100 409 1110 .
449 1102 456 1110 .
530 1080 841 1116 27.ster:etquivo-

114 1229 217 1250 sumus.
532 1239 871 1252 .....ι.ι

114 1257 494 1296 25.Aitillis_(a).lelttsf:Ca-
533 1283 539 1289 .
579 1281 586 1287 .
625 1280 633 1289 .
674 1279 681 1285 .
721 1278 728 1287 .
769 1280 777 1289 .
816 1277 824 1287 .
863 1280 872 1288 .

113 1292 313 1329 Iicemquidem
408 1292 416 1296 ”
532 1317 539 1324 .
580 1317 586 1323 .
627 1316 635 1324 .
676 1315 682 1321 .
723 1316 730 1323 .
769 1317 774 1323 .
817 1315 824 1322 .
864 1314 872 1323 .

114 1336 353 1358 meu.....e-
530 1350 872 1360 ...-....

113 1365 407 1396 tis:sede......

113 1399 292 1429 temaddex-

113 1437 281 1464 trammeam

112 1470 365 1509 autadsinistraru,
529 1495 537 1502 .
577 1494 584 1501 .
625 1494 631 1501 .
672 1493 680 1500 .
719 1493 726 1500 .
768 1493 776 1501 .
816 1494 823 1501 .
864 1494 871 1501 .

112 1510 291 1536 nonestme-

112 1548 157 1569 um
166 1540 230 1570 dare
239 1550 290 1571 νο·
528 1546 572 1574 tis.
591 1544 627 1582 (ι)
641 1544 696 1573 Vos
709 1547 799 1572 autem

319 1601 437 1631 CODEX
455 1602 692 1632 CORBEIENSIS.

111 1649 137 1673 et
150 1643 340 1684 ﬂagelljndum
349 1651 398 1682 ,‘et
413 1649 624 1684 crucitlgendum
637 1670 645 1683 ,
662 1654 690 1678 et
710 1649 790 1677 tertia
803 1648 848 1676 die
862 1652 905 1676 re—

113 1688 214 1715 surget.
229 1682 304 1710 Tunc
316 1685 432 1712 accessit
453 1683 485 1711 ad
500 1682 562 1712 e'um
580 1690 666 1712 mater
691 1684 808 1712 ﬁliorum
820 1684 904 1711 Zebe-

112 1717 168 1754 daei
185 1726 246 1754 cum
260 1719 322 1746 ﬁliis
336 1720 403 1753 suis,
422 1721 429 1735 ‘
446 1720 563 1747 adorans
574 1728 646 1753 eum,
660 1726 687 1747 et
698 1725 793 1754 petens
804 1719 903 1754 aliquid

111 1753 143 1779 ab
156 1760 198 1780 eo.
212 1753 272 1787 Ipse
285 1760 376 1782 autem
392 1756 460 1783 dixit
473 1756 498 1783 ei
513 1765 519 1782 :
532 1756 601 1789 Quid
613 1755 675 1783 vis?
693 1753 726 1783 Et
752 1756 789 1783 ait
818 1765 825 1783 :
850 1753 903 1782 'Dic

112 1792 138 1814 nt
160 1789 273 1816 sedeam
299 1790 325 1817 hi
355 1791 409 1819 duo
438 1791 486 1818 lilii
512 1792 578 1824 mei,
598 1799 667 1818 unus
697 1791 730 1818 ad
760 1792 898 1819 dexteram

113 1827 198 1861 tuam,
223 1830 251 1852 et
271 1833 341 1853 unus
368 1827 400 1854 ad
430 1827 580 1860 sinistram,
608 1828 635 1854 in
660 1834 744 1861 regno
761 1832 817 1854 tuo.
833 1827 901 1853 Res-

111 1859 230 1897 pondens
247 1865 347 1897 autem
373 1862 469 1895 Jesus,
496 1859 577 1890 dixit
598 1863 638 1889 eis
667 1859 811 1889 :Nescitis
835 1862 900 1897 quid

111 1896 216 1934 petatis.
246 1896 363 1934 Potestis
391 1899 485 1925 bibere
506 1899 618 1934 calicem
634 1919 641 1931 ,
671 1905 751 1932 quem
768 1905 829 1934 ego
844 1896 899 1924 Vbi-

109 1929 213 1958 biturus
235 1932 318 1959 sum?
341 1933 439 1960 Dicunt
449 1934 491 1961 ei:
507 1929 663 1961 Possumus.
676 1929 722 1960 Ait
736 1929 899 1960 illis—lesus:

107 1966 222 2002 Calicem
249 1968 360 2002 quidem
380 1977 468 1996 meum
498 1969 618 1996 bibetis:
640 1969 736 1996 sedere
757 1974 848 1995 autem
867 1968 900 1995 ad

106 2001 245 2030 dexteram
260 2001 348 2030 incam
361 2010 387 2032 et
401 2005 434 2031 ad
450 2004 599 2035 sinistram.
615 2011 668 2032 non
684 2010 725 2031 est
734 2012 822 2032 meum
834 2004 899 2031 dare

106 2036 201 2074 vobis,
217 2040 266 2066 scd
288 2040 386 2073 quibus
401 2045 521 2074 paratum
538 2045 579 2067 est
593 2049 607 2066 ει
623 2040 702 2067 Patre
717 2047 788 2066 meo.
801 2038 834 2066 Et
853 2047 900 2066 au-

103 2072 212 2101 dientes
227 2072 321 2101 decem
330 2096 337 2107 ,
350 2072 504 2103 contristati
517 2080 581 2104 sunt
593 2076 627 2103 de
640 2076 746 2103 duobus
760 2075 899 2106 fratribus.

103 2107 182 2135 Jcsus
197 2115 289 2137 autem
314 2111 420 2138 vocavit
434 2119 482 2140 eos
501 2111 534 2138 ad
556 2119 595 2144 se,
612 2117 640 2139 et
660 2112 698 2138 ait
712 2120 718 2138 :
734 2111 815 2138 Scitis
829 2110 900 2141 quod

105 2144 242 2179 principes
255 2146 372 2181 gentium
384 2147 557 2174 dominantur
565 2155 674 2174 eorum:
689 2152 715 2175 et
726 2147 770 2181 qui
785 2148 901 2180 majores

104 2185 185 2213 sunt,
201 2187 331 2217 exercent
351 2187 513 2217 potestatem
529 2183 554 2210 in
569 2183 619 2210 eis.
637 2183 694 2209 Non
718 2182 752 2208 ita
766 2183 818 2209 erit
833 2183 902 2209 inter

106 2222 153 2255 τρε
169 2224 177 2242 2
190 2214 238 2244 sed
253 2214 438 2255 quiquumquc
453 2219 566 2255 voluerit
577 2218 663 2253 major
677 2226 737 2245 esse
750 2219 818 2246 inter
834 2225 882 2244 vos
895 2239 902 2248 .

106 2253 142 2277 sit
155 2256 246 2289 vester
262 2253 385 2281 minister
397 2262 404 2280 :
417 2260 443 2281 et
457 2254 503 2289 qui
518 2255 633 2282 voluerit
654 2255 724 2282 inter
737 2261 785 2281 vos
800 2254 903 2288 primus

104 2288 246 2328 e§_se,'erit
261 2294 352 2328 vester
364 2288 472 2328 servus.
485 2289 560 2317 Sicut
571 2290 642 2328 ﬁlius
657 2290 774 2328 hominis
787 2298 840 2317 non
857 2297 903 2316 ve-

106 2323 314 2359 nitministrari,
329 2324 376 2352 sed
389 2326 553 2359 ministrare,
568 2332 594 2353 et
607 2326 672 2354 dare
683 2327 800 2353 animam
813 2332 903 2357 suam,

107 2357 305 2388 redemtionem
319 2368 368 2396 pro
383 2360 485 2389 multis.
500 2357 511 2377 ¹
527 2357 607 2389 ε’νοε
618 2367 707 2389 autem
730 2369 813 2396 quae-

1714 91 1768 120 278

1181 144 1299 174 COBBX
1318 144 1545 176 VERONENBIS.

968 195 996 218 et
1009 190 1216 227 ﬂageﬂsndum,
1386 197 1433 220 aut
1446 193 1596 227 sinistram,

967 231 994 254 et
1007 226 1168 261 cruciﬁgen-
1386 235 1441 256 non
1456 233 1498 256 est
1516 226 1607 257 meum

967 261 1042 298 dum,
1055 267 1083 289 et
1097 267 1150 289 ter-
1387 263 1453 291 dare
1463 264 1550 298 vobis,

1386 299 1435 326 sed
1447 300 1545 334 quibus
1560 308 1606 335 pa-

1387 340 1474 362 ratum
1486 340 1529 363 est
1542 343 1559 363 a
1572 335 1624 365 Pa-

1386 375 1428 397 tre
1442 378 1515 397 meo.

1385 404 1431 432 24.
1454 405 1486 433 Et
1502 406 1644 436 audientes

1385 441 1480 468 decem
1495 443 1599 471 contri-

1384 478 1447 503 stati
1462 481 1525 504 sunt
1535 477 1569 506 de

1384 511 1490 539 duobus
1503 512 1639 542 fratribus.

967 297 1004 333 tia
1018 297 1062 333 die
1079 302 1212 333 resurget.

965 332 1012 361 20.
1032 332 1109 361 Tunc
1121 332 1237 362 accessit

964 368 999 395 ad
1010 376 1072 395 eum
1088 376 1147 396 ma-

965 407 1008 431 ter
1020 403 1138 431 ﬁliorum

966 438 1101 467 Zebedaei
1115 447 1177 468 cum

965 474 1029 502 ﬁliis
1041 475 1108 508 suis,

964 510 1093 543 adorans,
1106 515 1134 538 et

965 550 1062 580 petens
1073 546 1173 581 aliquid
1384 547 1431 574 25.
1451 547 1531 575 Jesus
1542 554 1633 577 autem

964 581 999 608 ab
1013 588 1057 608 eo.
1384 584 1491 610 vocavit
1504 591 1552 611 eos

964 616 1010 652 21.
1032 616 1092 652 Ipse
1110 622 1200 646 autem
1384 617 1417 644 ad
1432 625 1471 650 se,
1487 624 1514 646 et
1524 620 1577 647 ait:

964 651 1034 689 dixit
1045 651 1072 689 ei
1085 662 1108 689 εξ
1385 653 1465 681 Scitis
1478 654 1550 689 quod

963 686 1033 725 Quid
1040 687 1089 725 _v_i_s
1097 687 1110 714 ?
1383 686 1520 725 principes
1534 691 1655 725 gentium

963 723 1011 749 Ait
1023 722 1047 750 ei
1062 722 1108 750 illa
1125 732 1132 750 :
1384 722 1559 752 dominentu'r

964 757 1018 798 _D_ic_
1026 762 1055 784 ut
1066 759 1179 798 sedeant
1383 766 1477 798 eorum
1491 769 1498 787 :
1511 766 1538 788 et
1548 762 1595 796 qui
1596 776 1604 798 λ

963 793 991 820 hi
1002 793 1055 834 duo
1066 793 1116 821 ﬁlii
1384 795 1502 829 majores
1511 793 1586 830 sunt,

963 836 1035 865 met,
1050 837 1120 856 unus
1383 835 1544 865 potestatem
1557 840 1608 860 ex-

965 864 999 891 ad
1013 864 1136 893 dextram
1381 864 1475 894 ercent
1490 867 1516 893 in
1529 875 1587 895 eos.

965 903 1049 932 tuam,
1063 904 1091 927 et
1104 908 1173 929 unus
1381 900 1428 929 ‘26.
1443 901 1502 929 Non
1516 903 1553 930 ita
1564 903 1616 931 erit

963 935 997 962 ad
1010 936 1151 964 sinistram
1382 937 1454 964 inter
1467 944 1516 964 vos
1528 946 1535 965 ε

962 970 996 1009 i_n_
1003 978 1087 1009 regno
1102 976 1158 1009 tuo.
1381 972 1429 1009 sed
1443 972 1606 1009 quicumque

961 1006 1008 1033 ‘22.
1029 1006 1207 1041 Respondeas
1380 1006 1499 1035 voluerit
1512 1008 1539 1035 in
1544 1006 1584 1037 ter

962 1041 1162 1079 autemhiesus,
1381 1050 1431 1079 vos
1445 1044 1532 1078 major
1545 1044 1616 1079 ﬁeri,

961 1076 1031 1114 dixit
1043 1077 1096 1114 illis
1107 1086 1116 1114 ς
1135 1077 1187 1106 Ne-
1383 1077 1421 1114 (ὁ)
1436 1076 1521 1114 ειη-1·
1534 1076 1625 1109 vester

962 1112 1038 1140 scitis
1049 1112 1113 1147 quid
1125 1120 1171 1148 pe-
1380 1112 1424 1141 27.
1435 1112 1560 1144 minister
1572 1126 1579 1144 :
1595 1121 1624 1146 et
1634 1118 1680 1152 qui

962 1148 1034 1175 tatis.
1050 1148 1166 1176 Potestis
1381 1149 1499 1177 voluerit
1511 1150 1582 1179 inter

961 1182 1055 1211 bibere
1067 1183 1180 1212 calicem
1191 1205 1200 1219 ,

960 1226 1107 1294 ἓῗιξίῗιξὲἕ
1111 1263 1170 1285 sum
1181 1257 1193 1284 τ

962 1289 1060 1317 Dicunt
1073 1292 1098 1319 ei
1111 1300 1118 1319 :

960 1324 1119 1355 Possumus.

959 1360 1005 1388 23.
1024 1361 1137 1400 ‘Aitillis
1149 1363 1189 1400 (ιι)
1197 1364 1243 1393 Je-

959 1402 1006 1423 sus
1017 1396 1037 1431 -ι-
1051 1406 1057 1423 :
1071 1396 1189 1427 Calicem

959 1431 1068 1465 quidem
1084 1442 1174 1461 mcum

959 1466 984 1492 bi
989 1467 1056 1494 betis
1070 1478 1077 1496 τ
1093 1470 1189 1498 sedere

959 1507 1049 1529 autem
1064 1504 1097 1530 ad
1112 1505 1202 1534 dexte-

960 1544 1018 1564 ram
1029 1545 1117 1567 meam

1379 1193 1428 1212 vos
1441 1186 1544 1219 primus
1556 1193 1636 1216 esse:

1378 1221 1430 1248 erit
1446 1227 1535 1248 vester
1548 1229 1654 1252 servus.

1378 1255 1423 1283 28.
1439 1256 1516 1284 Sicut
1530 1257 1601 1286 [ilius

1377 1291 1496 1319 hominis
1509 1301 1564 1320 non

1378 1327 1451 1365 venit
1463 1328 1622 1365 ministrari,

1378 1363 1434 1400 sed
1440 1363 1606 1400 ministrare,

1378 1402 1405 1425 et
1419 1397 1483 1426 dare
1495 1399 1554 1426 ani—

1379 1442 1450 1463 mam
1466 1441 1557 1468 suam,

1376 1469 1542 1502 redemptio-

1376 1513 1437 1534 nem
1452 1507 1581 1539 promul—

1376 1543 1421 1570 tis.
1437 1538 1474 1575 (ὲ)
1488 1538 1543 1569 Vos
1556 1549 1604 1571 au-'
1629 1572 1631 1576 ,

1190 1600 1307 1628 CODEX
1325 1601 1521 1630 BRIXIANUS.

957 1653 983 1677 et
999 1648 1198 1683 ﬂagellandum.
1223 1652 1249 1675 et
1274 1649 1494 1682 cruciﬁgcndutn.
1511 1653 1537 1676 ct
1561 1649 1639 1675 tertia
1657 1648 1700 1675 die
1713 1655 1757 1675 rc-

957 1691 1059 1719 Surget.
1101 1684 1178 1710 Tunc
1206 1686 1319 1711 acccs~it
1355 1685 1387 1711 ad
1419 1692 1480 1711 eum
1519 1689 1605 1711 mater
1638 1684 1752 1711 ﬁliorum

956 1720 1072 1747 Zebedt-i
1109 1727 1168 1746 cum
1197 1720 1258 1746 liliis
1288 1721 1353 1746 suis.
1383 1720 1499 1746 adorans
1532 1724 1559 1746 ct
1587 1725 1681 1754 petens
1705 1719 1754 1746 ali-

956 1756 1018 1790 quid
1047 1755 1080 1782 ab
1108 1763 1150 1782 co.
1178 1754 1237 1789 Ipse
1263 1761 1352 1782 autem
1382 1756 1449 1782 dixit
1475 1755 1509 1782 ci.
1534 1756 1602 1788 Quid
1634 1756 1683 1782 vis.
1711 1755 1754 1781 Ait

956 1792 1006 1818 illi.
1020 1792 1077 1817 Dic.
1102 1796 1130 1818 ut
1151 1791 1263 1817 sedeant
1287 1792 1313 1817 lii
1329 1792 1382 1818 duo
1399 1792 1444 1818 lilii
1461 1793 1512 1818 mei
1528 1799 1595 1818 unus
1608 1791 1640 1817 ad
1660 1792 1754 1817 dexte-

953 1835 1009 1853 ram
1035 1831 1107 1853 luam
1128 1831 1155 1854 et
1171 1834 1237 1853 unus
1257 1828 1289 1853 ad
1307 1828 1443 1854 sinistram
1465 1832 1536 1854 tuam
1550 1827 1577 1853 in
1593 1834 1676 1862 regno
1695 1831 1750 1852 tuo.

952 1862 1129 1897 Respvmdens
1168 1867 1258 1889 autem
1298 1862 1376 1889 Jcsus
1414 1864 1481 1889 dixit
1531 1863 1593 1888 illis.
1635 1862 1751 1888 Nosritis

953 1899 1016 1933 quid
1044 1899 1150 1932 petatis.
1195 1897 1312 1924 Putestis
1337 1899 1429 1925 bibere
1450 1898 1562 1924 calicem
1591 1905 1673 1931 quem
1702 1904 1752 1933 ego

954 1932 1087 1960 bibiturus
1104 1941 1173 1959 sum.
1192 1939 1236 1959 aut
1253 1934 1383 1966 baptisma
1402 1934 1530 1964 baptizari
1547 1940 1599 1966 quo
1619 1940 1678 1966 ego.
1706 1932 1752 1958 Di-

954 1976 1018 1997 cunt
1034 1970 1068 1996 ei.
1090 1970 1236 1996 Possumus
1253 1969 1296 1995 Ait
1315 1969 1377 1995 illis.
1404 1969 1522 1995 Culicem
1538 1969 1645 2002 quidem
1664 1975 1752 1993 meum

952 2005 1051 2032 bibelis
1069 2010 1094 2032 et
1114 2004 1245 2040 baptisma
1267 2012 1321 2038 quo
1338 2012 1389 2040 ego
1409 2005 1543 2040 baptizor.
1567 2002 1754 2040 baptizatnini.

953 2041 1049 2067 sedere
1059 2044 1150 2067 autem
1159 2040 1192 2066 ad
1204 2039 1343 2067 dexteram
1356 2039 1441 2066 ineant
1455 2041 1494 2066 vel
1506 2039 1540 2065 ad
1551 2039 1688 2066 sinistram
1699 2045 1753 2064 non

953 2080 997 2103 est
1011 2083 1101 2102 meum
1114 2076 1179 2102 dare
1193 2076 1269 2102 vobis
1281 2075 1329 2102 sed
1340 2077 1437 2110 quibus
1454 2080 1575 2109 paratum
1591 2079 1633 2110 est
1646 2081 1662 2110 a
1675 2074 1753 2110 Patre

954 2119 1025 2138 meo.
1048 2112 1080 2138 Et
1095 2111 1236 2138 audientes
1256 2108 1356 2138 decemﬁ
1366 2111 1495 2145 indignati
1513 2113 1578 2137 sunt
1595 2109 1629 2136 de
1647 2108 1753 2145 duobus

954 2146 1096 2174 fratribus.
1112 2146 1192 2174 Jesus
1206 2152 1296 2173 autem
1310 2147 1414 2172 vocavit
1427 2144 1479 2172 Vens
1497 2146 1530 2172 ad
1547 2153 1576 2172 se
1590 2150 1619 2173 et
1633 2145 1680 2172 ait.
1695 2144 1753 2171 Sci—

957 2184 991 2210 tis
1002 2182 1063 2217 quia
1079 2183 1213 2217 principes
1228 2183 1346 2217 grnliuui
1363 2182 1536 2209 dominantur
1551 2190 1655 2208 eorum.
1669 2187 1695 2207 et
1708 2181 1752 2214 qui

957 2216 1149 2253 majirresrsunt
1165 2216 1324 2252 potestatein
1337 2224 1464 2245 exercent
1481 2219 1505 2243 in
1519 2218 1568 2243 cis.
1582 2217 1638 2250 Non
1655 2217 1689 2243 ita
1702 2216 1753 2242 crit

956 2254 1027 2281 inter
1045 2261 1104 2280 vos.
1130 2257 1175 2281 sed
1199 2254 1363 2288 quicumque
1380 2254 1495 2280 voluerit
1515 2254 1583 2279 inter
1599 2256 1646 2279 γωδ
1667 2252 1753 2286 major

955 2289 1025 2317 ﬁeri.
1043 2290 1078 2316 sit
1089 2295 1178 2316 vester
1190 2290 1323 2317 minister.
1340 2295 1366 2316 et
1382 2290 1544 2323 quicmnque
1556 2289 1669 2315 voluerit
1685 2289 1753 2314 inter

956 2333 1005 2352 vus
1019 2327 1123 2359 primus
1135 2332 1195 2352 esse
1211 2326 1261 2351 erit
1281 2330 1369 2352 restcr
1386 2332 1490 2352 servus.
1507 2324 1582 2352 Sicut
1595 2325 1665 2351 cnim
1684 2324 1753 2350 lilius

956 2359 1074 2387 hominis
1085 2368 1138 2388 non
1153 2361 1226 2386 venit
1237 2361 1392 2388 ministrari.
1409 2360 1457 2387 sed
1470 2360 1634 2387 ministrare.
1649 2364 1674 2387 ct
1688 2359 1753 2386 dare

954 2397 1072 2422 animam
1086 2403 1162 2423 suain
1177 2396 1391 2431 redemptionem
1408 2403 1457 2430 pro
1473 2396 1623 2424 multis.....

448 2454 646 2483 VARIANTES
664 2454 857 2483 LECTIONES
868 2453 1002 2482 CODICIS
1021 2453 1076 2481 MS.
1097 2452 1125 2482 S.
1147 2453 1399 2482 GERMANENSIS.

141 2499 149 2533 ξ
166 2500 199 2533 ζμ
212 2500 285 2533 Vulg.
294 2506 371 2532 Itque
380 2500 414 2526 ad
424 2499 592 2533 adde
599 2501 651 2527 Vos
659 2505 752 2532 autem,
765 2505 814 2527 etc.

141 2531 151 2547 ¹
166 2530 216 2557 Vos
223 2530 308 2558 autem
317 2530 438 2564 quaeritis
445 2532 477 2558 de
488 2531 576 2564 ptuilio
587 2539 714 2564 crescere,
728 2530 754 2559 et
762 2534 796 2559 de
806 2534 902 2559 minore

953 2500 1059 2532 majores
1068 2500 1132 2526 ﬁeri.
1144 2500 1175 2526 Et
1187 2501 1382 2533 egredientibus,
1396 2504 1445 2526 etc.

764 2575 949 2605 BLANCHINI
967 2577 1082 2606 ΝΟΤΛΕ.

146 2623 157 2639 ι
172 2619 220 2649 Its.
233 2620 321 2649 codex
336 2620 495 2648 monasterii
503 2620 597 2649 Sancti
606 2621 729 2649 Andreae
740 2628 819 2650 secus
834 2623 903 2651 Ave-

107 2654 212 2695 !lionem
221 2656 292 2695 idem
301 2656 401 2695 retinet
412 2655 635 2695 additamentum,
647 2657 823 2695 sedititidiori
834 2658 905 2695 stylo

106 2691 136 2718 in
148 2691 215 2719 hunc
229 2693 342 2720 modum
353 2691 429 2729 :VVos
443 2697 528 2729 autem
542 2693 667 2729 quaeritis
686 2692 719 2720 de
727 2693 822 2729 pusillo
838 2691 907 2721 εἰρε-

105 2735 162 2755 cere
174 2749 180 2760 ,
196 2731 219 2755 et
234 2728 266 2756 de
281 2728 384 2763 magnis
410 2728 522 2763 majore:
546 2736 610 2756 esse.
625 2728 757 2756 lntrnntes
774 2734 858 2757 autem
874 2731 908 2758 ad

957 2632 1063 2652 coenam
1077 2624 1156 2653 nolite
1169 2626 1314 2653 recumbere
1328 2625 1354 2652 in
1366 2625 1431 2653 locis
1440 2626 1610 2654 eminentibus
1622 2646 1628 2657 ,
1644 2627 1677 2651 ne
1687 2626 1757 2660 forte

959 2660 1057 2687 clarior
1082 2666 1105 2688 te
1117 2663 1279 2696 superveniat
1294 2684 1302 2696 ,
1319 2667 1343 2689 et
1356 2663 1480 2689 acculens
1492 2662 1535 2696 qui
1548 2663 1582 2687 nd
1597 2669 1701 2688 romam
1717 2670 1761 2689 ro-

962 2696 1028 2722 cavit
1046 2701 1079 2729 te,
1096 2684 1223 2724 ditrh’ivithi
1240 2706 1248 2722 :
1262 2684 1346 2724 adimi-
1367 2684 1601 2728 ἇξοῖᾆυῆιἺαττράε,
1614 2701 1636 2723 ει
1651 2697 1760 2731 confiat-

963 2732 1044 2758 duris.
1063 2733 1092 2759 Si
1107 2737 1191 2759 autem
1206 2734 1232 2759 in
1256 2733 1310 2759 loro
1326 2734 1443 2768 inferiori
1458 2732 1601 2759 recubueris
1616 2753 1622 2763 ,
1634 2738 1657 2759 et
1671 2741 1761 2768 super-

143 2797 180 2834 (n)
194 2799 276 2827 Addit
290 2798 387 2835 laus,
402 2798 488 2835 etia_m
503 2797 571 2835 Cod.
587 2797 666 2826 Cant.
683 2799 695 2827 ὁ
710 2797 815 2829 Ἰησοῦς.
830 2800 888 2834 -(

955 2805 977 2827 Ia
1001 2802 1028 2827 et
1049 2799 1111 2827 cod.
1137 2799 1215 2827 Cant.
1239 2800 1321 2829 ἔσται.
1336 2815 1371 2820 -
1392 2800 1428 2835 (ε)
1451 2800 1507 2827 Hoc
1520 2804 1706 2826 assumentum
1724 2805 1766 2827 est

103 2834 184 2862 etiam
197 2836 224 2864 in
238 2835 323 2864 codd.
341 2834 420 2863 Cant.
445 2833 493 2861 Gr.
508 2837 535 2862 et
548 2833 629 2867 l.at.;
654 2836 679 2862 in
702 2835 839 2863 nonnullis
853 2833 943 2864 tamen
962 2835 1117 2871 discrepant
1130 2836 1202 2864 inter
1215 2844 1255 2864 se.
