1990 3096
486 148 602 176 CODEX
623 146 891 177 VERCELLENSIS.

294 302 322 331 9.
342 300 584 330 tes:0ssannaﬁ-
712 322 729 330 .,
760 320 767 327 .
807 319 815 327 .
854 319 862 326 .
902 319 910 326 .
949 319 957 328 .
997 319 1004 326 .
1045 319 1052 327 .

294 337 531 365 liDavid:beno-
711 355 720 365 .
759 355 766 362 .
807 356 814 363 .
855 355 864 363 .
902 355 910 362 .
949 355 957 364 .
996 355 1004 363 .
1044 354 1053 362 .

292 372 515 408 dictus,quive.—
711 393 719 400 .
760 392 767 398 .
808 391 814 398 .
854 391 862 398 .
901 391 910 399 .
950 392 958 399 .
998 390 1007 399 .
1046 390 1055 399 .

295 409 547 436 nitinnom...

293 452 328 472 ne
341 444 449 472 Domini
470 463 478 471 .
499 463 507 471 .
530 463 538 471 .
561 462 570 471 .
711 442 755 471 15.
778 461 786 470 .
808 462 815 471 .
838 461 846 467 -
865 447 990 483 entesau

712 485 933 512 ....prtnt:t-

713 534 721 541 .
743 535 751 541 .
773 534 779 541 .
801 513 930 541 sacerdo-

711 554 778 582 tum,
794 555 820 577 et
835 549 902 576 scri-

713 586 763 614 bae
777 584 888 612 mirabi-

713 622 758 653 lia,
773 628 842 656 quae
858 620 921 648 fecit

712 656 802 690 Jesus,
815 661 843 684 et
858 663 955 691 pueros

713 693 918 720 cl....tes

714 729 740 756 in
756 727 858 762 templo
866 747 873 759 ,
888 731 917 754 et

713 764 835 791 dicentes
848 771 855 790 :
869 763 921 790 Os-

713 807 797 826 sanna
811 799 846 825 lili
864 799 915 825 Da-

713 834 758 861 vid
772 843 778 861 :
793 833 917 869 indigna-

715 870 758 898 16.
780 870 800 897 ti
814 874 886 902 sunt,
902 873 929 897 et
939 868 981 896 di-

714 913 942 934 xer......

294 515 604 545 10.......cum

293 551 423 579 intrasset
437 550 463 577 in
479 550 541 578 Hie-

296 606 305 614 .
327 606 334 613 .
355 586 479 622 solymis,
494 593 567 614 eom-

295 625 369 650 mota
382 627 425 649 est
438 622 498 649 uni-

298 677 306 685 .
327 677 334 685 .
356 665 417 685 ersa
431 657 545 688 civitas.

297 694 340 721 ll.
361 692 569 726 dicettteszQui
590 711 597 720 .
620 710 628 719 .

297 728 598 765 ...thic?(a)Mul
619 748 658 756 ..

295 768 384 791 autem
404 763 481 791 dixe«

296 799 390 835 runt-l-
406 808 413 826 :
430 799 480 827 Hie
494 803 536 826 est

298 855 306 863 .
328 855 333 864 .
360 856 367 863 .
387 835 487 869 Opbeta

297 870 421 898 Nazareti
435 869 488 898 Ga-

298 942 342 969 12.
365 960 372 968 .
394 960 401 967 .
424 960 431 967 .
454 961 461 967 .
482 940 563 968 travit
579 940 660 969 Iesus

300 998 306 1004 .
330 998 336 1004 .
358 996 366 1004 .
386 977 516 1012 templum

297 1013 362 1047 Dei,
378 1017 406 1040 et
419 1012 501 1040 eicie-

297 1068 304 1075 .
328 1068 334 1076 .
356 1069 363 1075 .
384 1056 482 1076 omnes
496 1054 562 1076 νθηο

716 1068 723 1075 ι
763 1068 770 1075 α
811 1069 818 1076 ι
859 1068 866 1075 ι
906 1067 912 1074 ι
954 1068 961 1075 .
1000 1065 1008 1073 ι
1049 1067 1056 1074 ι

297 1104 305 1112 ο
345 1104 352 1111 1
393 1104 401 1111 ο
440 1104 448 1111 ι
489 1102 496 1111 ι
536 1102 544 1111 ο
585 1103 592 1109 -
632 1102 640 1110 ι
715 1104 722 1111 .
763 1104 770 1110 ι
811 1103 818 1111 ι
858 1103 865 1110 ο
904 1102 914 1111 ο
954 1104 961 1110 ι
1001 1102 1008 1109 ι
1048 1101 1055 1108 ι

297 1126 524 1148 ...ηηιεηε

296 1162 341 1183 sas
354 1154 479 1182 numula-

295 1192 410 1224 riorum,
425 1195 452 1218 et
464 1197 510 1218 ca-

295 1226 518 1254 tedra.....

294 1261 557 1290 den.......

294 1297 385 1325 lumba
407 1317 414 1325 .
436 1317 444 1324 .
466 1317 475 1325 .
495 1304 540 1325 er-

295 1333 339 1360 15.
360 1333 410 1360 tit:
425 1336 453 1360 et
463 1332 549 1360 dixit:

294 1387 302 1394 .
326 1387 335 1396 .
355 1387 365 1397 .
385 1368 521 1404 Scriptum

293 1408 534 1432 est....mus

715 1175 722 1182 ι
762 1175 769 1182 ι
809 1175 816 1182 ι
855 1174 863 1181 ι
904 1172 912 1181 ι
953 1173 961 1182 ο
1000 1172 1008 1180 α
1047 1173 1055 1181 ι

711 1225 799 1254 fecisti
817 1226 841 1253 la
858 1244 866 1253 .
887 1245 894 1252 .
917 1246 924 1253 .
947 1246 954 1254 .

713 1262 757 1289 17.
778 1262 814 1289 Et.
827 1261 929 1289 relictis
943 1269 960 1290 θ
980 1281 988 1289 .
1009 1280 1017 1288 .
1040 1280 1047 1288 .

712 1297 780 1324 abiit
795 1297 822 1324 [ο
842 1317 849 1325 .
872 1316 879 1324 .
902 1317 910 1324 .
932 1316 940 1324 .

711 1337 788 1360 extra
802 1333 825 1360 ci
848 1352 854 1359 .
877 1353 884 1359 .
906 1352 913 1359 .
936 1350 945 1359 .

712 1372 766 1395 tem
781 1368 807 1395 in
823 1368 873 1395 Bel
892 1387 901 1396 .
923 1387 931 1395 .
953 1386 962 1394 .

711 1404 783 1431 niam
797 1413 804 1432 :
818 1408 847 1431 et
861 1403 899 1431 ibi

412 1440 510 1468 domus
711 1440 821 1466 mansit.

291 1494 299 1503 .
322 1495 330 1503 .
352 1494 360 1502 .
382 1496 388 1501 .
412 1497 418 1503 .
441 1475 511 1503 ionis
710 1474 754 1502 18.
776 1474 854 1503 Mane
867 1480 957 1502 autem

293 1530 300 1538 .
323 1531 330 1539 .
353 1531 360 1538 .
383 1530 391 1539 .
413 1532 420 1538 .
443 1531 450 1539 .
471 1515 534 1539 tur:
707 1509 779 1538 facto
794 1510 835 1546 (ά)
849 1511 947 1538 transi-

291 1566 299 1573 .
340 1567 348 1574 .
387 1567 396 1575 .
436 1566 443 1573 .
482 1566 490 1574 .
531 1566 539 1574 .
577 1564 586 1573 .
625 1565 632 1573 .
706 1546 978 1581 ens-l-Jesusinei-

288 1601 297 1610 .
337 1602 345 1610 .
386 1602 394 1610 .
434 1602 441 1609 .
482 1602 489 1609 .
530 1602 537 1609 .
577 1601 585 1609 .
626 1602 633 1609 .
706 1581 910 1615 vitatem.esu-

498 1639 615 1668 CODEX
632 1638 870 1668 CORBEIENSIS.

288 1687 383 1714 turbae
407 1690 513 1718 autem.
539 1694 609 1722 quae
630 1687 639 1702 ί
660 1686 859 1722 praecedebant
881 1693 954 1722 eum,
983 1686 1085 1714 clama-

288 1723 368 1754 bant,
394 1722 540 1750 dicentes:
564 1721 672 1748 Osanna
703 1721 758 1749 lilio
776 1721 882 1749 David:
913 1721 1082 1754 benedictus,

285 1758 331 1793 qui
350 1758 424 1785 venit
446 1758 473 1784 in
490 1757 599 1784 nomine
623 1757 756 1793 Domini:
780 1758 886 1784 Osanna
909 1758 934 1784 in
950 1757 959 1773 ³
985 1757 1084 1784 altissi-

288 1792 350 1820 mis.
377 1793 411 1820 Et
443 1801 526 1827 quum
550 1793 686 1829 introisset
713 1792 922 1829 Hierosolymis,
950 1797 1084 1829 commota

287 1833 330 1856 est
352 1829 476 1856 universa
495 1829 607 1860 civitas.
631 1828 745 1856 dicens:
768 1828 888 1862 Quis'est
909 1828 971 1856 hic?
986 1829 996 1844 ³
1011 1828 1083 1855 Multi

285 1868 376 1891 autem
391 1863 535 1891 dicebant:
555 1863 601 1891 Hic
615 1868 657 1891 est
672 1863 749 1892 Jesus
766 1864 895 1899 propheta
918 1873 931 1890 a
950 1864 1083 1891 Nazarctlt

285 1899 433 1928 Galilaeae.
453 1900 485 1926 Et
503 1899 609 1927 intravit
623 1899 702 1927 Jesus
718 1900 744 1926 in
763 1901 891 1934 templum
907 1899 969 1932 Dei,
987 1903 1015 1927 et.
1034 1900 1086 1933 eji-

283 1935 372 1964 ciebat
394 1943 489 1962 omnes
505 1935 669 1969 vendentes,
687 1940 714 1963 et
729 1941 850 1963 ementes
873 1936 899 1963 in
916 1935 1031 1970 templo:
1056 1940 1083 1963 et

285 1979 393 1998 mensas
415 1971 673 2003 nummulariorum,
696 1976 723 1998 et
743 1971 886 1999 cathedras
906 1971 1082 1999 vendentium

280 2006 421 2035 columbas
435 2006 445 2021 ⁵
460 2007 595 2034 subvertit
612 2015 619 2033 ε
643 2011 670 2033 et
694 2007 763 2034 dixit
785 2007 823 2035 eis
838 2016 845 2034 :
867 2007 1003 2041 Scriptum
1018 2012 1058 2034 est
1072 2016 1079 2034 :

284 2042 387 2069 Domtts
402 2049 461 2070 mea
485 2041 581 2069 domus
596 2042 726 2070 orationis
747 2043 887 2070 vocabitur
901 2051 906 2068 :
921 2050 968 2069 vos
990 2046 1079 2069 autem

281 2076 385 2106 fecistis
398 2085 458 2115 eam
476 2079 632 2115 speluncam
649 2078 793 2115 latronum.
810 2077 844 2106 Et
858 2078 1079 2115 accesserunt_ad

280 2120 343 2140 eum
353 2114 439 2146 caeci,
460 2113 588 2140 et'clnudi
603 2113 630 2141 in
653 2113 753 2148 templo
767 2124 774 2142 :
794 2118 821 2141 et
833 2115 937 2141 curavit
954 2121 1011 2141 eos.
1036 2113 1080 2140 Vi-

281 2148 378 2176 dentes
388 2153 477 2176 autem
493 2149 628 2184 principes
641 2150 822 2183 sacerdotum,
837 2154 865 2176 et
878 2149 984 2176 Scribae
999 2149 1080 2175 mira-

280 2184 355 2216 bilia,
366 2192 426 2218 qute
437 2184 502 2212 fecit
512 2184 603 2217 .lesns,
616 2188 643 2212 et
657 2192 755 2219 pueros
766 2185 915 2212 clamantes
928 2185 953 2211 in
967 2185 1077 2218 templo,

281 2224 308 2256 et
323 2220 465 2247 dicentes:
482 2222 589 2248 Osanna
607 2221 661 2247 lilio
679 2221 783 2247 David:
800 2220 929 2256 indignati
954 2224 1035 2252 sunt,
1051 2225 1079 2247 et

281 2254 408 2291 dixerunt
420 2256 443 2282 ei
457 2264 467 2291 ς
482 2256 565 2284 Audis
586 2255 651 2291 quid
678 2257 722 2283 isti
746 2254 867 2283 dicunt?
881 2255 962 2284 Jesus
986 2259 1077 2283 autem

280 2290 352 2317 dixit
370 2291 429 2318 eis:
446 2290 554 2327 Utique.
571 2292 581 2307 ⁵
596 2290 648 2318 non
664 2291 767 2327 legistis
783 2301 788 2317 :
806 2292 844 2319 lix
865 2299 913 2319 ore
936 2291 1077 2327 infantium

280 2331 308 2361 et
324 2326 479 2353 laetantium
495 2326 630 2361 perfecisti
641 2328 766 2355 laudent?
780 2327 813 2355 Et
824 2327 926 2355 relictis
939 2327 1002 2359 illis,
1012 2326 1079 2354 abiit

280 2360 354 2397 [oras
369 2366 444 2389 extra
466 2363 602 2390 civitatem
618 2362 643 2390 in
662 2362 821 2390 Bcthaniam
835 2371 842 2389 :
859 2362 950 2397 ibique
966 2362 1076 2390 mansit.

280 2396 358 2425 Mane
379 2401 470 2425 autem
485 2398 496 2413 °
511 2399 646 2426 transiens
661 2399 688 2426 in
703 2400 857 2432 civitatem,
871 2396 932 2427 estt-

563 90 698 119 EUSEBII
718 89 888 118 VERCBLL.
909 87 1073 118 EVANGEL

1136 88 1225 117 μεως
1246 89 1360 120 VAﬂllS
1378 90 1455 119 COD.
1475 90 1673 121 COLLATUM.
1883 94 1925 122 9E4

1353 146 1470 177 CODEX
1491 150 1714 179 VERONENSIS.

1142 192 1168 220 9.
1193 192 1286 220 turbae
1301 198 1406 233 autem,
1560 197 1655 233 domus
1668 197 1767 225 oratio-

1142 236 1210 263 quae
1230 230 1377 263 praecede-
1560 230 1602 260 nis
1613 233 1755 260 vocabitur
1768 242 1774 259 :

1142 264 1217 297 bant,
1232 270 1258 292 et
1273 273 1343 299 quae
1561 275 1611 295 vos
1625 273 1715 296 autem

1142 300 1335 335 sequebantur,
1349 302 1403 328 cla-
1562 303 1665 331 fecistis
1677 310 1736 330 eam

1142 336 1261 374 mabant,
1279 336 1416 374 dicentes:
1560 339 1717 374 speluncam
1733 338 1774 366 la-

1144 371 1266 398 Ossanna
1282 372 1338 400 tilio
1561 371 1680 402 tronum.

1144 406 1248 434 David:
1264 407 1346 435 bene-
1562 410 1605 437 Η.
1628 409 1663 437 Ει
1682 410 1855 438 accesserunt

1144 442 1249 475 dictus,
1264 443 1308 478 qui
1560 444 1600 473 ad
1613 453 1674 473 eum
1688 453 1750 473 cae-

1144 478 1218 505 venit
1234 479 1259 505 in
1274 486 1323 506 no-

1146 514 1218 540 mine
1234 514 1355 549 Domini:

1145 549 1266 576 Ossanna
1284 550 1310 577 in

1145 586 1294 611 altissimis.

1147 621 1189 647 10.
1214 621 1317 648 Etcum
1335 622 1376 649 in-

1146 661 1244 693 trasset
1259 657 1364 693 [heroi

1145 692 1260 727 solyma,
1275 699 1345 720 com-

1146 733 1218 754 mota
1232 732 1274 755 est
1289 729 1349 755 uni-

1145 770 1222 796 versa
1237 764 1344 797 civitas,
1362 764 1454 792 dicen-

1146 798 1189 825 11.
1213 804 1253 825 tes
1268 808 1273 826 :
1291 800 1357 833 Quis

1146 839 1189 861 est
1204 834 1268 866 hic?

1145 871 1183 905 (α)
1199 870 1272 896 Multi
1286 878 1333 897 au-

1146 910 1199 941 tem
1214 905 1341 933 dixerunt
1352 905 1369 941 -ι-
1386 915 1392 933 :

1145 939 1193 967 [lic
1209 947 1250 967 est
1265 941 1343 968 Jcsus

1146 976 1274 1010 propheta
1292 985 1305 1003 a
1322 977 1372 1003 Na-

1145 1012 1236 1039 zaretlt
1253 1012 1397 1040 Galilaeae.

1145 1048 1188 1073 12.
1210 1047 1242 1074 Et
1259 1048 1369 1075 intravit

1145 1082 1222 1109 Jesus
1240 1084 1265 1110 in
1282 1088 1348 1111 tem-

1143 1119 1218 1155 plum,
1234 1118 1282 1155 ib).
1299 1124 1327 1146 ει

1143 1154 1257 1181 eiciebat
1269 1162 1365 1183 omnes

1142 1190 1300 1222 vendentes,
1316 1195 1344 1218 et

1143 1229 1265 1252 ementes
1281 1226 1306 1252 in

1142 1260 1289 1294 templum;
1310 1265 1337 1288 et

1142 1303 1250 1323 mensas
1267 1303 1344 1323 num-

1561 481 1602 514 ci,
1617 486 1644 508 et
1657 480 1729 509 clodi

1561 517 1588 543 in
1603 517 1722 552 templo:

1562 557 1590 579 et
1600 553 1705 579 sanavit
1718 559 1776 580 eos.

1563 588 1607 615 15.
1628 587 1757 616 Videntes
1767 591 1858 617 autem

1564 624 1700 658 principes
1710 631 1752 651 sa-

1562 659 1716 693 cerdotum,
1730 664 1757 687 et

1563 695 1670 722 scribae
1684 693 1835 727 mirabilia,

1563 738 1632 764 quae
1646 729 1709 758 fecit
1727 729 1818 762 Iesus,

1562 770 1591 793 et
1600 774 1701 801 pueros
1715 766 1838 793 claman-

1564 806 1604 828 tes
1620 802 1645 828 in
1663 802 1773 833 templo.
1789 805 1818 836 et.

1561 837 1682 864 dicentes
1694 846 1701 865 :
1716 836 1841 864 Ossanna

1561 872 1617 899 lilio
1631 872 1716 899 David
1731 881 1737 900 :
1750 872 1785 899 in.

1562 907 1605 935 l6.
1625 907 1727 943 dignati
1741 910 1816 942 sunt,
1831 910 1857 935 et

1561 943 1687 970 dixerunt
1700 943 1724 970 ei
1737 951 1744 971 :
1762 944 1818 971 Au-

1559 978 1601 1014 dis
1615 979 1680 1014 quid
1698 979 1742 1006 isti

1559 1013 1673 1041 dicunt?

1559 1049 1639 1077 Jesus
1654 1053 1744 1077 autem

1558 1084 1627 1112 dixit
1643 1085 1696 1112 illis
1711 1093 1721 1113 .'

1560 1120 1660 1155 Utique
1675 1127 1729 1148 non

1560 1156 1664 1197 legistis
1678 1155 1715 1197 (ο)
1730 1165 1737 1183 :
1752 1155 1796 1183 Ex

1559 1199 1606 1219 ore
1617 1191 1760 1218 infantium

1559 1232 1584 1254 et
1600 1227 1754 1254 laetantium

1560 1262 1698 1297 perfecisti
1712 1261 1842 1290 laudem?

1559 1296 1604 1325 17.
1627 1296 1661 1325 Et
1673 1298 1774 1326 relictis

1142 1332 1319 1358 mulariorum
1327 1353 1335 1365 ,
1560 1333 1624 1366 illis,
1638 1331 1704 1361 abiit

1141 1371 1170 1393 et
1184 1366 1327 1394 cathedras
1558 1368 1631 1395 foras
1645 1372 1725 1396 extra

1141 1402 1314 1429 vendentium
1558 1404 1696 1431 civitatem
1709 1404 1735 1431 in

1558 1439 1717 1467 Bethaniam
1733 1447 1740 1466 :

1558 1475 1650 1510 ibique
1664 1474 1771 1502 mansit.

1558 1509 1611 1538 18.
1624 1510 1701 1538 Mane
1715 1515 1810 1547 autem
1827 1509 1869 1547 (ά)

1557 1547 1696 1574 transiens
1707 1545 1727 1582 -ι-
1741 1546 1768 1573 in

1557 1581 1708 1615 civitatem,
1724 1589 1788 1610 esu-

1372 1636 1490 1665 CODEX
1510 1635 1707 1667 BRIXIANUS.

1138 1684 1234 1712 turbae
1257 1688 1347 1711 autem
1374 1691 1443 1718 quae
1468 1684 1668 1719 praecedebant
1692 1689 1719 1711 et
1745 1692 1821 1719 quae
1844 1691 1939 1719 seque-

1138 1719 1245 1747 bantur.
1276 1717 1430 1746 elamabant
1458 1717 1592 1747 dicentes.
1618 1719 1726 1747 Osanna
1752 1717 1813 1747 filio
1844 1717 1939 1746 David.

1137 1755 1297 1782 benedictus
1315 1756 1359 1790 qui
1375 1755 1449 1781 venit
1471 1756 1496 1781 in
1514 1756 1623 1782 nomine
1645 1755 1762 1782 Domini.
1780 1757 1894 1784 Osanna
1915 1755 1939 1782 in

1136 1791 1264 1818 excelsis.
1282 1790 1316 1817 Et
1338 1798 1398 1817 cum
1415 1791 1553 1827 introisset
1569 1791 1594 1817 in
1616 1790 1853 1827 Hierosolymam.
1869 1798 1940 1818 com-

1136 1831 1207 1853 mota
1222 1833 1262 1853 est
1275 1827 1397 1853 universa
1406 1826 1511 1853 civitas.
1521 1826 1615 1854 dicens
1626 1827 1692 1860 Quis
1703 1831 1745 1854 est
1758 1826 1816 1854 hic.
1832 1826 1940 1854 Turbae

1135 1866 1225 1925 Etttlelm
1241 1861 1378 1889 dicebant.
1396 1861 1444 1888 Hic
1459 1866 1502 1889 est
1523 1861 1602 1889 Jesus
1625 1859 1754 1898 propheta
1773 1870 1789 1890 a
1806 1859 1941 1890 Nazareth

1160 1906 1173 1924 τι
1188 1906 1195 1924 ι
1208 1904 1266 1924 eae.

1160 1904 1266 1924 anteae.

1172 1932 1204 1960 Et
1217 1933 1324 1960 intravit
1337 1932 1415 1960 Iesus
1426 1932 1453 1959 in
1466 1932 1593 1968 templum
1608 1933 1664 1961 Dei.
1677 1932 1833 1961 etelciebat
1846 1939 1943 1960 omnes

1134 1969 1294 1996 vemlcntcs.
1316 1974 1342 1996 et
1357 1973 1478 1995 ementes
1499 1969 1523 1995 in
1547 1969 1657 2004 templo.
1674 1974 1702 1996 et
1725 1976 1840 1996 mensas
1864 1977 1942 1996 num-

1135 2005 1309 2031 mulariorum
1326 2005 1432 2032 evertit.
1449 2008 1476 2031 et
1487 2005 1630 2032 cathedras
1642 2004 1822 2031 vendentium
1838 2006 1945 2032 colum-

1131 2039 1189 2067 has.
1207 2044 1234 2067 et
1252 2039 1320 2067 dixit
1334 2040 1397 2067 illis.
1414 2040 1548 2067 Scribtum
1563 2043 1613 2067 est.
1637 2040 1739 2067 Domus
1752 2048 1817 2067 mea
1841 2040 1942 2067 dooms

1131 2076 1263 2102 orationis
1278 2076 1427 2102 vocabitur.
1442 2083 1489 2102 vos
1507 2078 1596 2103 autem
1621 2075 1723 2102 fecistis
1739 2083 1803 2103 eam
1825 2076 1942 2110 spelun-

1131 2118 1189 2138 cam
1203 2111 1347 2138 latrOnum.
1364 2110 1394 2138 Et
1410 2115 1583 2138 accesserunt
1594 2111 1626 2138 ad
1640 2119 1703 2138 eum
1718 2112 1796 2138 caeci
1811 2109 1945 2139 et’claudi

1131 2147 1157 2173 in
1171 2148 1283 2180 templo.
1300 2153 1327 2174 et
1347 2147 1452 2173 sanavit
1467 2154 1523 2174 eos.
1544 2146 1671 2173 Videntes
1686 2151 1778 2173 autem
1798 2148 1943 2181 principes

1130 2182 1312 2209 sacerdotum.
1328 2187 1354 2209 et
1367 2183 1472 2209 scribae
1486 2182 1619 2209 mirabilia
1631 2188 1700 2217 quae
1711 2181 1835 2209 iaciebat
1846 2181 1861 2209 J
1873 2190 1939 2208 ~sns.

1131 2223 1157 2245 et
1173 2225 1270 2252 pueros
1287 2219 1435 2245 clamantes
1458 2218 1483 2244 in
1508 2217 1608 2252 templo
1629 2223 1657 2246 et
1672 2218 1809 2245 dicentes.
1828 2217 1942 2245 Osanna

1132 2253 1187 2280 ﬁlio
1202 2253 1295 2281 David.
1311 2253 1439 2288 indignati
1453 2258 1526 2280 sunt.
1538 2258 1563 2280 et
1578 2253 1705 2288 dixerunt
1716 2253 1751 2280 ei.
1767 2254 1862 2280 Audis
1875 2253 1940 2288 quid

1131 2289 1174 2315 isti
1190 2289 1283 2316 dicunt
1308 2288 1385 2316 lusus
1399 2294 1488 2316 autem
1513 2289 1581 2315 dixit
1601 2289 1652 2316 eis.
1680 2287 1783 2322 Utique
1813 2287 1891 2316 non,
1905 2290 1945 2316 le-

1150 2324 1208 2351 istis
1224 2324 1302 2358 Quod
1324 2331 1357 2351 ex
1377 2332 1423 2351 ore
1436 2328 1448 2342 ⁸
1468 2325 1611 2352 iurantium
1631 2328 1658 2351 et
1684 2324 1852 2351 laetantium
1882 2332 1946 2359 per-

1142 2359 1217 2387 ecisti
1234 2360 1352 2387 laudem.
1369 2359 1401 2386 Et
1413 2360 1515 2386 relictis
1528 2360 1582 2387 illis
1602 2360 1667 2387 abiit
1682 2359 1753 2386 foras
1767 2364 1854 2387 extra
1873 2361 1945 2387 civi-

1132 2400 1213 2423 tatem
1225 2396 1252 2423 in
1263 2395 1472 2423 Bethaniam.et
1485 2395 1620 2431 requiebit
1647 2396 1714 2423 illic.
1739 2394 1825 2423 Mane
1850 2400 1947 2424 autem

1129 2436 1273 2459 revertens
1285 2432 1310 2458 in
1323 2431 1459 2458 civitatem
1472 2438 1536 2458 esu-

1140 1438 1280 1465 columbas
1291 1445 1369 1466 ever-

1141 1473 1183 1501 15.
1208 1473 1238 1501 tit
1252 1482 1258 1500 :
1275 1479 1303 1501 et

1140 1508 1208 1536 dixit
1223 1509 1275 1536 illis
1288 1518 1295 1535 ε

1142 1544 1277 1579 Scriptum
1289 1549 1331 1572 est
1344 1556 1350 1572 :

1141 1580 1242 1608 Domus
1257 1588 1316 1608 mea

620 2493 817 2523 VARIANTES
836 2494 1030 2525 LECTIONES
1047 2494 1180 2524 CODlClS
1198 2495 1252 2523 MS.
1275 2495 1304 2524 S.
1325 2494 1580 2524 GERMANENSIS.

312 2538 321 2554 ί
339 2538 531 2572 praecedebant,
546 2543 647 2573 etquae
657 2542 837 2574 sequebantur,

310 2570 320 2585 ²
338 2569 455 2601 excelsis,

310 2601 321 2616 ³
338 2600 450 2633 Populus
456 2605 539 2628 autem
550 2603 650 2630 dicebat
661 2611 668 2630 :

1162 2542 1173 2557 δ
1190 2542 1295 2567 evertit:
1306 2545 1332 2567 et
1342 2542 1401 2567 dicit

1163 2574 1174 2605 ξ
1191 2580 1321 2604 numquam
1332 2573 1429 2605 legistis
1442 2580 1448 2599 :
1458 2573 1520 2603 Quia

1164 2604 1175 2620 ⁸
1191 2608 1325 2630 revertens

949 2657 1133 2687 BLANCHINI
1152 2657 1267 2687 NOTE.

315 2705 329 2720 ⁸
345 2700 373 2729 In
387 2702 481 2731 codice
494 2703 624 2739 scriptum
637 2708 690 2738 est,
706 2695 857 2742 infantiym,
875 2710 1003 2742 usurpata
1020 2710 1049 2734 ut
1064 2706 1147 2734 etiam
1161 2706 1226 2734 alibi
1239 2714 1256 2741 υ
1272 2711 1323 2742 pro
1340 2712 1367 2733 ιι.

315 2771 354 2807 (α)
378 2770 446 2801 COd.
462 2772 539 2813 cant.
558 2773 708 2813 οἶδέ-πολλοι
722 2774 801 2813 inov-
814 2790 849 2795 —
871 2775 909 2813 (ι)
929 2775 994 2813 Post
1015 2780 1075 2813 teni;

1139 2796 1147 2807 ,
1165 2775 1241 2813 deest
1264 2774 1325 2813 Dei,
1353 2774 1486 2813 etlamin
1509 2774 1678 2813 vers-ignibus
1698 2773 1796 2813 copti.
1816 2776 1902 2805 Eth.
1926 2783 1956 2805 et

264 2805 266 2807 ⁷
284 2805 405 2847 suam;
423 2816 474 2836 nec
487 2809 588 2847 habent
601 2810 706 2840 Marcus
721 2817 748 2839 et
759 2812 855 2839 Lucas.
867 2805 948 2846 ζ’(ο)
971 2810 1035 2843 Post
1048 2805 1156 2847 legistis,
1171 2810 1246 2840 deest
1261 2805 1330 2847 quia,
1342 2810 1422 2840 etiam
1445 2811 1471 2839 in
1492 2811 1553 2839 cod.
1577 2811 1654 2839 Cant.
1669 2820 1703 2831 έ-
1716 2811 1725 2847 (

282 2842 362 2870 Cant.
377 2843 437 2874 Lat.
452 2849 481 2872 et
503 2844 623 2875 Graecus
634 2868 641 2881 ,
665 2849 798 2886 παράγων.

1769 2809 1815 2843 Ita
1836 2817 1867 2841 et
1889 2813 1955 2841 cod.
