1990 3096
85 85 129 113 285
557 87 785 118 EYANGBLIUM
806 86 870 116 εἰς

924 86 990 115 DUM
1010 86 1228 116 ΙΔΤΤΙΙΑΕΙΜ.

1138 145 1254 174 CODEX
1273 145 1498 177 YERONENSlS.

273 145 391 174 CODEX
408 145 677 175 VERCELLENSIS.

88 192 181 221 i9.r.
203 213 209 219 .
233 213 241 220 .
263 192 297 220 Rt
316 213 323 220 .
408 201 440 222 ns
494 193 695 228 templum,ao-

88 229 148 257 ﬁcus
158 235 186 255 ar
207 248 214 254 .
235 247 244 255 .
265 248 273 254 .
293 235 320 257 ιιι
493 234 637 256 cesserunt

88 272 160 292 unam
172 271 250 293 secus
493 264 527 291 ad
538 272 599 291 eum
615 264 690 299 prin-

495 300 568 334 cipes
584 307 673 327 sacer-

495 334 598 365 dotum,
617 341 642 362 et
656 343 699 362 se-

496 372 586 397 niores
603 379 688 406 popu-

497 406 526 438 li,
543 407 665 433 dicentes
682 415 688 432 :

498 441 525 468 In
541 450 593 477 qua
607 447 696 477 potes-

88 300 162 331 viam,
175 300 245 328 venit

86 336 117 363 ad
128 342 182 362 eam
194 344 202 362 :
214 341 241 363 et
255 334 300 363 ni-

88 371 122 399 hil
134 371 231 398 invenit

87 407 111 434 in
125 414 153 433 ea
165 406 213 434 nisi
230 406 294 433 folia

88 447 192 475 tantum,
207 447 237 470 et
255 463 262 469 .
287 462 295 468 .
317 461 326 469 .
347 462 356 469 .

86 478 109 505 le
122 477 185 504 dixit
202 498 210 504 .
233 497 240 504 .
263 497 270 504 .
293 497 301 505 .
323 496 332 505 .
496 481 553 504 tate
568 478 612 504 lia.
635 496 643 504 .
669 497 676 504 .
700 477 738 505 Ia-

85 512 397 542 Dm'sedetdix...
495 513 764 540 cis?Et......

85 548 356 584 illi.Nunqu....
496 548 819 578 ...ded.....nc

85 583 313 612 extefmc...
498 584 784 613 .......tem!

84 625 293 649 nascatur...
495 619 814 650 24......ondem

83 660 225 683 aeternum.
497 676 503 682 .
524 674 532 681 .
555 676 561 682 .
583 674 591 682 .
614 675 621 682 .
643 655 720 683 illis:

84 690 213 719 Etarel’ac
235 712 242 719 .
265 711 272 718 .
296 712 305 719 .
496 710 503 717 .
524 713 530 718 .
555 711 562 718 .
587 710 594 718 .
615 698 694 726 roga-

83 727 313 756 estcoutin...
495 746 870 758 .......,

83 763 201 790 ﬁculnea.
495 770 872 791 unu...........

493 797 871 832 bum:qu........

494 833 577 861 dicite
590 833 669 865 mihi.

141 818 245 869 scipuli,
259 819 343 862 nim;-
365 820 374 827 ”

494 874 522 897 et
535 876 586 904 ego
599 868 677 896 vobis

82 869 100 896 ti
112 874 180 901 sunt.
191 869 285 897 dicen-

81 910 118 932 tes
132 913 139 931 :
154 905 294 939 Quomodo
493 904 581 932 dicam
597 904 624 931 in
640 911 692 940 qua

80 940 202 970 continuo
494 944 626 974 potestate

81 997 88 1003 .
126 997 132 1003 .
170 996 178 1003 .
216 997 224 1006 .
266 998 272 1004 .
313 998 320 1004 .
362 996 370 1003 .
494 977 559 1002 haec
574 974 705 1010 f.-.cio.(b)

78 1011 122 1038 21.
143 1011 182 1039 Re
201 1032 209 1039 .
231 1033 238 1039 .
259 1032 266 1039 .
286 1010 356 1042 deus
493 1011 538 1037 25.
560 1011 725 1045 Baptismum
742 1009 763 1045 -ί-

493 1047 626 1073 Jolinnnis
641 1054 691 1073 Uti-

494 1081 798 1109 dee..t?decae-

495 1118 533 1147 10,
555 1125 587 1144 an
603 1125 634 1144 ex
652 1116 741 1143 homi-

496 1153 595 1180 nibus?

496 1190 537 1216 Ad
554 1189 590 1214 un
607 1188 708 1223 cogita—

79 1051 170 1074 autem
189 1047 278 1081 Iesus.

79 1082 119 1109 ait
133 1083 187 1110 illis
199 1093 205 1109 :
222 1084 307 1112 Amen

79 1118 142 1145 dico
156 1119 245 1150 vobis,

80 1154 101 1180 si
116 1153 264 1182 habueritis

79 1188 170 1223 ﬁdem,
186 1194 214 1217 et
225 1197 278 1217 non

79 1225 268 1260 aesitaveritis,
495 1225 561 1252 bant
573 1224 642 1250 intra

81 1268 132 1287 non
147 1261 235 1288 solum
496 1268 537 1292 se,
551 1260 673 1287 dicentes
685 1266 693 1285 :

79 1295 112 1323 dc
125 1295 240 1324 ﬁculnea
496 1295 542 1323 26.
562 1295 593 1322 Si
610 1293 771 1329 dixerimus.

79 1332 192 1365 facietis,
208 1331 256 1361 sed
271 1334 299 1360 et
496 1331 530 1359 de
544 1331 630 1363 caelo,
643 1329 685 1357 di-

79 1368 100 1395 si
114 1368 200 1395 monti
215 1367 279 1395 huic
498 1386 504 1394 .
529 1386 536 1394 .
560 1386 568 1394 .
591 1387 598 1393 .
620 1385 628 1393 .
648 1365 712 1393 obis
726 1374 733 1392 :
749 1365 821 1400 Qua-

81 1403 221 1437 dixeritis|
235 1403 299 1432 Tol-
495 1410 527 1430 re
543 1401 582 1438 (α)
603 1422 610 1428 .
633 1422 640 1428 .
663 1420 670 1427 .
693 1422 700 1428 .
720 1408 780 1432 cre—

81 1459 88 1466 .
109 1458 117 1465 .
138 1447 153 1467 e
167 1445 212 1472 te,
226 1445 254 1466 et
266 1439 340 1474 iacta
496 1438 600 1466 didisti.
623 1457 630 1464 .
653 1456 660 1463 .
682 1456 690 1464 .
712 1456 720 1463 .

80 1475 297 1508 ...inmare,
496 1475 762 1502 Siaute......

78 1509 407 1539 22.ﬁet.E..0l)ttla
496 1517 719 1539 xe.......

79 1553 265 1587 quaecumque
495 1545 570 1587 hom.
593 1564 601 1572 .
623 1564 632 1574 .
655 1564 662 1574 .
685 1564 694 1573 .
716 1563 724 1575 .
745 1563 753 1571 .
776 1565 785 1579 ,

81 1586 211 1616 petieritis
227 1586 255 1610 in
497 1586 527 1611 ti.
550 1601 557 1607 .
578 1599 586 1608 .
608 1600 616 1607 .
639 1600 648 1610 ι.
668 1599 677 1609 .

79 1618 198 1644 oratione
216 1624 279 1645 cre-
494 1621 534 1646 tu.
557 1638 563 1645 .
585 1637 593 1644 .
614 1635 622 1643 .
644 1635 652 1644 .
674 1636 681 1644 .
704 1625 711 1632 ·
733 1624 779 1649 om

79 1652 189 1684 dentes,
205 1653 279 1680 acci-
497 1660 526 1684 ιι.
548 1672 556 1679 .
578 1672 585 1679 .
609 1673 617 1682 ,
637 1652 711 1680 enim

79 1687 121 1716 25.
143 1687 233 1724 pictis.
251 1687 286 1716 Et
299 1695 363 1716 cum
498 1686 636 1724 habebant

80 1724 198 1752 venisset
218 1723 245 1752 in
499 1723 642 1753 Jobannen

283 1768 400 1798 CODEX
418 1768 654 1798 CORBEIENSIS.

80 1816 130 1843 riit.
139 1815 401 1843 Etvidensarborem
409 1816 418 1831 ι
426 1814 576 1843 llcussecns
582 1817 663 1849 viam,
673 1816 782 1843 venitad
794 1823 869 1843 eam:

79 1852 286 1878 etnihilinvenit
296 1851 365 1878 'nisi
373 1851 435 1878 lolia
445 1855 561 1882 tantum.
571 1852 642 1878 etait
652 1853 687 1878 illi
701 1861 707 1878 :
721 1851 870 1886 Numquam

79 1894 107 1914 ex
128 1893 153 1914 te
169 1890 273 1914 lructus
289 1890 415 1913 nascatur
435 1887 462 1913 in
478 1888 683 1921 sempiternum.
700 1887 733 1914 Et
753 1888 870 1915 arefacta

78 1928 115 1950 est
129 1927 260 1950 continuo
276 1921 401 1949 ﬂculnea.
424 1922 459 1949 Et
480 1922 602 1950 videntes
617 1922 758 1958 discipuli,
781 1923 870 1951 mirati

76 1964 133 1985 sunt
143 1979 150 1992 ,
164 1959 289 1986 dicentes
302 1967 308 1984 :
333 1958 477 1992 Quomodo
489 1958 619 1985 continuo
631 1959 723 1985 aruit?
746 1959 868 1992 Respon-

75 1994 141 2021 dens
155 2000 247 2021 autem
263 1993 358 2024 Iesus.
372 1995 410 2020 ait
424 1993 483 2021 eis:
501 1996 585 2020 Amen
601 1994 663 2021 dico
679 1994 766 2026 vobis,
783 1995 805 2021 si
823 1995 868 2021 ha-

75 2029 186 2057 bueritis
208 2029 306 2061 iidem,
321 2034 349 2057 et
364 2037 416 2056 non
438 2030 635 2057 huesitaveritis
647 2051 654 2062 ,
670 2038 723 2056 non
736 2031 823 2057 solum
836 2030 870 2058 de

75 2065 187 2093 ﬁculnea
201 2065 317 2097 facietis,
329 2065 375 2092 sed
388 2070 415 2092 et
424 2065 446 2092 si
461 2064 547 2091 monti
561 2065 624 2092 huic
634 2066 766 2098 dixeritis,
780 2065 867 2100 Tolle,

72 2107 97 2127 et
109 2104 182 2135 jacui
200 2106 226 2128 te
242 2101 268 2127 in
284 2107 377 2133 mare,
395 2101 449 2128 liet.
463 2100 474 2117 ³
487 2100 582 2127 Omnia
598 2108 805 2136 quaequumque
821 2109 868 2136 pe-

72 2137 170 2164 tieritis
186 2137 214 2163 in
230 2137 354 2163 oratione
374 2137 532 2168 credentes,
556 2137 705 2172 accipietis.
732 2138 765 2164 Et
787 2145 868 2172 quum

70 2173 193 2199 venisset
217 2174 255 2208 in,
276 2171 422 2205 templum,
442 2171 622 2208 accesserunt
642 2172 674 2199 ad
694 2179 755 2200 eum
767 2172 779 2189 ’⁵
795 2171 869 2208 prin-

73 2208 148 2241 eipcs
157 2207 346 2235 sacerdotum.
356 2207 513 2234 etseniures
522 2208 622 2242 populi,
632 2208 771 2236 dicentes:
784 2208 813 2235 In
821 2216 874 2243 qua

71 2247 206 2277 potestate
220 2244 288 2270 haec
301 2243 386 2269 lacis?
397 2243 407 2258 ⁵
420 2245 473 2269 Aut
483 2244 544 2278 quis
559 2244 604 2269 tibi
617 2244 691 2270 dedit
707 2245 775 2271 hanc
787 2250 873 2278 potes-

72 2279 174 2306 tatem?
186 2278 233 2306 Ait
246 2279 279 2305 nd
294 2279 357 2305 illos
370 2278 448 2306 Jesns
460 2286 467 2306 θ
480 2277 620 2313 Interrogo
630 2287 679 2306 vos
690 2283 719 2307 et
728 2286 778 2314 ego
788 2277 873 2307 unum

72 2320 228 2341 sermonem
244 2323 252 2340 :
277 2314 359 2341 dicite
383 2314 462 2346 mihi,
478 2319 507 2341 et
520 2322 571 2349 ego
587 2315 664 2342 vobis
678 2315 766 2342 dicunt
780 2316 806 2344 in
821 2324 872 2349 qua

73 2354 210 2383 potestate
223 2351 291 2377 haec
302 2348 384 2376 facio.
400 2348 563 2384 Baptismuin
575 2349 709 2379 Johannis
720 2350 793 2380 unde
803 2348 873 2379 erat?

72 2385 105 2410 de
114 2386 204 2416 coelo.
211 2394 245 2412 an
253 2393 286 2412 ex
295 2384 461 2412 hominibus?
469 2385 479 2400 ⁸
489 2385 528 2412 11ιί
539 2393 603 2412 vero
610 2386 794 2420 cogitauerqu
804 2388 873 2414 intra

71 2427 115 2451 se,
128 2420 253 2449 dicentes
270 2430 276 2447 :
304 2420 333 2448 Si
353 2420 513 2453 dixerimus,
533 2420 569 2447 de
582 2421 670 2453 coelo,
687 2421 758 2449 dicet
774 2423 850 2450 nobis
865 2432 872 2450 :

72 2454 129 2491 Cur
138 2464 203 2491 ergo
213 2465 265 2483 non
281 2456 437 2483 credidistis
447 2456 502 2483 illi?
515 2455 546 2483 Si
557 2460 647 2484 autem
660 2457 820 2490 dixerimus,
836 2465 871 2486 ex

74 2490 372 2526 hoiuinibus,timemus
381 2492 485 2519 turbam
496 2499 607 2520 :omnes
620 2493 709 2520 enim"
721 2492 875 2530 Iohannem

927 194 970 220 19.
993 192 1049 220 riit.
1065 192 1100 220 Ει
1114 192 1209 222 videns

927 229 970 256 ﬁci
987 229 1112 256 arborem

926 272 1008 291 unum
1026 271 1105 292 SCCllS

926 301 1010 328 viam.
1023 299 1097 327 venit

925 335 959 362 ad
976 343 1035 362 eam
1054 339 1100 361 :et

926 371 995 398 nihil
1013 370 1123 406 invenit,

925 407 952 434 in
969 414 999 432 ea
1015 406 1065 432 nisi

926 442 988 469 folio
1006 446 1110 469 tantum
1120 462 1128 474 ,

924 483 951 505 et
967 478 1006 513 ait
1021 477 1057 504 illi
1075 486 1082 503 :

925 513 1076 546 Numquam
1092 520 1125 540 ex

925 554 951 576 te
966 548 1068 575 fructus
1083 556 1129 574 ua-

924 589 1014 612 scntur
1031 584 1056 610 in
1073 591 1144 610 sem-

925 621 1072 655 piternum.
1088 619 1122 645 Et

923 654 1044 683 arefacta
1054 659 1098 684 est

923 691 1055 719 continuo

924 726 1040 754 ﬁculnea

923 762 970 790 20.
992 761 1026 788 Et
1038 760 1162 790 videntes

924 797 1063 831 discipuli,
1080 795 1169 825 mirati

926 838 1001 865 sunt,
1014 832 1108 859 dicen-

928 874 970 896 tes
983 877 990 895 :
1004 867 1123 902 Quomo-

925 904 961 932 do
972 904 1061 932 conti-

925 947 980 967 nuo
993 939 1087 966 aruit?

924 976 957 1003 21
964 996 971 1002 .
993 973 1171 1009 Respondeus
1181 981 1230 1003 au-

926 1016 980 1039 tem
993 1010 1083 1043 Jesus,
1097 1009 1137 1037 ait
1151 1018 1158 1036 :

925 1047 1012 1074 Amen
1027 1046 1090 1073 dico

925 1082 1014 1115 vobis,
1031 1082 1054 1108 si

925 1117 1075 1145 habueritis

925 1154 1017 1185 tidem.
1032 1154 1061 1180 et

924 1196 980 1217 non
996 1188 1132 1215 aesitabe-

925 1225 997 1257 ritis,
1009 1226 1063 1251 non
1075 1225 1119 1251 so-

924 1261 980 1288 lum
992 1260 1026 1287 de
1040 1259 1117 1287 ﬁcul—
1149 1259 1153 1263 ”

926 1303 977 1333 nea
991 1294 1108 1333 facietis,

925 1332 973 1360 sed
989 1337 1017 1359 et
1027 1332 1050 1358 si
1065 1330 1153 1359 monti

927 1368 990 1404 huic
1000 1366 1138 1404 dixeritis,
1153 1365 1190 1402 (c)

925 1403 1047 1435 Tollere,
1062 1408 1091 1430 et

925 1439 1034 1466 mittere
1049 1438 1071 1473 ἰ·

927 1474 954 1501 in
969 1481 1055 1507 mare,
1077 1474 1132 1501 ﬁet.

867 1529 875 1536 .
925 1509 971 1537 22.
989 1509 1024 1536 Et
1039 1509 1131 1537 omnia

927 1552 1115 1585 quaecumque

927 1581 1060 1617 petieritis
1071 1581 1098 1608 in

926 1617 1051 1645 oratione

926 1652 1081 1684 credentes,
1095 1658 1141 1680 ac-

927 1688 1044 1722 cipietis.

927 1724 972 1751 23.
991 1723 1024 1751 Et
1038 1731 1099 1751 cum
1112 1730 1159 1753 ve-

1668 85 1724 121 286

1344 195 1427 221 uisset
1438 195 1471 221 in.

1343 230 1486 264 templum,

1343 270 1517 292 accesserunt

1342 301 1375 327 ad
1389 309 1449 327 etim
1466 302 1541 336 prin-

1342 337 1415 371 cipes
1426 345 1517 364 sacer-

1343 372 1436 399 dotum
1448 394 1453 403 ,
1470 377 1496 400 et

1341 407 1462 434 Seniorcs
1476 407 1584 442 populi.
1612 436 1614 439 ,

1341 443 1463 470 dicentes
1480 452 1485 469 :
1503 443 1530 470 ln

1342 487 1393 513 qua
1413 484 1548 514 potestate

1343 514 1408 541 haec
1426 515 1511 541 lucis?

1343 549 1375 576 Et
1392 551 1450 582 quis
1467 550 1512 578 tibi

1343 584 1417 612 dedit
1433 587 1499 612 hanc

1340 625 1501 655 potestatem
1513 621 1525 648 ?

1339 657 1386 684 24.
1408 655 1586 692 Respondens

1339 692 1418 720 Jesus
1436 692 1505 719 dixit

1345 728 1398 755 illis
1410 736 1417 754 :
1432 727 1520 755 Inter-

1340 771 1404 798 rogo
1421 771 1469 789 Vos
1484 768 1510 790 et
1538 767 1542 794 7

1341 807 1391 833 ego
1409 807 1444 825 llll
1449 807 1491 825 lllll

1340 835 1451 861 verbum
1463 843 1469 860 :
1484 834 1555 868 quod

1340 870 1420 897 dicite
1432 870 1495 898 Inilti
1509 891 1517 902 ,

1339 906 1410 940 quod
1426 905 1448 932 si
1460 905 1501 932 di-

1339 941 1433 968 xeritis
1448 941 1512 968 mihi
1527 944 1542 975 ,'

1339 981 1366 1004 et
1378 984 1429 1011 ego
1442 976 1519 1004 vobis

1338 1012 1425 1040 dicam
1441 1013 1467 1039 in
1479 1019 1530 1047 qua

1376 1052 1472 1075 testate
1487 1048 1553 1075 haec

1350 1083 1420 1110 ’acio.

1408 1118 1446 1155 (ιι)
1463 1118 1631 1153 Baptismunt

1339 1154 1470 1182 Johannis
1485 1162 1533 1182 un-

1339 1190 1373 1216 de
1386 1196 1443 1216 crat
1457 1191 1468 1216 ?
1480 1190 1513 1217 de

1341 1225 1417 1252 caelo
1428 1246 1436 1257 ,
1453 1233 1485 1252 an
1502 1233 1535 1252 ex

1342 1261 1514 1288 hominibus?
1528 1261 1569 1289 Ad

1342 1297 1378 1324 illi
1395 1297 1549 1332 Cogitabam

1340 1333 1408 1359 intra
1424 1340 1453 1360 se
1464 1354 1470 1363 ,
1486 1332 1577 1360 dicen-

1339 1368 1384 1394 26.
1408 1373 1449 1395 tes
1463 1378 1469 1395 :
1486 1367 1514 1395 Si
1529 1367 1636 1396 dixeri—

1341 1412 1400 1430 mus
1414 1404 1448 1430 de
1461 1404 1537 1431 caelo
1550 1425 1558 1437 ,

1340 1439 1411 1466 dicet
1427 1439 1524 1465 nobis:

1340 1475 1429 1509 Quare
1446 1475 1481 1510 (ιτ)
1498 1481 1551 1501 non

1340 1510 1452 1537 creditis
1465 1510 1520 1536 illi?

1340 1546 1367 1573 Si
1382 1551 1471 1573 autem
1488 1545 1529 1572 di-

1340 1582 1459 1609 xerimus
1472 1601 1480 1613 ,
1496 1589 1529 1609 ex

1341 1616 1496 1644 hominibus
1510 1637 1516 1647 .
1535 1617 1568 1644 ti-

1341 1659 1446 1680 memus
1461 1652 1565 1680 turbam
1579 1660 1585 1678 :

1341 1696 1436 1715 omnes
1448 1689 1519 1717 enim
1531 1687 1573 1722 (d)

1344 1724 1443 1752 habent
1457 1724 1477 1759 -ι-
1486 1724 1586 1752 Johan-

1157 1768 1275 1796 CODEX
1293 1768 1488 1798 BRIXIANUS.

924 1816 980 1844 riit.
999 1815 1131 1842 Etvidcns
1141 1815 1183 1841 fici
1195 1815 1318 1842 nrhoreni
1335 1824 1414 1842 unum
1431 1824 1510 1843 secus
1521 1816 1591 1843 viam
1603 1815 1717 1842 venitad

924 1859 983 1878 eum
992 1856 1017 1878 et
1030 1851 1094 1878 nihil
1104 1851 1204 1877 invenit
1217 1851 1242 1877 in
1254 1859 1295 1878 ea.
1312 1853 1363 1878 nisi
1377 1852 1437 1878 folio
1451 1857 1564 1878 tantum.
1575 1851 1606 1878 Et
1619 1850 1653 1877 ait
1670 1852 1717 1877 illi.

923 1887 1075 1921 Numquam
1084 1895 1116 1913 ex
1129 1892 1155 1914 te
1167 1887 1268 1914 fructus
1281 1893 1406 1913 noscatur
1418 1887 1444 1913 in
1454 1894 1604 1914 aeternum.
1619 1887 1652 1912 Et
1661 1893 1717 1913 arc-

923 1924 992 1950 iacta
1009 1928 1050 1949 est
1065 1923 1194 1949 continuo
1210 1922 1334 1949 liculnen.
1353 1923 1384 1949 Et
1399 1922 1523 1949 videntes
1535 1922 1657 1956 discipuli
1671 1922 1720 1947 ini-

924 1959 974 1986 rati
991 1963 1051 1985 sunt
1064 1958 1197 1985 dicentes.
1211 1957 1351 1991 Quomodo
1363 1959 1492 1985 continuo
1507 1959 1573 1984 aruit
1591 1957 1717 1983 ﬁculni-3.

923 1994 1025 2028 Quibus
1041 1994 1207 2027 respondens
1226 1993 1304 2020 .lesns
1315 1995 1360 2020 :iit.
1380 1997 1463 2021 Anien
1479 1994 1539 2019 dico
1553 1993 1628 2019 vobis
1638 1993 1659 2028 si
1673 1992 1719 2028 Itu-

924 2029 1040 2056 bueritis
1049 2029 1138 2056 iidem.
1149 2035 1175 2056 et
1191 2037 1242 2055 non
1255 2028 1464 2056 linesituveritis.
1478 2037 1529 2055 non
1544 2029 1630 2055 solum
1645 2027 1678 2054 de
1689 2027 1718 2053 li-

923 2065 1018 2092 culnezi
1035 2065 1149 2092 facii-tis.
1163 2064 1208 2091 sed
1224 2069 1250 2090 et
1265 2065 1285 2090 si
1299 2066 1382 2091 monti
1399 2065 1460 2091 linic
1473 2062 1684 2095 dixeritis,’l‘ollc
1695 2068 1719 2089 te

924 2106 950 2127 et
960 2101 1034 2134 jacta
1051 2106 1075 2126 te
1088 2101 1113 2127 in
1127 2107 1201 2127 mare
1216 2100 1272 2126 lict.
1286 2101 1319 2127 Et
1331 2101 1419 2126 omnia
1434 2107 1619 2134 quaecumque
1635 2098 1720 2134 pt-tie

924 2133 982 2163 ritis
998 2137 1023 2162 in
1040 2137 1162 2164 oratione
1176 2136 1318 2162 credentes
1332 2133 1479 2170 accipietis.
1495 2135 1598 2162 Etcum
1613 2133 1720 2161 iutiois-

923 2177 964 2198 Set
980 2172 1005 2199 in
1021 2172 1163 2205 templum.
1180 2175 1355 2198 accesserunt
1368 2171 1401 2198 ad
1414 2178 1474 2198 eum
1489 2171 1631 2198 docenti-tn
1644 2170 1720 2205 prin-

924 2207 997 2242 cipes
1021 2208 1192 2234 sacerdotum
1216 2211 1242 2233 et
1261 2206 1383 2234 seniores
1405 2207 1498 2242 pupilli
1530 2207 1665 2242 dicentes.
1693 2205 1720 2232 ln

924 2241 976 2277 qua
993 2247 1112 2277 potesate
1128 2243 1193 2270 llaec
1216 2243 1290 2269 fucis.
1310 2242 1343 2269 Et
1361 2241 1420 2276 quis
1435 2243 1482 2269 tibi
1503 2241 1576 2269 dedit
1591 2241 1659 2267 hunc
1675 2248 1721 2274 no-

924 2283 1059 2306 testatem.
1074 2278 1251 2312 llespundens
1259 2278 1506 2305 uutemJesusditit
1514 2278 1565 2304 illis
1580 2278 1719 2311 Interrogo

926 2322 974 2340 vos
985 2321 1010 2341 et
1025 2322 1074 2348 cgo
1088 2322 1168 2340 unum
1181 2322 1345 2342 sermonem.
1363 2322 1441 2347 quem
1458 2315 1479 2340 si
1500 2313 1624 2340 dixeritis
1640 2313 1716 2338 mihi.

926 2353 954 2376 et
966 2357 1015 2384 ego
1028 2347 1102 2375 vobis
1114 2349 1201 2376 dicant
1217 2351 1242 2375 in
1256 2358 1305 2383 qua
1322 2354 1454 2383 potestate
1466 2350 1531 2376 liuet:
1545 2347 1664 2382 lacin.(b)
1675 2348 1723 2374 lia-

929 2383 1056 2419 ptisinnni
1076 2384 1093 2419 ’ξ-
1108 2385 1248 2411 Johannis.
1266 2386 1337 2411 unde
1353 2390 1410 2411 crat
1424 2392 1439 2411 e
1451 2386 1520 2411 cmlo
1535 2392 1570 2411 an
1585 2391 1619 2410 ιιι
1635 2383 1721 2410 homi-

929 2421 1018 2446 nibus.
1036 2420 1069 2447 At
1084 2421 1121 2446 illi
1134 2421 1287 2454 cogitabant
1303 2422 1370 2447 intra
1384 2427 1414 2447 se
1429 2420 1551 2450 dicentes
1575 2420 1602 2447 Si
1619 2419 1720 2446 dixeri-

929 2464 989 2482 mus
1004 2464 1018 2483 c
1029 2456 1098 2483 cado
1114 2456 1183 2483 dicet
1198 2456 1285 2483 nobis.
1302 2456 1390 2490 Quare
1403 2463 1468 2491 ergo
1493 2464 1546 2483 non
1570 2455 1723 2491 credidistis

928 2491 996 2519 ci.Si
1011 2495 1099 2519 autem
1112 2492 1259 2518 dixerimus
1270 2499 1301 2519 ex
1314 2490 1469 2520 lii-minibus
1479 2494 1604 2520 timemus
1619 2490 1721 2522 turbuS,

928 2534 1023 2554 omnes
1038 2528 1109 2554 enini
1126 2527 1262 2555 habebant
1280 2527 1431 2555 .lohannetn

433 2568 632 2600 YARIANTES
650 2568 844 2602 LECTIONES
862 2569 996 2600 CODlClS
1015 2572 1069 2602 MS.
1092 2572 1121 2603 S.
1134 2571 1387 2602 GEliMANENSlS.

104 2616 113 2632 I

100 2647 114 2663 Ι

101 2678 115 2694 ³

101 2708 115 2725 ι

132 2616 161 2642 lic

132 2648 161 2705 ’ἒι

148 2617 261 2650 ciunam,

132 2655 199 2674 mea

130 2678 259 2738 sm.

957 2621 968 2667 ε
983 2620 1024 2678 ξιξ
1035 2624 1099 2678 θεῖε

729 2743 915 2774 BLANCHINI
932 2738 1048 2774 ΝοτῈ.

109 2800 151 2840 (ι)
163 2801 204 2834 tu
218 2807 248 2835 ei
265 2805 364 2840 textos
393 2799 514 2834 σηοως
535 2799 617 2840 ὅρθπτ

618 2803 809 2848 vectem.-
829 2818 865 2825 -

938 2805 977 2848 ita
998 2810 1024 2848 et
1041 2805 1255 2848 textmﬁgrgous
1270 2809 1366 2833 neutro
1380 2809 1495 2848 genoso,
1508 2801 1538 2829 τὸ
1553 2800 1735 2835 Μέτωνα--

906 2804 922 2877 ἶ

68 2836 198 2872 (ι’)νΡοει
216 2846 302 2874 quare
329 2837 409 2865 deest
430 2844 491 2872 ergo
513 2836 594 2865 etiam
614 2838 640 2865 in
664 2836 725 2866 co'd.
741 2839 857 2867 Cant.—

937 2841 973 2868 Ita
990 2846 1017 2869 et
1039 2846 1093 2870 tex.
1120 2839 1167 2870 εἷ’.
1189 2841 1294 2877 unum.
