1990 3096
256 91 310 119 287

453 148 570 177 CODEX
587 148 855 177 VERCELLENSIS.

259 197 330 237 sicut
346 196 465 237 prophe-
673 196 716 237 ei:
728 194 954 237 _(b)__Novissimus
967 194 998 230 1-.

258 233 305 260 27.
326 231 402 260 tam.
413 232 447 259 Et
676 232 748 259 Dixit
762 231 815 259 illis
829 231 926 259 Iesus:

260 268 427 304 respoaden-
675 268 760 304 Amen
776 267 837 304 dico
850 274 898 293 vo-

260 302 351 332 tes'ad
366 303 469 335 Iesum,
676 303 717 330 bis
728 324 736 333 .
752 302 823 337 quod
835 309 921 329 mere-

262 340 391 367 dixerunt
407 347 414 366 :
677 339 774 372 trices,
790 343 818 367 et
833 360 839 365 .
853 358 861 365 .
876 357 884 366 .
897 356 905 365 .
920 358 928 365 .
942 358 948 364 .

262 375 381 403 Nescim.
404 394 411 401 .
431 373 522 402 Iesus.
543 392 550 400 .
575 394 580 399 .
678 374 777 401 hlicani
795 394 801 401 .
816 395 823 401 .
838 395 845 402 .
859 394 867 401 .

264 412 345 439 virtu.
369 429 377 436 .
399 430 407 437 .
429 429 436 437 .
459 430 466 436 .
489 428 497 435 .
678 410 778 437 cedunt
791 417 840 437 vos

265 446 346 474 facio.
681 465 688 471 .
711 465 718 472 .
741 465 748 472 .
769 453 852 481 regno
867 445 927 474 Dei.

263 481 610 515 28.Quidau......
679 481 985 509 32....niten..

264 518 306 545 bis
319 517 444 545 videtur?
681 537 688 544 .
712 537 719 543 .
742 536 749 544 .
770 524 802 544 os
815 516 916 544 Johan-

267 552 422 587 Homoqui.
445 573 451 579 .
474 572 482 579 .
505 572 511 578 .

267 589 384 616 habebat
395 587 466 615 duos

267 624 337 652 ﬁlios
349 632 357 656 ;
372 627 399 651 et
409 631 454 651 ac-

267 659 369 688 cedens
381 659 414 686 ad
427 658 482 693 pri-

267 703 353 724 mum.
371 694 441 722 dixit

680 552 882 580 .°..invla

677 588 819 622 iustitiae].
842 607 851 615 .
874 608 881 614 .
903 606 912 614 .

682 631 734 651 non
747 623 820 651 credi
841 643 848 650 .
872 643 878 649 .
902 642 909 649 .
933 641 940 648 .

684 678 690 685 .
705 679 712 686 .
727 679 733 685 .
751 660 773 686 is
785 659 829 687 ei:
847 658 933 694 publi-

682 695 741 722 cani
757 700 846 722 autem
859 715 867 728 ,

268 731 307 758 illi
323 739 330 758 :
347 730 420 758 Vade
436 730 484 757 ho-
683 734 710 758 et
725 731 845 757 meretri-

270 767 315 794 die
329 766 437 801 operari
682 773 728 793 ces
742 765 865 794 credide-

270 803 296 829 in
311 800 418 829 vineam
431 800 482 837 (α).
683 806 746 829 runt
762 821 769 828 .
783 821 790 829 .
808 822 814 828 .
836 809 884 828 vos

268 837 315 865 ‘29.
336 837 382 864 Ille
394 841 484 863 autem
682 840 772 864 autem
786 836 882 864 videti-

230 875 233 877 ’
271 872 419 908 responde.
438 891 457 908 ζ
471 889 479 898 .
502 890 508 896 .
683 876 725 899 tes
737 892 744 904 ,
761 879 811 899 nec
825 879 889 907 poe-

270 906 330 935 aitE
346 907 416 935 Non.
437 906 471 933 Et
685 908 826 934 nitentiam

272 947 365 979 postea
372 963 379 975 ,
395 942 491 977 paeni-
686 942 817 970 habuistis

273 978 359 1007 tentia
372 985 431 1005 mo-
687 982 778 1013 postea
792 999 799 1011 ,
816 978 887 1013 quod

274 1019 317 1042 tus
332 1013 398 1041 abiit
412 1013 439 1041 in
689 1022 742 1041 non
754 1014 845 1042 credi-

271 1051 391 1078 vineam.
688 1050 705 1077 d
719 1070 727 1079 .
742 1069 750 1076 .
764 1071 770 1076 .
787 1051 821 1077 tis
831 1051 867 1078 ei.

274 1086 321 1114 30.
342 1084 465 1112 Accessit
478 1088 570 1112 autem
688 1086 734 1114 55.
756 1085 843 1114 Aliam
858 1107 866 1115 .
879 1107 886 1114 .
900 1110 907 1116 .
921 1109 928 1116 .
945 1109 952 1116 .
966 1109 973 1115 .
990 1106 997 1115 .

274 1121 452 1154 adalterum,
691 1142 699 1149 .
740 1141 747 1148 .
787 1142 795 1150 .
835 1141 842 1148 .
882 1141 890 1150 .
931 1146 938 1153 .
978 1144 986 1151 .

271 1156 378 1185 etdixit
392 1156 468 1183 simi-
692 1176 699 1183 .
740 1176 748 1183 .
788 1177 795 1184 .
836 1178 844 1185 .
884 1179 891 1186 .
932 1179 940 1186 .
979 1178 987 1186 .

272 1191 470 1220 liter.Adille
693 1213 700 1219 .
740 1213 747 1220 .
788 1212 796 1221 .
837 1213 844 1219 .
885 1215 893 1221 .
934 1215 942 1222 .
982 1214 991 1222 .

271 1227 462 1263 respondens,
693 1249 700 1255 .
739 1247 749 1255 .
788 1249 796 1256 .
836 1249 844 1257 .
883 1249 892 1257 .
932 1250 939 1258 .
979 1249 987 1257 .

272 1262 489 1297 aitieo,dom-
693 1285 698 1291 .
740 1284 748 1292 .
788 1284 795 1293 .
836 1284 844 1291 .
883 1285 890 1292 .
932 1285 940 1293 .
980 1286 987 1293 .

277 1299 497 1332 ne,etnoniit.
694 1320 699 1326 .
741 1320 748 1326 .
788 1319 795 1326 .
836 1320 843 1327 .
885 1320 892 1327 .
932 1322 939 1329 .

274 1335 319 1362 51.
341 1334 530 1367 Quisexduo—
693 1355 700 1362 .
742 1356 750 1363 .
789 1355 796 1361 .
838 1357 845 1363 .
885 1356 891 1362 .
932 1356 938 1363 .
979 1356 988 1365 .

277 1370 468 1404 busfecitpa-
696 1392 702 1398 .
743 1391 750 1398 .
789 1390 798 1399 .
838 1392 845 1398 .
886 1391 892 1398 .
932 1392 940 1399 .
980 1392 989 1400 .

278 1406 327 1432 tris
337 1405 460 1432 volunta-
694 1407 721 1434 in
736 1414 796 1434 eam
812 1411 866 1434 tor-

279 1441 355 1469 tem?
369 1440 468 1470 Dicunt
694 1443 771 1470 cular
783 1463 792 1476 ,
811 1447 838 1470 et
852 1450 898 1471 ae-

494 1500 612 1529 CODEX
630 1500 867 1529 CORBEIENSIS.

280 1553 308 1575 ut
337 1548 498 1610 prophetam
532 1547 697 1575 habuerunt.
739 1547 772 1588 Et
798 1547 1008 1589 .respondentes
1045 1547 1078 1575 ad

280 1591 355 1610 sum.
397 1584 507 1610 ixerunt
527 1593 533 1610 :
555 1583 709 1610 Nescimus.
733 1584 778 1610 Att
798 1583 872 1610 illis?
888 1584 896 1598 ¹
910 1583 989 1610 Jesus
1011 1594 1017 1610 :
1037 1583 1078 1610 Je-

280 1591 355 1616 sum,
376 1583 507 1611 dixerunt
527 1593 533 1610 :
555 1583 709 1610 Nescimus.
733 1584 778 1611 Ait
798 1583 896 1611 illis?‘
910 1583 989 1610 Jesus
1011 1594 1017 1610 :
1037 1583 1081 1610 Je-

280 1618 374 1653 Neque
395 1626 446 1654 ego
460 1619 538 1646 vobis
553 1620 641 1645 dicam
656 1619 681 1645 in
698 1626 750 1652 qua
764 1623 898 1653 potestate
917 1620 983 1645 haec
1000 1618 1078 1645 facio.

280 1654 350 1687 Quid
377 1659 466 1681 autem
492 1654 569 1681 vobis
588 1654 733 1681 videtur?’
751 1654 838 1681 Homo
858 1654 965 1688 quidam
990 1654 1083 1681 habuit

281 1690 348 1716 duos
360 1689 444 1721 ﬁlios;
462 1689 594 1717 accedens
607 1690 641 1716 ad
651 1690 779 1721 primum,
790 1689 859 1716 dixit
869 1690 893 1716 ei
909 1699 915 1715 :
928 1689 1004 1721 Fili,‘
1015 1690 1082 1717 vade

281 1726 389 1759 operari
414 1725 493 1752 hodie
512 1724 539 1751 in
554 1725 640 1751 vinea.
655 1725 702 1752 [Ile
713 1728 802 1752 autem
818 1725 1004 1758 respondens,
1021 1725 1058 1751 ait
1074 1734 1081 1753 :

281 1759 360 1787 Nolo.
385 1759 395 1774 ‘
423 1760 456 1787 Et
482 1764 573 1794 postea
616 1760 778 1794 poenitentia
820 1760 916 1788 ductus
948 1761 1013 1787 abiit
1056 1761 1081 1787 in

283 1795 401 1822 vineam.
426 1796 547 1823 Accessit
573 1800 662 1823 autem
688 1795 722 1822 ad
746 1795 881 1827 alterum,
910 1800 938 1823 et
959 1796 1027 1822 dixit
1043 1796 1082 1823 illi

282 1831 418 1858 similiter.
442 1829 491 1858 Cui
513 1831 680 1866 respondens
694 1852 701 1864 ,
723 1831 791 1858 dixit
823 1840 829 1858 :
860 1831 918 1863 Eo,
953 1832 1081 1864 domine,

284 1866 445 1902 nonrahiit.
491 1866 558 1900 Quis
595 1874 658 1902 ergo
693 1874 727 1894 ex
770 1867 874 1895 duobus
910 1867 1075 1894 voluntatem

286 1901 370 1936 patris
399 1901 482 1929 fecit?
498 1903 508 1917 ⁵
530 1901 633 1930 Dicunt
649 1902 673 1929 ei
699 1911 706 1928 :
732 1904 745 1918 ⁸
772 1902 941 1930 Novissimus
963 1902 993 1937 -ὶκ
1012 1902 1081 1929 Dicit

286 1937 339 1964 illis
352 1937 449 1964 Jesus:
466 1937 552 1965 Amen
578 1938 639 1964 dico
649 1937 726 1965 vobis
739 1959 746 1971 ,
762 1938 823 1973 quia
848 1939 1006 1965 meretrices
1020 1958 1027 1969 ,
1052 1944 1081 1964 et

285 1973 420 2007 publicani
436 1973 600 2008 praecedent
615 1981 662 2000 vos
678 1974 704 2000 in
719 1981 804 2008 regno
827 1974 837 1989 ⁸
858 1974 1009 2001 coelorum.
1026 1973 1078 2000 Ve-

288 2010 327 2035 nit
341 2009 412 2035 euim
436 2009 469 2035 ad
485 2016 532 2035 vos
547 2009 684 2036 Johannes
704 2009 730 2036 in
753 2011 794 2037 via
816 2009 929 2044 justitia:
943 2030 949 2041 ,
976 2014 1003 2036 et
1028 2016 1081 2036 nou

288 2043 443 2072 credidistis
454 2045 478 2071 ei
489 2052 497 2071 :
510 2044 646 2079 publicani
660 2050 749 2072 autem
773 2050 801 2072 et
816 2043 975 2072 meretrices
990 2044 1081 2071 credi-

286 2079 384 2107 derunt
411 2080 426 2115 7"
452 2087 501 2107 vos
525 2087 589 2107 vero
611 2088 671 2108 cum
688 2081 900 2115 cognovissetis,
924 2088 974 2108 nec
989 2081 1083 2115 poeni-

284 2115 396 2142 tentiam
409 2114 541 2142 habuistis
553 2121 644 2150 postea
655 2136 663 2148 ,
678 2115 689 2131 ⁸
706 2114 734 2143 ut
746 2117 770 2143 ei
784 2116 943 2143 crederetis.

323 2150 406 2178 XXII.
432 2151 519 2178 Aliam
543 2151 698 2186 parabolam
721 2152 833 2179 audite:
850 2152 937 2179 Homo
961 2157 1020 2179 erat
1035 2159 1083 2186 pa-

285 2190 326 2213 ter
339 2186 471 2219 familias,
494 2187 539 2222 qui
572 2187 700 2222 plantavit
716 2188 841 2220 vineam,
865 2192 892 2215 et
919 2195 1012 2221 sepem
1033 2190 1085 2214 cir-

286 2222 426 2249 cumdedit
436 2223 446 2238 ⁹
457 2230 516 2250 eam
526 2243 533 2256 ,
550 2228 576 2250 et
588 2222 656 2250 fodit
667 2223 693 2250 iu
704 2230 737 2250 ea
751 2223 838 2250 lacum
848 2244 856 2256 ,
870 2223 980 2250 etaedi—

528 91 665 121 EUSEBII
683 90 853 120 VERCELL.
874 88 1099 117 EVANGELIUM
1117 88 1190 118 CUM
1210 89 1323 118 VARIIS
1336 89 1413 118 COD.
1433 90 1630 120 COLLATUM.

1855 89 1901 118 288

1322 147 1439 175 CODEX
1458 148 1684 177 VERONENSIS.

1527 203 1560 222 ex
1575 195 1680 223 dttobus
1690 194 1728 222 fe-

1526 231 1562 258 cit
1576 231 1659 265 patris
1670 231 1765 257 volun-

1527 266 1600 294 tate?
1612 266 1707 293 Dicunt
1721 266 1745 293 ei
1759 275 1766 292 :

1527 302 1564 335 (b)
1582 301 1748 329 Nobissimus
1763 302 1793 336 τ.

1108 201 1161 221 nen
1175 194 1245 221 sicut
1256 201 1321 229 pro-

1108 230 1228 264 phetam.

1108 266 1155 292 ‘27.
1177 265 1211 292 Et
1224 264 1373 300 responde-

1110 305 1172 328 runt
1184 300 1218 327 ad
1230 301 1321 328 Jesum
1335 322 1344 334 ,

1110 340 1137 363 et
1152 336 1296 364 dixerunt:
1528 336 1595 363 Dicit
1609 337 1662 363 illis

1110 372 1261 399 Nescimus.
1278 372 1323 399 Ait
1523 373 1601 399 Jesus
1613 382 1618 398 :
1631 373 1698 400 Ame

1111 408 1165 435 illis
1177 412 1205 435 et
1219 409 1294 442 ipse:
1524 409 1584 435 dico
1598 409 1684 440 vobis,

1110 443 1165 470 Nec
1178 450 1229 478 ego
1243 443 1319 471 vobis

1111 479 1172 506 dico
1188 479 1214 505 in
1229 486 1280 514 qua

1132 519 1247 542 otestate
1263 515 1328 543 haec

1124 550 1194 577 'acio.

1113 584 1159 612 28.
1179 585 1248 618 Quid
1263 590 1352 613 autem

1113 621 1191 648 vobis
1205 621 1329 648 videtur?

1115 656 1201 683 Ilomo
1214 657 1322 692 quidam

1115 692 1231 719 habebat
1243 692 1311 720 duos

1115 728 1204 760 tilias;
1219 732 1246 755 et
1260 735 1338 756 acce-

1115 763 1183 791 dens
1196 764 1228 790 ad
1249 764 1363 797 primum
1376 786 1383 797 ,

1117 799 1207 827 dixit:
1234 799 1284 826 Fili
1296 820 1303 833 ,

1117 834 1186 862 vade
1201 834 1283 862 hodie

1117 877 1231 912 operare
1246 879 1273 898 in

1118 905 1291 942 29.31an
1308 907 1356 943 (η).
1373 908 1421 936 Ille

1120 948 1209 971 autem
1224 948 1393 979 respondens

1525 444 1595 478 quod
1607 444 1762 472 meretrices

1527 485 1553 505 et
1570 480 1702 512 publicani

1525 515 1688 556 praecedth
1700 522 1751 556 vos

1527 550 1552 578 in
1569 557 1652 583 regno
1660 550 1717 577 Dei.

1527 586 1572 614 52.
1590 585 1668 613 Venit
1680 586 1753 613 enim

1529 621 1561 648 ad
1570 628 1618 648 vos
1628 621 1731 648 Johan-

1531 664 1582 684 nes
1594 657 1620 683 in
1634 657 1676 684 via
1685 657 1728 692 ju-

1531 692 1630 725 stitiae,
1643 697 1670 720 et
1683 700 1737 724 non

1531 728 1685 756 credidistis
1695 729 1736 757 ei:

1532 763 1667 798 publicani
1678 771 1727 791 au-

1533 805 1598 830 tem.
1610 804 1637 826 et
1650 806 1736 828 mere-

1534 835 1617 862 trices
1629 835 1751 864 credide-

1536 874 1599 898 runt
1613 871 1637 897 ei
1646 878 1696 898 vos

1536 910 1625 933 autem
1639 907 1776 939 videntes,

1536 949 1586 969 nec
1600 943 1797 976 paenitentiam

1120 980 1159 1006 ait
1171 989 1176 1006 :
1195 977 1278 1006 Nolo.’
1538 977 1669 1014 habuistis
1681 983 1789 1014 postea,

1122 1015 1219 1043 Pastea
1537 1013 1608 1048 quod
1626 1020 1678 1041 non

1122 1051 1288 1078 Paenitentia
1305 1057 1362 1078 mo-
1539 1048 1693 1077 credidistis
1706 1050 1740 1077 ei.

1122 1091 1165 1114 tus
1179 1085 1244 1113 abiit
1257 1087 1285 1113 in
1542 1084 1586 1111 55.
1601 1084 1690 1113 Aliam

1123 1123 1241 1149 vincam.
1541 1120 1657 1155 parabo-

1124 1159 1171 1186 30.
1183 1157 1308 1186 Accessit
1543 1157 1596 1182 lam
1611 1156 1701 1184 audite
1713 1165 1722 1184 :

1125 1197 1216 1221 autem
1544 1191 1632 1218 Homo
1645 1197 1706 1219 erat

1126 1229 1160 1256 ad
1173 1229 1299 1262 alterum,
1313 1233 1341 1257 et

1544 1231 1621 1261 pater
1635 1226 1761 1262 familias,

1124 1264 1193 1292 dixit
1203 1264 1336 1291 similiter.

1544 1262 1590 1303 qui
1602 1263 1731 1296 plantavit

1125 1299 1166 1327 Ad
1178 1300 1223 1327 ille
1233 1306 1343 1334 respon-
1545 1299 1662 1331 vineam,
1677 1303 1704 1326 et
1715 1306 1775 1326 sae-

1125 1337 1204 1367 dens,
1220 1335 1274 1362 ait:
1292 1335 1342 1368 Eo,
1545 1342 1579 1369 pe
1593 1334 1771 1362 circumdedit

1125 1371 1245 1403 domine,
1261 1375 1288 1398 et
1545 1369 1581 1402 ei,
1596 1374 1623 1397 et
1638 1370 1702 1398 fodit

1126 1408 1171 1434 3L
1188 1414 1242 1434 non
1255 1407 1294 1434 iit.
1547 1406 1573 1432 in
1585 1412 1643 1431 eam
1655 1406 1788 1439 torcular,

1126 1443 1194 1477 Quis
1545 1445 1574 1469 et
1587 1440 1738 1469 aediﬁcavit

1364 1500 1482 1528 GODEX
1501 1498 1698 1527 BRIXIANUS.

1131 1548 1202 1576 sicut
1225 1547 1396 1583 prophetam.
1426 1546 1468 1583 Et
1485 1546 1681 1582 respondentes
1701 1545 1734 1572 ad
1749 1544 1843 1583 Jesum
1857 1544 1926 1583 dire-

1133 1588 1196 1611 runt
1221 1580 1367 1611 nescimus.
1383 1582 1429 1610 Ait
1453 1582 1508 1610 illis
1529 1580 1558 1609 et
1581 1583 1699 1617 ipseuec
1712 1589 1763 1617 ego
1778 1581 1854 1608 vobis
1867 1580 1924 1607 dico

1135 1620 1161 1647 in
1170 1627 1222 1654 qua
1231 1623 1365 1653 potestate
1380 1619 1438 1645 haec
1449 1618 1529 1645 facio.

1171 1651 1239 1688 Quid
1251 1659 1340 1681 autem
1358 1654 1435 1681 vobis
1449 1654 1567 1681 videtur.
1582 1653 1669 1680 Homo
1692 1652 1805 1688 quidam
1817 1674 1825 1684 ,
1842 1651 1929 1678 habuit

1136 1687 1204 1717 duos
1217 1691 1288 1718 ﬁlios
1301 1711 1308 1722 ,
1324 1694 1351 1717 et
1366 1689 1497 1717 accedens
1508 1690 1540 1716 ad
1557 1690 1671 1724 primum
1683 1710 1690 1721 ,
1707 1689 1777 1715 dixit
1801 1687 1869 1715 Fili.
1885 1694 1928 1712 va-

1135 1727 1169 1753 de
1185 1726 1266 1753 hodie
1280 1733 1385 1760 operari
1402 1726 1427 1752 in
1450 1723 1562 1752 vincam
1571 1725 1621 1759 (ιι).
1646 1723 1693 1751 Ille
1710 1729 1804 1751 autem
1823 1730 1929 1758 respon-

1135 1761 1203 1789 tlens
1230 1761 1267 1788 ait
1294 1762 1356 1788 nolo
1374 1780 1380 1787 .
1418 1761 1483 1788 Post
1509 1765 1620 1793 autem,
1649 1761 1818 1794 paenitentia
1848 1763 1930 1794 motus

1134 1797 1210 1825 abiit.
1227 1797 1463 1824 Accedensautem
1492 1796 1526 1823 ad
1555 1793 1681 1823 alterum.
1712 1796 1783 1822 dixit
1808 1796 1843 1822 illi
1862 1793 1932 1820 simi—

1133 1833 1195 1860 liter
1208 1842 1214 1859 :
1232 1835 1265 1860 At
1280 1833 1325 1860 ille
1340 1833 1505 1866 respondens
1518 1833 1565 1858 ait.
1583 1832 1621 1858 Eo
1633 1831 1744 1858 domine
1762 1836 1794 1858 et
1808 1838 1862 1858 non
1877 1830 1931 1856 ibit.

1134 1868 1199 1902 Quis
1215 1869 1295 1903 igitur
1305 1876 1335 1894 cx
1349 1865 1454 1895 duobus
1466 1868 1531 1895 fecit
1543 1867 1826 1903 voluntatempatris.
1841 1865 1933 1903 Dicunt

1134 1900 1169 1931 ei.
1187 1900 1305 1930 Primus.
1334 1904 1401 1930 Dicit
1417 1904 1470 1931 illis
1483 1903 1572 1930 Jesus.
1595 1904 1680 1929 Amen
1694 1902 1754 1929 dico
1770 1902 1861 1929 vobis.
1877 1900 1933 1935 quia

1134 1939 1270 1975 publicani
1286 1946 1310 1967 et
1329 1937 1690 1975 meretrices.ipraecedunt
1714 1945 1763 1975 vos
1781 1939 1933 1975 inrcgnuttl

1135 1973 1193 2003 Dei.
1212 1976 1289 2003 Venit
1303 1976 1374 2003 enim
1396 1975 1428 2002 ad
1446 1982 1493 2001 vos
1506 1974 1643 2001 Iohannes
1656 1974 1681 2000 in
1695 1974 1737 2000 via
1751 1973 1885 2007 iustitiae.
1910 1975 1933 1997 ct

1134 2019 1188 2039 non
1210 2011 1363 2039 credidistis
1385 2012 1420 2037 ei.
1444 2009 1579 2044 publicani
1602 2014 1691 2035 autem
1719 2014 1746 2035 et
1780 2007 1936 2036 meretrices

1134 2047 1311 2074 crediderunt
1325 2046 1359 2072 ei.
1372 2053 1419 2073 vos
1433 2049 1522 2072 autem
1537 2045 1661 2072 videntes
1677 2051 1726 2071 nec
1741 2044 1935 2079 paenitentiam

1134 2083 1226 2116 egistis
1244 2087 1336 2117 postea
1355 2087 1384 2108 ut
1397 2081 1545 2109 crederetis
1560 2081 1595 2107 ei.
1607 2080 1697 2117 Aliam
1712 2080 1872 2117 parabolam
1893 2086 1937 2117 au_-

1134 2114 1190 2145 dite
1213 2114 1297 2144 Homo
1312 2117 1421 2152 quidam
1441 2121 1501 2143 erat
1527 2114 1719 2151 paterfamilias
1741 2115 1791 2152 qui
1807 2114 1938 2152 plantavit

1136 2153 1255 2184 vineam,
1278 2157 1306 2180 et
1322 2151 1428 2185 Saepe"
1444 2152 1622 2180 circumdedit
1636 2159 1695 2179 eain
1715 2156 1742 2179 et
1765 2151 1836 2179 fodit
1860 2151 1886 2177 in
1908 2156 1937 2175 ea

1137 2190 1255 2217 torcular
1268 2193 1294 2217 et
1310 2188 1464 2216 aedilicavit

645 2268 845 2297 VARIANTES
864 2268 1057 2298 LECTIONES
1075 2268 1208 2298 CODICIS
1227 2267 1285 2297 MS.
1304 2268 1334 2296 S.
1347 2265 1615 2295 GERMANENSIS.‘

318 2315 327 2330 ί
345 2318 370 2340 et
383 2315 436 2346 ipse
448 2315 516 2341 :Nec
524 2322 573 2347 ego
585 2316 639 2341 dico
651 2315 719 2340 vobis

316 2346 326 2361 ¹
344 2345 445 2375 Quidam
457 2347 528 2372 homo
539 2348 674 2372 habebat...
686 2350 713 2372 et

317 2354 326 2361 -
344 2354 445 2375 uuluam
457 2354 528 2372 nomo
539 2354 674 2372 naoeoat...
686 2354 713 2372 et

317 2378 328 2414 ξ
345 2377 501 2414 εξιβεὴράίε,
512 2385 617 2414 operare
633 2380 658 2414 in
670 2380 767 2404 vineam
776 2384 865 2403 meam.

316 2409 327 2424 ⁸
346 2409 379 2441 yt
394 2407 467 2441 Vulg.
479 2407 563 2441 usque,
574 2409 658 2435 diuum

318 2441 329 2456 ⁸
346 2438 461 2466 Dtcuut'a
473 2438 623 2467 Noi'issimus

1166 2315 1177 2361 ξ
1193 2315 1315 2379 ῧῖὶίνιιιθ.

1168 2377 1179 2393 ⁸
1195 2382 1224 2403 ut
1234 2377 1381 2403 crederetis.

1169 2409 1180 2424 ⁹
1198 2410 1238 2441 ei,
1252 2413 1275 2434 et
1289 2409 1375 2443 eﬁodit
1387 2409 1410 2433 iu
1419 2407 1578 2443 ea_torcular.
1588 2409 1648 2438 etc.,
1659 2408 1685 2433 tu
1694 2405 1720 2432 in
1734 2404 1812 2438 Vulg.
1823 2412 1901 2438 mue
1910 2404 1942 2430 ad

1138 2440 1213 2473 ﬁnem
1226 2440 1359 2472 parabatur,
1371 2442 1394 2465 et
1404 2440 1498 2471 capitis.

965 2497 1150 2527 BLANCIIINI
1168 2498 1283 2526 NOTAE.

327 2553 340 2567 ι
361 2547 547 2575 Adulterinam
561 2546 633 2574 hanc
653 2547 811 2582 pronuntiat
829 2545 1089 2582 scripturamexem-

293 2583 409 2618 plarium
425 2583 538 2610 minime
554 2581 678 2609 verorum
702 2582 789 2610 Lucas
803 2581 959 2618 Brugensis.
977 2581 1089 2618 Fatetur

293 2617 383 2646 tamen
402 2618 531 2645 Hilarium
552 2618 587 2645 ita
602 2618 701 2653 legisse
711 2638 719 2650 ,
734 2625 795 2645 cum
820 2617 957 2653 nonnullis
971 2617 1089 2652 antiquis

292 2654 514 2689 exemplaribus,
541 2652 654 2688 quorum
682 2654 805 2680 meminit
827 2653 885 2688 ipse
909 2652 1089 2687 Hieronymus

294 2688 447 2717 Comment.
465 2690 490 2716 in
502 2689 668 2716 Mattharum.
686 2689 804 2716 Exstant
817 2688 991 2715 nihilominus
1001 2689 1090 2715 outnis

294 2725 402 2761 generis
425 2724 486 2752 libri
503 2725 530 2752 in
550 2724 648 2760 quibus
662 2726 775 2760 legitur,
799 2724 897 2751 Dicunt
913 2725 952 2752 ei:
969 2724 1089 2751 Novissi-

1142 2553 1217 2578 mus;
1232 2553 1285 2572 non
1297 2565 1304 2578 ,
1321 2544 1416 2571 Dicunt
1429 2544 1468 2571 ei:
1483 2543 1600 2570 Primus.
1615 2541 1806 2570 Consulendus
1822 2542 1875 2578 hoc
1886 2542 1944 2569 loco

1143 2581 1195 2608 Th.
1208 2577 1417 2613 ’Marescliallus,
1425 2579 1537 2607 Observ.
1548 2579 1574 2606 in
1583 2579 1735 2605 versionem
1749 2577 1926 2612 Anglo-Sax.
1937 2597 1943 2608 ,

1141 2624 1202 2652 pag.
1215 2617 1268 2644 A98
1276 2616 1373 2652 et499.
1381 2615 1435 2643 Sed
1445 2622 1497 2642 non
1504 2619 1545 2642 est
1555 2614 1717 2652 omittendus
1729 2614 1819 2652 major
1832 2620 1884 2652 ms.
1897 2620 1944 2640 co-

1143 2647 1193 2679 lle}
1206 2652 1234 2679 S.
1248 2651 1365 2679 Andreae
1378 2659 1455 2678 secus
1469 2652 1635 2678 Aveniouem
1646 2670 1653 2681 ,
1669 2649 1713 2681 qui
1728 2649 1813 2681 legit,
1830 2647 1943 2675 Dicunt:

1144 2687 1306 2715 Novissima:
1319 2708 1325 2718 ,
1349 2687 1425 2721 juxta
1442 2694 1545 2713 moretn
1560 2685 1702 2712 Corbeieu.
1716 2689 1743 2711 et
1752 2684 1946 2721 Sari-Germa-

1143 2728 1206 2751 nen.
1218 2730 1250 2750 ac
1262 2719 1423 2750 cazterorum
1436 2721 1680 2749 vetustiSsimorum
1696 2719 1913 2754 exemplarium.

332 2794 371 2859 Sa)
392 2795 456 2837 Post
475 2795 591 2836 vincam,
616 2794 695 2830 deest
707 2802 789 2835 meum
802 2795 829 2821 in
839 2794 903 2821 cod.
926 2800 1034 2829 quoque
1059 2792 1184 2821 Cant.-—
1202 2791 1241 2828 (ι)
1253 2792 1291 2821 Ita
1304 2795 1332 2820 et
1345 2791 1486 2820 cod.Cant.
1502 2791 1562 2819 Lat.
1576 2795 1603 2818 et
1614 2789 1661 2819 Gr.
1677 2789 1809 2825 ἔσχατος.
1826 2788 1947 2818 Consule

332 2833 333 2857 l
348 2839 401 2859 lum
416 2831 506 2859 Iuc.et
519 2839 546 2858 m
558 2830 760 2859 Prolegoments
771 2837 830 2859 nas.
845 2829 890 2856 ⁵12,

291 2827 401 2859 Millium
416 2831 469 2865 hic,
478 2835 506 2859 et
519 2831 546 2858 in
558 2827 760 2865 Prolegomenis
771 2837 830 2864 pag.
845 2829 890 2856 ⁵12.
