3980 6192
529 402 756 461 CODEX
785 403 1333 464 VERCELLENSIS.

177 501 388 558 dilicavit
408 509 507 557 tur-
963 503 1096 572 ejus.

175 590 280 630 rem
303 615 318 640 ,
347 581 399 630 et
420 575 551 646 loca-
959 575 1050 631 39.
1082 575 1150 630 Et
1184 574 1369 646 adpre.
1403 617 1418 631 .
1452 614 1467 629 .
1502 619 1516 631 .
1553 617 1567 630 .
1599 614 1615 630 .

173 646 242 719 vit
263 660 369 700 eam
395 645 532 700 colo-
1059 687 1073 702 .
1104 662 1156 701 m
1187 645 1310 703 eum
1333 648 1415 719 (ὁ)
1444 662 1537 704 oc-

173 717 247 772 nis
269 759 283 780 ,
319 726 369 772 et
397 729 612 786 peregre
957 717 1224 784 ciderunt,

173 787 415 860 profectus
438 793 537 841 est.
755 858 763 860 _
957 798 1015 844 et
1040 792 1318 860 ejeceruut

173 859 250 914 54.
286 858 404 914 Cum
433 867 642 932 tempus
671 858 853 913 autem
961 858 1113 932 extra
1139 865 1211 915 vi.
1246 900 1261 915 .
1295 903 1308 915 .
1342 903 1355 916 .
1389 902 1404 916 .
1434 863 1476 932 -ι-

172 931 405 986 fructuum
431 929 528 982 ad—
958 931 1050 987 40.
1084 948 1190 986 am.
1219 933 1354 988 Cum
1382 929 1509 1004 ergo

959 1004 1174 1059 venerit
1194 1003 1445 1061 dominus

959 1074 1172 1147 vineae,
1202 1078 1330 1147 quid

958 1145 1118 1203 faciet
1138 1145 1346 1202 colonis

956 1215 1047 1290 μ.
1074 1218 1215 1290 illis?
1235 1218 1400 1290 Ajunt
1429 1217 1493 1273 il-

955 1287 994 1342 li
1024 1307 1037 1343 :
1064 1289 1229 1344 Malos
1255 1287 1395 1348 male

175 1004 490 1072 propinquas-

170 1083 241 1129 set
261 1115 273 1138 ,
303 1073 436 1128 misit
461 1087 574 1127 ser-

171 1161 251 1200 vos
271 1159 384 1200 suos
407 1143 470 1198 ad
496 1158 594 1198 co-

171 1215 302 1270 lonos
323 1258 337 1281 ,
364 1225 419 1269 ut
437 1214 581 1270 acci-

169 1287 587 1352 peretdef....

167 1359 240 1414 55.
283 1359 348 1414 tib
385 1399 398 1411 .
442 1398 455 1410 .
499 1398 514 1412 .
557 1355 700 1429 ejus.
723 1355 791 1411 Et
953 1360 1180 1429 perdet:
1209 1369 1265 1416 et
1283 1363 1362 1416 vi-

637 1427 706 1481 ad
957 1427 1327 1488 heamlocavit

163 1517 195 1570 p
226 1539 240 1554 .
277 1542 289 1556 .
327 1544 341 1557 .
383 1544 396 1556 .
441 1539 456 1554 .
501 1542 515 1554 .
567 1540 583 1554 .
627 1541 642 1554 .
688 1536 705 1552 .
957 1502 1078 1558 aliis
1105 1503 1337 1572 colonis,

163 1588 263 1627 serv
301 1614 313 1627 .
350 1613 363 1626 .
406 1613 418 1626 .
463 1612 479 1626 .
525 1614 540 1627 .
591 1610 604 1624 .
649 1609 666 1623 .
709 1608 726 1625 .
955 1575 1046 1644 qui
1074 1574 1400 1643 (c)reddent

162 1644 712 1721 oeci........
843 1699 866 1721 ο
958 1644 1334 1721 ...fructum

160 1716 735 1770 ali.........
845 1716 864 1721 '
959 1718 1501 1775 ...m...rib...

157 1785 690 1854 lap........

155 1858 734 1914 ali.........
954 1857 1586 1917 42.Dicit........

155 1945 714 1986 0C6........-
959 1945 1407 1989 num.......

154 2000 230 2055 '56.
261 2002 444 2058 lterum
469 1998 566 2054 mi-
960 2001 1180 2058 lesistis.
1217 2043 1231 2056 .
1263 2044 1279 2058 .
1316 2043 1330 2058 .
1367 2046 1382 2060 .
1416 2045 1431 2060 .
1465 2044 1480 2058 .

151 2073 213 2127 sit
232 2074 358 2129 alios
377 2088 484 2128 ser-
1067 2073 1220 2144 Lapi.
1258 2117 1270 2128 .
1303 2115 1319 2130 .
1358 2116 1372 2129 .
1409 2116 1424 2130 .
1462 2115 1475 2128 .
1512 2116 1527 2129 .
1562 2111 1581 2130 .

151 2159 242 2199 vos
268 2146 463 2214 plures;
1069 2159 1228 2214 quem
1256 2162 1345 2202 re-

149 2223 199 2270 et
222 2215 454 2272 fecerunt
1070 2217 1334 2285 probave-

152 2286 246 2342 illis
263 2287 441 2343 simili-
889 2313 900 2318 -
1073 2297 1202 2343 runt
1228 2304 1325 2345 ae-

152 2356 226 2413 37.
257 2369 346 2415 ter.
373 2358 472 2415 No-
1075 2397 1088 2410 .
1135 2398 1148 2412 .
1196 2400 1210 2413 .
1240 2360 1409 2416 ﬁcan-

154 2430 443 2487 vissimeau-
1073 2438 1172 2496 tes,
1205 2430 1297 2487 hic
1323 2435 1434 2488 iac-

155 2509 242 2555 tent
263 2503 396 2557 misit
416 2503 478 2557 il-
1075 2512 1158 2557 lus
1179 2511 1263 2558 est
1280 2504 1334 2558 in

157 2572 376 2628 lislilium
393 2589 486 2630 su-
1068 2588 1188 2645 cap.
1227 2615 1241 2628 .
1275 2615 1290 2629 .
1322 2614 1338 2630 .
1371 2615 1384 2628 .
1423 2614 1436 2626 .

156 2659 228 2697 um
247 2645 465 2711 unicum,
1074 2683 1088 2696 .
1126 2685 1140 2698 .
1177 2685 1191 2698 .
1225 2685 1239 2700 .
1279 2646 1546 2702 .Domino

157 2713 342 2789 dicens:
365 2717 525 2774 Vere-
1069 2715 1243 2772 Γπιυε
1265 2727 1351 2772 εει
1375 2716 1478 2789 (ά)ν

157 2783 326 2842 buntur
353 2789 449 2843 ﬁli—
1072 2796 1127 2841 et
1152 2795 1237 2842 est
1254 2783 1415 2843 mira-

158 2873 229 2910 um
255 2875 438 2914 meum.
1074 2857 1220 2913 bilis.
1255 2899 1268 2911 .
1302 2899 1316 2913 .
1354 2900 1369 2914 .
1404 2897 1418 2912 .
1451 2899 1465 2911 .

161 2926 233 2982 '58.
264 2928 438 2986 Coloni
467 2939 657 2987 autem
1075 2928 1164 2982 lis.
1199 2969 1215 2984 .
1253 2972 1265 2982 .
1299 2968 1314 2982 .
1347 2970 1361 2982 .
1387 2930 1466 2984 is?

160 3000 367 3058 videntes
383 3002 445 3057 fi-
974 2999 1289 3057 45.1deod.
1325 3043 1338 3054 .
1373 3041 1387 3054 .
1420 3042 1435 3056 .
1467 3039 1484 3055 .
1519 3037 1532 3053 .
1570 3037 1587 3053 .

161 3069 286 3136 lium,
310 3074 566 3130 dixerunt
622 3099 631 3109 ν
974 3072 1080 3140 bis,
1102 3087 1193 3142 qu.
1226 3113 1241 3127 .
1277 3113 1294 3128 .
1327 3114 1341 3127 .
1379 3112 1393 3126 .
1427 3112 1443 3126 .

161 3143 381 3199 interse:
407 3145 505 3201 Hic
975 3153 1126 3199 retur
1145 3158 1196 3197 a.
1233 3183 1247 3198 .
1285 3184 1298 3198 .
1333 3187 1346 3199 .
1380 3183 1396 3197 .

161 3213 410 3285 estheres,
434 3231 533 3272 ve—
976 3215 1059 3270 bis
1083 3229 1193 3285 reg.
1229 3256 1244 3270 .
1283 3257 1296 3270 .
1333 3257 1347 3270 .
1379 3254 1394 3270 .
1430 3251 1446 3268 .

163 3286 699 3344 ......occida-
977 3285 1340 3345 Dei......

163 3370 420 3425 muscum,

163 3428 528 3486 etliabebimus
983 3468 997 3482 .
1077 3469 1092 3482 .
1171 3467 1186 3483 .
1265 3469 1280 3483 .
1359 3469 1373 3483 .
1454 3471 1469 3484 .
1549 3469 1563 3482 .
1645 3470 1661 3484 .

167 3497 643 3556 hcredita.....
984 3499 1662 3572 ..°..(e)..

583 3613 817 3672 CODEX
854 3610 1324 3669 CORBEIENSIS.

176 3709 326 3766 licavit
366 3713 605 3776 turrim,
655 3719 710 3765 et
759 3709 954 3764 locavit
999 3725 1116 3764 eam
1167 3710 1406 3776 colonis,
1440 3718 1494 3765 et
1526 3724 1752 3779 peregre

168 3787 409 3849 profectus
475 3791 593 3836 est.
650 3781 830 3849 Quum
879 3789 1088 3850 tempus
1139 3780 1413 3836 fructuum
1459 3783 1752 3850 appropin-

169 3867 357 3922 quasset
377 3897 391 3921 ,
420 3854 584 3910 misit
612 3867 800 3906 servos
829 3866 958 3906 suos
986 3852 1052 3906 ad
1080 3853 1329 3919 colonos,
1356 3862 1414 3905 ut
1435 3856 1750 3922 acciperent

171 3925 222 3977 de
239 3926 490 3981 fructibus
520 3924 700 3978 vinea:
722 3939 854 3977 sum.
877 3923 944 3976 Et
961 3924 1437 3992 apprelienderunt
1453 3939 1639 3978 servos
1661 3939 1754 3977 co-

170 3995 255 4050 loni
275 4038 290 4062 ,
335 3998 469 4052 alius
489 3996 852 4058 ceciderunt,
882 3995 1026 4048 alios
1045 3996 1359 4049 occiderunt
1384 4037 1398 4057 ,
1428 3995 1562 4049 alios
1620 4008 1750 4048 vero

169 4065 543 4130 lapidaverunt.
576 4065 781 4119 Rursus
808 4065 1003 4119 iterum
1029 4065 1174 4119 misit
1201 4066 1337 4120 alios
1359 4081 1545 4120 servos
1570 4066 1751 4134 plures

172 4138 444 4206 prioribus;
469 4136 730 4194 similiter
748 4145 800 4192 et
822 4137 954 4206 ipsis
981 4135 1244 4191 fecerunt.
1275 4137 1556 4192 Postremo
1571 4145 1749 4190 autem

174 4211 297 4263 misit
326 4211 495 4266 tilium
541 4224 700 4262 suum
734 4208 974 4271 unicum,
1007 4207 1195 4262 dicens
1227 4224 1240 4259 :
1275 4207 1621 4263 Verebuutur
1649 4208 1754 4261 uti-

174 4293 258 4348 que
287 4282 449 4336 tilium
482 4295 696 4335 meum.
728 4278 808 4333 llli
833 4287 1011 4333 autem
1043 4287 1099 4332 ut
1118 4278 1367 4332 viderunt
1391 4278 1582 4344 filium,
1612 4279 1757 4332 dixe-

178 4365 277 4404 runt
304 4355 438 4407 intra
463 4368 531 4408 se
561 4369 576 4404 :
608 4351 706 4404 llic
734 4357 818 4404 est
847 4349 1058 4415 haeres,
1077 4351 1254 4404 venite
1275 4350 1746 4414 occidamuseum,

177 4433 220 4474 et
252 4425 623 4491 possideamus
657 4421 1012 4476 hereditatem
1055 4421 1194 4488 ejus.
1240 4422 1309 4475 Et
1353 4421 1751 4490 apprehensum

180 4506 277 4546 eum
303 4495 593 4565 eiecerunt
631 4502 789 4565 extra
813 4493 1051 4565 vineam,
1091 4501 1146 4546 et
1182 4491 1751 4565 _occiderunt.7Quuin

179 4578 284 4633 ergo
308 4563 519 4622 venerit
550 4563 804 4617 dominus
832 4564 1044 4629 vineae,
1070 4563 1198 4632 quid
1217 4563 1593 4619 t'acietcolonis
1621 4563 1755 4617 illis?

181 4640 323 4702 Ajunt
352 4640 427 4692 illi
456 4656 469 4690 :
505 4635 678 4691 Malos
707 4635 848 4689 male
878 4634 1100 4702 perdet:
1120 4645 1174 4689 et
1198 4636 1406 4690 vineam
1439 4634 1616 4689 tradet
1635 4635 1754 4689 aliis

182 4709 362 4761 colonis
385 4751 399 4773 ,
428 4710 524 4778 qui
568 4705 807 4778 reddant;
832 4705 883 4760 ei
915 4706 1118 4760 fructus
1142 4708 1473 4776 temporibus
1502 4707 1636 4760 suis.
1654 4704 1756 4778 _Ait

184 4781 236 4830 ad
263 4780 372 4833 illos
394 4776 564 4836 Iesus
597 4795 612 4831 :
641 4776 900 4848 Lapidem
925 4792 1085 4846 quem
1116 4778 1540 4847 reprobaverunt
1569 4776 1758 4831 aedili-

185 4861 366 4915 caules,
385 4851 477 4907 hic
507 4851 682 4904 factus
703 4857 786 4902 est
807 4848 860 4903 in
883 4860 1047 4918 caput
1066 4849 1281 4920 anguli?
1308 4849 1354 4904 A
1385 4849 1610 4902 Domino
1643 4848 1757 4920 fac:

186 4928 259 4994 ξμς
300 4932 378 4994 est
407 4922 495 4994 (ά)
520 4921 651 4994 hic,
690 4927 870 4994 et_est
909 4917 1172 4994 mirabilis
1221 4921 1287 4994 in
1313 4921 1482 4994 oculis
1526 4917 1761 4994 nostris?

187 4989 293 5044 Ideo
317 4989 440 5049 dico
472 4989 655 5054 vobis,
683 4991 809 5061 quia
846 4990 1122 5062 auferetur
1147 5006 1178 5045 a
1206 4991 1360 5046 vobis
1387 5005 1613 5062 regnum
1643 4989 1762 5055 Dei,

185 5070 236 5115 et
252 5064 458 5120 dabitur
481 5064 636 5135 genti
653 5062 870 5119 facienti
914 5061 1172 5118 fructum.
1204 5071 1232 5100 ι
1262 5062 1334 5118 Ει

1100 285 1553 348 EVANGELIUM
1591 285 1967 347 SECUNDUM
2005 286 2441 346 ΜΔΤΤΗιΕυΜ.

1723 1431 1726 1434 ⁴
1829 1361 1919 1417 55.
1954 1361 2054 1417 bus
2079 1363 2212 1434 suis.
2242 1360 2312 1416 Et

2272 410 2508 470 CODEX
2547 409 3000 472 VERONENSIS.

2676 515 3271 664 ΞᾝἜιὲἓιῗίιῴθηευω

2673 665 2796 722 eum
2827 648 2902 722 (ὸ)
2927 648 3075 708 occi-

1834 513 2058 586 turrem,
2081 516 2134 562 et
2160 503 2246 562 lo-

1831 587 1975 632 cavrt
1997 591 2115 632 eam
2139 593 2232 632 CO-

1831 647 1998 712 lonis,
2028 660 2082 703 et
2111 663 2265 718 pere-

1829 734 1927 790 gre
1954 719 2229 788 profectus
2675 719 2891 789 derunt,
2929 733 2986 780 et

1831 801 1935 846 est.
1968 861 1985 862 ί
2675 793 2956 862 ejecerunt

1829 863 1922 917 35.
1952 861 2085 940 Cum
2116 872 2327 934 tempus
2677 861 2839 940 extra
2855 870 3068 924 vineam
3087 869 3151 940 ‘i'.

1831 943 2013 1008 autem
2029 932 2306 1008 fructuum
2675 934 2766 990 40.
2799 936 2935 992 Cum
2959 954 3088 1008 ergo

1829 1004 2339 1076 adpropinquasset,
2675 1009 2886 1065 venerit
2905 1004 3158 1068 dom—inus

1829 1076 1978 1134 misit
2005 1091 2194 1149 servos
2675 1078 2886 1145 vineae,
2919 1081 3048 1149 quid

1829 1160 1960 1202 suos
1984 1147 2053 1202 ad
2077 1149 2230 1204 colo-
2674 1150 2834 1205 faciet
2854 1147 3004 1208 colo-

2676 1221 2761 1274 nis
2782 1221 2926 1277 illis?

2674 1291 2763 1346 4t.
2798 1291 2963 1363 Ajunt
2992 1295 3069 1350 illi
3096 1314 3108 1350 :

2674 1363 2844 1418 Malos
2869 1365 3010 1420 male

1829 1233 1956 1284 nos,
1986 1228 2045 1274 ut
2073 1220 2286 1288 accipe-

1829 1301 1951 1345 reut
1970 1290 2039 1346 de
2059 1291 2246 1347 fructi-

1829 1434 2006 1488 coloni
2031 1433 2228 1503 adpre-
2673 1433 2865 1503 perdet
2890 1453 2902 1487 :
2927 1445 2983 1491 et
3004 1437 3082 1493 vi-

1828 1503 2014 1559 hensis
2034 1504 2247 1572 {servis,
2677 1520 2836 1561 neam
2862 1522 3014 1563 suam

1830 1591 1997 1631 unum
2029 1575 2244 1632 cecide-
2677 1575 2875 1632 locavit
2895 1580 3018 1633 aliis

1829 1654 1977 1712 runt,
2007 1647 2172 1701 alium

2677 1647 2913 1719 colonis,
2937 1652 3028 1719 qui

1829 1729 2014 1788 autem
2040 1718 2180 1788 lapi-

2682 1718 2754 1789 (c)
2786 1718 3013 1776 reddent
3032 1724 3081 1779 ei

1834 1787 2121 1862 daverunt,
2678 1787 2884 1846 fructus
2910 1791 2952 1862 -ίο
2984 1803 3121 1849 lem-

1833 1859 1998 1915 alium
2032 1874 2167 1916 vero
2679 1863 2903 1931 poribus
2917 1859 3052 1918 suis.

1835 1932 2173 1987 occiderunt.
2679 1933 2771 1987 4‘2.
2805 1934 2942 1988 Dicit
2970 1935 3076 1991 illis

1837 2001 1928 2057 56.
1958 2002 2159 2058 lterum
2178 2003 2326 2060 misit

2679 2003 2876 2078 EIesus:
2909 2021 3200 2078 numquam

1837 2073 1976 2128 alios
2003 2089 2192 2130 servos

2682 2074 2888 2145 legistis
2914 2078 2965 2132 in

1837 2145 2022 2270 ﬁlures
2051 2144 2245 2214 priori-
2685 2144 3000 2228 scripturis.
3023 2148 3126 2204 La-

1881 2230 1976 2270 us:
2007 2224 2061 2270 et
2081 2215 2225 2270 feceo
2685 2216 2866 2270 mdem
2895 2235 3054 2270 nllem

1881 2230 1976 2281 us;
2007 2224 2061 2270 et
2081 2215 2225 2273 fece-
2685 2215 2866 2287 pidem
2895 2235 3054 2285 quem

1843 2295 1972 2341 runt
1998 2287 2107 2343 illis
2685 2289 3117 2357 reprobaverunt

1840 2358 2108 2430 similiter.
2684 2360 3050 2430 aedificantes,

2685 2429 2776 2486 hic
2803 2430 2978 2488 factus

2683 2512 2768 2558 est
2787 2503 2841 2558 in
2863 2515 3026 2573 caput

2683 2575 2902 2632 anguli?
2925 2577 2973 2632 Α

2682 2575 2902 2644 anguli?
2925 2577 2973 2632 Α

2685 2644 2918 2728 Domine
2940 2646 3115 2728 factus

2684 2726 2769 2772 est
2794 2716 2874 2790 (α)
2904 2719 3007 2774 iste
3025 2719 3090 2789 τ,

1838 2429 1928 2484 37.
1960 2428 2266 2487 Novissime

1838 2509 2018 2555 autem
2038 2501 2185 2557 misit

1840 2571 1949 2626 illis
1972 2571 2140 2626 tilium

1838 2657 1998 2698 suum
2030 2644 2272 2711 unicum,

1837 2712 2028 2770 dicens
2043 2731 2074 2786 7:
2095 2715 2172 2786 (a)
2195 2714 2328 2771 For-

1838 2785 1997 2857 sitam
2025 2785 2067 2857 1-
2095 2785 2251 2844 vere-
2686 2797 2742 2842 et
2764 2785 3036 2845 eSt’mira-

1840 2855 2050 2911 buntur
2065 2857 2233 2914 tilium
2687 2857 2813 2914 bilis
2843 2860 2896 2914 in

1843 2942 2047 2982 meum.
2688 2931 2862 2984 oculis
2879 2945 2982 2986 no-

1848 2998 1940 3053 58.
1971 2999 2158 3055 Coloni
2186 3008 2366 3056 autem
2689 3001 2857 3054 stris?

1847 3069 2098 3125 videntes
2129 3071 2317 3139 lilium,
2690 3070 2782 3126 45.
2815 3069 2891 3124 Ita
2921 3070 3044 3126 dico
3071 3073 3245 3129 vobis.

1847 3139 2266 3211 dixeruntjintra
2690 3141 2814 3211 quia
2832 3141 3113 3198 auferetur

1847 3226 1946 3286 se:
1978 3211 2078 3268 Hic
2103 3221 2189 3268 est
2691 3227 2722 3286 a
2745 3213 2896 3286 vobis
2917 3230 3141 3286 regnum

1850 3283 2033 3350 lieres,
2057 3285 2241 3340 venite
2694 3283 2814 3351 Dei,
2837 3294 2891 3339 et
2917 3283 3135 3341 dabitur

1851 3354 2163 3410 occidamns
2692 3356 2841 3413 genti
2861 3357 3076 3413 facienti

1850 3441 1998 3491 eum,
2031 3437 2087 3480 et
2108 3425 2275 3482 babe-
2694 3425 2926 3482 fructum

1852 3497 2028 3554 bimus
2049 3497 2267 3553 heredi-
2695 3497 2815 3568 ejus
2837 3498 2932 3571 (ε).

2343 3609 2582 3667 CODEX
2619 3611 3012 3671 BRIXIANUS.

1855 3715 2060 3761 turrem
2097 3713 2168 3780 et
2191 3704 2391 3759 locavit
2441 3720 2560 3759 eam
2589 3706 2838 3774 agricolis
2889 3717 3208 3780 et‘peregre
3255 3712 3470 3780 profec-

1856 3787 1944 3833 tus
1981 3787 2086 3832 est.
2129 3774 2262 3852 Cum
2325 3785 2503 3830 autem
2566 3785 2777 3852 tempus
2830 3774 3140 3852 tracturum
3166 3774 3464 3852 adpropin-

1857 3859 2077 3922 quasset
2095 3846 2244 3922 misit
2269 3861 2457 3922 servos
2486 3861 2614 3922 suos
2638 3849 2706 3902 ad
2729 3849 3015 3922 agricolas.
3053 3861 3110 3905 ut
3159 3846 3470 3922 acciperent

1857 3919 2068 3974 fructus
2109 3920 2270 3991 ejus.
2299 3919 2364 3972 Et
2410 3917 2678 3988 agricolae
2721 3917 3081 3988 adpraliensis
3124 3917 3298 3976 servis
3351 3924 3468 3991 ejus

1863 4007 2026 4045 unum
2094 3989 2458 4044 caeciderunt.
2518 3991 2683 4043 alium
2758 3991 3072 4046 occiderunt
3117 3994 3280 4046 alium
3337 3989 3466 4050 vero

1857 4061 2252 4135 lapidavernnt.
2287 4061 2487 4135 lterum
2529 4061 2676 4135 misit
2702 4062 3058 4135 alios_servos
3095 4065 3276 4133 plures
3317 4071 3465 4135 prio-

1856 4134 2026 4187 ribus.
2057 4139 2114 4186 et
2139 4131 2384 4187 fecerunt
2405 4131 2486 4186 eis
2515 4131 2784 4187 similiter.
2817 4131 3122 4188 Novissime
3154 4131 3335 4188 auteni
3367 4137 3468 4190 rui-

1858 4205 1928 4259 sit
1959 4203 2025 4257 ad
2057 4218 2152 4258 eos
2192 4202 2364 4256 filium
2409 4217 2564 4257 suum
2596 4204 2924 4272 unigenitum
2958 4204 3166 4259 dicens.
3217 4205 3458 4261 Revere-

1861 4274 2238 4329 bunturlilium
2258 4289 2460 4328 meum.
2493 4274 2778 4343 Agricolae
2799 4284 3001 4330 autem.
3019 4276 3265 4330 videntes
3285 4277 3452 4333 tilium

1856 4346 2113 4400 dixerunt
2156 4346 2296 4400 intra
2325 4359 2405 4400 se.
2443 4344 2542 4400 Hic
2568 4355 2652 4400 est
2695 4345 2874 4401 heres.
2923 4345 3105 4401 venite
3150 4348 3464 4404 occidamns

1855 4432 1978 4490 eum
2017 4424 2074 4471 et
2103 4416 2420 4490 habebimus
2470 4415 2831 4471 hereditatem
2870 4417 3006 4490 ejus.
3048 4418 3113 4473 Et
3155 4419 3465 4490 adprahen-

1855 4487 2049 4543 deutes
2078 4503 2202 4542 eum
2225 4489 2505 4558 eiecerunt
2546 4503 2669 4543 eum
2700 4497 2851 4543 extra
2891 4489 3125 4543 vineam.
3165 4487 3463 4546 et'occide-

1858 4567 2002 4631 runt.
2032 4557 2330 4631 Cumrergo
2350 4559 2585 4631 venerit.
2611 4560 2864 4631 dominus
2892 4560 3102 4624 vineae,
3138 4563 3266 4631 quid
3300 4563 3462 4618 faciet

1856 4629 2112 4702 agricolis
2137 4630 2266 4702 illis.
2298 4630 2561 4702 Dixerunt
2589 4629 2672 4702 ei.
2703 4630 2870 4702 Malos
2900 4632 3040 4702 male
3067 4629 3255 4702 perdet
3297 4645 3350 4689 et
3381 4635 3462 4688 vi-

1858 4716 2015 4755 neam
2048 4701 2250 4771 locavit
2285 4701 2408 4754 aliis
2455 4701 2726 4770 agricolis.
2761 4701 2853 4771 qui
2898 4701 3130 4757 reddant
3163 4706 3210 4758 ei
3258 4703 3468 4761 fructus

1861 4770 2351 4845 ienrfporibusisuis.
2383 4772 2519 4826 Dicit
2547 4773 2650 4826 illis
2672 4770 2847 4845 Jesus.
2879 4787 3153 4844 nunquam
3180 4776 3385 4845 legistis
3403 4777 3457 4831 in

1863 4842 2158 4897 Scribturis
2190 4842 2446 4911 Lapidem
2467 4859 2627 4912 quem
2650 4842 3079 4912 reprobaveru'nt
3108 4842 3460 4903 aedificantes.

1867 4913 1955 4966 hic
1997 4913 2167 4984 factus
2194 4923 2276 4969 est
2303 4914 2356 4967 in
2383 4924 2544 4983 caput
2569 4917 2773 4984 anguli.
2805 4917 2845 4969 Α
2880 4916 3111 4970 Domino
3137 4919 3332 4972 factum
3382 4927 3465 4974 est

1868 4983 2033 5040 istud.
2058 4996 2111 5039 et
2135 4993 2222 5040 est
2251 4985 2498 5041 mirabile
2534 4985 2590 5040 in
2621 4983 2792 5042 oculis
2822 4988 3042 5043 nostris.
3071 4987 3198 5044 Ideo
3233 4988 3355 5044 dico
3375 5004 3471 5044 vo—

1869 5055 1974 5112 bis.
2007 5056 2147 5130 quia
2175 5057 2454 5130 auferetur
2482 5073 2511 5110 a
2558 5057 2712 5130 vobis
2739 5073 2967 5130 regnum
2997 5059 3115 5117 Dei.
3157 5069 3214 5116 et
3255 5060 3470 5117 dabitur

1875 5128 2022 5200 genti
2049 5128 2270 5185 facienti
2308 5127 2516 5185 fructus
2537 5129 2676 5200 ejus.

1527 5218 1898 5279 BLANCHINI
1931 5219 2162 5278 NOTIE.

254 5329 278 5356 ἰ
317 5321 500 5378 Codex
528 5319 818 5376 Corheien.
841 5319 1042 5374 omittit
1084 5318 1187 5374 hoc
1225 5318 1348 5373 loco
1379 5330 1594 5372 versum
1635 5317 1774 5371 inte-

193 5405 354 5472 grum,
371 5394 466 5464 qui
490 5394 560 5448 44
581 5399 895 5472 numeratur
911 5391 966 5446 in
983 5389 1212 5472 vulgata
1235 5395 1440 5472 nostra.
1459 5387 1579 5472 L‘at.
1597 5387 1776 5472 ‘E‘um-

195 5460 304 5517 dem
335 5458 549 5534 quoque
577 5464 902 5520 versiculum
938 5458 1141 5518 omittit
1167 5461 1448 5531 exemplar
1474 5458 1772 5525 Cantabr.;

1882 5315 2038 5391 deest
2067 5331 2301 5391 namque
2326 5317 2380 5373 in
2411 5331 2480 5375 eo
2519 5316 2647 5391 Gr._
2671 5318 2900 5391 et‘Lat.
2966 5319 3134 5376 Pares
3196 5318 3378 5391 itaque
3420 5320 3476 5378 in

1883 5365 2506 5463 ἧιῖῐιῖἷέῖξίξῖιῖιέἑῦηξιῖι-
2526 5365 3473 5463 suam“ii..§."5émb:‘ésri;:

1883 5469 2071 5516 noster
2119 5459 2241 5514 Lat.
2291 5469 2347 5516 et
2397 5461 2493 5518 Cr.
2550 5459 2671 5516 Lat.
2721 5461 2948 5518 Cantab.

261 5589 334 5659 (a)
364 5589 598 5653 Addunt,
631 5585 1066 5662 forsitau,_eiiant
1107 5584 1353 5662 non_uu_lli
1380 5582 1552 5662 codd._
1571 5580 1770 5662 Graeci,
1794 5595 1864 5662 ac_
1881 5580 2519 5662 versiones§yr.,_Pers.
2540 5589 2614 5662 et
2639 5582 2828 5648 Arab.,
2856 5594 2958 5662 nec
2999 5593 3108 5633 non
3139 5580 3408 5662 Irenaeus,
3430 5591 3488 5640 et

197 5650 495 5730 Ch'rjsost.,
522 5678 553 5718 e
575 5650 903 5729 [εἰει-(ὸ)
933 5657 1014 5712 lta
1039 5667 1094 5713 et
1121 5657 1258 5730 cod._
1275 5657 1430 5711 Cant.
1453 5656 1745 5730 a'ms'zt't'ttﬁan

1861 5657 1868 5706 ἱ
1893 5655 2127 5730 ἐξέϐαλον
2155 5650 2258 5730 εἶξῲ
2279 5659 2374 5730 rei?
2400 5652 2716 5730 ἀμπελῶνος,
2745 5667 2811 5730 ac
2836 5651 3056 5730 antiqua
3078 5651 3258 5730 versio
3279 5650 3485 5711 Saxon.

197 5759 264 5768 —
301 5719 374 5801 (ε)
406 5719 556 5789 Ιιέει
605 5740 784 5788 textus
832 5719 1075 5801 Crareus,
1130 5726 1494 5801 ἀποδὼσᾳυσιν
1529 5728 1674 5800 αὐτῷ
1714 5747 1745 5780 τ

1863 5729 2113 5801 καρποὺς.
2145 5753 2217 5764 -
2240 5723 2318 5795 (d)
2349 5719 2466 5791 itte}
2494 5724 2663 5779 relate
2691 5721 2760 5776 ad
2781 5722 2986 5793 γωνίας.
3018 5719 3167 5793 —(e)
3195 5720 3360 5778 Deest
3405 5733 3489 5783 to-

202 5808 283 5857 tus
313 5798 501 5862 versus
521 5804 589 5862 M
611 5849 625 5877 ,
655 5805 824 5861 etiam
865 5801 920 5859 in
960 5800 1119 5860 Cant.
1149 5798 1244 5855 Gr.
1285 5807 1340 5855 et
1360 5798 1481 5853 Lat.
