3980 6192
490 312 590 370 ὶθι
1026 303 1295 365 EUSEBII
1334 298 1678 359 VERCELL.
1721 292 2171 355 EVANGELIUM
2204 293 2351 352 εωι
2392 291 2617 353 VAMIS
2648 292 2807 351 COD.
2846 290 3238 352 COLLATUM.

2625 406 2861 464 CODEX
2898 402 3350 463 VEBONENSIS.

890 420 1125 480 CODBX
1163 412 1697 477 VERCELLENSIS.

497 560 515 577 .
593 559 609 574 .
688 558 704 573 .
782 557 798 570 .
874 557 890 571 .
967 553 984 570 .
1062 553 1079 568 .
1159 556 1174 571 .
1331 509 1757 567 lasuntzveni-

498 633 512 647 .
594 633 609 647 .
684 626 704 645 .
782 631 798 645 .
877 629 892 643 .
968 627 985 643 .
1060 623 1078 641 .
1158 626 1173 641 .
1330 581 1734 652 teadnuptias.

498 705 515 722 .
594 700 610 719 .
690 700 703 713 .
783 701 796 714 .
876 699 891 715 .
969 697 984 712 .
1066 698 1081 712 .
1161 695 1177 709 .
1331 654 1836 710 5.1lliautemn..

498 774 513 787 .
591 773 606 787 .
685 771 699 785 .
782 774 793 784 .
874 772 887 785 .
969 771 985 786 .
1062 768 1081 784 .
1160 765 1177 782 .
1330 728 1663 797 glexerunt:

493 848 507 861 .
590 846 602 859 .
684 844 697 857 .
779 843 793 858 .
874 844 887 857 .
970 844 985 857 .
1064 839 1079 854 .
1159 838 1175 853 .
1332 808 1385 853 et
1416 798 1691 862 abierunt,

496 868 1173 933 ...'.....
1337 867 1826 925 ....villa...

492 1159 583 1217 46.
614 1159 889 1226 Quaeren-
1331 1153 1424 1210 6..
1473 1194 1487 1206 .
1533 1194 1545 1206 .
1591 1192 1607 1207 .
1652 1189 1666 1203 .
1696 1147 1806 1221 iqul

494 1241 576 1288 tes
605 1245 728 1285 eum
756 1239 907 1288 tene—
1339 1242 1354 1257 '
1399 1265 1414 1279 .
1457 1263 1475 1281 .
1523 1262 1537 1277 .
1564 1232 1717 1278 tenu-

495 1319 575 1369 re,
600 1303 797 1357 timue-
1459 1336 1472 1350 .
1519 1336 1532 1349 .
1579 1335 1592 1347 .
1627 1304 1818 1349 servos

490 1384 615 1429 runt
638 1374 822 1427 turbas
846 1390 862 1428 :
1334 1373 1474 1438 ejus,
1497 1376 1551 1422 et
1575 1373 1720 1438 con_t_.
1766 1402 1782 1418 .

493 1446 743 1516 quoniam
766 1443 840 1499 si-
1335 1436 1461 1495 mel.
1506 1478 1522 1493 .
1567 1478 1581 1491 .
1613 1436 1788 1491 adlec-

491 1503 955 1571 éut....etam
1246 1544 1249 1551 ε
1336 1503 1981 1576 tosocc......(b)

496 1585 891 1643 ....habe-
1336 1579 2030 1650 Illic-fautorum...

1334 1652 1835 1708 cumh......

669 1769 900 1831 carus
927 1768 1093 1828 χχιι.
1340 1763 1355 1849 ζ
1520 1762 1545 1847 ⁸,
1582 1763 1595 1776 ’
1629 1720 1945 1849 ,’⁵ῗθ²’.¹’²ἶ
2007 1828 2027 1847 .

494 1865 547 1918 1.
588 1864 1021 1933 Etrespondeus
1337 1905 1353 1921 .
1435 1906 1447 1919 .
1527 1903 1543 1918 .
1625 1904 1638 1917 .
1721 1903 1735 1917 .
1817 1905 1828 1916 .
1908 1899 1926 1915 .
2004 1900 2020 1916 .

490 1934 668 2001 Jesus,
691 1935 828 1990 dixit
1335 1952 1515 2001 suum.
1538 1946 1595 1991 et
1634 1950 1748 2005 per-

493 2007 600 2062 illis
622 2007 822 2064 iteru-
1334 2008 1471 2064 didit
1498 2008 1718 2062 homici-

491 2078 567 2132 in.
614 2118 628 2133 .
672 2117 686 2130 .
732 2118 747 2133 .
792 2117 807 2132 .
853 2077 1015 2146 .olis,
1336 2080 1433 2135 das
1457 2080 1622 2142 illos,
1651 2086 1708 2133 et
1731 2076 1809 2132 ci-

496 2148 605 2204 dic.
650 2188 667 2205 .
710 2189 724 2203 .
769 2188 783 2203 .
830 2187 845 2203 .
1336 2151 1533 2207 vitates
1555 2164 1747 2205 eorum

490 2219 545 2273 2.
578 2220 731 2277 Simi.
780 2262 793 2275 .
838 2260 853 2275 .
896 2256 915 2275 .
956 2260 971 2275 .
1017 2261 1031 2275 .
1339 2222 1600 2278 incendit.

500 2330 515 2345 .
596 2332 610 2347 .
689 2332 705 2347 .
784 2333 798 2347 .
879 2329 896 2347 .
975 2329 993 2346 .
1069 2327 1088 2346 .
1165 2330 1180 2344 .
1337 2290 1959 2349 8...uncaitservis

496 2401 511 2417 .
592 2403 607 2417 .
690 2405 703 2418 .
783 2403 799 2419 .
878 2401 893 2417 .
974 2400 990 2416 .
1068 2402 1084 2417 .
1164 2401 1181 2415 .
1337 2364 1747 2434 suis:Nuptiae

1341 2436 1823 2504 ..uidempara-

496 2544 512 2557 .
592 2544 607 2559 .
688 2544 704 2562 .
785 2546 800 2561 .
881 2545 895 2559 .
974 2541 993 2560 .
1070 2544 1089 2560 .
1167 2543 1182 2559 .
1338 2504 1740 2573 taesunt,sed

500 2617 515 2631 .
598 2619 611 2631 .
690 2618 703 2631 .
784 2616 799 2632 .
879 2615 893 2629 .
974 2613 990 2628 .
1068 2617 1083 2630 .
1163 2615 1181 2630 .
1338 2576 1716 2646 quierantin-

500 2687 513 2699 .
595 2691 608 2703 .
688 2689 702 2701 .
784 2689 797 2701 .
877 2684 893 2701 .
973 2685 991 2700 .
1068 2683 1089 2700 .
1164 2684 1183 2700 .
1342 2650 1634 2704 vitatinon

1346 2718 1772 2775 ..ueruntdio

1340 2790 1909 2873 9.....i.lte'ergo

498 2900 511 2915 .
594 2900 607 2913 .
689 2899 703 2914 .
784 2901 797 2915 .
878 2898 893 2912 .
974 2900 989 2914 .
1069 2896 1085 2915 .
1166 2900 1181 2913 .
1342 2872 1819 2917 ...exttusvia-

496 2972 511 2985 .
585 2972 701 3004 ί.
774 2972 797 3004 ί.
868 2970 894 3004 _.
974 2970 986 2983 .
1070 2970 1085 2985 .
1162 2969 1180 2985 .
1342 2944 1832 3004 ..um,etquos—

495 3004 549 3058 4.
577 3001 749 3059 Dicite
772 3002 911 3058 invi-
1339 3019 1570 3075 cumque
1602 3001 1688 3059 in;

494 3076 657 3131 tatis:
941 3087 1041 3130 αι-
1340 3078 1602 3137 veneritis
1625 3117 1641 3141 ,

492 3145 639 3201 dium
664 3162 869 3229 meum.
1341 3157 1530 3229 vocate
1555 3148 1623 3203 ad
1646 3161 1776 3218 nup—

498 3222 707 3286 paravi,
734 3222 873 3273 tauri
1342 3222 1468 3273 tias.

495 3289 600 3371 mei
619 3289 904 3371 etsagina-
1341 3292 1429 3347 lt).
1468 3288 1538 3343 Et
1549 3288 1765 3371 egressi
1786 3302 1913 3371 “ser-

494 3368 547 3412 ta
569 3368 747 3413 occisa
775 3370 925 3426 sunt,
1342 3400 1357 3415 .
1404 3400 1418 3414 .
1461 3400 1475 3413 .
1514 3368 1633 3428 ejus
1666 3368 1716 3413 in
1750 3368 1823 3415 vi-

493 3438 549 3485 et
575 3431 753 3486 omnia
773 3400 930 3499 par;-
1345 3470 1359 3484 .
1405 3472 1420 3486 .
1462 3472 1476 3485 .
1500 3400 1801 3500 etingrega-

929 3521 1161 3579 CODEX
1198 3523 1675 3582 CORBEIENSIS.

493 3630 656 3687 quum
697 3615 976 3671 audissent
1024 3615 1296 3685 principes
1346 3616 1689 3671 sacerdotum
1774 3626 1825 3672 et
1901 3616 2094 3672 Phari-

493 3686 607 3759 saei
664 3688 948 3759 parabolas
1009 3689 1125 3755 ejus
1155 3730 1170 3752 ,
1219 3697 1593 3759 cognoverunt
1644 3688 1769 3757 quia
1819 3688 1887 3744 de
1964 3690 2097 3757 ipsis

495 3757 726 3813 diceret.
799 3758 867 3813 Et
929 3770 1252 3827 quaerentes
1295 3757 1445 3815 'eum
1521 3772 1726 3823 tenere.
1803 3761 2103 3814 timuerunt

498 3829 683 3884 turbas
726 3842 742 3885 :
791 3829 1046 3901 quoniam
1077 3842 1131 3884 ut
1178 3832 1492 3901 prophetam
1530 3847 1652 3885 eum
1694 3831 1989 3885 habebant.
2033 3832 2103 3885 Et

498 3900 832 3969 respondens
878 3900 1056 3967 Jesns,
1106 3900 1189 3956 ait
1218 3904 1323 3957 illis
1374 3904 1566 3958 iterum
1607 3904 1659 3956 in
1692 3903 1985 3971 paraboiis,
2017 3903 2100 3955 di-

502 3987 633 4026 cens
678 3988 690 4023 :
733 3972 919 4028 Simile
952 3974 968 4003 ¹
1006 3983 1092 4028 est
1141 3990 1363 4041 regnum
1408 3976 1685 4029 coelnrum
1715 3974 1917 4028 homini
1960 3976 2099 4042 regi,

499 4044 590 4111 qui
620 4044 745 4098 fecit
768 4045 982 4113 nuptias
1004 4046 1024 4075 ²
1056 4044 1150 4098 lilii
1181 4047 1286 4099 sui.
1322 4044 1388 4099 Et
1420 4046 1567 4102 misit
1596 4060 1787 4099 servos
1834 4060 1964 4100 suos
1992 4045 2011 4075 ³
2042 4055 2101 4100 ut

502 4125 760 4185 vocarent
791 4116 1045 4171 invitatos
1073 4116 1141 4170 ad
1181 4120 1417 4185 nuptias.
1464 4127 1519 4171 et
1566 4116 1642 4170 illi
1687 4117 1876 4172 venire
1906 4117 2097 4170 nolue-

501 4194 647 4240 runt.
678 4183 876 4241 lterum
905 4188 1053 4241 misit
1079 4187 1217 4242 alios
1250 4183 1461 4249 servos,
1494 4187 1679 4242 dicens
1710 4204 1722 4240 :
1762 4188 1931 4241 Dicite
1961 4189 2095 4241 invi-

502 4258 665 4328 tatis:
698 4256 837 4313 Ecce
873 4259 1156 4327 prandium
1199 4275 1377 4314 meum
1421 4260 1624 4328 paravi,
1671 4258 1810 4312 tauri
1855 4258 1961 4312 mei
1991 4258 2012 4288 ³
2042 4268 2103 4313 et

500 4327 668 4382 altilia
699 4330 877 4384 occisa
920 4340 1066 4393 sunt,
1095 4339 1151 4384 et
1195 4332 1375 4385 omnia
1408 4327 1593 4399 parata
1619 4337 1749 4384 sunt
1775 4346 1789 4381 :
1824 4329 1999 4383 venite
2028 4329 2096 4384 ad

500 4399 737 4470 nuptias.
788 4400 871 4455 illi
913 4414 1096 4457 autem
1136 4402 1488 4470 neglexerunt
1517 4418 1529 4452 :
1563 4410 1620 4455 et
1648 4402 1921 4465 abierunt,
1960 4401 2103 4455 alius

503 4469 556 4524 in
590 4470 769 4542 villam
796 4487 972 4538 suam,
997 4471 1138 4526 alius
1167 4473 1185 4503 ⁸
1213 4469 1280 4527 ad
1302 4473 1721 4542 negotiationem
1753 4486 1905 4526 suam
1938 4490 1952 4525 :
1977 4486 2099 4526 cae.-

502 4540 603 4612 teri
628 4556 756 4612 vero
785 4543 1264 4611 apprehenderunt
1293 4540 1488 4600 servos
1507 4544 1649 4612 ejus,
1691 4552 1746 4597 et
1767 4544 2099 4597 contumelia

504 4610 630 4665 illos
655 4610 964 4668 afﬂixerunt
989 4615 1395 4671 etocciderunt.
1428 4610 1549 4669 Rex
1574 4629 1703 4669 vero
1726 4628 1887 4683 quium
1918 4614 2102 4669 audis-

501 4692 621 4755 set.
640 4684 808 4738 iratus
835 4692 955 4739 est:
991 4697 1045 4741 et
1074 4686 1093 4717 ⁸
1120 4687 1266 4742 misit
1294 4688 1597 4741 exercitum
1623 4700 1802 4750 suum,
1832 4694 1885 4738 et
1916 4685 2099 4755 perdi-

503 4752 583 4808 dit
609 4753 905 4810 homicidas
936 4756 1063 4812 illos
1085 4797 1099 4823 ,
1123 4766 1179 4811 et
1216 4758 1492 4813 civitatem
1536 4756 1752 4813 illorum
1789 4752 2098 4811 succendit.

501 4823 654 4881 Tunc
711 4829 785 4881 ait
847 4829 1021 4883 servis
1077 4830 1249 4883 suis:
1296 4828 1529 4898 Nuptiae
1590 4829 1807 4896 quidem
1881 4836 2107 4897 paratae

501 4904 629 4969 sunt
653 4938 671 4964 ,
694 4899 712 4929 ⁷
746 4899 955 4954 invitati
987 4908 1168 4954 autem
1196 4915 1301 4954 non
1334 4899 1553 4957 fuerunt
1577 4898 1749 4968 digni.
1777 4899 1856 4955 Ite
1876 4915 2005 4969 ergo
2032 4899 2106 4955 ad

500 4967 687 5050 exitus
720 4970 929 5050 viarum
952 5012 973 5050 τ
1025 4980 1082 5029 et
1106 4987 1534 5050 guosquumque
1579 4967 1898 5050 inveneritis
1919 4967 1993 5050 ,"_
2014 4972 2105 5025 in-

502 5041 669 5097 vitate
709 5041 780 5098 ad
819 5041 1055 5112 nuptias.
1102 5042 1173 5103 Et
1198 5044 1409 5114 egressi
1447 5041 1605 5101 servi
1620 5043 1745 5114 ejus
1769 5046 1788 5077 °
1821 5058 1918 5112 per
1946 5044 2105 5107 vias,

506 5124 877 5184 congregave-

2196 504 2287 559 ιδ.
2332 505 2397 559 Et
2427 518 2550 560 cum
2580 517 2675 557 au-

2199 576 2405 631 dissent
2432 574 2628 645 princi-

2202 663 2298 718 pes
2327 650 2670 703 sacerdotum
2691 679 2708 712 ,

2200 728 2255 774 et
2283 719 2556 774 Pharisaei

2204 792 2483 861 parabolas
2511 790 2661 858 ejus,

2201 872 2570 932 cognoverunt

2203 931 2345 1002 quod
2374 932 2443 987 de
2470 931 2601 1000 ipsis

2204 1004 2780 1074 .w.mauaumu~

2205 1085 2390 1131 rentes
2416 1091 2539 1130 eum

2209 1158 2395 1203 tenere
2417 1188 2433 1213 ,
2462 1147 2660 1203 timue-

2207 1229 2332 1273 runt
2354 1218 2563 1273 turbam
2588 1232 2605 1273 :

2207 1292 2459 1361 quoniam
2480 1288 2623 1343 sicut

2208 1361 2527 1431 prophetam

2208 1449 2332 1487 eum
2362 1432 2527 1486 habe-

2211 1505 2357 1560 bant.

2380 1570 2608 1628 CAPUT
2638 1568 2806 1626 XXII.

2218 1648 2266 1702 1.
2294 1646 2361 1700 Ει
2386 1660 2608 1713 respon-

2213 1718 2348 1774 dens
2364 1717 2521 1772 Jesus
2540 1756 2555 1781 ,

2212 1789 2350 1845 dixit
2380 1788 2485 1842 illis

2211 1863 2404 1918 iterum
2438 1860 2490 1911 in

2212 1930 2481 2003 parabolis
2506 1971 2538 2003 ,_
2552 1928 2635 2003 dij

2208 1998 2265 2059 Ξ.
2306 2016 2436 2058 cens
2465 2019 2477 2054 :
2507 1998 2695 2055 Simile

2208 2084 2294 2131 est
2320 2086 2548 2144 regnum

2208 2146 2481 2202 caelorum

2211 2216 2418 2272 homini
2446 2214 2597 2284 regi,

2208 2290 2301 2360 qui
2333 2288 2460 2344 fecit
2485 2299 2621 2355 nup-

2212 2363 2314 2415 tias
2347 2360 2454 2412 ﬁlio
2476 2371 2595 2410 suo.

2210 2434 2264 2487 5.
2305 2431 2373 2485 Et
2400 2428 2545 2483 misit
2571 2438 2761 2481 servos

2210 2518 2340 2557 SUOS
2362 2514 2555 2553 vocare

2210 2574 2469 2629 invitatos
2492 2570 2558 2623 ad
2580 2584 2681 2622 nu-

2212 2645 2351 2716 ptias
2367 2684 2382 2707 ,
2406 2641 2673 2723 etnotae-

2210 2724 2340 2770 runt
2363 2728 2568 2769 ventre.

2214 2787 2413 2843 lterum
2444 2784 2591 2839 misit

2212 2858 2350 2913 alios
2380 2872 2567 2911 servos
2586 2894 2599 2919 ,
2629 2852 2712 2906 di-

3032 502 3142 556 nite
3166 500 3232 554 ad
3261 497 3497 567 nuptias.

3031 573 3085 627 5.
3127 571 3204 626 Illi
3231 580 3410 624 autem
3447 579 3540 623 ne-

3030 645 3315 714 glexerunt
3350 658 3367 714 :_
3392 648 3445 714 et

3030 711 3283 768 abierunt
3303 754 3317 774 ,
3346 711 3425 780 (α)

3032 785 3123 839 alii
3148 785 3200 839 in
3231 782 3414 837 villam

3032 870 3184 910 suam
3203 898 3218 922 ,
3252 853 3341 909 alii

3032 944 3165 982 vero
3186 926 3254 981 ad
3282 938 3446 994 nego-

3034 999 3312 1053 tiationem
3334 1011 3487 1051 suam
3511 1011 3525 1047 :

3036 1070 3090 1125 6.
3130 1070 3320 1138 reliqui
3354 1081 3482 1123 vero

3038 1148 3328 1196 tenuerunt
3353 1151 3540 1195 servos

3039 1212 3190 1282 ejus,
3218 1221 3272 1267 et
3293 1226 3423 1282 con-

3040 1281 3260 1338 tumelia
3290 1281 3441 1337 adfe-

3040 1364 3157 1409 ctos
3191 1354 3406 1410 occide-

3039 1435 3186 1481 l'llﬂl.

3042 1496 3512 1568 7.n)me+mx

3041 1582 3163 1624 cum
3194 1568 3434 1624 audisset
3447 1610 3463 1637 ,

2986 1676 2991 1681 -
3043 1641 3213 1705 iratus
3234 1652 3317 1696 est
3340 1656 3355 1695 :

2984 1746 2991 1755 ο
3042 1722 3097 1766 et
3127 1711 3374 1781 misit(c)

3048 1784 3346 1839 exercitum
3378 1782 3418 1853 1-

3047 1869 3202 1909 suum
3228 1884 3244 1921 ,
3271 1865 3326 1911 et
3350 1868 3481 1923 pcr-

3046 1925 3185 1980 didit
3216 1926 3444 1981 homici-

3046 1998 3144 2052 das
3183 1997 3325 2061 illos,
3368 2006 3423 2052 et

3045 2069 3320 2124 civitatem
3354 2068 3418 2122 il-

3046 2139 3220 2194 lorum
3253 2154 3481 2195 succen-

3042 2211 3095 2266 8.
3137 2211 3235 2265 dit.
3264 2210 3418 2267 Tunc
3450 2210 3530 2267 ait

3043 2283 3219 2337 servis
3242 2285 3359 2338 suis
3384 2301 3398 2337 :

3044 2351 3277 2422 Nuptiae

3046 2425 3262 2495 quidem
3290 2439 3384 2495 pa-

3046 2506 3198 2550 ratae
3228 2506 3372 2565 sunt,

3044 2567 3138 2621 sed
3168 2568 3260 2637 qni
3287 2578 3443 2622 erant

3045 2637 3254 2694 invitati
3286 2654 3393 2692 non

3046 2708 3262 2765 fuerunt
3289 2709 3457 2780 digni.

3044 2780 3101 2836 9.
3145 2781 3221 2837 lte
3246 2796 3375 2851 ergo
3404 2780 3469 2835 ad

3046 2853 3223 2908 exitus
3262 2853 3378 2906 via-

3669 286 3769 343 ΞΜ

2212 2932 2267 2985 4.
2310 2944 2442 2984 cens
2470 2945 2483 2981 :
2516 2925 2687 2981 Dicite
2716 2922 2800 2978 in-
3048 2940 3189 2987 rum,
3218 2934 3271 2978 et
3296 2936 3459 2993 quos-

2213 3002 2398 3056 vitatis
2432 3017 2445 3052 :
2470 2999 2612 3054 Ecce
3048 3010 3281 3063 cumque
3304 2997 3386 3049 in-

2212 3071 2498 3142 prandium
2526 3082 2708 3142 meum
3048 3066 3328 3142 veneritis,

2213 3136 2396 3214 paravi
2416 3184 2429 3206 ,
2457 3140 2595 3195 tauri
3047 3148 3239 3214 vocate
3274 3136 3341 3214 ad

2215 3206 2271 3269 et
2292 3215 2533 3283 saginata
3050 3210 3138 3265 i0.
3182 3210 3425 3283 nuptias.
3454 3206 3533 3262 Et

2214 3278 2395 3341 occisa
2422 3294 2582 3350 sunt,
3049 3278 3430 3352 egressi’servi

2214 3367 2270 3411 et
2300 3356 2477 3411 omnia
2508 3369 2670 3425 para-
2972 3392 2975 3395 ς
3048 3354 3168 3421 ejus
3200 3354 3253 3407 in
3285 3352 3420 3415 vias,

2217 3439 2270 3484 ta
2300 3438 2425 3483 sunt
2456 3446 2469 3482 :
2507 3442 2601 3483 ve-
3048 3425 3517 3493 congregaverant

2674 3520 2906 3577 CODEX
2948 3519 3348 3577 BBIXIANUS.

2207 3630 2262 3673 et
2308 3618 2397 3686 qui
2435 3615 2729 3670 caeciderit
2775 3630 2937 3684 super
2985 3615 3214 3684 lapidem
3267 3616 3451 3669 istum.
3508 3616 3812 3685 confringe-

2212 3700 2316 3744 tur.
2366 3704 2530 3755 super
2578 3702 2736 3757 quem
2785 3703 2914 3741 vero
2959 3687 3273 3742 caeciderit.
3328 3687 3650 3742 conminuct
3671 3703 3811 3742 eum.

2214 3762 2279 3814 Et
2325 3776 2447 3814 cum
2495 3758 2774 3815 audissent
2829 3758 3098 3828 principes
3157 3760 3497 3813 sacerdotum
3558 3771 3615 3814 et
3675 3759 3812 3812 l’ha-

2213 3834 2373 3886 risaci
2404 3831 2689 3899 parabolas
2730 3830 2848 3899 ejus
2870 3838 3263 3899 cognoverunt.
3300 3830 3443 3899 quud
3476 3831 3548 3884 de
3578 3833 3711 3899 ipsis
3737 3829 3817 3883 di-

2213 3912 2384 3957 ceret.
2429 3904 2490 3957 Et
2519 3913 2842 3969 quaerentes
2890 3918 3013 3957 eum
3056 3911 3262 3956 tenere.
3296 3904 3597 3955 tinmernnt
3636 3902 3818 3956 turbas

2210 3977 2467 4044 quoniam
2500 3976 2637 4028 sicut
2663 3974 2982 4043 prophetam
3017 3988 3139 4027 eum
3170 3973 3459 4027 habebant.
3488 3973 3557 4027 Et
3592 3986 3816 4044 respon-

2211 4043 2344 4099 dens
2375 4044 2559 4099 Jesns.
2591 4046 2785 4099 iterum
2816 4044 2957 4099 dixit
2982 4046 3062 4099 eis
3090 4045 3141 4097 in
3182 4044 3454 4113 parabolis
3480 4044 3695 4100 dicens.
3729 4043 3816 4097 Si-

2214 4116 2340 4171 mile
2361 4126 2442 4169 est
2475 4131 2699 4183 regnum
2727 4117 3000 4171 caelorum
3027 4115 3229 4169 homini
3255 4116 3363 4184 regi
3394 4117 3483 4185 qui
3522 4116 3656 4171 fecit
3681 4132 3813 4181 nup-

2212 4187 2313 4243 tias
2346 4188 2455 4240 lilio
2480 4202 2599 4241 suo.
2642 4188 2705 4242 Et
2744 4186 2890 4241 misit
2917 4202 3107 4241 servos
3140 4202 3289 4241 suos.
3329 4202 3527 4241 vocare
3559 4186 3818 4241 invitatus

2209 4259 2276 4313 ad
2320 4258 2554 4327 nuptias.
2590 4270 2643 4313 et
2687 4260 2980 4313 noluerunt
3009 4260 3212 4311 venire.
3258 4258 3457 4312 lterum
3502 4260 3653 4312 misit
3680 4256 3816 4309 alios

2210 4345 2400 4385 servos
2428 4329 2636 4384 dicens.
2672 4330 2839 4385 Dicite
2868 4330 3126 4384 invitatis.
3158 4329 3297 4384 Ecce
3321 4329 3609 4397 prandium
3635 4342 3815 4382 meum

2214 4400 2420 4469 paravi.
2462 4402 2601 4455 tauri
2634 4404 2736 4455 mei
2781 4412 2836 4455 et
2873 4402 3117 4469 saginata
3146 4402 3327 4455 occisa
3365 4412 3490 4455 sunt
3529 4409 3591 4456 et
3635 4399 3816 4455 mntiia

2214 4484 2421 4540 parata.
2457 4474 2635 4527 venite
2663 4472 2730 4526 ad
2771 4473 2984 4541 nuptias
3027 4472 3110 4527 illi
3151 4481 3330 4526 autem
3365 4472 3728 4540 neglexerunt
3764 4477 3820 4522 et

2211 4544 2465 4599 abierunt
2497 4544 2638 4597 alius
2666 4542 2732 4596 ad
2777 4559 2963 4612 agrum
2994 4559 3171 4597 suum.
3211 4544 3349 4597 alius
3372 4557 3502 4597 vero
3545 4544 3615 4597 ad
3655 4554 3821 4610 nego-

2213 4616 2490 4669 tiationem
2530 4615 2927 4685 suainareliqui
2958 4631 3103 4668 vero.
3137 4622 3431 4669 tenuerunt
3456 4628 3653 4668 servos
3679 4615 3818 4685 ejus.

2210 4695 2267 4743 et
2294 4686 2638 4740 cuntumeliis
2666 4680 2887 4741 allectos
2918 4687 3255 4741 occiderunt.
3284 4686 3353 4740 Et
3374 4686 3607 4740 audiens
3628 4700 3723 4738 rex
3747 4680 3821 4750 (ὁ)

2217 4758 2330 4811 ille.
2347 4758 2513 4828 iratus
2524 4767 2628 4811 est.
2643 4767 2698 4812 et
2710 4758 2929 4813 mittens
2941 4755 3015 4828 (c)
3028 4756 3379 4826 exercitum-j
3391 4772 3573 4811 suum.
3589 4754 3826 4828 peglidit

2216 4827 2518 4885 homicidas
2547 4828 2689 4884 illos.
2718 4838 2774 4883 et
2802 4824 3306 4884 civitatemillorum
3331 4824 3635 4883 succendit.
3669 4824 3825 4881 Tune

2216 4900 2292 4955 ait
2318 4900 2491 4954 servis
2510 4901 2645 4956 suis.
2674 4898 2903 4970 Nuptiae
2931 4899 3148 4969 quidem
3183 4909 3403 4969 paratae
3426 4908 3577 4957 sunt.
3607 4893 3824 4970 sedqu

2215 4970 2423 5027 invitati
2445 4982 2625 5026 erant.
2652 4967 2773 5027 non
2795 4967 3013 5027 ﬁlerunt
3040 4967 3208 5042 digni.
3244 4972 3321 5026 ite
3356 4986 3489 5041 ergo
3522 4970 3595 5025 ad
3641 4967 3824 5023 exitus

2219 5043 2429 5096 viarum
2460 5050 2515 5095 et
2558 5056 2928 5112 quoscumque
2966 5044 3308 5098 inveneritis.
3337 5054 3531 5097 vocate
3575 5042 3649 5097 ad
3688 5054 3825 5109 nup-

2218 5114 2344 5167 tias.
2376 5113 2445 5168 Et
2464 5116 2669 5183 egressi
2694 5116 2835 5168 servi
2865 5115 2942 5169 illi
2971 5113 3027 5169 in
3051 5115 3189 5171 vias.
3220 5127 3587 5186 congregave-

1221 5206 1618 5266 VARIANTES
1648 5204 2039 5266 LECTIONES
2078 5203 2349 5265 CODICIS
2381 5205 2495 5262 IS.
2532 5206 2590 5262 S.
2630 5206 3138 5266 GERMANENSIS.

570 5300 586 5331 ¹
624 5298 801 5352 factam

569 5362 590 5424 ξ
625 5360 723 5413 lilio
746 5372 854 5424 suo,

568 5422 591 5493 ξ
886 5429 937 5475 et
961 5423 1228 5493 noluerunt
1253 5426 1445 5493 venire,

566 5486 589 5558 ξ
624 5488 918 5558 «:tsaginata
941 5502 1052 5539 mea
1076 5492 1235 5558 occisa
1251 5531 1267 5558 ,
1295 5497 1407 5544 et...
1430 5486 1600 5555 parata
1626 5492 1828 5543 :venite

566 5549 589 5581 ⁸
628 5551 690 5602 Ut
720 5549 865 5621 Vulg.
892 5564 1065 5619 usque,
1088 5552 1199 5604 Rex

2274 5300 2297 5333 ⁸
2332 5300 2493 5363 missis
2510 5300 2821 5363 exercitibus
2840 5302 2967 5363 auis,

2275 5364 2294 5426 ’ζ
2332 5362 2421 5411 sed
2443 5364 2611 5426 qui....
2632 5360 2832 5416 fuerant

2278 5425 2301 5456 ⁸
2338 5425 2505 5475 vocate

2281 5488 2305 5519 ⁹
2346 5487 2410 5537 Ut
2432 5487 2481 5538 in
2509 5486 2723 5556 Vulgata
2745 5494 2915 5554 usque,
2940 5490 3135 5540 vestem

1816 5633 2193 5696 BLANCHINI
2229 5637 2466 5698 ΝΟΤιΕ.

577 5730 790 5807 (uilia,
820 5741 880 5787 et
904 5732 1029 5788 cod.
1054 5732 1222 5807 Cant.
1261 5735 1307 5791 oi
1328 5735 1559 5807 μὲν...ᾎοῖ
1580 5732 1657 5807 δέ,
1687 5732 1877 5788 alii....
1903 5733 2017 5807 alii.
2040 5762 2114 5773 -
2135 5733 2211 5805 (tv)
2238 5734 2407 5795 Addit
2426 5733 2539 5802 ille,
2558 5734 2682 5793 cod.
2706 5749 2925 5807 quoque
2947 5733 3106 5793 Cant.
3138 5733 3321 5796 ῐκεῖνος
3342 5729 3433 5804 qui
3456 5740 3582 5787 cum
3618 5727 3822 5787 Veron.

504 5802 738 5857 omittit.
785 5813 975 5859 autem.
1007 5834 1079 5847 —
1104 5803 1175 5875 (c)
1205 5805 1281 5860 Ita
1319 5802 1375 5862 et
1412 5805 1535 5862 cod.
1588 5805 1749 5862 Cant.
1780 5807 1853 5885 ~vi)
1883 5802 2208 5879 στράτευμα.
