1990 3096
278 112 333 142 295

475 170 588 199 CODEX
610 169 880 199 VERCELLENSIS.

279 219 359 248 Jesus
372 227 379 247 :
392 218 508 246 Reddite
695 221 785 245 autem
801 217 889 244 omni-

281 263 349 290 quae
365 259 427 282 sunt
441 253 506 281 (Σαρ-
694 260 742 290 um
757 257 784 281 et
794 253 893 280 mulier

282 288 360 324 saris,
375 291 474 317 Caesa-
694 288 821 316 defuncta
832 291 884 316 est.

282 326 315 356 ri.
331 332 355 353 ct
370 334 438 359 quae
451 330 512 351 sunt
693 324 739 352 28.
760 324 800 352 In.
823 344 830 351 .
853 344 859 350 .
880 331 937 351 sur.
960 343 967 350 .

281 362 326 388 22.
350 362 406 392 Dei,
421 361 485 387 Deo.
501 360 577 388 Etil-
696 378 704 386 .
745 380 752 387 .
792 379 800 386 .
840 379 847 386 .
888 380 895 387 .
937 379 945 386 .
985 378 992 385 .

281 397 453 424 liaudientes
699 415 706 422 .
745 415 753 422 .
793 415 800 421 .
841 414 848 422 .
889 415 897 423 .
937 414 944 421 .
984 415 992 422 .

283 431 552 465 ......isunt,

282 472 504 496 .....ιοθο
698 484 990 493 ο......

282 507 461 532 ....ωιι.
699 521 993 529 .......

279 537 626 569 23.....-..dieac—

280 578 455 603 c..erunt
698 591 991 600 ...ι...

281 610 471 639 adeumSad-
697 628 704 635 .
746 628 753 636 .
794 628 800 635 .
841 628 848 634 .
889 628 895 634 .
936 628 943 634 .
983 628 991 635 .

281 646 389 680 ducaei,
403 645 449 681 qui
695 643 770 681 29._.
793 663 803 681 ._
825 663 832 670 .
854 663 861 671 .
881 643 987 671 escien-

283 682 378 710 dicunt
391 679 445 708 non
696 679 867 714 tes_Scriptu-

280 725 342 746 esse
354 725 446 746 resur-
696 722 751 746 ras.
767 722 855 750 neque

281 754 446 785 rectionem;
697 751 825 778 virtutem
839 750 897 778 Dei.

281 793 310 817 et
328 789 443 817 interro-
698 786 744 814 50.
765 786 793 813 In
803 793 942 814 resurrec-

299 829 415 853 averunt
699 822 801 849 tionem
813 822 886 849 enim

319 881 327 888 .
346 867 409 888 eum
422 858 516 887 dicen-
696 865 793 892 neque.
816 876 824 883 .
846 876 853 884 .
876 876 883 883 .
906 876 912 883 .
936 875 945 884 .

280 895 450 930 teszMagis-
696 900 792 928 neque.
817 912 824 919 .
847 912 855 919 .
877 912 884 920 .
908 912 915 920 .
938 911 946 920 .

280 931 453 965 ter,Moyses

281 965 491 1000 dixit:Siquis
698 983 706 990 .
839 983 847 990 .
888 982 896 991 .
936 984 942 990 .
983 982 991 990 .

280 1005 405 1030 mortuus
418 999 476 1029 fue—
696 999 785 1035 angeli

280 1037 442 1066 ritnonha—
696 1035 944 1063 lo........

279 1081 588 1101 ..ns........
696 1071 1011 1105 3l,....-..

281 1108 555 1137 ...duc.....

342 1164 349 1171 .
370 1162 379 1172 .
399 1144 458 1180 ejus
472 1150 538 1171 uro-
699 1147 817 1171 tuorum.
929 1161 936 1168 .
959 1161 965 1168 .

281 1198 289 1207 .
310 1200 318 1207 .
341 1200 348 1207 .
371 1199 378 1206 .
400 1177 481 1208 flius
700 1199 707 1206 .
729 1198 736 1205 .
758 1198 766 1206 .
786 1177 858 1213 quod
875 1177 917 1206 dic

279 1219 526 1244 .....tsem-
697 1219 847 1243 tumest..

277 1356 509 1386 25.nxoreduc-
699 1375 707 1384 .
747 1375 756 1384 .
795 1376 803 1383 .
843 1376 850 1382 .
890 1374 898 1382 .
937 1374 946 1383 .
986 1374 993 1382 .

278 1397 317 1426 ta,
337 1393 480 1422 defunctus
698 1412 706 1420 .
747 1413 755 1420 .
795 1411 803 1419 .
843 1411 850 1418 .
890 1410 898 1418 .
938 1410 946 1418 .
987 1410 994 1417 .

280 1429 448 1457 estnonba-
699 1447 708 1454 .
748 1448 755 1455 .
795 1445 804 1454 .
844 1447 851 1454 .
891 1446 899 1454 .
939 1445 947 1454 .
986 1445 994 1453 .

277 1464 467 1498 benssemen,
699 1484 707 1492 .
748 1483 756 1491 .
795 1481 805 1491 .
843 1482 850 1489 .
888 1482 895 1490 .
937 1481 946 1490 .
985 1482 993 1489 .

278 1500 392 1536 reliquid
407 1507 476 1528 uxo-
700 1519 707 1526 .
747 1517 755 1526 .
796 1519 804 1526 .
842 1516 852 1525 .
890 1517 898 1525 .
939 1517 947 1526 .
987 1516 995 1525 .

278 1543 424 1564 remsuam
700 1553 996 1562 .......

276 1571 324 1599 26.
344 1571 494 1600 fratrisuo.
510 1570 554 1600 Si-
699 1591 706 1597 .
747 1590 755 1597 .
793 1589 801 1597 .
842 1590 849 1596 .
890 1588 897 1596 .
937 1589 945 1596 .
985 1588 993 1596 .

277 1607 508 1635 militerse...

278 1642 340 1675 dus,
354 1646 383 1670 et
397 1643 474 1670 terti.
697 1642 744 1672 55.
764 1641 862 1668 bantur
874 1639 903 1668 in
913 1639 979 1669 doc-

280 1685 322 1710 us,
333 1684 424 1718 usque
432 1677 466 1704 ad
697 1676 767 1704 trina
778 1676 848 1711 ejus.

280 1716 448 1753 septimum.
701 1731 709 1740 .
750 1732 757 1738 .
797 1731 804 1738 .
844 1731 852 1739 .
891 1731 900 1740 .
939 1731 946 1739 .
987 1730 995 1739 .
1035 1730 1042 1738 .

276 1746 495 1776 27.Noussnma
701 1766 709 1775 .
748 1767 757 1775 .
796 1765 805 1774 .
845 1767 852 1775 .
893 1766 900 1774 .
939 1766 948 1775 .
987 1767 994 1774 .
1034 1767 1041 1774 .

493 1816 608 1845 CODEX
627 1816 868 1845 CORBEIENSIS.

279 1864 360 1893 .lesus
384 1873 391 1892 :
418 1863 534 1892 Reddite
558 1871 628 1899 quae
653 1862 778 1891 Caesaris
795 1867 868 1896 sunt,
901 1862 1030 1898 Caesari,
1054 1868 1082 1892 et

278 1908 349 1936 quae
365 1899 411 1928 Dei
432 1904 506 1932 sunt,
522 1900 590 1927 Deo.
608 1899 797 1936 Etiaudientes
817 1899 905 1927 mirati
939 1904 1002 1927 sunt
1018 1920 1026 1931 .
1053 1904 1082 1936 et

278 1935 375 1964 relicto
389 1943 423 1964 eo
442 1940 627 1963 recesserunt.
648 1935 676 1962 In
693 1935 738 1962 illa
766 1935 811 1962 die
845 1940 1021 1963 accesserunt
1046 1935 1081 1962 ad

279 1979 341 2000 eum
361 1971 523 2004 Sadducaei,
550 1974 683 2006 negantes
699 1970 927 1998 resurrectionem
958 1976 1080 1998 mortuo-

280 2015 356 2038 rum;
381 2011 409 2035 et
430 2007 558 2034 dixerunt
576 2005 602 2034 ei
630 2015 636 2033 :
661 2005 797 2041 Magister.
811 2007 830 2042 γ¹
852 2007 958 2042 Moyses
981 2006 1048 2033 dixit
1072 2014 1080 2033 :

280 2043 309 2071 Si
317 2043 379 2077 quis
385 2042 597 2076 mortuusfuerit
611 2049 664 2069 non
676 2041 779 2069 habens
785 2043 795 2057 ²
804 2041 886 2075 filios,
893 2041 923 2069 ut
934 2043 1016 2069 frater
1024 2042 1083 2076 ejus

281 2086 395 2106 uxorem
415 2078 488 2106 illius
512 2078 637 2113 accipiat,
650 2084 679 2105 et
692 2078 806 2105 suscitet
820 2084 912 2105 semen
931 2077 1008 2104 fratri
1019 2084 1079 2104 suo.

280 2114 367 2141 Erant
380 2121 444 2149 ergo
454 2113 525 2149 apud
547 2112 597 2140 nos
610 2118 713 2147 septem
726 2112 834 2145 fratres;
847 2118 873 2140 ct
885 2113 1000 2147 primus,
1014 2120 1082 2140 uxo—

279 2157 337 2177 rem
351 2149 438 2183 duxit,
458 2148 486 2177 et
499 2148 644 2176 defunctus
669 2152 712 2176 est
733 2156 787 2176 non
811 2149 907 2176 relicto
922 2149 1038 2181 semine,
1054 2152 1083 2176 et

282 2185 392 2220 reliquit
407 2192 518 2212 uxorem
533 2191 610 2211 suam
620 2184 696 2220 fratri
711 2191 771 2211 suo.
786 2183 918 2220 Similiter
927 2188 961 2220 et
983 2191 1081 2211 secun-

279 2219 350 2254 dus,’
358 2225 385 2247 et
400 2220 506 2252 tertius,
520 2227 607 2254 usque
631 2219 664 2247 ad
689 2220 845 2253 septimum.
867 2219 1017 2247 Novissima
1032 2227 1081 2247 au-

280 2260 335 2282 tem
349 2255 469 2282 omnium
482 2259 511 2282 et
519 2255 617 2283 mulier
630 2254 757 2282 defuncta
772 2260 824 2282 est.
837 2255 865 2282 In
881 2255 1080 2283 resurrectione

279 2298 346 2326 ergo
364 2290 441 2325 cujus
450 2290 543 2318 eritde
557 2295 660 2324 septem
676 2291 764 2318 uxor?
777 2298 872 2318 omnes
886 2291 958 2318 enim
980 2290 1081 2318 habue-

278 2331 344 2354 runt
355 2334 427 2354 eam.
439 2326 619 2362 Respondens
632 2330 723 2353 autem
746 2326 837 2358 Jesus,
859 2327 894 2353 ait
911 2326 981 2354 illis:
998 2326 1081 2353 Erra-

279 2362 326 2394 tis,
349 2362 502 2390 nescientes
527 2362 692 2396 Scripturas,
718 2369 807 2397 neque
822 2363 949 2390 virtutem
975 2362 1033 2389 Dei.
1051 2362 1079 2390 In

277 2399 481 2433 resurrectione
494 2398 567 2425 enim
582 2405 670 2432 neque
684 2398 798 2432 nubent,
814 2405 903 2433 neque
918 2398 1056 2425 nubentur
1070 2406 1077 2424 :

277 2432 402 2461 sedsunt
422 2433 494 2461 sicut
514 2433 601 2468 angeli
616 2433 664 2460 Dei
680 2433 707 2460 in
726 2434 807 2461 coelo.
826 2432 864 2460 De
876 2433 1080 2461 resurrectione

277 2474 370 2497 autem
385 2474 553 2497 mortuorum
566 2476 619 2496 non
632 2468 735 2503 legistis
745 2468 817 2503 quod
827 2469 930 2496 dictum
941 2474 984 2496 est
994 2477 1009 2495 a
1025 2468 1083 2496 Deo

278 2504 386 2533 dicente
395 2505 474 2532 vobis
484 2513 490 2530 z
499 2504 556 2538 Ego
565 2511 626 2532 sum
637 2503 709 2532 Deus
720 2504 869 2537 Abraham,
879 2504 981 2532 etDeus
994 2503 1080 2538 Isaac,

278 2544 307 2568 et
323 2540 394 2568 Deus
407 2540 491 2568 Jacob
500 2539 577 2567 tNon
591 2543 634 2567 est
648 2540 718 2568 Deus
728 2544 909 2573 mortuorum,
922 2540 933 2555 ³
946 2540 995 2568 sed
1005 2540 1080 2567 vivo-

278 2583 350 2604 rum.
359 2576 392 2603 Et
401 2575 555 2603 audientest
567 2576 650 2603 urbae
661 2575 830 2604 mirabantur
840 2575 868 2603 in
878 2575 1002 2604 doctrina
1010 2575 1080 2611 ejus.

314 2611 455 2639 Pharisaei
469 2615 560 2639 autem
573 2610 718 2640 audientes

1073 1720 1077 1724 '
1129 1712 1177 1739 27.

530 111 668 141 EUSEBII
687 111 856 140 VERCELL.
877 112 1105 143 EVANGELIUM
1125 113 1197 142 CUM
1218 112 1331 143 VARIIS
1348 113 1426 142 COD.
1446 111 1641 142 COLLATUM.
1864 113 1910 142 296

1340 169 1455 200 GODEX
1474 170 1699 200 VERONENSIS.

1546 222 1573 244 et
1588 217 1685 244 mulier

1546 252 1671 280 defuncta
1684 257 1735 280 est.

1546 288 1592 315 28.
1603 288 1632 315 ln
1645 288 1817 317 ressurectio-

1548 330 1582 351 ne
1595 329 1684 351 autem

1127 217 1181 246 illis
1192 217 1271 245 Jesus
1283 225 1290 243 :

1128 252 1242 281 Reddite
1251 260 1320 287 quae

1127 293 1192 315 sunt
1211 288 1334 316 Caesaris
1342 308 1351 321 ,

1127 323 1247 355 Caesari.
1261 328 1289 352 et
1302 331 1372 359 quae

1127 365 1192 387 sunt
1206 359 1265 393 Dei,
1547 359 1625 393 cujus
1637 359 1690 387 erit

1127 393 1174 421 22.
1196 395 1261 422 Deo.
1277 394 1312 421 Et
1330 394 1368 422 illi
1547 395 1632 422 uxor?
1644 402 1689 422 se-

1128 430 1271 458 audientcs
1286 430 1376 458 mirati
1547 435 1620 465 ptem
1640 430 1712 458 enim

1127 470 1202 499 sunt,
1217 470 1244 493 et
1257 465 1322 494 reli-
1415 489 1417 491 .
1546 473 1607 493 eam
1621 466 1784 494 habuerunt.

1129 506 1174 529 cto
1183 509 1216 529 eo
1228 501 1363 530 abierunt.
1545 501 1591 529 29.
1601 501 1788 537 Respondens.

1128 537 1175 565 23.
1195 537 1223 564 In
1239 537 1285 564 illa
1295 537 1340 565 die
1546 537 1644 570 Jesus',
1658 538 1696 564 ait

1129 577 1303 601 accesserunt
1548 573 1620 600 illis:
1635 573 1753 606 Erratis,

1129 608 1164 636 ad
1176 616 1239 636 eum
1255 608 1323 637 Sad-
1548 608 1702 636 nescientes
1721 609 1791 637 Scri-

1130 643 1236 680 ducaei,
1257 644 1302 678 qui
1548 649 1642 679 pturas
1649 664 1656 677 ,
1669 652 1756 680 neque

1131 679 1223 707 dicunt
1238 687 1291 707 non
1549 680 1677 708 virtutem

1131 722 1192 743 esse
1202 723 1324 743 resurre-
1548 715 1594 743 30.
1614 715 1672 744 Dei.
1686 715 1716 743 In
1730 723 1771 744 re-

1130 752 1258 784 ctionem;
1272 755 1300 779 et
1548 752 1720 779 surrectione

1132 787 1368 822 interrogaverunt
1549 791 1638 822 autem
1653 794 1741 822 neque

1131 830 1193 850 eum
1207 822 1327 850 dicentes
1344 831 1351 850 :

1131 858 1269 894 Magister,
1282 858 1389 894 Moyses

1131 894 1200 921 dixit
1212 902 1220 922 :
1234 893 1262 921 Si
1277 893 1338 928 quis

1131 933 1254 957 mortuus
1270 929 1327 957 fne—

1131 965 1167 992 rit
1182 972 1236 992 non
1251 964 1354 992 habens

1549 821 1671 855 nubunt,
1688 821 1776 858 neque

1548 865 1648 886 uxores
1661 858 1780 886 ducunt:

1548 892 1596 921 sed
1608 898 1671 921 sunt
1682 894 1754 921 sicut

1550 928 1691 992 ἑθοέἓῗὲἷί
1711 929 1733 965 ’τ

1550 973 1578 992 ιη
1593 972 1679 993 caelo.

1132 1000 1233 1028 lilium:
1248 1005 1278 1028 ut
1288 999 1337 1028 du-
1551 1000 1596 1028 51.
1614 1001 1652 1028 De
1667 1008 1788 1030 resurre-

1132 1040 1176 1064 cat
1190 1035 1273 1064 frater
1551 1037 1642 1064 ctione
1655 1041 1746 1065 autem

1132 1071 1192 1106 ejus
1206 1078 1317 1100 uxorem
1550 1077 1719 1100 mortuorum

1130 1107 1219 1140 illius,
1233 1112 1261 1136 et
1274 1115 1319 1135 su-
1551 1115 1606 1135 non
1617 1107 1720 1143 legistis

1130 1143 1211 1172 scitet
1223 1151 1317 1171 semen
1548 1143 1610 1177 quia
1625 1143 1726 1172 dictum

1130 1178 1206 1207 fratri
1219 1186 1280 1207 suo.
1548 1183 1591 1205 cst
1604 1186 1620 1206 ι
1636 1179 1692 1207 Deo

1129 1214 1176 1242 25.
1188 1214 1272 1242 Erant
1282 1219 1373 1242 autem
1550 1213 1657 1242 dicente
1671 1223 1717 1243 vo-

1130 1254 1197 1285 aput
1210 1257 1261 1287 nos
1549 1249 1595 1287 §2.
1609 1250 1667 1278 bis:
1682 1250 1740 1287 Ego

1130 1284 1233 1321 septem
1248 1285 1363 1318 fratres;
1548 1284 1622 1313 Deus

1130 1326 1158 1349 et
1172 1321 1290 1356 primus.
1549 1321 1685 1350 Abraham
1696 1343 1705 1355 ,
1720 1328 1748 1351 et

1130 1355 1216 1392 urere
1229 1357 1309 1385 ducta
1320 1378 1328 1390 ,
1549 1355 1621 1385 Deus
1639 1357 1713 1392 Isae,

1130 1391 1272 1421 defunctus
1287 1398 1330 1421 est
1548 1397 1576 1419 et
1586 1393 1657 1421 Deus
1668 1393 1770 1422 Iacob?

1130 1435 1225 1457 semen
1242 1436 1295 1457 non
1550 1428 1597 1456 55.
1610 1428 1670 1457 Non
1682 1433 1724 1457 est
1765 1451 1768 1455 .

1131 1463 1249 1498 habens,
1264 1462 1378 1499 reliquid
1550 1464 1623 1492 Deus

1130 1506 1243 1527 uxorem
1258 1507 1334 1527 suam
1550 1504 1719 1529 mortuorum
1724 1521 1731 1533 ο

1129 1533 1208 1562 fratri
1222 1542 1283 1562 suo.
1549 1535 1598 1562 sed
1612 1536 1772 1565 viventium.

1130 1569 1177 1598 26.
1191 1570 1321 1599 Similiter
1332 1577 1375 1598 se—
1551 1570 1586 1598 Et
1599 1578 1663 1599 cum

1131 1605 1250 1640 cundus,
1266 1611 1293 1635 et
1549 1606 1676 1635 audirent

1550 1642 1834 1680 turbae_mirabantur.
1856 1674 1864 1680 ,

1548 1676 1875 1743 sissesisse“

1552 1754 1606 1777 tem
1620 1750 1764 1779 audientes

1365 1815 1483 1845 CODEX
1501 1816 1696 1845 BllIXIANUS.

1132 1864 1222 1892 Jesus.
1235 1864 1350 1892 Reddite
1364 1872 1429 1899 ergo
1440 1872 1509 1897 quae
1522 1868 1584 1891 sunt
1597 1864 1734 1892 Caesaris.
1756 1864 1876 1893 Caesari.
1902 1868 1926 1892 et

1133 1907 1202 1934 quae
1213 1905 1277 1927 sunt
1291 1900 1347 1927 Dei.
1361 1900 1427 1927 Deo.
1442 1900 1476 1934 Et
1493 1900 1635 1927 audientes
1666 1900 1755 1928 mirati
1772 1906 1835 1928 sunt
1849 1904 1877 1928 et
1889 1908 1928 1927 re»

1133 1930 1197 1963 licio
1207 1943 1250 1962 eo.
1265 1936 1399 1963 abierunt.
1407 1935 1434 1962 In
1447 1930 1491 1962 illa
1502 1935 1732 1964 die.accesserunt
1745 1936 1780 1964 ad
1792 1944 1852 1965 eum
1868 1935 1927 1964 Sad-

1131 1971 1227 1999 ducaei
1236 1971 1281 2006 qui
1291 1971 1384 1999 dicunt
1396 1978 1449 1998 non
1462 1979 1524 1999 esse
1537 1971 1780 1999 resurrectiOnem.
1803 1977 1832 1999 et
1852 1972 1928 1998 inter-

1133 2011 1297 2042 rogaverunt
1310 2014 1371 2043 eum
1382 2007 1519 2043 dicentes.
1532 2007 1667 2041 Magister.
1689 2007 1798 2043 Moyses
1811 2008 1886 2035 dixit.
1902 2006 1928 2034 Si

1133 2043 1194 2076 quis
1205 2047 1328 2070 mortuus
1343 2042 1436 2070 fuerit.
1447 2050 1500 2070 non
1513 2042 1618 2070 habens
1630 2043 1700 2070 filius
1714 2048 1744 2070 ut
1757 2043 1840 2070 ducat
1847 2043 1927 2069 frater

1133 2078 1193 2112 ejus
1216 2085 1329 2106 uxorem
1355 2078 1438 2105 illius.
1462 2083 1491 2105 et
1514 2079 1628 2105 suscitet
1648 2085 1743 2105 semen
1765 2078 1843 2106 fratri
1867 2085 1924 2104 suo.

1133 2113 1218 2141 Erant
1238 2119 1330 2141 autem
1350 2118 1415 2148 aput
1435 2120 1495 2141 nos.
1516 2118 1620 2148 septem
1642 2114 1751 2141 fratres.
1776 2119 1805 2141 et
1829 2113 1926 2148 primus

1133 2156 1219 2177 uxore
1244 2149 1334 2177 ducta.
1359 2148 1504 2177 defunctus
1526 2154 1568 2177 est
1591 2153 1618 2177 et
1637 2156 1691 2176 non
1712 2148 1818 2177 habens
1836 2156 1925 2176 semen

1133 2184 1242 2219 reliquit
1257 2192 1371 2212 uxorem
1387 2192 1463 2212 suam
1479 2184 1554 2213 fratri
1570 2192 1629 2212 suo.
1644 2185 1778 2212 Similiter
1792 2190 1882 2212 autem
1901 2188 1927 2210 ct

1133 2221 1278 2248 secundus.
1300 2226 1328 2248 et
1343 2221 1438 2248 tertius
1453 2227 1538 2256 usque
1553 2220 1586 2247 ad
1602 2220 1928 2256 septimumiNovissimae

1132 2260 1224 2283 autem
1245 2256 1366 2283 omnium
1381 2260 1410 2283 et
1425 2255 1522 2283 mulier
1535 2255 1662 2284 defuncta
1676 2260 1727 2284 est.
1748 2255 1777 2283 In
1793 2263 1929 2283 resurrec-

1133 2293 1206 2327 tione
1220 2299 1296 2327 ergo.
1312 2292 1392 2326 cujus
1405 2291 1440 2319 de
1454 2296 1569 2326 septem.
1586 2293 1640 2319 erit
1654 2299 1722 2319 uxor
1741 2299 1841 2318 omnes
1860 2292 1929 2319 enim

1133 2326 1286 2355 habuerunt
1305 2334 1376 2355 eam.
1401 2327 1580 2362 Respondens
1599 2333 1688 2354 autem
1708 2327 1788 2354 Jesus
1808 2327 1850 2354 ait
1869 2327 1929 2362 illis.

1134 2362 1239 2398 Erratis
1261 2363 1415 2391 nescientes
1434 2361 1599 2390 scribturas.
1620 2370 1710 2398 neque
1724 2363 1855 2389 virtutem
1871 2361 1928 2398 Dei.

1133 2397 1162 2425 In
1178 2399 1379 2427 resurrectione
1392 2398 1476 2426 enim.
1494 2406 1582 2433 neque
1594 2399 1697 2426 nubent
1718 2405 1808 2432 neque
1830 2397 1931 2425 nuben-

1136 2438 1190 2461 tur.
1207 2435 1255 2462 sed
1270 2440 1333 2461 sunt
1347 2435 1418 2462 sicut
1436 2434 1525 2470 angeli
1541 2434 1568 2461 in
1582 2434 1667 2462 caelo.
1681 2434 1719 2470 De
1731 2434 1931 2470 resurrectione

1137 2474 1227 2497 autem
1252 2475 1421 2497 mortuorum
1442 2468 1496 2497 non
1516 2470 1619 2505 legistis
1638 2469 1710 2505 quod
1730 2468 1837 2505 dictum
1857 2472 1898 2496 est
1915 2474 1930 2494 α

1137 2505 1192 2541 Deo
1207 2505 1314 2533 dicente
1328 2506 1415 2541 vobis.
1432 2505 1489 2541 Ego
1503 2504 1563 2533 sum
1578 2506 1650 2533 Deus
1664 2504 1803 2532 Abraham
1818 2509 1852 2541 et
1864 2504 1932 2541 Deus

1135 2539 1210 2568 Isaac
1220 2545 1248 2568 et
1254 2541 1326 2569 Deus
1335 2540 1421 2569 Jacob
1426 2539 1485 2569 Non
1496 2546 1538 2569 est
1546 2542 1615 2569 Deus
1626 2545 1794 2568 mortuorum
1805 2540 1853 2567 sed
1861 2540 1932 2566 vivo-

1135 2583 1205 2604 rum.
1215 2576 1394 2605 Etaudientes
1408 2577 1503 2605 turbae
1509 2576 1713 2605 mirabanturin
1722 2574 1852 2605 doctrina
1864 2575 1930 2610 ejus.

1171 2612 1310 2640 Pharisaei
1320 2617 1412 2640 autem
1423 2612 1567 2641 audientes

1130 1642 1244 1677 tertius,
1259 1648 1346 1677 usque

1130 1676 1165 1704 ad
1178 1676 1334 1705 septimum.

1216 1713 1344 1741 ovissime

1131 1754 1222 1777 autem
1232 1749 1352 1777 omnium

621 2666 819 2697 VARIANTES
838 2668 1031 2699 LECTIONES
1043 2668 1176 2698 CODICIS
1194 2668 1250 2697 MS.
1271 2669 1300 2697 S.
1321 2668 1577 2699 GERMANENSIS.

309 2723 322 2772 ζ
339 2722 552 2789 usque,
566 2756 612 2782 sed
624 2761 698 2784 erunt
709 2757 775 2784 sicut

1168 2727 1179 2743 ³
1193 2727 1240 2753 sed
1250 2726 1321 2753 Dens
1331 2727 1475 2754 viventium.

938 2810 1123 2840 BLANCHINI
1141 2811 1257 2841 ΝΟΤιΕ.

320 2864 360 2902 (α)
375 2865 439 2895 Post
452 2867 544 2904 Ληρειὶ
558 2868 636 2897 deest
648 2867 712 2903 Dei,
728 2869 810 2898 etiam
826 2870 853 2898 in
866 2870 928 2899 cod.
942 2870 1020 2899 Cant.
