1990 3096
95 112 137 140 291
549 109 775 140 EVANGELIUM
794 108 982 140 SECUNDUM
1001 108 1217 139 MATTﬁ/EIJM.

259 165 380 195 CODEX
400 166 670 197 VERCELLENSIS.

484 215 529 242 45.
546 215 592 243 Ait
608 215 681 243 illis:
697 215 812 250 ρυοωψ

484 251 520 278 do
533 258 599 286 ergo
614 251 697 278 David

484 286 512 314 in
525 286 621 322 spiritu
633 292 712 315 vocat
792 323 798 328 ἱ

483 322 798 351 eumD......dt

482 357 827 386 M.cens:Di.....

554 394 685 422 Dominus
700 394 816 422 Domino

552 436 767 458 meo:se.-..

552 465 691 493 adcxtr.
713 484 750 493 ..

554 501 623 528 meis
631 523 638 533 ,
654 500 703 528 do-

554 543 605 564 nec
618 544 715 571 ponam

554 571 630 599 inimi
651 591 658 599 .
679 591 688 599 .
710 592 718 599 .
740 592 747 600 .

554 612 749 635 tuo.....

556 642 652 671 billum

555 678 654 713 pedum

555 719 662 742 tuorum
671 714 683 741 2

484 748 530 776 45.
544 748 572 777 Si
590 756 657 783 ergo
671 749 759 778 David

484 791 546 812 eum
562 785 601 820 (ά)
623 786 650 812 in
666 785 761 820 spiritu
775 785 796 820 -ζ-

485 825 563 848 vocat
579 821 722 849 Dominum
732 842 740 855 ,

486 863 735 889 quomo.....

486 891 716 920 lius......

85 930 199 958 58.mum
213 950 220 961 ,
236 933 264 957 et
285 928 343 964 pri-
486 927 532 955 46.
554 927 587 955 Et
597 935 678 955 nemo
693 949 700 955 .
726 949 732 955 .
756 949 762 955 .
786 948 793 954 .

83 973 143 993 mum
160 973 231 993 man-
487 966 557 999 lerat
568 971 681 999 respon-

83 1001 120 1028 39.
132 1001 225 1029 datum.
242 1000 346 1029 Secun-
487 997 553 1026 dere
565 1000 589 1026 ei
603 997 663 1027 ver-

82 1036 136 1064 dum
152 1041 235 1065 autem
488 1033 552 1061 bum
569 1043 577 1061 :
591 1042 678 1070 neque

487 1076 569 1097 ausus
581 1074 623 1098 est
634 1071 708 1104 quis-

487 1112 570 1139 quam
585 1113 619 1133 ex
629 1105 673 1133 illa

485 1141 553 1168 hora
566 1148 629 1169 eum
645 1149 704 1169 am-

83 1092 89 1099 .
110 1093 115 1098 .
135 1092 143 1101 .
161 1072 195 1100 ile
205 1076 246 1099 est
259 1071 339 1100 huic:

83 1107 172 1149 Diliges
185 1115 246 1144 pro-

81 1150 171 1171 mnum

484 1176 556 1210 plius
566 1176 651 1205 inter-

83 1218 591 1248 ........rogare.

82 1248 210 1314 gilii-“ridi:
225 1248 271 1277 his
286 1248 395 1278 duobus
557 1269 670 1299 CAPUT
689 1269 785 1299 xm".

83 1327 275 1349 .....ersa
297 1320 342 1349 lex
487 1318 515 1346 1.
535 1316 869 1346 Tuchesus....u—

81 1357 177 1394 pendet,
193 1362 220 1385 et
234 1363 300 1392 pro-
487 1359 556 1382 tuse
570 1373 577 1379 .
600 1372 608 1380 .
630 1373 638 1380 .
661 1372 668 1380 .
688 1353 797 1394 aditur—

82 1391 146 1420 Ietae.
235 1390 242 1392 “
488 1409 496 1416 .
518 1409 525 1416 .
548 1408 556 1416 .
578 1409 585 1416 ,
608 1408 615 1415 .
638 1408 645 1416 .
667 1409 674 1415 .
697 1409 703 1415 .
724 1390 823 1424 iscipu-

80 1426 302 1464 ll.Congregatis
485 1424 514 1452 2.
537 1445 544 1452 .
628 1444 635 1451 .
657 1444 664 1451 .
684 1425 866 1464 os_.dicens:

79 1459 335 1492 autem.'.:...
488 1459 759 1488 ......cathe-

486 1496 564 1524 dram
577 1494 663 1531 Moysi

487 1531 617 1560 sederunt
624 1530 699 1559 'scri-

485 1567 615 1599 bae,et.

79 1604 115 1633 I2.
132 1626 139 1632 .
160 1626 167 1633 .
187 1625 195 1633 .
216 1626 224 1633 .
239 1605 328 1634 vobis
486 1603 514 1631 5.
533 1602 632 1631 Omnia

79 1642 274 1670 .....rde

78 1675 283 1712 {IhristoMujus
487 1693 496 1702 .
536 1695 542 1702 .
584 1694 592 1701 .
633 1693 639 1700 .
679 1693 686 1701 .
728 1694 735 1700 .
775 1694 783 1700 .

77 1710 267 1741 ﬁliusest3Di-
488 1730 495 1738 .
536 1730 542 1737 .
582 1728 591 1736 .
631 1730 637 1736 .
677 1729 685 1736 .
726 1730 733 1736 .
773 1730 780 1736 .
822 1710 867 1746 .j.

77 1747 293 1777 cuuteitbavid.
489 1767 495 1773 .
536 1765 543 1772 .
584 1765 592 1772 .
632 1766 638 1773 .
680 1765 687 1772 .
728 1766 735 1772 .
775 1765 783 1773 .
822 1764 867 1773 ..

273 1803 403 1832 CODEX.
411 1802 649 1831 CORBEIENSIS.

76 1850 134 1884 quod
138 1850 274 1879 silentium
282 1850 453 1885 impOSuisset
462 1848 636 1882 Sadducaeis,
648 1849 862 1877 conveneruntin

77 1893 143 1913 unum
157 1895 164 1913 :
183 1892 210 1915 et
220 1886 402 1921 interrogavit
415 1892 478 1913 eum
494 1892 562 1912 unus
577 1892 610 1912 ex
625 1885 664 1912 eis
678 1885 743 1920 legis
757 1885 861 1917 doctor.

75 1926 166 1950 tcutans
172 1930 234 1950 eum
245 1931 252 1949 :
268 1920 405 1956 Magister,
413 1920 483 1956 quod
491 1926 531 1948 est
541 1921 693 1948 mandatum
704 1928 828 1956 magnum
836 1921 862 1949 in

77 1957 191 1992 legeiAit
201 1958 242 1986 illi
268 1957 374 1985 Iesus:
403 1957 499 1992 Diliges
525 1956 665 1983 Dominum
690 1956 771 1983 Deum
788 1962 862 1984 tuum

77 1991 96 2018 in
113 1998 165 2021 toto
178 1993 264 2021 corde
287 1997 351 2025 tuo,
374 1996 402 2020 et
413 1991 460 2019 'in'
471 1996 525 2019 tota
545 1992 633 2019 anima
647 1997 709 2025 tua,
725 1997 751 2019 et
766 1993 792 2020 in
809 1997 865 2020 tota

77 2034 207 2057 mentetua.
221 2029 282 2056 Hoc
293 2033 334 2056 est
348 2028 507 2059 maximum,
524 2031 551 2054 et
566 2028 680 2062 primum
696 2028 862 2056 mandatum.

77 2063 214 2092 Secundum
231 2068 327 2091 autem
347 2063 434 2091 simile
445 2067 486 2090 est
497 2063 575 2090 huic:
598 2063 701 2098 Diliges
711 2064 864 2098 proximum

78 2103 155 2133 tuum.
171 2101 246 2128 sicut
261 2100 390 2135 teipsnm.
408 2099 416 2114 ‘
439 2098 473 2126 Et
495 2099 522 2135 in
544 2098 585 2126 his
605 2098 711 2135 duobus
731 2099 865 2127 mandatis

77 2136 186 2163 universa
204 2136 250 2163 lex
267 2134 385 2170 pendet,
402 2138 430 2162 et
444 2134 604 2169 prophetae.
626 2134 802 2170 Congrcgatis
817 2143 865 2163 au-

77 2174 120 2196 tcm
142 2169 324 2203 Pharisaeis,
350 2170 528 2205 interrogavit
554 2177 603 2197 eos
627 2169 862 2204 Jesus,'dicens:

77 2205 132 2238 Quid
150 2208 228 2234 vobis
250 2206 359 2234 videtur
373 2206 406 2233 de
419 2204 549 2232 Christo?
564 2206 642 2240 cujus
659 2205 730 2233 ﬁlius
744 2207 804 2233 est?
819 2206 863 2233 Di-

77 2248 129 2269 cunt
143 2243 180 2270 ei:
195 2242 295 2270 David.
311 2241 356 2269 Ait
368 2241 421 2268 illis
433 2241 530 2269 Jcsus:
544 2240 687 2274 Quomodo
701 2249 765 2275 ergo
780 2242 865 2270 David

79 2275 100 2303 in
112 2277 201 2312 spiritu
217 2283 299 2305 vocat
313 2284 374 2304 eum
396 2276 538 2303 Dominum
553 2276 665 2304 dicens:
682 2276 755 2304 Dixit
774 2277 865 2305 Domi-

79 2319 118 2339 nus
126 2311 243 2341 Domino
258 2320 321 2340 meo
336 2321 343 2339 :
365 2311 430 2339 sede
440 2319 455 2339 a
466 2312 570 2339 dextris
580 2312 658 2345 meis,
670 2312 756 2340 donec
768 2320 866 2347 ponam

79 2346 187 2376 inimicos
196 2354 260 2376 tuos
271 2348 419 2376 scabellum
436 2347 533 2382 pedum
546 2348 675 2374 tuorum?
690 2347 718 2375 Si
732 2346 796 2383 ergo
814 2349 866 2376 Da-

78 2383 112 2418 vid
126 2390 199 2412 vocat
214 2392 282 2411 cum
305 2383 449 2411 Dominum
461 2403 468 2415 ,
481 2383 617 2417 quomodo
633 2383 703 2411 ﬁlius
718 2384 777 2418 ejus
803 2384 865 2412 est?

78 2417 185 2455 Iitnemo
193 2424 306 2455 poterat
319 2420 342 2446 ei
358 2419 522 2455 respondere
535 2419 649 2446 verbum
664 2428 670 2445 :
684 2417 772 2455 neque
782 2427 865 2447 ausus

78 2452 271 2490 fuitquisrjuam
288 2462 319 2482 ex
343 2455 389 2482 illa
404 2452 457 2482 'die
472 2461 533 2481 eum
550 2454 665 2489 amplius
681 2452 863 2490 interrogare.

107 2489 200 2518 XXIV.
217 2491 300 2518 Tune
313 2490 391 2517 Jesus
406 2489 532 2525 loquutus
552 2495 594 2517 est
616 2490 650 2517 ad
665 2490 758 2518 turbas
768 2512 775 2523 ,
789 2489 817 2518 ct
831 2491 865 2518 ad

78 2524 214 2562 discipulos
235 2533 304 2562 suos
317 2546 324 2557 ,
339 2524 460 2562 dicens}
477 2525 564 2562 super
587 2525 743 2562 cathedram
757 2527 768 2542 ⁸
781 2526 867 2562 Moysi

77 2560 193 2589 sederunt
201 2561 323 2594 scribae,
332 2567 359 2589 et
367 2561 614 2588 Pharisaei.0muia
623 2568 688 2596 ergo
701 2560 867 2597 quaequuin—

77 2603 122 2631 que
134 2597 256 2627 dixerint
275 2597 374 2633 vobis_,
401 2601 519 2629 servate,
548 2601 576 2624 et
602 2597 681 2625 facite
696 2606 703 2624 :
718 2597 868 2625 secundum

1662 113 1716 143 298

1138 167 1257 197 CODEX
1276 167 1501 198 VERONENSIS.

918 215 990 251 quod
1004 215 1141 243 silentium
1338 215 1408 242 ﬁlius
1423 221 1463 243 est
1475 217 1485 241 9

919 251 1009 286 posuit
1031 251 1136 279 Saddu-
1339 251 1435 278 Dicunt
1455 252 1499 279 ei:

919 287 966 314 35.
979 287 1062 317 eaeis.
1073 294 1173 315 conve-
1338 287 1382 313 43.
1406 287 1497 314 David.
1515 288 1559 315 Ait

920 322 1067 358 nerunt(a)
1083 322 1117 350 ad
1339 322 1390 348 illis
1405 331 1408 347 :
1426 322 1566 355 Quomodo

919 365 982 385 eum
993 357 1014 393 1-
1031 357 1131 395 iretin—
1338 365 1403 395 ergo
1420 359 1501 385 David
1518 360 1543 385 in
1556 361 1611 395 spi-

920 394 1066 429 terrogavit
1077 401 1140 422 eum
1339 393 1395 429 ritu
1409 398 1488 422 vocat
1499 402 1562 423 eum

920 437 990 457 unus
998 428 1037 457 rex
1051 429 1092 457 eis
1338 428 1483 457 Dominum

920 464 987 500 legis
998 464 1108 498 doctor,
1337 464 1431 500 dicens
1443 473 1450 493 :

919 499 1054 535 temptans
1068 507 1129 527 eum
1143 520 1151 532 ,
1339 499 1384 526 44.
1407 500 1476 529 Dicit
1492 502 1621 531 Dominus

919 536 965 563 '56.
981 536 1019 571 (ὁ)
1033 541 1061 564 et
1071 535 1164 563 dicens
1179 535 1200 570 ir
1216 545 1222 561 :
1338 535 1453 564 Domino
1464 545 1525 566 meo
1538 548 1545 565 :

919 571 1048 607 Magister
1058 591 1066 604 ,
1337 571 1403 599 sede
1415 572 1449 599 ad
1463 573 1528 601 dex-

940 607 991 635 uod
1007 612 1049 635 est
1063 613 1139 634 man-
1338 607 1387 634 tris
1399 608 1467 635 meis
1477 629 1484 640 ,

939 647 1157 679 atumimagnum
1339 641 1427 679 donec
1442 651 1541 679 ponam

920 678 966 705 37.
981 678 1007 705 in
1021 678 1101 713 lege?
1122 678 1167 705 Ait

1341 678 1465 717 inimicos
1471 685 1540 717 tuos
1549 680 1590 717 (ε)

922 712 976 741 illis
989 712 1068 741 Jesus
1080 721 1087 739 :

1340 714 1391 752 sub
1405 715 1519 752 pedibus
1533 714 1585 752 tuis
1595 717 1616 752 1-
1628 717 1640 744 ?

921 748 1020 786 Diliges
1032 749 1122 776 Domi-
1339 749 1386 777 45.
1406 748 1435 778 Si
1455 758 1521 786 ergo
1535 748 1619 780 David

920 791 985 811 num
1001 784 1086 823 Deum
1340 792 1400 812 eum
1414 786 1455 823 (at)
1471 784 1498 814 in
1512 787 1606 822 spiritu
1621 789 1642 823 1-

922 823 996 856 tuum
1011 820 1037 846 in
1051 824 1109 847 toto
1341 826 1419 849 vocat
1432 820 1593 856 Dominum,

922 855 1004 892 corde
1018 859 1064 883 tuo
1071 876 1080 889 ,
1111 891 1115 892 ν
1340 857 1476 892 quomodo
1491 858 1563 886 ﬁlius

921 896 949 918 et
960 891 987 918 in
1003 895 1057 918 tota
1073 891 1134 918 ani-
1340 891 1398 926 ejus
1413 893 1476 920 est?

922 934 966 954 ma
979 931 1034 960 tua,
1047 927 1115 954 etin
1340 927 1385 955 46.
1407 928 1442 956 Et
1453 936 1533 956 nemo

922 966 977 1000 tota
991 966 1083 1000 mente
1340 968 1448 1000 poterat
1461 972 1574 1000 respon-

921 997 967 1025 38.
984 1002 1039 1024 tua.
1056 998 1113 1026 Hoc
1124 1002 1165 1026 est
1338 997 1403 1027 dere
1413 1000 1438 1027 ei
1450 997 1512 1028 veri

921 1034 1069 1071 maximum
1083 1053 1092 1067 ,
1338 1035 1402 1062 bum
1417 1043 1425 1062 :
1438 1043 1526 1071 neque

920 1073 949 1097 et
963 1069 1080 1106 primum
1338 1077 1421 1098 ausus
1431 1076 1473 1098 est
1482 1069 1564 1106 ‘quis‘

921 1104 1076 1132 mandatum
1087 1125 1095 1138 ,
1338 1113 1418 1138 quam
1435 1114 1468 1134 ex
1482 1104 1529 1135 illa

920 1140 966 1168 59.
983 1139 1138 1168 Secundum
1338 1139 1383 1169 die
1394 1149 1457 1170 eum

920 1180 1010 1212 autem
1024 1176 1119 1212 simile
1132 1180 1175 1203 est
1338 1177 1453 1212 amplius
1468 1178 1551 1206 inter-

920 1210 984 1248 huic
1000 1219 1006 1238 :
1022 1211 1125 1247 Diliges
1139 1218 1202 1246 pro—
1338 1210 1444 1248 rogare.

1411 1248 1524 1277 CAPUT
1549 1248 1646 1278 XXIII.

1340 1285 1366 1312 1.
1387 1284 1465 1313 Tunc
1476 1284 1490 1312 .l
1495 1292 1558 1313 esus

1341 1320 1447 1348 locutus
1462 1324 1505 1348 est

1339 1356 1373 1383 ad
1385 1355 1477 1383 turbas
1487 1376 1496 1390 ,
1508 1360 1537 1384 et

920 1247 1022 1274 ximum
1038 1252 1113 1275 tuum
1126 1268 1134 1281 ,

919 1282 997 1324 sicut
1004 1287 1033 1324 te_
1044 1283 1142 1324 ipsum.

919 1317 965 1346 40.
985 1317 1014 1345 ιη
1026 1317 1068 1346 his
1083 1318 1150 1346 duo-

918 1353 971 1382 bus
985 1354 1120 1382 mandatis

919 1389 1046 1425 universa
1339 1391 1488 1425 discipulos
1503 1399 1582 1424 suos,

919 1424 963 1452 lex
978 1424 1094 1462 pendet.
1337 1427 1366 1453 2.
1386 1424 1480 1454 dicens
1494 1435 1501 1454 :
1513 1427 1600 1462 Super

919 1466 947 1488 et
961 1460 1121 1495 prophetae.
1337 1462 1494 1490 cathedram

919 1496 965 1523 41.
980 1495 1155 1532 Congregatis
1338 1497 1423 1532 Moysi
1436 1497 1515 1524 sede-

919 1535 1015 1567 autem
1023 1531 1119 1558 Phari-
1339 1531 1404 1560 runt
1417 1531 1522 1561 scribae
1531 1554 1540 1567 ,
1577 1533 1586 1541 '

919 1567 1001 1599 saeis,
1010 1566 1126 1594 iuterro-
1340 1572 1368 1596 et
1375 1567 1412 1595 Fa
1416 1567 1493 1595 risaei
1498 1587 1505 1594 .

919 1602 1050 1640 gaviteos
1063 1602 1107 1630 Je—
1335 1604 1362 1632 3.
1383 1603 1479 1631 Omnia
1497 1611 1564 1640 ergo

919 1645 977 1671 sus,
989 1638 1083 1674 dicens
1096 1647 1110 1674 :A
1123 1672 1128 1674 Α
1335 1646 1521 1674 quaecumque

918 1674 965 1701 42.
985 1673 1054 1707 Quid
1067 1672 1145 1701 vobis

918 1709 1025 1737 videtur
1039 1709 1074 1737 de

919 1744 1049 1773 Christo?
1064 1744 1141 1780 cujus

1356 1674 1453 1703 ixerint
1468 1676 1553 1710 vobis,

1341 1715 1458 1742 servate.
1473 1715 1501 1738 et

1340 1746 1436 1774 facite:
1450 1753 1548 1774 secun-

1154 1801 1271 1831 CODEX
1290 1803 1487 1833 BRIXIANUS.

921 1850 992 1885 quod
999 1850 1136 1878 silentium
1146 1851 1308 1885 inposuisset
1315 1851 1490 1879 Sadducaeis.
1497 1860 1684 1883 convenerunt
1691 1857 1715 1884 in

922 1894 1004 1927 unum
1012 1887 1049 1927 (α)
1056 1886 1088 1913 ad
1095 1894 1167 1914 eum.
1175 1886 1227 1922 -ζ-ει
1238 1887 1484 1927 interrogat-itequ
1494 1896 1600 1927 unusex
1608 1891 1645 1918 EI!
1653 1892 1719 1927 legis

920 1921 1024 1959 doctor.
1038 1926 1153 1949 temtans
1163 1930 1223 1949 eum
1232 1921 1276 1959 (ὸ)
1285 1927 1313 1949 et
1324 1922 1454 1959 dicensgjL
1463 1923 1588 1959 Magister
1595 1927 1664 1959 quod
1677 1921 1720 1954 Est

920 1958 1075 1995 mandatum
1089 1965 1213 1992 magnum
1230 1958 1256 1984 in
1271 1958 1340 1992 lege.
1352 1958 1449 1995 Aitrilli
1461 1958 1540 1986 .lesus
1553 1958 1651 1995 Diliges
1664 1962 1717 1990 Do—

917 1993 1020 2020 minum
1032 1993 1115 2020 Deum
1128 1998 1213 2020 tuum.
1227 2000 1260 2021 ex
1275 1997 1331 2020 toto
1344 1994 1426 2020 corde
1438 1999 1493 2020 tuo.
1509 1998 1536 2022 et
1546 2002 1579 2022 ex
1592 1993 1646 2023 tota
1658 1998 1717 2024 aui-

917 2036 959 2055 ma
967 2033 1019 2056 tua.
1028 2032 1055 2056 et
1064 2036 1097 2056 ex
1110 2033 1165 2056 tota
1172 2033 1262 2056 mente
1273 2033 1327 2064 tua.
1337 2028 1394 2056 Hoc
1402 2033 1444 2056 est
1451 2029 1578 2064 primum.
1590 2036 1617 2058 et
1629 2033 1716 2060 maxi-

917 2072 991 2091 mum
1011 2063 1177 2091 mandatum.
1198 2063 1353 2091 Secundum
1369 2063 1459 2092 autem
1474 2064 1564 2093 simile
1578 2071 1620 2094 est
1636 2068 1710 2096 huic.

918 2099 1020 2135 Diliges
1034 2100 1186 2134 proximum
1211 2104 1284 2126 tuum
1299 2099 1370 2126 sicut
1385 2104 1411 2126 te
1428 2100 1528 2135 ipsum.
1544 2101 1573 2128 lu
1588 2102 1630 2130 his
1644 2104 1712 2131 duo—

917 2135 968 2162 bus
980 2135 1123 2162 mandatis.
1135 2135 1260 2162 universa
1273 2135 1317 2171 lex
1333 2135 1444 2170 pendet.
1457 2140 1484 2163 et
1499 2137 1657 2171 prophetae.

953 2170 1130 2208 Congregatis
1148 2175 1247 2208 autem
1271 2169 1449 2208 >l’liarisaeis.
1461 2169 1650 2208 interrogavit
1664 2183 1711 2203 eos

953 2178 1130 2233 Congregaus
1157 2178 1247 2198 autem
1285 2178 1449 2209 t'tiarisaeis.
1473 2178 1650 2208 interrogavit
1664 2183 1710 2203 eos

916 2206 997 2246 {esus
1031 2207 1115 2246 iocus.
1143 2206 1212 2246 Quid
1234 2206 1485 2246 uobis-videturne
1498 2207 1616 2246 Christo.
1633 2211 1710 2246 cujus

917 2242 991 2269 ﬁlius
1007 2247 1059 2269 est.
1075 2242 1177 2277 Dicunt
1188 2242 1223 2269 ei.
1242 2241 1336 2268 David.
1349 2241 1395 2269 Ait
1407 2241 1461 2269 illis
1471 2241 1560 2270 Jesus.
1571 2241 1712 2277 Quomodo

918 2285 983 2312 ergo
998 2276 1134 2317 Davi-dﬂn
1144 2277 1332 2317 spirituavocal
1348 2285 1410 2305 eum
1427 2277 1569 2317 Dominum
1579 2276 1660 2317 suum
1671 2283 1713 2310 di-

918 2320 994 2340 cens.
1009 2312 1081 2339 Dixit
1092 2312 1222 2339 Dominus
1236 2313 1349 2339 Domino
1361 2319 1432 2339 meo.
1448 2313 1513 2340 sede
1525 2314 1558 2341 ad
1569 2315 1712 2345 dexteram

919 2355 1017 2376 meam.
1032 2348 1120 2386 donec
1134 2355 1231 2386 pona_m
1248 2348 1372 2386 inimicos
1385 2353 1443 2386 tuos
1455 2349 1601 2386 scabellum
1613 2353 1710 2386 pedum

920 2389 1039 2411 tuorum.
1063 2383 1091 2411 Si
1116 2390 1181 2418 ergo
1200 2382 1283 2420 David
1297 2383 1382 2420 (d)_in
1397 2383 1494 2418 spiritu
1514 2384 1535 2420 ἦ
1550 2382 1628 2413 νοείίι
1649 2395 1711 2416 eum

920 2419 1074 2457 Dominum.
1090 2418 1226 2457 quomodo
1238 2418 1310 2445 (ilius
1329 2418 1387 2453 ejus
1400 2423 1451 2457 est.
1467 2418 1593 2457 Etrnemo
1607 2428 1714 2457 poterat
1767 2429 1769 2431 '

917 2455 942 2492 ei
953 2454 1120 2492 respondere
1132 2454 1243 2492 verbum
1254 2461 1305 2481 nec
1315 2461 1397 2492 ausus
1409 2455 1457 2482 fuit
1464 2454 1653 2492 quisquam-ex
1665 2460 1713 2487 illa

918 2490 962 2518 die
977 2490 1094 2525 amplius
1106 2497 1168 2517 eum
1186 2490 1445 2525 interrogare.Tunc
1458 2490 1657 2521 Jesus‘locutus
1672 2500 1715 2523 est

918 2526 953 2563 ad
969 2526 1072 2563 turbas.
1085 2530 1113 2563 et
1124 2525 1157 2553 ad
1169 2525 1317 2563 discipulos
1330 2533 1394 2554 suos
1406 2526 1510 2563 dicens.
1522 2528 1610 2563 Super
1622 2530 1715 2558 cathe-

919 2562 996 2589 dram
1018 2561 1119 2597 Moysis
1141 2561 1270 2589 sederunt
1284 2562 1388 2590 scribae
1399 2567 1427 2590 et
1450 2561 1598 2592 Pharisaei.
1619 2564 1716 2593 Omnia

920 2605 996 2633 ergo.
1012 2604 1197 2633 quaecumque
1203 2597 1322 2625 dixerint
1333 2598 1571 2628 vobis....servate
1582 2604 1611 2628 et
1622 2599 1714 2630 facile.

408 2653 605 2682 VABIANTES
623 2653 813 2683 LECTIONES
830 2653 963 2683 CODICIS
982 2653 1038 2683 MS.
1059 2653 1089 2682 S.
1108 2652 1362 2683 GERMANENSIS.

101 2712 203 2739 ’Inhis

954 2712 964 2728 ²
981 2711 1042 2737 Mosi

744 2765 928 2796 BLANCHINI
945 2765 1062 2795 ΝΟΤᾸΕ.

105 2826 205 2867 (ιιῌιξ
215 2830 245 2854 et
260 2824 324 2867 cod.
336 2825 486 2867 CantLLat.
501 2830 528 2854 et
546 2825 595 2867 Cr.
610 2825 651 2867 ἐπ’
666 2826 789 2867 udréu.—
802 2825 840 2862 (ὁ)
855 2828 864 2853 l

920 2825 939 2867 it
952 2830 976 2867 e_t
985 2826 1088 2867 dicens,
1100 2825 1187 2867 etiam
1197 2829 1294 2867 textus
1303 2824 1426 2860 Grmcus,
1440 2829 1482 2867 κειὶ
1495 2828 1620 2865 λέγων.-
1632 2830 1667 2867 (ε)
1687 2833 1725 2862 [ta

76 2867 98 2890 et
109 2860 171 2892 cod.
185 2863 270 2893 Cant.
290 2861 346 2889 Lat.
371 2866 399 2888 et
410 2861 456 2889 Gr.
476 2863 595 2891 ὑποκάτω
608 2866 659 2892 τῶν
673 2863 758 2892 ποδῶν
772 2860 835 2891 σοὺ(
846 2877 864 2884 -

920 2862 938 2897 l)
951 2862 1035 2891 Addit
1059 2862 1088 2890 in
1112 2861 1221 2897 spiritu,
1244 2860 1306 2889 cod.
1323 2868 1430 2896 quoque
1450 2860 1531 2892 Cant:
1544 2867 1569 2893 ὲν
1589 2860 1726 2902 πνιῦραῖτί

336 2909 471 2942 Pyrum.
495 2909 569 2941 XII.

1428 2908 1466 2937 10
