1990 3096
256 298 298 356 ﬂ;

64 15 86 40 γ
127 14 197 46 εῖίῦλ

91 157 130 183 αξ..
203 152 211 166 "
221 147 283 183 Χῖὲλ
453 147 570 177 CODEX
589 147 860 176 VERCELLENSIS.

357 216 363 222 .
405 217 410 222 .
451 213 458 221 .
500 215 505 220 .
547 214 553 220 .
594 213 601 220 .
629 211 636 220 .
674 193 936 231 9.Etpatremno-

64 205 75 220 ἓ·
158 225 163 230 ,
192 205 268 234 ,τιςνισ
310 217 316 224 .
357 216 363 222 .
405 217 410 222 .
451 213 458 221 .
500 215 505 220 .
547 214 553 220 .
594 213 601 220 .
629 211 636 220 .
675 205 701 220 :1.
722 205 830 228 ntpau-i

64 205 159 267 9(
194 205 315 267 HL}.
356 252 363 259 .
404 250 410 258 .
450 248 458 256 .
497 249 504 255 .
544 248 551 256 .
592 249 599 256 .
628 249 634 256 .
675 229 830 267 litevocare

100 276 126 301 τ’·
355 287 363 294 .
403 286 409 293 .
450 285 457 293 .
497 285 503 291 .
544 285 551 292 .
592 284 599 292 .
630 283 638 292 .
673 265 845 299 vobissupcr

64 298 188 339 Est—2;].
317 311 350 331 e:
365 301 458 329 dicunt
478 320 485 328 .
507 321 514 328 .
538 320 545 328 .
675 298 875 339 terramz'unus

67 319 485 376 Εἷηῗιίίλᾉᾌέηῗέῖιὶὖῒίίξ
507 321 514 328 ’
538 320 545 328 ’
674 319 862 363 ὲῖίᾙὲέιῑίξιῖ

305 367 417 401 faciunt.
432 371 500 401 Alli-
675 376 717 411 ter
726 376 836 411 vester:

64 398 248 446 ἢκ
256 398 422 445 ἐᾲηῖᾶιίὶὲέτὶ
433 398 485 401 ww
673 408 718 446 qui
731 398 757 434 in
773 398 855 446 caelis

254 435 336 487 Sﬁéia
351 435 412 486 ira-
731 448 790 483 _est.
808 442 862 483 N'ec
876 448 955 470 voce-

253 489 297 498 ιιισι
324 485 347 498 nl
362 487 440 498 Innh-
672 485 736 498 ῐιὶΙΙΙΙ
759 485 857 498 Infit":—

149 478 166 487 "
253 481 310 513 via.
324 478 440 514 et'inpo-
672 478 738 505 mini
759 478 857 514 magis-

673 514 705 554 tri
718 521 726 554 ς
742 515 802 548 quia
818 513 913 547 Magis-

671 553 755 583 gister
776 554 880 580 vester,

671 588 714 611 est
725 584 860 611 Christus.

672 620 715 646 Η.
737 620 788 653 Qui
804 620 860 647 vult
872 626 929 647 ma-

669 655 715 690 jor
730 656 756 682 in
772 655 849 682 vobis

253 521 322 544 nttnt
336 518 361 543 in
377 515 426 542 litt-

253 559 346 580 meros
362 550 450 578 homi-

252 595 316 614 num
333 596 338 613 :
355 586 439 621 digito

252 627 343 650 autem
359 629 409 649 suo

253 659 349 685 nolunt
360 665 392 685 ea

251 694 274 721 5
301 700 419 723 movere.
436 691 508 729 Ope-
671 688 710 729 lu.
735 711 740 717 .
764 711 770 717 .
794 710 829 729 .n.
849 709 860 729 _.
884 711 890 717 .
912 688 991 718 ves-'

250 737 280 756 ra
295 737 359 757 vero
370 736 417 756 sua
462 726 470 729 ⁷
671 726 715 753 12.
738 731 788 753 ter.
805 726 856 759 Qui
871 731 961 753 autem

249 764 351 792 faciunt
367 769 396 791 ut
670 769 700 789 se
716 762 854 789 exaltave—

251 800 397 827 videantur
669 804 683 824 r

249 836 283 863 ab
298 834 416 863 homiui-
668 832 742 860 bitur
756 842 761 859 :
778 837 805 859 et
820 833 865 867 qui
877 840 906 860 se

246 871 299 899 bus
315 880 321 898 :
337 871 452 898 dilatam
667 867 823 895 humiliave-

246 907 319 934 enim
336 906 438 932 filacte-
666 903 716 937 rit,
734 903 865 930 exaltabi-

245 942 285 969 ria
299 949 359 973 sua,
372 945 400 968 et
413 947 487 975 mag-
668 939 711 967 15.
734 944 786 966 tur.
805 939 860 975 Vae
872 946 919 967 au-

245 977 359 1004 nificant
370 976 427 1003 fim—
462 974 469 975 ί
666 979 719 1002 tem
733 975 810 1001 vobis
822 974 895 1001 Scri-

247 1012 274 1040 6.
295 1012 379 1040 brias.
396 1010 495 1038 Amant
664 1009 713 1037 bae
724 1015 751 1037 et
761 1009 841 1037 Phari
863 1030 869 1036 .
893 1029 900 1036 .
923 1029 930 1036 .

245 1053 336 1075 autem
352 1047 406 1083 pri—
667 1066 673 1072 .
696 1065 702 1072 .
726 1065 733 1072 .
758 1066 763 1072 .
785 1046 888 1081 hypocr
902 1066 909 1073 .
936 1067 941 1072 .

243 1091 304 1111 mos
315 1083 431 1110 discubi-
664 1085 718 1113 tae,
742 1101 748 1108 .
773 1101 779 1107 .
803 1101 810 1108 .
834 1102 839 1107 .
864 1102 870 1109 .
895 1101 901 1107 .

244 1123 286 1146 tas
305 1120 330 1146 in
346 1119 438 1146 convi-
664 1117 727 1144 ditis
749 1137 754 1143 .
779 1138 786 1144 .
810 1137 816 1143 .
840 1136 847 1144 .
871 1137 876 1143 .
902 1137 908 1144 .

242 1154 304 1184 viis.
322 1160 349 1182 et
361 1153 462 1189 primas
663 1159 713 1179 cae
736 1172 742 1179 .
766 1172 773 1178 .
796 1172 802 1178 .
825 1172 833 1180 .
856 1172 862 1179 .
885 1172 891 1179 .

242 1188 386 1218 Cathedras
663 1193 726 1214 ante
743 1188 778 1214 ho

244 1225 272 1252 iu
287 1225 431 1260 synagogis
444 1245 451 1256 ,
664 1230 712 1250 nes
733 1242 739 1260 τ

664 1266 719 1285 non
732 1258 817 1285 intra-

662 1294 698 1321 tis
707 1314 714 1326 ,
730 1301 779 1321 nec
795 1294 882 1321 intro-

663 1333 760 1356 euntes
774 1328 841 1355 siui-

664 1363 697 1391 tis
717 1365 829 1391 intrare.

660 1399 703 1427 15.
725 1399 782 1427 Vae
794 1400 868 1427 vobis
882 1399 956 1427 Scri-

656 1435 707 1462 bae
719 1439 746 1463 et
758 1435 896 1463 Pharisaei

642 1470 647 1475 '
658 1471 834 1511 hypocritaez

659 1514 721 1541 quia
737 1513 837 1534 Circul-

660 1542 696 1569 tis
710 1550 785 1569 mare
801 1548 828 1569 et
842 1549 872 1569 a-

661 1577 731 1611 rida,
748 1583 775 1604 ut
790 1577 871 1604 facei-

661 1613 713 1640 atis
728 1621 812 1639 unum

661 1649 831 1683 proselytum
848 1657 855 1675 :

455 1705 573 1734 CODEX
591 1704 826 1733 CORBEIENSIS.

239 1762 324 1789 opera
349 1760 414 1781 vero
438 1759 534 1780 eorum
561 1751 644 1778 nolite
661 1751 749 1778 facere
767 1759 773 1777 :
789 1750 883 1789 dicunt
897 1750 972 1789 enim
988 1771 995 1781 .
1014 1755 1041 1777 ct

240 1785 295 1818 non
310 1789 419 1816 faciunt.
434 1789 553 1821 Alligant
566 1792 657 1814 autem
672 1793 757 1813 onera
774 1788 876 1820 gravia,
899 1791 925 1812 et
938 1785 1043 1820 impor—

242 1825 348 1856 tabilia,
374 1829 401 1851 et
426 1823 569 1857 imponunt
595 1824 620 1848 iu
638 1823 766 1849 humeros
780 1821 919 1848 hominum
934 1830 940 1847 z
956 1821 1041 1855 digito

240 1866 331 1888 autem
346 1868 395 1887 suo
409 1859 507 1886 nolunt
521 1866 552 1885 ea
569 1865 690 1892 movere.
705 1858 801 1884 Omnia
813 1864 878 1884 vero
894 1864 976 1891 opera
991 1865 1040 1883 sua

244 1897 346 1924 faciunt
372 1900 401 1922 ut
424 1894 565 1921 videantur
589 1893 623 1919 ab
647 1892 821 1919 hominibus:
837 1892 953 1919 dilatant
968 1892 1040 1919 enim

242 1931 408 1967 phylacleria
421 1938 481 1962 stta,
496 1933 525 1967 et
541 1928 717 1967 ntagnilicant
731 1928 858 1967 fimbrias.
877 1929 1040 1967 Amantjiu-

242 1963 296 1994 iam
314 1967 414 2001 primos
430 1965 568 1993 recubitus
585 1966 610 1990 iu
626 1964 728 2001 coenis,
743 1965 884 2001 et_primas
897 1963 1041 2001 cathedra_s

242 2003 270 2030 in
289 1998 448 2036 svuagogis,
466 2005 493 2026 et
519 2000 696 2036 salutationes
718 2000 744 2025 in
756 1998 837 2036 iuro,
854 2003 881 2026 et
899 1999 989 2036 vocari
1005 1999 1039 2036 ab

243 2034 405 2065 hominib—us
426 2036 519 2063 liabbi.
543 2034 595 2061 Vos
611 2041 701 2061 autem
718 2035 801 2061 nolite
824 2034 915 2060 vocari
941 2034 1037 2061 ltahhi.

244 2074 318 2101 Unus
347 2073 419 2100 enim
458 2076 501 2098 est
529 2070 654 2105 Magister
687 2075 796 2099 vester.
824 2077 919 2096 omnes
947 2074 1038 2096 autem

244 2117 292 2136 vos
306 2109 402 2135 fratres
415 2107 491 2134 estis.
509 2106 542 2133 Et
565 2110 667 2139 patrem
687 2106 769 2132 nolite
784 2113 880 2132 vocare
896 2105 973 2132 vobis
994 2114 1039 2131 su-

242 2152 290 2179 per
304 2149 402 2171 terram
418 2152 424 2169 :
442 2150 510 2169 unus
524 2145 566 2179 est
580 2141 652 2168 enim
675 2142 752 2179 Pater
767 2141 924 2179 vester,._qui
939 2142 965 2167 in
977 2148 1041 2168 coe—

243 2176 276 2208 iis
292 2183 343 2207 est.
362 2179 417 2206 Nec
431 2178 564 2205 vocemini
580 2178 700 2212 magistri
714 2184 720 2202 :
736 2177 797 2210 quia
813 2176 938 2209 Magister
952 2181 1040 2203 vester

243 2224 313 2242 unus
324 2220 376 2247 est,
388 2214 524 2241 Christus.
541 2213 591 2246 Qui
612 2213 697 2246 major
719 2217 759 2238 cst
774 2216 905 2241 vestrum,
919 2213 971 2238 erit
988 2212 1037 2238 miv

242 2251 329 2279 nister
341 2255 439 2277 vester.
452 2249 501 2282 Qui
516 2255 606 2275 autem
618 2256 648 2274 se
659 2247 829 2278 exaltaverit,
840 2247 1039 2274 humiliabitur:

242 2292 270 2313 et
282 2287 326 2320 qui
339 2293 369 2313 sc
385 2284 578 2315 humiliaverit,
593 2282 837 2320 exaltabitur._Vae
859 2288 947 2320 autem
967 2282 1043 2310 vobis

245 2318 356 2349 Scrihae
367 2325 394 2348 et
405 2320 541 2347 Pharisaei
558 2319 725 2353 hypocritae,
736 2318 781 2352 qui
795 2318 921 2344 clauditis
931 2326 1042 2353 regnum

243 2358 383 2384 coelorutn
395 2362 458 2383 ante
475 2356 607 2382 homines.
619 2354 672 2382 Vos
689 2359 777 2380 autem
794 2361 845 2380 n0n
861 2353 976 2385 ittil‘alis,
994 2361 1043 2380 nec

243 2393 414 2420 introéuntes
439 2391 527 2418 sinitis
544 2390 655 2417 intrare.
669 2395 681 2407 ι·
693 2389 748 2416 Vae
772 2389 849 2416 vobis
879 2389 992 2417 Scrihae
1017 2392 1044 2416 et

246 2428 386 2456 PhariSaei
403 2428 568 2461 hypocritae;
587 2426 648 2460 quia
662 2425 782 2452 circuitis
801 2433 875 2453 mare
887 2430 914 2452 et
927 2425 1044 2457 aridam,

245 2469 276 2492 ut
294 2463 400 2491 faciatis
418 2469 499 2489 unum
517 2461 683 2497 prOSelytum
700 2469 706 2487 :

241 1261 269 1288 7.
291 1266 318 1288 et
330 1260 472 1287 salutatio-

241 1304 292 1324 nes
305 1297 333 1323 in
348 1295 417 1327 foro,
436 1299 465 1322 et

238 1332 332 1359 vocari
347 1331 381 1358 ab
394 1330 444 1357 ho-

240 1368 359 1394 minibus
373 1366 446 1393 Rab-

240 1402 267 1430 8.
290 1403 326 1430 bi.
345 1402 397 1429 Vos
412 1405 505 1429 autem
520 1408 569 1428 no-

237 1438 286 1466 lite
302 1438 394 1465 vocari

241 1473 338 1501 Rabbi.
354 1473 430 1501 Unus

239 1510 312 1537 enim
331 1515 374 1536 est
388 1509 442 1536 Ma-

238 1545 324 1580 gister
336 1550 428 1572 vester
439 1565 446 1577 ,

238 1588 335 1608 omnes
351 1580 426 1608 enim

238 1623 288 1643 vos
300 1616 398 1643 fratres

242 1652 319 1679 estis.

281 92 310 121 ιθ
338 82 341 86 ’
508 91 512 95 ’
526 90 664 120 unseen
681 89 850 126 VERCELL.
872 88 1007 118 EVANGE

1095 89 1100 120 l
1119 89 1189 118 CUM
1209 88 1323 118 VARllS
1342 88 1420 118 COD.
1440 89 1639 118 COLLATUM.

1848 88 1900 119 300

1320 146 1436 179 CODEX
1456 146 1681 177 VERONENSIS.

1108 194 1172 222 dum
1186 195 1255 223 facta

1110 237 1175 257 vero
1189 237 1285 257 eorum

1107 265 1191 293 nolite
1205 265 1294 293 facere
1307 274 1313 292 :

1106 301 1201 328 dicunt
1214 302 1285 329 enim
1299 322 1307 334 ,

1106 342 1132 363 et
1145 337 1195 371 ipsi
1208 345 1260 364 non
1272 336 1384 365 faciunt.

1106 371 1133 398 4.
1156 372 1274 408 Alligant
1288 377 1379 403 autem

1106 415 1192 434 onera
1202 408 1308 443 gravia,

1106 447 1134 471 et
1148 449 1250 477 ponunt
1264 443 1291 470 in

1105 486 1215 506 umeros
1227 478 1315 506 homi—

1106 522 1170 541 nunt
1184 524 1190 541 -.
1203 515 1289 549 digito

1106 554 1197 576 autem
1211 558 1260 577 SUO
1277 556 1325 576 ιιο-

1106 585 1166 612 lunt
1178 593 1209 612 ea
1225 592 1346 613 movere.

1105 620 1131 647 5.
1152 621 1249 648 Omnia
1264 627 1330 647 vero

1105 663 1187 690 opera
1203 664 1250 683 sua
1270 655 1373 683 faciunt
1392 660 1422 686 ut

1105 692 1247 719 videantur
1261 691 1296 718 ab

1106 727 1280 755 hominibus:
1294 726 1337 754 di-

1106 762 1191 790 latant
1203 762 1275 790 enim
1292 762 1333 798 fy—

1102 797 1212 826 lacteria
1227 806 1286 831 sua,
1302 797 1330 825 et

1102 833 1277 868 magnificam
1293 833 1355 860 fim-

1102 868 1175 896 brias
1186 876 1259 896 suas.

1103 903 1130 931 6.
1153 906 1251 932 Amant
1266 907 1358 931 autent

1103 939 1141 975 (α)
1164 940 1279 975 primum
1293 947 1372 967 recu-

1101 975 1189 1003 bitum
1212 975 1232 1010 -ι-
1254 976 1280 1002 itt

1102 1011 1236 1038 conviviis
1246 1031 1253 1043 ,
1270 1014 1298 1038 et

1101 1047 1202 1081 primas
1219 1051 1293 1073 cate-

1100 1082 1164 1109 dras
1176 1082 1202 1109 in
1217 1082 1361 1118 synagogis
1371 1102 1379 1116 ,
1391 1087 1420 1115 et

1100 1117 1128 1144 7.
1149 1117 1329 1148 salutationes

1100 1153 1128 1181 in
1142 1152 1202 1180 foro
1214 1174 1221 1186 ,
1237 1158 1265 1181 et

1099 1189 1190 1216 vocari
1203 1189 1236 1216 ab

1100 1224 1256 1252 hominibus
1269 1224 1368 1252 Rabbi.

1099 1259 1127 1288 8.
1152 1260 1205 1287 Vos
1216 1264 1306 1287 autem
1326 1266 1374 1286 no-

1100 1294 1148 1322 lite
1162 1295 1255 1322 vocari
1270 1295 1365 1324 liahbi.

1099 1329 1176 1357 Unus
1190 1336 1230 1358 est
1242 1334 1314 1358 enim

1098 1365 1227 1400 Magister
1241 1371 1330 1393 vester
1340 1386 1347 1399 ,

1099 1408 1195 1428 omnes
1209 1405 1300 1431 autem

1100 1443 1151 1464 vos
1164 1436 1263 1465 fratres

1099 1471 1125 1499 9.
1149 1472 1224 1500 estis.
1250 1472 1283 1499 Et
1297 1478 1345 1507 pa—

1099 1510 1168 1535 trem
1185 1508 1268 1535 nolite

1099 1550 1197 1571 vocare
1214 1543 1291 1571 vobis

1098 1585 1181 1613 super
1197 1584 1299 1616 terram
1309 1587 1316 1605 :

1098 1621 1169 1642 unus
1184 1620 1228 1642 εει

1099 1650 1171 1677 enim
1186 1650 1266 1678 Pater

1525 199 1626 227 vester,
1644 194 1691 229 qui

1524 229 1552 257 in
1567 230 1649 257 caelis
1663 233 1715 261 est.

1524 266 1568 293 10.
1590 265 1645 293 Nec
1663 263 1798 292 vocemini

1524 301 1646 336 magistri
1659 309 1666 327 τ
1687 300 1751 335 quia

1523 336 1650 372 Magister
1663 340 1766 369 vester,

1525 380 1595 399 unus
1609 372 1746 399 Christus.

1526 408 1570 435 Η.
1591 407 1640 440 Qui
1656 407 1743 441 major
1755 410 1799 434 est

1525 447 1657 476 vestrum,
1673 442 1726 470 erit
1741 446 1834 470 vester

1525 479 1660 506 minister.

1525 513 1569 541 19..
1590 514 1640 548 Qui
1654 517 1746 541 autem
1760 521 1791 542 se

1524 549 1694 581 exaltaherit,

1524 584 1732 612 humiliabitur:

1524 625 1551 648 et
1564 622 1608 656 qui
1623 628 1653 648 se
1667 619 1716 651 hu-

1524 656 1684 688 miliabitur.

1524 692 1698 719 exaltabitur.

1525 727 1570 754 15.
1594 727 1649 755 Vae
1662 731 1752 754 autem

1523 763 1601 791 vobis
1616 762 1728 790 Scribae

1523 802 1551 826 et
1568 797 1687 826 Farisaei
1703 797 1754 834 hy-

1524 834 1656 869 pocritae,
1664 833 1727 868 quia

1523 869 1633 905 ciyditis
1647 876 1762 904 regnum

1523 904 1662 932 caelorum
1677 905 1725 932 ho-

1524 941 1653 967 minibus.
1677 939 1731 967 Vos

1523 976 1597 1003 enim
1615 983 1668 1003 non
1685 975 1726 1003 in-

1523 1011 1611 1045 tratis,
1628 1019 1678 1039 nec

1522 1047 1693 1075 introeunles

1522 1082 1611 1109 sinitis
1628 1083 1740 1110 intrare.

1522 1118 1567 1145 14.
1581 1118 1635 1145 Vae
1651 1118 1726 1145 vobis
1740 1117 1820 1147 Scri-

1521 1153 1574 1182 bae
1589 1157 1617 1181 et
1633 1153 1751 1181 Farisaei

1522 1188 1681 1224 hypocritae
1694 1198 1701 1216 :
1716 1197 1788 1224 quo-

1521 1227 1595 1252 niam
1611 1224 1755 1256 comeditis

1520 1259 1618 1295 domos
1632 1260 1793 1295 viduarum,

1521 1295 1530 1331 ς
1535 1294 1561 1331 b)
1580 1296 1746 1323 oceansione

1520 1330 1601 1366 longa
1614 1331 1635 1366 -ι-
1647 1336 1759 1360 orantes
1773 1341 1782 1359 :

1518 1372 1631 1401 propter
1651 1367 1701 1395 ltoc

1518 1402 1661 1437 accipietis
1675 1410 1732 1430 am-

1518 1437 1751 1499 plsiusljudicium.

1558 1493 1565 1499 .
1600 1480 1632 1499 ae
1645 1473 1750 1499 vobisS

1537 1472 1565 1500 5.
1577 1472 1632 1500 Vac
1645 1473 1722 1501 vobis
1730 1474 1851 1502 Scribae

1518 1511 1546 1535 et
1560 1507 1680 1545 Farisaei
1696 1509 1750 1545 hy-

1518 1544 1655 1578 pocritae:
1673 1544 1736 1579 quia

1517 1578 1637 1607 circuitis
1654 1578 1732 1609 mare

1518 1618 1547 1642 et
1561 1614 1676 1649 aridam,
1692 1620 1723 1645 ut

1518 1649 1623 1678 faciatis
1639 1658 1722 1684 unum
1739 1659 1809 1687 ιιι-οη

1333 1705 1449 1734 CODEX
1470 1705 1669 1735 BRIXIANUS.

1097 1751 1245 1780 secundum
1279 1759 1360 1787 opera
1383 1759 1449 1780 vero
1473 1759 1579 1780 eorum.
1609 1753 1696 1781 nolite
1726 1753 1833 1783 facere.
1868 1755 1909 1783 di-

1096 1792 1161 1815 cunt
1186 1788 1269 1815 enim.
1302 1793 1330 1815 et
1352 1795 1420 1824 noni
1437 1788 1549 1815 faciunt.
1575 1788 1697 1824 Alligant
1718 1790 1796 1817 enim
1824 1798 1909 1819 onera

1094 1824 1196 1858 gravia.
1215 1829 1241 1850 et
1267 1823 1450 1860 inportabilia.
1475 1827 1503 1851 et
1523 1823 1657 1859 inpetiunt
1680 1833 1764 1860 super
1793 1834 1907 1855 umeros

1096 1859 1247 1886 hominum.
1275 1859 1358 1894 digito
1382 1864 1473 1886 autem
1505 1866 1566 1887 suo.
1592 1860 1690 1888 nolunt
1714 1859 1745 1888 ea
1780 1870 1907 1890 movere.

1095 1894 1192 1922 Omnia
1204 1901 1267 1921 vero
1281 1901 1365 1929 opera
1378 1902 1426 1921 sua
1438 1893 1551 1922 faciunt.
1565 1900 1593 1922 ut
1606 1896 1752 1924 videantur
1762 1898 1804 1924 ab
1815 1898 1907 1925 homi-

1094 1930 1184 1968 nibus:
1201 1930 1316 1968 dilatant
1330 1930 1402 1956 enim
1418 1930 1585 1965 phylacteria
1601 1938 1659 1968 sua.
1675 1937 1703 1959 et
1719 1934 1909 1968 magnificam

1094 1965 1215 2004 ﬁmbrias
1225 1967 1450 2004 vestimentorum
1463 1973 1597 2004 suorum.
1611 1967 1712 2004 Amant
1734 1965 1834 1996 att—tem
1852 1970 1909 2004 pri-

1094 2010 1152 2027 nios
1184 2001 1334 2027 discubitus
1359 2001 1385 2027 in
1410 2002 1494 2028 cenis.
1524 2006 1550 2029 et
1576 2003 1677 2036 primas
1701 2001 1858 2032 cathedras
1882 2006 1909 2032 in

1093 2037 1247 2072 Syttagogis,
1280 2043 1306 2063 et
1335 2037 1512 2064 salutationes
1538 2038 1563 2064 in
1592 2038 1659 2064 foro.
1694 2044 1721 2066 ct
1744 2041 1845 2067 vocari
1874 2041 1909 2068 ab

1094 2073 1247 2099 hominibus
1270 2072 1364 2099 liabbi.
1395 2072 1449 2099 Vos
1468 2078 1559 2099 autem
1583 2074 1665 2100 nolite
1685 2075 1779 2101 vocari
1806 2075 1907 2104 Rabbi.

1094 2108 1170 2135 Unus
1192 2113 1233 2134 est
1259 2109 1332 2134 enim
1352 2108 1477 2141 Magister
1498 2116 1596 2135 vester.
1623 2117 1717 2137 omnes
1743 2117 1842 2138 autent
1859 2120 1909 2139 vos

1095 2144 1193 2170 fratres
1217 2144 1292 2170 estis.
1322 2143 1356 2169 Et
1382 2150 1496 2177 patrem.
1527 2144 1610 2171 nolite
1626 2145 1702 2172 vobis
1725 2153 1832 2174 vocare
1863 2155 1910 2175 su-

1096 2188 1143 2213 [ιι-ι·
1159 2186 1269 2216 terram.
1290 2187 1359 2205 unus
1374 2184 1414 2206 est
1429 2180 1501 2206 enim
1519 2179 1599 2207 Pater
1616 2187 1715 2208 \‘ester.
1729 2183 1778 2216 qui
1799 2182 1828 2210 in
1845 2190 1910 2211 cae-

1097 2215 1130 2240 lis
1155 2220 1204 2241 ett.
1236 2214 1329 2248 Neque
1356 2216 1489 2241 vocemini
1517 2216 1637 2250 magistri
1664 2214 1803 2244 unusiest
1831 2219 1906 2246 enim

1097 2250 1223 2284 Magister
1238 2256 1327 2276 VCleI'
1343 2250 1477 2277 Christus.
1508 2251 1559 2284 Qui
1577 2258 1666 2279 autem
1688 2252 1775 2285 major
1792 2259 1838 2281 est
1860 2262 1909 2282 ve—

1096 2292 1191 2312 stium.
1209 2285 1257 2312 erit
1278 2291 1367 2311 Veslt'l‘
1383 2286 1516 2313 minister.
1543 2287 1594 2318 Qui
1609 2293 1699 2315 autent
1716 2296 1745 2315 se
1759 2290 1909 2318 exaltavc—

1096 2321 1130 2347 rit
1148 2321 1342 2347 humiliahitur.
1361 2326 1386 2346 et
1403 2322 1446 2355 qui
1464 2329 1492 2349 se
1510 2322 1702 2349 hunnliaverit.
1719 2324 1905 2352 exaltabitur.

1096 2357 1117 2396 γ
1129 2365 1152 2383 ie
1168 2361 1261 2396 anteiri
1273 2357 1359 2382 vobis.
1372 2357 1471 2396 ﬁrribe
1486 2363 1511 2384 et
1528 2357 1664 2396 Pharisaei
1682 2361 1839 2396 liypOrrite.
1858 2362 1907 2396 qui

1096 2392 1231 2418 devoratis
1247 2392 1341 2418 domos
1355 2393 1505 2419 viduarmn.
1523 2394 1573 2419 sub
1585 2392 1706 2427 optentu
1716 2392 1828 2428 prolixe
1843 2392 1910 2424 ora—

1102 2429 1192 2454 tionis.
1214 2433 1353 2461 propterea
1379 2429 1491 2454 stunetis
1511 2430 1657 2463 plurioreui
1679 2430 1906 2460 damnationem.

1101 2463 1155 2489 Vae
1172 2464 1246 2489 vobis
1262 2463 1382 2494 Scribae,
1396 2469 1421 2490 ct
1439 2463 1575 2491 Pharisaei
1591 2466 1748 2500 hypocritae
1759 2466 1829 2500 quia
1845 2469 1906 2496 clu-

1100 2500 1168 2525 ilctis
1180 2507 1290 2531 regnum
1306 2500 1442 2526 caelorum
1458 2504 1520 2526 ante
1537 2499 1669 2527 homines.
1690 2499 1830 2530 Vosenitn
1847 2511 1906 2531 non

1100 2534 1206 2561 intratis
1226 2543 1312 2567 neque
1327 2536 1504 2562 introcuntes.
1514 2536 1602 2562 sinitis
1619 2537 1731 2564 intrare.
1747 2536 1810 2565 Vae
1825 2539 1907 2567 vobis

1099 2571 1117 2597 δ
1130 2570 1386 2607 ribaeetPharisaei
1402 2570 1627 2607 liypoeritaequia
1642 2573 1761 2601 circuitis
1779 2581 1864 2607 mare
1878 2579 1910 2607 et

1097 2606 1210 2632 aridam.
1226 2610 1253 2632 ut
1268 2605 1371 2632 faciatis
1387 2605 1467 2634 unum
1491 2605 1670 2642 proselytum.
1860 2606 1863 2607 ν

906 2660 1088 2690 BLANCHINI
1107 2660 1221 2690 NOTA'J.

279 2720 291 2733 ι
307 2714 420 2741 Versum
442 2712 575 2746 integrum
592 2710 618 2737 in
632 2709 745 2745 Vulgata
761 2713 854 2746 nostra
875 2708 969 2746 Latina
984 2709 1036 2746 hoc

240 2752 302 2779 loco
317 2750 432 2784 positum
449 2744 510 2785 non
517 2750 666 2785 agnoscunt
685 2744 751 2773 mss.
766 2745 851 2785 nostri
864 2744 1036 2785 codices_La-

239 2787 289 2814 tini
305 2780 404 2813 halicae
420 2780 569 2815 versionis;
593 2783 662 2809 sicut
677 2789 725 2808 nee
741 2780 879 2815 exemplar
893 2780 1034 2807 Cantabri—

1090 2707 1204 2743 giense,
1224 2714 1274 2734 nec
1297 2706 1357 2743 ipse
1385 2707 1578 2743 Hieronymus.
1594 2707 1703 2736 Videsis
1723 2708 1810 2739 Lucae
1832 2712 1908 2741 Bru-

1090 2742 1181 2781 gen_s_is
1196 2744 1331 2781 variantes
1347 2742 1609 2781 lectionesLatinas
1629 2744 1703 2781 Novi
1722 2749 1904 2781 testamenti.

1090 2777 1117 2806 et
1131 2779 1181 2806 Th.
1197 2777 1329 2806 Maresch.
1353 2778 1494 2806 Observat.
1508 2779 1533 2806 in
1549 2787 1619 2807 vers.
1637 2777 1904 2817 Angl.Sax.p.499;

271 2842 310 2879 (α)
332 2842 370 2873 Ita
383 2846 410 2876 eli
424 2846 478 2872 tex.
498 2840 547 2871 Gr.
562 2843 606 2875 τῄν
618 2840 815 2879 πρωτοκλισίαν.
828 2854 863 2859 -
874 2838 912 2874 (b)
925 2838 964 2868 Ita
976 2843 1003 2868 et

1095 2838 1131 2869 3r.
1143 2839 1270 2878 προφάσει
1283 2841 1382 2878 μακρᾷ.
