1990 3096
224 107 279 136 305
494 99 632 134 EUSEBII
650 100 821 131 VERCELL.
841 96 1067 129 EVANGELIUM
1086 97 1158 128 CUM
1176 97 1293 129 VARIIS
1308 97 1389 129 COD.
1407 98 1606 129 COLLATUM.
1823 91 1878 122 304

422 161 538 190 CODEX
554 158 822 189 VERCELLENSIS.

227 218 262 239 na
277 214 341 238 sunt
354 216 399 238 ra-

229 247 304 282 pina,
320 250 348 274 et
362 246 462 273 intem-

228 282 362 318 perantia.

228 318 276 345 26.
296 317 440 345 Farisaeae

229 360 319 384 caece,
336 360 415 379 mun—

229 389 263 417 da
278 388 406 424 primum,
422 386 495 422 quod

228 423 301 453 intra
313 423 425 451 calicem

228 465 281 491 est.
297 462 327 486 ut
340 459 397 491 fiat,
411 462 439 486 et

229 495 331 524 deforis
345 494 416 530 ejus,

229 530 373 559 mundum.

228 566 274 594 27.
294 565 352 593 Vae
366 564 442 593 vobis
457 564 492 593 Sc
511 583 519 591 .
542 583 550 592 .
570 577 583 584 -

228 602 279 630 bae
294 605 322 629 et
336 600 430 628 Phari-

228 637 286 665 saei
300 637 372 677 bypo
392 655 459 677 .

230 678 293 701 tae:
309 679 372 706 quia
387 679 439 699 sim
460 691 467 698 .
491 691 498 698 .
517 685 531 691 -

230 709 270 736 les
284 708 349 735 estis
363 714 406 735 se-

229 743 352 779 pulchris
372 763 379 770 .
402 763 410 771 .
429 749 459 771 e-

228 779 335 813 albatis,
350 786 419 814 quae

229 822 244 842 a
260 814 325 842 foris
340 819 435 849 parent

230 850 385 877 hominibus

227 885 362 921 speciosa,
377 885 419 921 in-

229 920 273 949 tus
287 928 353 948 vero
366 920 424 956 ple—

228 965 263 984 na
278 960 342 983 sunt
362 975 370 983 ο
392 975 399 983 ι
420 962 447 983 ε-

228 992 303 1020 sibus
317 998 390 1019 mor-

227 1031 347 1059 tuorum.
363 1031 392 1055 et

228 1063 304 1091 omni
319 1070 397 1097 spur-

227 1099 275 1127 28.
296 1099 370 1126 citia.
391 1098 436 1126 Sic
450 1101 478 1126 et
491 1103 539 1125 vos

229 1141 246 1162 a
260 1134 327 1161 foris
342 1134 450 1169 quidem

228 1169 330 1205 patetis
346 1169 434 1197 homi-

645 213 759 240 trorum,
776 213 830 234 non

643 251 766 271 essemus
779 249 824 270 SO-

644 279 680 307 cii
694 286 788 307 eorum

645 315 672 342 in
687 322 735 342 san
757 334 764 342 .
788 334 795 341 .
816 314 858 341 tti-

645 353 892 386 nepro...ta-

645 394 705 414 rum
710 406 716 413 .

596 438 599 440 -
645 422 691 450 51.
712 421 787 456 Itaqu
809 440 815 448 .
838 439 846 448 .
866 419 989 449 testimo-

647 458 722 485 nium
737 456 800 484 red-

647 493 711 521 ditis
725 492 813 525 vobis,

646 529 709 568 quia
723 528 770 555 filii
785 534 828 556 es-
857 562 864 568 .

647 566 681 592 tis
694 571 801 597 eorum,
819 566 865 599 qui

646 599 791 635 prophetas
813 618 821 627 .
843 619 850 626 .
873 618 881 626 .
901 605 929 627 c-

646 636 781 663 ciderunt.

644 671 690 699 52.
711 671 744 699 Et
757 676 805 698 vos
818 669 866 705 inp
886 690 893 696 .
917 676 957 698 .e-

644 711 672 735 te
685 713 763 734 mens
784 725 790 733 .
815 726 822 732 ι
844 725 852 732 .
873 712 917 733 am

644 748 750 777 patrum

646 783 739 806 V85er
760 798 767 805 .
790 797 796 804 -
818 785 844 805 ΠΙ
867 798 874 805 .

644 814 692 842 55.
712 813 817 848 Serpen
838 833 846 841 .
867 832 874 840 .
898 832 906 840 .
928 833 934 840 .
958 832 965 839 .

644 856 938 884 gener.......

645 885 899 919 viper......

645 927 906 953 quom......

645 953 992 989 fu.......saju-

645 991 717 1018 dicio
732 990 832 1026 gehen-

645 1027 691 1054 54.
712 1026 779 1054 nae?
792 1026 855 1055 Ideo
868 1033 912 1054 ec—

645 1069 678 1090 ce
691 1069 742 1097 ego
757 1062 835 1090 mitto

645 1097 680 1125 ad
693 1104 741 1125 v09
757 1097 846 1132 profe-

646 1138 687 1161 tas
696 1154 704 1166 ,
718 1134 826 1169 sapien-

646 1173 705 1202 tes,
727 1188 735 1196 .
758 1188 766 1196 .
787 1168 907 1201 scribas,

1294 158 1411 188 CODEX
1431 156 1656 188 VEBONENSIS.

1079 261 1087 268 ο
1127 261 1135 269 υ
1175 259 1184 268 ι
1222 262 1229 269 .
1269 261 1276 268 .
1317 260 1325 268 ι
1365 261 1372 267 -
1412 260 1421 269 ο

1176 332 1183 339 ο
1223 331 1231 340 ο
1271 332 1278 340 ο
1318 332 1325 339 .
1366 333 1374 340 ο
1415 332 1423 341 ο

1081 366 1089 373 ι
1128 368 1136 376 ο
1176 368 1183 375 ο
1224 368 1231 376 ο
1271 369 1279 376 ο
1319 367 1326 375 ο
1367 360 1422 375 ι’.

1082 475 1088 482 ι
1129 475 1136 482 .
1177 475 1184 483 ι
1225 475 1232 482 ι
1272 475 1279 482 ι
1319 474 1326 481 ι
1367 475 1374 482 ο
1414 473 1422 482 ι

1131 547 1137 555 α
1179 547 1185 553 -
1226 546 1233 554 ς
1274 546 1280 554 -
1321 546 1328 554 ο
1369 546 1376 554 ι
1416 546 1423 553 ο

1082 583 1091 590 ι
1130 582 1138 590 ι
1179 582 1186 589 ι
1226 582 1234 590 ο
1273 581 1282 590 ο
1321 580 1328 588 ο

1084 653 1091 660 υ
1132 653 1138 660 .
1179 652 1186 660 ι
1226 652 1234 660 ο
1273 653 1280 660 α
1321 651 1328 659 ι
1369 652 1376 660 ο
1418 653 1424 659 ε

1084 689 1091 696 ι
1131 688 1139 696 ο
1179 690 1186 697 .
1226 688 1234 696 ο
1275 688 1283 696 η

1085 760 1092 768 ι
1133 760 1140 768 ι
1180 760 1187 768 α
1229 760 1236 767 σ
1275 759 1283 766 ο
1323 759 1330 767 ι
1371 759 1377 766 ι
1418 759 1426 767 .

1083 775 1239 804 hominibus

1072 811 1204 847 'speciosa
1212 831 1221 845 ,
1238 811 1280 838 in-

1083 851 1126 875 tus
1141 854 1213 880 vero,

1080 883 1160 918 plena
1174 886 1237 911 sunt

1081 919 1189 947 ossibus

1080 958 1248 982 mortuorum
1260 974 1267 987 ,

1081 994 1109 1018 et
1123 990 1196 1018 omni

1082 1026 1210 1060 spurcitia
1215 1045 1222 1052 .

1082 1061 1129 1089 28.
1149 1062 1193 1089 Sic
1207 1065 1234 1088 et
1247 1068 1295 1090 vos

1082 1104 1098 1124 a
1113 1096 1179 1125 foris
1196 1097 1257 1132 'qui-

1083 1132 1144 1161 dem
1162 1133 1261 1167 parelis

1084 1168 1238 1196 hominibus

1078 1203 1143 1238 justi
1157 1213 1163 1230 :
1179 1205 1251 1231 intus

1495 213 1588 234 eorum
1601 204 1628 232 in

1495 242 1623 275 sanguine
1635 247 1697 275 pro-

1497 277 1648 311 phelarum.

1496 314 1539 339 51.
1561 312 1653 346 Itaque
1667 315 1705 337 le-

1497 348 1652 375 stimonium

1498 384 1609 411 redditis
1623 390 1668 410 να

1497 420 1538 447 bis
1547 441 1553 453 ,
1566 420 1627 454 quia

1498 456 1543 482 lilii
1560 456 1625 482 estis

1497 498 1590 519 eorum
1599 511 1606 523 ,
1621 490 1667 526 qui

1499 526 1646 562 prophetas
1659 533 1706 554 oc-

1498 562 1632 590 ciderttut.

1499 597 1544 625 52.
1565 597 1601 625 Et
1614 604 1662 625 vos
1676 597 1727 625 im—

1501 634 1570 667 plete
1586 640 1740 660 mensuram

1501 674 1604 703 patrum
1618 677 1663 696 ve-

1501 710 1629 731 strorum.

1501 740 1546 767 55.
1566 740 1710 768 Generatio
1724 741 1765 768 vi-

1502 784 1625 811 perarum
1634 798 1641 808 ,

1501 812 1635 846 quomodo
1651 812 1691 838 fu—

1500 848 1578 882 gietis
1593 856 1606 874 a
1618 848 1689 882 judi—

1501 883 1543 919 cio
1555 884 1692 918 gehennae
1701 885 1720 919 Ῥ¹

1501 918 1546 945 54.
1568 919 1629 946 ldeo
1645 927 1708 947 cecc

1501 962 1551 989 ego
1564 956 1641 981 mitto

1501 991 1533 1016 ad
1551 998 1599 1018 vos
1617 990 1732 1025 prophe-

1502 1030 1542 1053 tas
1551 1046 1558 1058 ,
1571 1031 1598 1053 et
1610 1027 1716 1061 sapien-

1502 1065 1542 1088 tcs
1550 1083 1557 1094 ,
1569 1067 1596 1089 et
1609 1061 1712 1090 scribas
1720 1082 1727 1095 ,

1501 1101 1529 1124 et
1541 1105 1573 1124 ex
1586 1097 1640 1125 illis

1501 1133 1630 1160 occidetis
1639 1154 1646 1164 ,
1662 1137 1689 1160 et

1501 1168 1663 1202 crueiiigelis
1674 1190 1681 1201 ,

1500 1208 1526 1231 et
1542 1203 1711 1238 flagellabitis

228 1206 309 1233 nibus
326 1205 413 1240 justi:
645 1208 673 1232 et
693 1222 700 1231 .
724 1224 731 1232 .
753 1225 759 1231 .
782 1223 789 1231 .
811 1224 819 1231 .
839 1212 910 1232 soc-

228 1241 303 1269 intus
315 1245 406 1269 autem
645 1240 671 1267 ci
691 1259 698 1266 .
721 1259 729 1266 .
751 1258 759 1267 .
780 1260 788 1267 .
811 1260 818 1266 .
840 1260 847 1267 .
869 1245 896 1267 et
906 1247 966 1267 cru-

247 1276 382 1304 leniestis
645 1279 932 1308 c......s,et

249 1312 378 1348 ypocrisi,
393 1315 422 1339 et
647 1319 664 1345 p
685 1330 691 1337 .
715 1330 722 1338 .
745 1330 751 1337 .
834 1330 849 1348 .q
865 1325 905 1348 ._-

228 1346 383 1382 iniquitate.
514 1381 519 1382 γ
645 1354 672 1373 ιιι
694 1367 702 1374 .
723 1365 730 1373 .
753 1365 761 1373 .
781 1346 815 1374 de
828 1346 895 1373 civi-

227 1381 285 1411 29.’
297 1382 353 1410 Vae
366 1382 446 1410 vobis
461 1381 534 1411 Scri-
646 1386 673 1409 ta
694 1400 701 1409 .
724 1401 731 1408 .
752 1382 778 1409 in
792 1382 859 1409 civi-

227 1419 280 1446 bas
294 1422 322 1446 et
335 1418 474 1446 Pharisaei
646 1417 693 1445 55.
714 1422 740 1445 ta
760 1436 769 1445 .
791 1437 797 1444 .
821 1437 827 1444 .
850 1438 856 1444 .
878 1417 976 1445 tveni-

227 1454 398 1490 hypocritae,
646 1461 662 1481 a
679 1474 686 1481 .
709 1473 716 1480 .
740 1473 747 1480 .
763 1473 776 1490 γ.
797 1460 864 1487 uper
874 1459 922 1481 vos

259 1510 266 1517 .
287 1489 315 1518 ui
329 1490 456 1518 aedifica-
646 1496 663 1516 ο
684 1508 691 1515 .
714 1509 722 1517 .
742 1489 785 1516 nis
795 1496 858 1516 san-

260 1545 268 1553 .
289 1525 312 1553 is
326 1526 451 1561 sepulcra
646 1532 662 1560 g
683 1544 690 1551 .
713 1545 720 1551 .
741 1525 765 1552 is
776 1524 865 1561 justus
878 1544 885 1557 ,

229 1583 236 1589 .
258 1581 265 1588 .
285 1559 472 1596 rophétarum,
648 1559 657 1586 ζ
677 1580 685 1588 .
708 1580 715 1587 .
738 1580 745 1586 .
765 1559 880 1588 effundi-

227 1597 420 1625 ..tornatis
645 1600 1028 1631 t...uper...r.am,

227 1639 389 1660 monumen-
645 1639 661 1658 a
683 1651 691 1660 .
714 1651 721 1658 .
744 1651 750 1657 .
774 1630 901 1666 [nguine
912 1630 949 1658 A-

227 1667 466 1701 ..ajustorum.
645 1666 936 1694 b.......us-

225 1703 272 1732 30.
294 1708 321 1730 et
335 1702 443 1730 dicitis:
458 1701 528 1735 Quia
645 1709 664 1736 q
684 1722 692 1730 .
713 1721 721 1729 .
744 1721 751 1728 .
774 1721 780 1728 .
804 1720 811 1737 .
832 1701 941 1737 sangui-

226 1739 251 1766 si
266 1737 411 1765 fuissemus
647 1745 665 1763 ιι
686 1756 694 1765 .
716 1756 723 1764 .
746 1757 752 1763 .
776 1756 783 1764 .
803 1736 903 1764 Zacha-

226 1772 524 1807 in....ebuspa-
646 1772 933 1800 ri.....liiBa-

291 1816 442 1836 .umnos—
645 1814 981 1837 rac.......uem

443 1853 562 1883 CODEX
580 1852 815 1882 CORBEIENSIS.

230 1904 304 1941 pleni
317 1902 382 1941 estis
398 1902 503 1941 rapina,
522 1899 747 1941 et_i_mmunditia.
769 1900 915 1941 Pharisaei).
936 1907 1028 1941 caece,

234 1935 242 1960 ἶ
262 1939 359 1968 munda
374 1935 458 1973 prius,
485 1935 647 1973 quodintus
670 1940 712 1973 est
735 1935 828 1963 calicis
850 1940 888 1973 et?
904 1938 1030 1973 paropsi-

230 1977 287 2008 dis,
303 1980 332 2003 ut
347 1970 393 2001 flat
406 1974 416 1989 ²
430 1973 455 2000 id
467 1992 475 2006 ,
495 1970 571 2008 quod
587 1970 700 2008 deforis
726 1975 784 2008 est,
807 1972 948 1999 mundum.
972 1970 1030 2000 Vae

229 2006 308 2040 vobis
327 2009 440 2038 Scribae
464 2011 492 2035 et
509 2006 653 2034 Pharisaei
668 2006 826 2042 bypocritae
848 2015 855 2033 :
877 2008 938 2042 quia
953 2008 1029 2035 simi—

228 2048 270 2076 les
282 2047 349 2075 estis
364 2044 496 2079 sepulcris
511 2042 653 2075 dealbatis,
663 2049 732 2079 quae
746 2042 811 2069 foris
827 2048 922 2079 parent
938 2042 1035 2070 homi-r

228 2083 310 2111 nibus
324 2078 446 2116 speciosa
456 2100 475 2116 ,γ
489 2079 560 2105 intus
576 2085 643 2116 vero
656 2078 735 2116 plena
750 2082 814 2105 sunt
826 2078 933 2116 ossibus
952 2086 1027 2116 mor-

228 2112 351 2150 tuorum,
365 2121 392 2144 et
404 2115 476 2142 omni
492 2113 631 2150 spurcitia.
654 2112 700 2150 Sic
712 2116 740 2140 et
751 2121 801 2140 vos
816 2114 900 2150 aforis
915 2114 1024 2150 quidem

248 2154 333 2181 aretis
356 2151 512 2179 hominibus
534 2149 624 2184 justi:
657 2149 730 2175 intus
751 2153 841 2175 autem
865 2149 938 2182 pleni
958 2150 1026 2177 estis

248 2162 333 2181 aretts
356 2162 512 2179 nominibus
534 2162 624 2184 Juau;
657 2162 730 2175 ultu:
751 2162 841 2175 autum
865 2162 938 2182 plcul
958 2162 1024 2177 usus

226 2162 374 2225 Iiypocrisi,
383 2191 411 2215 et
419 2186 569 2225 iniquitate.
581 2184 634 2225 γεω
642 2184 720 2225 vobis
728 2184 840 2211 Scribae
846 2190 875 2225 et
886 2185 1024 2213 Pharisaei

229 2219 397 2259 h'y'pocritae,
413 2222 459 2257 qui
467 2219 621 2259 'aedificatis
635 2219 981 2259 sepulcraprophelarum,
999 2226 1027 2249 et

227 2254 333 2288 ornatis
350 2254 520 2291 monumenta
538 2256 685 2291 iustorum,
703 2259 730 2282 et
743 2254 853 2282 dicitis:
877 2256 905 2283 Si
926 2255 1024 2284 fuisse-

228 2303 290 2323 mus
306 2295 332 2321 iu
343 2289 437 2320 diebus
451 2289 556 2327 patntm
572 2295 737 2327 nostrorum,
751 2298 804 2327 non
817 2297 941 2318 essemus
956 2292 1024 2319 socii

227 2337 324 2358 eorum
340 2330 367 2355 in
381 2324 511 2363 sanguine
522 2326 731 2363 prophetarum.
752 2324 846 2361 Itaque
866 2328 1024 2354 testimonio

228 2366 296 2394 estis
313 2362 603 2398 vobismetipsiquuia
617 2362 664 2389 lilii
680 2362 748 2389 estis
762 2369 872 2395 eorum,
895 2363 940 2397 qui
961 2370 1024 2398 pro-

226 2401 326 2436 phetas
337 2399 504 2436 occiderunt.
519 2397 554 2424 Et
568 2398 738 2436 vosimplete
751 2405 907 2425 mensuratn
917 2404 1023 2436 patrum

226 2433 390 2464 vestrorum.
409 2435 555 2469 Serpentes
565 2433 700 2469 genimiua
715 2433 1024 2469 viperarum,quomo’do

226 2471 338 2506 fugietis
352 2478 366 2497 a
387 2470 488 2504 judicio
500 2468 656 2506 gehennae?
670 2468 733 2496 ideo
744 2476 808 2506 ecce
825 2476 875 2505 ego
890 2468 1024 2506 mittoad

225 2504 276 2535 vos
292 2505 453 2541 prophetas,
469 2510 498 2541 et
509 2504 645 2541 sapientes
656 2524 664 2538 ,
681 2509 707 2531 et
722 2504 850 2541 scribas,
863 2510 891 2532 et
914 2513 947 2532 ex
970 2505 1023 2533 illis

226 2539 358 2571 occidetis
367 2563 375 2575 ,
390 2545 417 2569 et
427 2540 604 2575 crucifigetis,
619 2545 646 2567 et
660 2547 692 2567 cx
704 2539 925 2576 eisrflagellabitis
939 2541 965 2568 in
976 2548 1023 2576 sy-

225 2579 339 2614 nagogis
358 2577 470 2614 vestris,
486 2581 514 2603 et
528 2576 725 2614 persequeniini
740 2575 775 2603 de
790 2577 899 2614 civitate
916 2576 942 2604 in
958 2575 1025 2614 civig

225 2611 311 2642 tatem
324 2623 330 2640 :
347 2617 376 2641 ut
385 2612 475 2640 veniat
485 2619 566 2646 super
580 2619 626 2639 vos
639 2611 729 2639 omnis
740 2611 850 2647 sanguis
860 2612 964 2647 justus,
977 2612 1024 2647 qui

224 2650 328 2678 effusus
342 2654 384 2677 est
402 2655 484 2683 super
497 2652 612 2680 terram,
632 2654 648 2674 a
662 2646 792 2683 sanguine
807 2648 873 2675 Abel
888 2647 954 2682 justi
979 2646 1036 2675 tis-'

224 2693 278 2722 que
291 2685 325 2713 ad
340 2682 499 2720 sanguinem
513 2682 677 2717 Zachariae,
699 2682 747 2710 lilii
764 2682 925 2717 Baracbiae,
942 2690 1023 2719 quem

1081 1245 1170 1267 autem
1186 1239 1258 1273 pleni

1080 1274 1146 1303 estis
1160 1274 1310 1310 hypocrisi,

1081 1314 1110 1337 et
1120 1310 1272 1345 iniquitate.

1080 1345 1126 1373 29.
1148 1345 1204 1373 Vae
1216 1346 1293 1374 vobis
1309 1345 1382 1374 Scri-

1080 1380 1131 1408 bac
1144 1387 1171 1409 et
1187 1380 1237 1408 Fa-

1081 1416 1161 1457 risaei
1176 1416 1257 1457 hypo-

1081 1453 1181 1484 critae,
1197 1453 1243 1487 qui

1080 1487 1231 1515 aediﬁcatis
1243 1495 1286 1516 se—

1080 1523 1193 1558 pulchra
1207 1524 1325 1559 proptre-

1501 1240 1526 1266 iu
1541 1241 1683 1275 synagogis

1501 1276 1597 1302 vestris
1610 1296 1617 1308 ,
1635 1280 1662 1302 et

1502 1311 1694 1345 perscquimiui
1745 1312 1750 1314 “

1501 1347 1534 1374 dc
1550 1347 1656 1373 civitate

1501 1383 1526 1408 in
1543 1383 1676 1409 civitatem
1693 1391 1698 1408 :

1499 1417 1546 1445 55.
1567 1422 1595 1445 ut
1609 1418 1698 1446 veniat

1500 1460 1581 1488 super
1595 1461 1643 1481 vos

1500 1496 1594 1530 omnes
1607 1489 1715 1530 sanguis

1499 1526 1601 1559 justus,
1615 1526 1661 1560 qui

1081 1564 1168 1587 tarum
1178 1580 1185 1592 ,
1200 1565 1229 1587 et
1241 1567 1321 1587 orna-
1500 1560 1601 1588 effusus
1614 1565 1656 1589 est

1080 1595 1115 1631 tis
1129 1600 1303 1623 monumenta
1500 1603 1582 1629 super
1596 1601 1694 1625 terram
1705 1618 1713 1631 ,

1078 1630 1213 1667 iustorum
1223 1651 1230 1664 ,
1245 1635 1273 1659 et
1373 1666 1377 1667 ν
1500 1639 1515 1658 a
1529 1633 1659 1667 sanguine

1080 1665 1126 1703 ὄρ.
1146 1666 1233 1694 dicitis
1249 1675 1255 1693 :
1275 1666 1343 1701 Quia
1357 1666 1380 1694 si
1501 1667 1568 1695 Abel
1581 1665 1647 1703 justi

1080 1701 1227 1729 iuissemus
1241 1702 1342 1737 in,,die-

1080 1737 1132 1765 bus
1146 1742 1252 1771 patrum
1267 1746 1315 1767 no-

1081 1777 1196 1800 strorum
1205 1793 1213 1806 ,
1229 1781 1283 1801 non

1080 1815 1202 1837 essemus
1216 1810 1282 1838 socii

1500 1710 1585 1738 usque
1600 1704 1633 1731 ad
1648 1712 1709 1732 sau-

1497 1739 1606 1774 guinem
1620 1739 1738 1767 Zaceha-

1498 1775 1554 1802 riae
1569 1775 1605 1802 fili
1620 1775 1703 1803 Bara-

1498 1810 1559 1838 chie
1568 1832 1576 1845 ,
1590 1818 1670 1846 quem
1716 1830 1720 1832 γ

1319 1854 1436 1884 CODEX
1456 1855 1654 1885 BRIXIANUS.

1084 1902 1166 1938 pleni
1181 1902 1245 1929 estis
1266 1903 1367 1937 rapina.
1396 1908 1423 1930 et
1457 1902 1597 1938 injustitia.
1632 1903 1776 1931 Pliarisaee
1803 1911 1887 1933 caece

1086 1937 1185 1964 munda
1210 1938 1283 1972 pritts
1299 1939 1369 1973 quod
1395 1939 1466 1965 intus
1495 1944 1536 1965 est
1557 1939 1649 1966 calieis
1669 1943 1696 1966 et
1722 1941 1886 1974 parapsidis.

1083 1978 1112 1999 ut
1129 1974 1173 2010 fiat
1187 1979 1213 2000 et
1230 1973 1254 1999 id
1269 1974 1338 2008 quod
1354 1975 1386 2001 dc
1409 1975 1474 2001 furis
1495 1979 1535 2001 est
1560 1975 1698 2010 mundytn.
1727 1973 1791 2002 Vae
1807 1976 1887 2004 vobis

1082 2009 1187 2036 scribae
1231 2015 1263 2045 et
1287 2009 1423 2036 Pharisaei
1471 2009 1651 2045 bypocrilae.’
1674 2010 1736 2045 quia
1777 2011 1887 2039 similes

1081 2045 1147 2080 estis
1190 2044 1322 2078 sepulcris
1351 2044 1496 2072 dealbalis.
1538 2054 1606 2080 quac
1644 2054 1658 2073 a
1684 2044 1757 2073 foris
1786 2052 1888 2080 parent

1081 2079 1236 2107 hominibus
1259 2080 1391 2114 speCiosa.
1412 2081 1482 2107 intus
1498 2079 1571 2108 vero.
1600 2082 1678 2116 plena
1696 2085 1759 2108 sunt
1773 2079 1886 2110 ossibus

1080 2121 1259 2142 mortuorum.
1285 2121 1312 2142 et
1333 2117 1405 2144 omni
1426 2117 1565 2150 spurcitia.
1587 2118 1632 2144 Sic
1652 2122 1678 2144 et
1700 2124 1757 2144 vos.
1778 2124 1795 2144 τι
1817 2117 1887 2145 foris

1079 2151 1187 2188 quidem
1209 2151 1309 2183 pareiis
1334 2153 1486 2179 hominibus
1507 2153 1581 2186 justi.
1599 2153 1673 2179 intus
1696 2158 1783 2180 autem
1807 2154 1886 2188 pleni

1080 2187 1146 2222 estis
1161 2186 1343 2214 simulatione.
1359 2193 1386 2215 et
1400 2188 1547 2222 iniquitate.
1565 2188 1620 2215 Vae
1636 2188 1712 2216 vobis
1732 2186 1844 2216 scribae
1858 2194 1888 2217 et

1080 2221 1217 2259 Pharisaei
1231 2222 1396 2257 bypocritae.
1412 2221 1475 2258 quia
1490 2224 1638 2251 aediﬁcatis
1656 2224 1799 2258 sepulchra
1821 2232 1887 2259 pro-

1081 2257 1235 2294 phetarum.
1252 2264 1278 2285 ct
1293 2260 1393 2285 ornatis
1408 2257 1580 2287 monumenta
1591 2257 1735 2294 justorum.
1747 2265 1774 2287 et
1788 2257 1886 2288 dicitis

1078 2293 1106 2319 Si
1124 2292 1268 2320 fuissemus
1285 2294 1311 2321 in
1325 2294 1420 2321 diebus
1438 2299 1541 2329 patrum
1559 2292 1722 2322 nostrorum.
1739 2302 1793 2322 nou
1806 2303 1887 2324 esse—

1078 2335 1140 2366 mus
1154 2329 1218 2366 socii
1238 2337 1343 2356 eorum.
1368 2330 1395 2356 in
1411 2330 1542 2365 sanguine
1562 2331 1765 2365 prophetarum.
1784 2330 1886 2366 Itaque

1078 2364 1263 2391 testimonium
1280 2365 1427 2399 perhibetis
1439 2364 1515 2393 vehis
1531 2367 1653 2399 metipsis
1666 2366 1729 2401 quia
1747 2366 1794 2393 filii
1813 2364 1884 2394 estis

1078 2406 1172 2426 eorum
1198 2401 1242 2434 qui
1268 2401 1412 2435 prophetas
1438 2401 1605 2429 occiderunt.
1628 2402 1659 2428 Et
1687 2409 1735 2429 vos
1760 2402 1886 2437 impletis

1078 2442 1231 2461 mensuram
1248 2442 1351 2469 patrtuu
1359 2441 1519 2464 vestrorum.
1533 2442 1672 2471 serpentes
1684 2438 1830 2472 progenies
1844 2438 1887 2465 vi-

1079 2477 1214 2508 perarum.
1229 2473 1365 2506 quomodo
1376 2472 1483 2508 fugietis
1497 2480 1512 2500 a
1525 2473 1626 2508 judicio
1637 2473 1786 2508 gehennae.

1115 2505 1255 2550 ldeqeccc
1269 2515 1319 2550 ego
1331 2505 1456 2550 mitto'ad
1470 2505 1718 2550 vospropheiaset
1729 2508 1895 2550 sapientem

1078 2545 1105 2580 et
1125 2542 1237 2580 seribas.
1250 2548 1334 2580 etcx
1351 2543 1404 2570 illis
1419 2542 1549 2571 occidetis
1566 2542 1593 2571 et
1613 2542 1788 2580 cruciﬁget‘t—s.
1804 2549 1835 2573 et
1849 2552 1885 2572 ex

1077 2576 1117 2616 eis
1136 2577 1311 2618 ﬂagellabitis
1334 2579 1361 2618 in
1385 2581 1528 2618 synagogis
1550 2576 1886 2618 vestris._et'perseque—

1076 2613 1152 2652 mini.
1171 2613 1204 2640 de
1216 2613 1325 2652 civitate
1350 2615 1376 2641 in
1396 2613 1542 2652 civitatem.
1566 2620 1595 2643 ut
1608 2616 1698 2643 veniat
1721 2613 1805 2650 super
1824 2613 1882 2644 ’νος

1077 2650 1164 2675 omnis
1187 2650 1397 2686 sanguisjustus
1417 2651 1463 2686 qui
1481 2651 1582 2679 cll‘usus
1603 2656 1645 2679 cst
1664 2658 1745 2686 super
1759 2656 1880 2678 terram.

1075 2690 1097 2724 a_
1114 2684 1243 2724 sanguine
1267 2685 1335 2724 Abel
1352 2684 1432 2721 iusti.
1441 2694 1526 2722 usque
1541 2687 1576 2715 ad
1599 2684 1758 2723 sanguinem
1771 2685 1883 2716 Zacha-

1075 2719 1132 2747 riae
1144 2719 1190 2747 filii
1205 2719 1356 2750 Barachiae
1363 2729 1442 2757 quem

566 2806 760 2836 VARIANTES
778 2806 973 2838 LECTIONES
991 2806 1125 2838 GODICIS
1137 2808 1193 2839 MS.
1214 2809 1243 2839 S.
1264 2810 1521 2842 GERMANENSIS.

259 2857 266 2873 '
286 2863 346 2883 ecce
356 2856 445 2882 munda

1110 2856 1120 2871 ¹
1137 2857 1163 2881 ot
1174 2856 1198 2881 id
