3980 6192
242 230 330 294 505

612 353 850 412 CODEX
891 350 1431 412 VERCELLENSIS.

236 446 490 502 Occidistis
1057 447 1264 517 templi.

238 518 360 574 inter
385 530 515 575 tem—
1057 519 1112 574 2.
1135 559 1150 574 .
1171 559 1185 573 .
1207 560 1220 571 .
1247 559 1261 571 .
1282 558 1296 572 .
1337 532 1364 572 s
1406 557 1419 570 .
1446 556 1459 570 .
1487 525 1670 573 autem
1703 528 1821 572 res-

237 589 362 657 plum
391 602 443 645 et
466 590 601 645 alta-
1059 631 1074 644 .
1120 630 1134 643 .
1176 589 1382 644 ondens
1411 587 1494 643 di-

235 660 312 716 36.
341 675 412 716 re.
440 662 614 718 Amen
1054 661 1133 716 xit
1157 659 1263 716 illis
1288 677 1301 713 :
1331 659 1492 715 Vide-

237 731 340 787 dico
357 731 544 800 vobis,
1057 732 1127 786 tis
1158 732 1291 786 haec
1320 745 1438 785 om-

233 804 427 858 venient
456 804 592 860 haec
751 845 756 848 -
1057 802 1184 858 nia?
1212 805 1384 857 Amen
1413 801 1495 856 di-

235 874 388 930 omnia
419 889 586 946 super
1058 888 1125 929 co
1148 873 1332 946 vobis,
1363 871 1506 944 quod

232 961 347 1017 gene
385 986 399 999 .
446 989 459 1001 .
491 944 519 1000 “.
561 947 642 1003 io-
873 948 876 950 ’
1057 960 1167 1000 non
1195 944 1361 1017 relin-

233 1014 292 1072 ᾖε
320 1059 332 1071 .
372 1058 385 1070 .
428 1019 611 1074 istam.
1056 1024 1252 1086 quetur
1273 1014 1361 1069 hic

234 1089 311 1145 57.
346 1088 678 1148 Hierusalem
693 1133 710 1159 ,
1058 1083 1196 1159 lapis
1225 1100 1398 1159 super
1417 1083 1496 1139 la-

238 1159 581 1229 llierusalcm,
693 1157 701 1159 ’
1059 1158 1239 1228 pidem
1262 1199 1278 1226 ,
1311 1157 1402 1227 qui

232 1245 352 1302 quae
381 1232 585 1288 occidis
1058 1243 1165 1285 non
1193 1229 1227 1284 d
1269 1268 1284 1283 .
1327 1266 1344 1282 .
1387 1267 1400 1280 .
1446 1235 1560 1282 tru-

266 1301 449 1358 roietas
469 1345 484 1369 ,
515 1313 572 1360 et
1058 1311 1200 1355 atur.

279 1373 417 1443 pidas
452 1389 552 1431 eos
1056 1371 1109 1426 5.
1154 1369 1296 1429 Sede
1352 1409 1366 1422 .
1411 1409 1425 1423 .
1470 1411 1482 1425 .
1530 1410 1544 1423 .
1590 1407 1606 1424 .
1648 1408 1664 1424 .
1710 1410 1722 1426 .
1768 1409 1784 1424 .

227 1445 386 1514 quiad
412 1455 465 1502 te
491 1446 622 1502 mis-
1055 1451 1185 1500 tem.
1233 1484 1246 1497 .
1291 1483 1304 1496 .
1352 1482 1367 1498 .
1411 1481 1426 1495 .
1473 1482 1488 1495 .
1531 1480 1546 1496 .

224 1518 606 1587 sisunt,quo—
1053 1528 1590 1587 perm......

224 1587 350 1643 tiens
372 1583 502 1644 vqu
539 1628 558 1647 .
604 1629 616 1642 .
1053 1583 1206 1641 Olive
1247 1623 1261 1638 .
1304 1624 1320 1639 .
1365 1621 1380 1638 .
1419 1596 1570 1638 cces-

227 1672 508 1731 congrega-
1052 1665 1262 1731 serunt.
1305 1698 1320 1712 .
1365 1691 1383 1711 .
1411 1653 1446 1710 d
1474 1668 1599 1710 eum

221 1745 277 1786 re
305 1727 481 1786 ﬁliost
521 1771 536 1786 .
579 1771 597 1787 .
634 1764 662 1774 -
1054 1727 1262 1798 discipn
1304 1766 1318 1780 .
1363 1765 1378 1783 .
1421 1764 1438 1781 .
1483 1764 1497 1779 .
1539 1739 1598 1781 e-

219 1804 760 1869 os,sicutg...-
1053 1798 1740 1862 creto,d.....en-

1052 1870 1391 1926 teszDicno
1433 1909 1446 1922 .
1492 1908 1506 1921 .
1547 1883 1611 1934 s,

220 1871 321 1926 lina
347 1888 484 1945 cong
525 1915 539 1929 .
585 1916 598 1928 .
645 1914 659 1930 .
700 1906 725 1916 -
1052 1879 1170 1925 tes:
1201 1871 1391 1926 Dicno
1433 1909 1446 1922 .
1492 1908 1506 1921 .

220 1953 299 2012 gat
325 1945 496 2012 pullos
536 1985 550 1999 .
595 1985 612 2002 .
655 1987 669 2003 .
717 1977 742 1990 -
1051 1940 1267 2012 quando
1308 1979 1324 1993 .
1367 1980 1382 1994 .
1427 1979 1441 1994 .
1483 1953 1547 1995 ec

217 1953 299 2013 gat
325 1945 496 2014 pullos
536 1985 550 1999 .
595 1985 612 2002 .
655 1987 669 2003 .
717 1977 742 1990 -

220 2008 280 2070 os
303 2008 402 2070 sub
424 2016 540 2072 alas
1051 2008 1305 2069 erunt?e
1345 2050 1360 2065 .
1405 2050 1418 2064 .
1464 2050 1478 2063 .
1519 2008 1590 2065 od

222 2089 854 2156 ..uas,etnol..-
1050 2083 1560 2154 signum.....

223 2157 674 2217 is.......
1053 2164 1483 2212 ventus....

222 2228 560 2301 58.7relinqu
601 2271 617 2286 .
660 2272 675 2288 .
722 2275 736 2287 .
781 2276 796 2290 .
1056 2236 1240 2301 etcon
1283 2265 1299 2280 .
1342 2263 1358 2280 .
1401 2262 1416 2277 .
1459 2263 1475 2278 .
1519 2261 1534 2276 .

222 2300 366 2356 vobis
392 2302 464 2356 do
502 2299 518 2358 ζ
561 2343 576 2358 .
621 2342 638 2360 .
1056 2299 1224 2352 matio
1264 2335 1279 2349 .
1322 2333 1338 2350 .
1387 2339 1398 2349 .
1445 2335 1458 2347 .

225 2382 396 2428 vestra
421 2374 517 2430 de-
1055 2383 1218 2425 saecu
1261 2407 1276 2421 .
1320 2408 1334 2422 .
1377 2410 1390 2422 .
1439 2407 1452 2420 .
1499 2406 1514 2419 .
1559 2407 1574 2422 .

224 2454 382 2498 serta.
1057 2441 1113 2495 4.
1155 2440 1224 2494 Ει
1248 2437 1583 2509 respondens

1057 2511 1214 2567 Jesus
1230 2551 1246 2578 ,
1277 2508 1414 2564 dixit
1440 2527 1454 2565 :
1481 2508 1572 2564 Vi-

1058 2583 1183 2638 dete
1217 2597 1286 2637 ne
1311 2582 1434 2652 quis

227 2514 314 2570 39.
355 2516 486 2572 Dico
509 2526 689 2574 autem
717 2533 814 2574 vo-

227 2584 336 2655 bis,
367 2587 442 2659 (b)
463 2589 590 2658 quia
617 2589 658 2660 1-
680 2606 788 2646 non

227 2653 329 2712 me
352 2653 386 2711 .'
411 2653 434 2712 .’
469 2653 499 2714 .“
531 2698 546 2713 .
587 2653 713 2717 bitis
1059 2669 1156 2709 vos
1186 2653 1408 2709 seducat

230 2731 448 2796 amodo,
477 2729 653 2787 donec
1059 2726 1170 2780 ullo
1199 2726 1381 2780 modo.

233 2795 442 2876 dicatis:
487 2843 501 2855 .
545 2843 559 2856 .
604 2803 874 2876 nedictus,
895 2805 986 2876 qui
1059 2796 1114 2852 5.
1147 2795 1462 2876 Multienim

234 2873 376 2927 venit
399 2874 449 2928 in
475 2874 650 2930 nomi-
861 2867 871 2872 ’
913 2867 929 2876 ’
1060 2868 1282 2923 venient
1310 2867 1364 2921 in

234 2955 300 2997 ne
324 2944 548 3001 Domini.
1059 2953 1188 2994 nom
1230 2978 1244 2992 .
1289 2979 1304 2992 .
1355 2977 1368 2990 .
1413 2976 1430 2992 .
1468 2949 1556 3002 eo,
1588 2931 1773 2989 dicen-

378 3053 603 3114 (ῙΑΡῘῙΤ
632 3056 828 3115 ΧΧῘῩ·
929 3123 940 3129 .
1061 3019 1309 3136 ἕῗτῖείιιέ
1335 3047 1423 3135 :.e.
1448 3022 1767 3133 ,δῗωωυιιοε

243 3147 290 3220 l.
327 3148 393 3204 Et
411 3166 657 3220 egressus
683 3152 844 3211 Jesus
1061 3153 1346 3210 seducunt.

243 3219 305 3292 de
343 3219 565 3292 templo,
594 3223 725 3279 ibat.
1063 3223 1117 3280 6.
1161 3223 1457 3279 Audientes

245 3291 307 3365 Et
331 3291 672 3365 accesserunt
1063 3303 1244 3351 autem
1275 3309 1434 3365 proe-

245 3361 472 3436 discipuli
501 3365 618 3435 ejus
1064 3367 1166 3435 lia,
1213 3408 1223 3420 .
1272 3361 1294 3422 ξ
1330 3363 1579 3436 topinio—

244 3432 306 3485 ad
331 3432 446 3509 eum
466 3478 482 3501 ,
510 3432 569 3492 ut
597 3450 685 3492 os-
1066 3432 1163 3494 nes
1193 3432 1424 3509 proelio;

247 3506 513 3586 tenderent
1066 3525 1094 3564 r
1133 3550 1148 3564 .
1193 3506 1209 3563 ζ
1250 3526 1301 3564 m
1347 3549 1361 3586 ε
1401 3506 1595 3586 Videte

245 3581 292 3630 ei
319 3589 634 3635 structuram
687 3591 692 3596 '
1067 3597 1100 3636 n
1147 3623 1160 3635 .
1206 3622 1218 3635 .
1260 3581 1517 3636 turbemi-

660 3720 892 3777 CODEX
929 3719 1400 3777 CORBEIENSIS.

247 3811 510 3867 occidistis
535 3813 678 3868 inter
711 3813 969 3884 templum
996 3823 1052 3868 et
1077 3815 1267 3867 altare.
1300 3817 1469 3865 Amen
1492 3810 1612 3866 dico
1639 3810 1828 3878 vobis,

243 3885 453 3955 venient
483 3885 619 3939 haec
647 3883 833 3938 omnia
858 3900 1020 3955 super
1045 3885 1449 3955 generationem
1481 3883 1656 3955 istam.

318 3954 479 4009 XXV.
509 3955 814 4011 Jerusalem
837 3997 851 4021 ,
881 3953 1178 4011 Jerusalem
1200 3997 1214 4020 ,
1243 3969 1380 4024 quae
1413 3955 1428 3983 ⁸
1466 3953 1668 4008 occidis
1706 3968 1833 4022 pro-

246 4025 460 4095 phetas,
491 4036 543 4081 et
571 4026 781 4094 lapidas
807 4043 902 4081 eos
940 4028 1029 4097 qui
1059 4026 1124 4081 ad
1155 4035 1207 4080 te
1243 4026 1392 4078 missi
1435 4033 1587 4097 sunt,
1620 4027 1831 4097 quoties

245 4098 387 4151 volui
418 4113 746 4167 congregare
793 4100 931 4152 ﬁlios
960 4095 1079 4152 tuos
1104 4141 1118 4162 ,
1151 4095 1602 4165 quemadtt‘toduttt
1635 4095 1830 4164 gallina

247 4181 534 4238 congregat
571 4170 746 4239 pullos
782 4186 913 4224 suos
952 4169 1052 4223 sub
1079 4170 1230 4222 :ilns'
1254 4209 1268 4233 ,
1299 4177 1352 4220 et
1396 4167 1654 4239 noluisti?
1694 4167 1835 4239 Ecce

247 4237 582 4310 relinquetur
611 4241 765 4294 vobis
808 4241 1000 4295 domus
1029 4249 1204 4294 vestra
1247 4241 1481 4310 deserta.
1518 4238 1644 4292 Dico
1674 4237 1836 4310 enim

247 4308 428 4377 vobis,
457 4329 562 4366 non
588 4327 674 4366 me
699 4313 946 4366 videbitis
979 4313 1196 4375 amodo,
1227 4310 1400 4364 donec
1425 4309 1646 4364 dicatis:
1671 4308 1840 4362 Bene-

253 4380 452 4444 dictus.
476 4384 568 4450 qui
605 4384 750 4436 venit
774 4384 825 4436 in
855 4385 1070 4438 nomine
1100 4381 1330 4436 Domini.
1368 4381 1435 4433 Et
1473 4393 1727 4449 egressus
1753 4377 1842 4434 Je-

254 4466 342 4506 sns
382 4457 446 4507 de
477 4455 717 4525 templo,
751 4455 883 4508 ibat.
915 4455 979 4508 Et
1022 4461 1365 4508 accesserunt
1393 4451 1643 4525 discipuli
1689 4450 1804 4520 ejus
1826 4490 1841 4511 ,

255 4534 311 4576 ut
335 4525 354 4554 ³
381 4522 690 4580 ostenderet
713 4526 792 4579 cis
823 4525 1248 4579 aediﬁcationem
1279 4522 1485 4591 templi.
1521 4522 1638 4590 Ipse
1664 4532 1845 4575 autem

255 4598 584 4666 respondens
628 4598 764 4650 dixit
811 4596 955 4650 illis:
986 4595 1194 4651 Videtis
1234 4595 1366 4666 haec
1408 4594 1626 4666 omnia?
1671 4593 1844 4666 Amen

258 4663 373 4720 dico
404 4669 582 4732 vobis,
614 4683 718 4722 non
751 4667 1085 4738 relinquetur
1113 4667 1199 4721 liic
1227 4665 1362 4734 lapis
1388 4679 1551 4733 super
1582 4663 1846 4732 lapidein,

297 4740 346 4791 ni
372 4754 472 4794 non
498 4745 828 4795 destruatur.
854 4740 1089 4793 Sedente
1119 4749 1297 4791 autem
1322 4749 1388 4790 eo
1415 4749 1578 4804 super
1607 4743 1847 4788 montem

307 4809 487 4877 liveti,
522 4819 876 4866 accesserunt
928 4810 991 4863 ad
1038 4825 1160 4864 eum
1202 4807 1449 4876 discipuli
1498 4813 1740 4877 secreto,
1771 4804 1853 4858 di-

263 4875 479 4936 centesi
517 4883 611 4936 Dic
646 4882 833 4946 nobis,
863 4881 1081 4951 quando
1112 4881 1245 4934 haec
1272 4875 1465 4951 erunt?
1491 4887 1545 4932 et
1573 4875 1852 4951 quodsig-

264 4967 385 5004 num
425 4954 685 5008 adventus
734 4953 842 5020 tui,
881 4946 944 5006 et
983 4948 1464 5020 consummationis
1499 4946 1738 5020 saeculi?
1782 4946 1853 5001 Et

260 5025 596 5091 rc5p0ndens
644 5019 843 5088 Jesns,
886 5024 1024 5077 dixit
1075 5024 1155 5078 eis
1193 5041 1206 5076 :
1245 5019 1439 5076 Videte
1485 5034 1551 5073 ne
1589 5019 1718 5091 quis
1755 5031 1852 5072 vos

261 5090 504 5150 seducat.
533 5095 679 5150 Multi
708 5095 853 5149 enim
884 5096 1102 5150 venient
1131 5093 1188 5147 in
1225 5091 1441 5145 nomine
1470 5104 1592 5144 meo
1615 5130 1630 5154 ,
1671 5090 1856 5144 dicen-

262 5174 346 5220 tes
373 5165 536 5238 :Ego
577 5182 698 5221 sum
737 5165 988 5238 Christus
1017 5182 1030 5218 :
1061 5174 1117 5220 et
1144 5164 1344 5238 multos
1379 5158 1858 5238 seducent_._Audi-

257 5238 374 5309 turi
401 5237 420 5267 ‘
449 5232 628 5294 autem
669 5239 804 5293 estis
827 5237 1034 5309 proelia
1054 5277 1070 5304 ,
1109 5243 1166 5291 et
1192 5233 1478 5306 opiniones
1504 5232 1853 5302 proeliorum.

258 5307 462 5366 Videte
486 5325 554 5366 ne
595 5307 858 5366 turbemil
1122 5317 1124 5319 ’

1192 234 1642 296 EVANGELIUM
1676 232 2047 296 SECUNDUM
2085 235 2520 296 ΜΑΤΤΗᾸΞΠΜ.

3417 240 3525 298 506

2360 351 2594 412 CODEX
2635 353 3090 412 VERONENSIS.

1922 441 2201 500 occidistis
2231 445 2374 501 inter
2765 457 2824 502 ut
2849 448 3205 506 ostenderent

1922 515 2188 585 templum
2210 524 2267 572 et
2764 521 2815 574 ei
2844 528 3148 575 structuras

1921 585 2114 663 altare.
2273 657 2308 663 __
2762 589 2819 644 2.
2860 591 3069 660 templi.
3099 591 3220 663 Ipse

1922 656 2014 731 36.
2036 659 2228 731 ‘Amen
2251 657 2379 731 dico
2762 669 2945 716 autem
2977 656 3206 731 respon-

1924 727 2110 800 vobis,
2142 729 2360 787 venient
2762 731 2900 787 dens
2926 727 3195 790 dixit’illis
3222 749 3238 800 ;

1924 799 2062 855 haec
2083 802 2264 856 omnia
2765 801 2976 858 Videtis
2998 802 3132 859 haec

1925 883 2090 940 super
2111 886 2336 940 genera-

1925 942 2126 996 tionem
2155 943 2332 999 istam.

1926 1013 2016 1086 ζῇ.
2059 1011 2394 1086 Hierusalem
2418 1057 2435 1086 ,

1927 1082 2264 1140 Hierusalem
2287 1127 2304 1153 ,

1926 1169 2078 1226 quae
2093 1156 2294 1212 occidis

1967 1224 2251 1295 ropbetas,
2281 1237 2338 1284 et

1949 1297 2136 1367 apidas
2162 1312 2258 1353 eos

1926 1369 2018 1437 qui
2048 1368 2114 1423 ad
2145 1377 2198 1424 te
2227 1369 2376 1426 missi

1926 1449 2054 1494 sunt
2079 1481 2095 1506 ,
2133 1441 2384 1510 quotiens

1927 1510 2076 1564 volui
2105 1525 2365 1582 congrae-

1927 1594 2056 1651 gare
2083 1582 2222 1637 ﬁlios

2765 874 2990 929 omnia?
3017 877 3189 932 Amen

2766 945 2894 1001 dico
2920 945 3098 1012 vobis,

2766 1031 2877 1072 non
2907 1016 3181 1087 relinque-

2766 1096 2856 1143 tur
2879 1087 2977 1170 liic_
2994 1088 3130 1170 lapis

2766 1173 2935 1230 super
2962 1159 3200 1229 lapidem
3218 1200 3234 1227 ,

2769 1233 2862 1301 qui
2887 1246 2995 1286 non
3017 1231 3111 1287 de-

2768 1311 3031 1357 struatur.

2770 1373 2826 1429 5.
2867 1372 3102 1430 Sedente
3127 1380 3308 1429 autem

2771 1444 2892 1515 ipso
2919 1460 3084 1515 super

2765 1525 3008 1571 montem
3039 1516 3156 1571 Oli-

2767 1587 2900 1652 veti,
2929 1601 3116 1643 acces~

1927 1659 2049 1723 tuos
2069 1694 2084 1719 ,
2113 1669 2302 1723 quem-
2767 1665 2961 1714 serunt
2985 1659 3052 1712 ad

1925 1722 2217 1795 admodum
2766 1744 2891 1785 eum
2915 1728 3168 1795 discipuli

1924 1793 2123 1864 gallina
2151 1810 2283 1851 con-
2765 1809 2998 1865 secreto,
3029 1793 3111 1853 d'i-
3214 1828 3221 1834 -

1925 1875 2115 1935 gregat
2148 1867 2327 1937 pullos
2765 1881 2954 1927 centes
2978 1889 2990 1924 :
3021 1871 3117 1926 Dic

1926 1950 2057 2012 suos
2086 1940 2189 1994 sub
2766 1943 2946 2003 nobis,
2971 1957 3146 2012 quan-

1931 2007 2046 2061 alas
2067 2023 2194 2064 snas
2209 2050 2225 2074 ,

1930 2085 1985 2131 et
2010 2080 2295 2134 noluistis?

1928 2147 2020 2203 38.
2055 2149 2206 2226 _Ecce
2220 2150 2317 2226 _(a)
2345 2152 2605 2226 relinqui-

1929 2227 2020 2274 tur
2040 2219 2082 2291 -ι-
2110 2219 2263 2277 vobis
2288 2219 2479 2280 domus

1927 2300 2109 2346 vestra
2139 2293 2372 2348 deserta.

1925 2361 2016 2418 39.
2061 2362 2191 2418 Dico
2218 2375 2401 2424 autem
2425 2381 2521 2424 vo—

1927 2433 2034 2499 bis.
2069 2432 2147 2506 (ιι)
2177 2437 2301 2509 quia
2327 2437 2369 2509 τ

1926 2519 2036 2558 non
2067 2521 2154 2560 me
2178 2507 2332 2564 vide-

1925 2575 2058 2646 bitis
2086 2578 2306 2646 amodo,

1926 2645 2102 2703 donec
2128 2645 2319 2707 dicatis
2347 2670 2361 2708 :

1925 2716 2256 2792 Benedictus
2277 2764 2294 2792 ,

2766 2014 2838 2070 do
2866 2013 2998 2067 haec
3024 2012 3224 2068 erunt?

2767 2092 2826 2142 et
2849 2085 2993 2154 quod
3023 2085 3238 2154 signum
3341 2142 3352 2149 ,

2766 2156 3032 2212 adventus
3061 2155 3160 2220 tui,

2679 2255 2683 2260 ‘
2766 2239 2822 2283 ει
2859 2241 3209 2283 consumma-

2764 2299 2931 2354 tionis
2961 2297 3204 2354 saeculi?

2765 2369 2821 2440 4.
2866 2369 2932 2424 Ει
2954 2367 3294 2440 respondens

2767 2439 2948 2508 Jesus,
2982 2441 3122 2496 dixit
3154 2457 3168 2494 :

2768 2512 2965 2569 Videte
2988 2526 3060 2568 ne

2806 2585 2892 2640 uis
2919 2598 3018 2639 vos
3043 2598 3131 2640 se-

2810 2665 2932 2711 ucat
2962 2655 3073 2710 ullo

2767 2725 2824 2781 5.
2865 2726 3050 2782 modo.
3076 2723 3228 2781 Multi

1926 2789 2194 2879 Quijenﬁl
2279 2789 2288 2792 ⁷
2768 2802 2913 2879 enim
2941 2797 3167 2879 venient

1927 2869 1982 2913 in
2013 2869 2232 2920 nomine
2770 2869 2828 2924 in
2859 2869 3077 2924 nomine

1931 2929 2166 2988 Domini.
2771 2955 2920 2994 meo.
2947 2939 3194 2994 dicentes
3226 2953 3241 2990 :

2081 2994 2093 3007 ’
2772 2981 3038 3093 ἔρξω]

2085 3124 2315 3183 CAPUT
2343 3125 2536 3183 xxw.
2771 3080 3085 3208 ,ᾖξςξξιέιξὲ
3097 3085 3154 3135 ει

2772 3223 2992 3280 ducent.

2773 3296 2830 3351 6.
2870 3293 3169 3351 Audientes

2774 3377 2954 3422 autem
2985 3364 3206 3436 praelia,

2775 3446 2834 3494 et
2862 3437 3148 3508 opiniones

2775 3505 3066 3566 bellorum.
3095 3505 3308 3574 Videte,

2777 3596 2848 3637 ne
2872 3578 3188 3636 turbemini.
3333 3607 3343 3617 -

1935 3293 1988 3346 l.
2029 3290 2097 3346 Et
2125 3306 2380 3363 egressus

1931 3363 2090 3420 Jesus
2119 3362 2186 3418 de
2214 3373 2352 3419 tem-

1932 3435 2046 3506 plo.
2073 3436 2204 3490 ibat.
2236 3434 2306 3490 Et

1934 3515 2284 3561 accesserunt

1937 3576 2188 3650 discipuli
2217 3577 2355 3649 ejus,

2395 3719 2627 3778 CODEX
2664 3723 3062 3781 BRIXIANUS.

1933 3813 2211 3887 occidistis
2245 3814 2408 3887 inter
2472 3812 2732 3887 templum
2780 3827 2834 3872 et
2910 3816 3101 3872 altare.
3161 3814 3334 3870 Amen
3406 3813 3531 3870 dico

1934 3885 2106 3940 vobis.
2166 3886 2290 3954 quia
2350 3885 2746 3944 venient'liaec
2809 3889 3013 3942 omnia.
3082 3901 3244 3954 super
3304 3900 3532 3955 genera-

1934 3957 2138 4011 tionem
2194 3956 2372 4010 istam.
2431 3958 2788 4014 Hierusalem.
2847 3958 3184 4013 Hierusalem
3225 3971 3362 4024 quae
3389 3956 3534 4010 occi-

1937 4025 2022 4082 dis
2074 4027 2368 4096 prophetas
2414 4039 2468 4084 et
2516 4029 2721 4098 lapidas
2789 4045 2883 4085 eos
2926 4030 3015 4099 qni
3073 4030 3224 4084 missi
3290 4037 3416 4081 sunt
3464 4027 3533 4099 ad

1941 4106 2013 4152 te.
2050 4100 2311 4172 quotiens
2371 4100 2513 4154 volui
2558 4096 2888 4172 congregare
2926 4096 3064 4154 filios
3101 4096 3534 4172 tuos._quemad-

1939 4170 2159 4242 modum
2187 4170 2381 4239 gallina
2408 4170 2700 4242 congregat
2727 4170 2898 4241 pullos
2924 4186 3051 4226 suos
3099 4171 3203 4226 sub
3220 4170 3323 4242 alis
3343 4171 3454 4222 suis
3480 4176 3538 4223 et

1943 4240 2182 4311 noluisti.
2202 4242 2339 4296 Ecce
2359 4240 2689 4311 relinquetur
2714 4240 2866 4297 vobis
2880 4244 3072 4297 domus
3088 4250 3267 4296 vestra
3295 4240 3532 4311 deserta.

1945 4310 2078 4386 Dico
2114 4313 2258 4386 enim
2287 4315 2437 4386 vobis
2465 4309 2538 4384 (b)
2566 4315 2692 4383 quia
2720 4316 2762 4386 ἰ-
2793 4329 2899 4369 non
2927 4329 3011 4386 me
3058 4309 3536 4386 videbitisamodo

1945 4382 2349 4463 donecdicatis:
2364 4381 2686 4463 Benedictus
2705 4381 2798 4463 qui
2816 4387 2964 4463 venit
2979 4385 3047 4463 ii_t_
3066 4384 3284 4438 nomine
3301 4381 3537 4463 Domini:

1947 4454 2014 4508 Et
2043 4469 2297 4526 egressus
2323 4455 2483 4512 Jesus
2508 4457 2575 4512 de
2599 4452 2820 4526 'tem’plo
2842 4457 2973 4510 ibat.
3009 4456 3076 4510 Et
3098 4452 3538 4526 accesseruntad

1951 4541 2074 4579 eum
2089 4525 2340 4594 discipuli
2354 4528 2470 4596 ejus
2486 4523 2899 4583 utostenderent
2912 4527 2963 4582 ei
2975 4526 3218 4581 aediﬁcia
3232 4525 3435 4594 templi.
3451 4523 3541 4580 Je-

1953 4611 2046 4650 sns
2060 4605 2237 4651 autem
2258 4598 2394 4652 dixit
2412 4599 2512 4653 eis.
2528 4599 2729 4654 Videtis
2753 4599 2882 4654 haec
2905 4598 3106 4654 omnia.
3122 4601 3295 4652 Amen
3309 4598 3432 4651 dico
3448 4611 3542 4650 vo-

1954 4667 2060 4740 bis.
2100 4683 2206 4721 non
2241 4668 2578 4740 relinquetur
2609 4670 2696 4725 hic
2725 4671 2858 4740 lapis
2881 4685 3045 4739 super
3068 4669 3299 4737 lapidem
3321 4669 3408 4740 qui
3433 4682 3541 4740 non

1955 4738 2286 4792 destruatur.
2309 4737 2543 4812 Scdente
2578 4751 2756 4812 autem
2779 4737 2854 4796 'eo
2883 4737 3045 4812 super
3072 4750 3309 4794 montem
3326 4737 3542 4812 Oliveti.

1957 4818 2310 4882 accesserunt
2336 4811 2433 4882 ad
2461 4826 2583 4866 eum
2627 4811 2879 4882 discipuli
2906 4810 3118 4868 secreto
3145 4812 3413 4867 dicentes.
3447 4810 3544 4864 Dic

1959 4880 2136 4955 nobis.
2170 4881 2384 4951 quando
2425 4881 2559 4938 haec
2587 4880 2852 4955 gerunt—et
2875 4884 3018 4955 quod
3047 4885 3256 4955 signum
3281 4882 3546 4955 adventus

1961 4952 2071 5024 tui.
2107 4961 2164 5006 et
2201 4954 2629 5023 consumationis
2659 4952 2981 5010 saeculiCEt
3003 4952 3337 5024 respondens
3365 4952 3544 5009 Jesus.

1961 5023 2097 5099 dixit
2128 5025 2228 5099 eis.
2256 5025 2469 5099 Videte.
2505 5043 2571 5082 ne
2593 5030 2712 5099 quis
2734 5043 2833 5083 vos
2852 5023 3104 5084 seducat.’
3120 5025 3271 5082 Multi
3291 5026 3435 5099 enim
3458 5037 3551 5099 ve-

1963 5096 2115 5152 nient
2144 5098 2196 5152 in
2230 5098 2450 5154 nomine
2479 5093 2628 5169 meo:
2651 5100 2896 5167 dicentes
2925 5100 3058 5166 Quia
3091 5113 3192 5168 ego
3223 5111 3341 5169 sum
3368 5093 3553 5169 Chris-

1965 5175 2072 5222 tus.
2097 5177 2151 5224 et
2172 5170 2370 5225 multos
2391 5165 2668 5226 seducent.
2693 5165 3150 5226 Audituri’auten'i
3174 5167 3303 5222 estis
3325 5165 3546 5236 proelia.

1967 5247 2024 5294 et
2049 5241 2334 5311 opiniones
2360 5241 2688 5313 proeliorum
2711 5242 2907 5298 Videte
2929 5256 3000 5299 ne
3027 5237 3357 5296 terreamini.

941 5402 1338 5463 VARIANTES
1375 5399 1767 5460 LECTIONES
1797 5399 2059 5460 CODlClS
2094 5400 2208 5458 MS.
2250 5402 2310 5460 S.
2351 5400 2858 5461 GERMANENSIS.

327 5503 346 5533 ³
392 5501 618 5552 interficis

325 5567 516 5626 παιδ’

2029 5496 2051 5528 ³
2083 5495 2408 5548 ostenderent
2429 5497 2479 5548 ei

2028 5563 2050 5589 ⁵
2084 5560 2215 5608 enim

1600 5639 1972 5700 BLANCHINI
2007 5639 2242 5699 NOTE.

343 5743 427 5814 (α)
459 5742 532 5801 lta
558 5753 613 5801 et
643 5752 754 5800 tex.
784 5739 882 5797 Gr.
908 5740 1126 5810 ἀφίεται.
1167 5767 1238 5782 --
1274 5739 1352 5810 (b)
1382 5739 1548 5798 Addit
1570 5740 1710 5812 quia,
1742 5737 1833 5792 etii

1948 5733 2051 5793 ξοὰ.
2083 5732 2241 5789 Cant.
2271 5733 2372 5791 5n.
