  <div class='ocr_page' id='page_1' title='image "/cluster/home/n/w/nwhite01/storage/ocr_20150623/12/uva.x000826551/159.png"; bbox 0 0 1990 3096; ppageno 0'>
   <div class='ocr_carea' id='block_1_1' title="bbox 223 136 274 164">
    <p class='ocr_par' dir='ltr' id='par_1_1' title="bbox 223 136 274 164">
     <span class='ocr_line' id='line_1_1' title="bbox 223 136 274 164; baseline -0.039 0"><span class='ocrx_word' id='word_1_1' title='bbox 223 136 274 164; x_wconf 81' lang='lat'><strong>307</strong></span> 
     </span>
    </p>
   </div>
   <div class='ocr_carea' id='block_1_2' title="bbox 424 189 830 220">
    <p class='ocr_par' dir='ltr' id='par_1_2' title="bbox 424 189 830 220">
     <span class='ocr_line' id='line_1_2' title="bbox 424 189 830 220; baseline -0.007 0"><span class='ocrx_word' id='word_1_2' title='bbox 424 191 539 220; x_wconf 75' lang='lat' dir='ltr'><strong>CODEX</strong></span> <span class='ocrx_word' id='word_1_3' title='bbox 559 189 830 218; x_wconf 66' lang='lat' dir='ltr'><strong>VERCELIENSIS.</strong></span> 
     </span>
    </p>
   </div>
   <div class='ocr_carea' id='block_1_3' title="bbox 228 236 979 275">
    <p class='ocr_par' dir='ltr' id='par_1_3' title="bbox 228 236 979 275">
     <span class='ocr_line' id='line_1_3' title="bbox 228 236 979 275; baseline -0.003 -8"><span class='ocrx_word' id='word_1_4' title='bbox 228 248 244 267; x_wconf 95' lang='lat' dir='ltr'><strong>n</strong></span> <span class='ocrx_word' id='word_1_5' title='bbox 267 260 274 268; x_wconf 91' lang='lat'><strong>.</strong></span> <span class='ocrx_word' id='word_1_6' title='bbox 297 260 303 266; x_wconf 98' lang='lat'><strong>.</strong></span> <span class='ocrx_word' id='word_1_7' title='bbox 326 259 333 267; x_wconf 88' lang='lat'><strong>.</strong></span> <span class='ocrx_word' id='word_1_8' title='bbox 354 244 444 275; x_wconf 80' lang='lat' dir='ltr'><strong>portet</strong></span> <span class='ocrx_word' id='word_1_9' title='bbox 456 238 528 275; x_wconf 71' lang='lat' dir='ltr'><strong>enim</strong></span> <span class='ocrx_word' id='word_1_10' title='bbox 646 237 691 275; x_wconf 51' lang='lat' dir='ltr'><strong>id.</strong></span> <span class='ocrx_word' id='word_1_11' title='bbox 709 245 761 275; x_wconf 73' lang='lat' dir='ltr'><strong>vus</strong></span> <span class='ocrx_word' id='word_1_12' title='bbox 776 237 838 275; x_wconf 89' lang='lat' dir='ltr'><strong>er_it.</strong></span> <span class='ocrx_word' id='word_1_13' title='bbox 853 236 888 265; x_wconf 83' lang='lat' dir='ltr'><strong>Et</strong></span> <span class='ocrx_word' id='word_1_14' title='bbox 900 240 979 274; x_wconf 62' lang='lat' dir='ltr'><strong>prae-</strong></span> 
     </span>
    </p>
   </div>
   <div class='ocr_carea' id='block_1_4' title="bbox 228 272 831 303">
    <p class='ocr_par' dir='ltr' id='par_1_4' title="bbox 228 272 831 303">
     <span class='ocr_line' id='line_1_4' title="bbox 228 272 831 303; baseline -0.007 0"><span class='ocrx_word' id='word_1_15' title='bbox 228 275 246 303; x_wconf 84' lang='lat' dir='ltr'><strong>ti</strong></span> <span class='ocrx_word' id='word_1_16' title='bbox 267 296 275 302; x_wconf 94' lang='lat'><strong>.</strong></span> <span class='ocrx_word' id='word_1_17' title='bbox 297 296 305 302; x_wconf 97' lang='lat'><strong>.</strong></span> <span class='ocrx_word' id='word_1_18' title='bbox 328 296 333 302; x_wconf 97' lang='lat'><strong>.</strong></span> <span class='ocrx_word' id='word_1_19' title='bbox 355 272 364 302; x_wconf 72' lang='grc' dir='ltr'>ἰ</span> <span class='ocrx_word' id='word_1_20' title='bbox 387 296 393 302; x_wconf 88' lang='grc'><em>,</em></span> <span class='ocrx_word' id='word_1_21' title='bbox 414 290 423 302; x_wconf 71' lang='lat'><strong>.</strong></span> <span class='ocrx_word' id='word_1_22' title='bbox 446 295 452 301; x_wconf 95' lang='lat'><strong>.</strong></span> <span class='ocrx_word' id='word_1_23' title='bbox 474 273 522 301; x_wconf 80' lang='lat' dir='ltr'><strong>sed</strong></span> <span class='ocrx_word' id='word_1_24' title='bbox 540 278 609 301; x_wconf 88' lang='lat' dir='ltr'><strong>non-</strong></span> <span class='ocrx_word' id='word_1_25' title='bbox 646 272 780 300; x_wconf 87' lang='lat' dir='ltr'><strong>dicabitur</strong></span> <span class='ocrx_word' id='word_1_26' title='bbox 795 273 831 300; x_wconf 86' lang='lat' dir='ltr'><strong>E-</strong></span> 
     </span>
    </p>
   </div>
   <div class='ocr_carea' id='block_1_5' title="bbox 227 308 801 342">
    <p class='ocr_par' dir='ltr' id='par_1_5' title="bbox 227 308 801 342">
     <span class='ocr_line' id='line_1_5' title="bbox 227 308 801 342; baseline -0.009 -3"><span class='ocrx_word' id='word_1_27' title='bbox 227 312 245 339; x_wconf 94' lang='lat' dir='ltr'><strong>d</strong></span> <span class='ocrx_word' id='word_1_28' title='bbox 267 331 273 337; x_wconf 98' lang='lat'><strong>.</strong></span> <span class='ocrx_word' id='word_1_29' title='bbox 297 333 304 339; x_wconf 91' lang='lat'><strong>.</strong></span> <span class='ocrx_word' id='word_1_30' title='bbox 324 319 349 338; x_wconf 95' lang='lat' dir='ltr'><strong>m</strong></span> <span class='ocrx_word' id='word_1_31' title='bbox 363 315 404 338; x_wconf 79' lang='lat' dir='ltr'><strong>est</strong></span> <span class='ocrx_word' id='word_1_32' title='bbox 418 310 489 337; x_wconf 78' lang='lat' dir='ltr'><strong>ﬁnis.</strong></span> <span class='ocrx_word' id='word_1_33' title='bbox 646 308 801 342; x_wconf 82' lang='lat' dir='ltr'><strong>vangelium</strong></span> 
     </span>
    </p>
   </div>
   <div class='ocr_carea' id='block_1_6' title="bbox 228 344 843 380">
    <p class='ocr_par' dir='ltr' id='par_1_6' title="bbox 228 344 843 380">
     <span class='ocr_line' id='line_1_6' title="bbox 228 344 843 380; baseline -0.007 -6"><span class='ocrx_word' id='word_1_34' title='bbox 228 347 256 374; x_wconf 86' lang='lat'><strong>7.</strong></span> <span class='ocrx_word' id='word_1_35' title='bbox 277 346 319 374; x_wconf 80' lang='lat' dir='ltr'><strong>Ex</strong></span> <span class='ocrx_word' id='word_1_36' title='bbox 342 366 348 373; x_wconf 94' lang='lat'><strong>.</strong></span> <span class='ocrx_word' id='word_1_37' title='bbox 371 366 378 373; x_wconf 93' lang='lat'><strong>.</strong></span> <span class='ocrx_word' id='word_1_38' title='bbox 399 345 540 380; x_wconf 81' lang='lat' dir='ltr'><strong>rgetenim</strong></span> <span class='ocrx_word' id='word_1_39' title='bbox 647 344 723 378; x_wconf 83' lang='lat' dir='ltr'><strong>regni</strong></span> <span class='ocrx_word' id='word_1_40' title='bbox 740 344 766 371; x_wconf 96' lang='lat' dir='ltr'><strong>in</strong></span> <span class='ocrx_word' id='word_1_41' title='bbox 776 344 843 380; x_wconf 20' lang='lat' dir='ltr'><strong>runt-</strong></span> 
     </span>
    </p>
   </div>
   <div class='ocr_carea' id='block_1_7' title="bbox 227 379 819 420">
    <p class='ocr_par' dir='ltr' id='par_1_7' title="bbox 227 379 819 420">
     <span class='ocr_line' id='line_1_7' title="bbox 227 379 819 420; baseline -0.005 -11"><span class='ocrx_word' id='word_1_42' title='bbox 227 389 262 418; x_wconf 84' lang='lat' dir='ltr'><strong>ge</strong></span> <span class='ocrx_word' id='word_1_43' title='bbox 282 402 289 408; x_wconf 92' lang='lat'><strong>.</strong></span> <span class='ocrx_word' id='word_1_44' title='bbox 312 402 318 408; x_wconf 95' lang='lat'><strong>.</strong></span> <span class='ocrx_word' id='word_1_45' title='bbox 341 402 348 408; x_wconf 89' lang='lat'><strong>.</strong></span> <span class='ocrx_word' id='word_1_46' title='bbox 368 379 465 409; x_wconf 78' lang='lat' dir='ltr'><strong>adver-</strong></span> <span class='ocrx_word' id='word_1_47' title='bbox 647 386 726 420; x_wconf 69' lang='lat' dir='ltr'><strong>verso</strong></span> <span class='ocrx_word' id='word_1_48' title='bbox 742 379 819 420; x_wconf 78' lang='lat' dir='ltr'><strong>orbe.</strong></span> 
     </span>
    </p>
   </div>
   <div class='ocr_carea' id='block_1_8' title="bbox 228 420 813 448">
    <p class='ocr_par' dir='ltr' id='par_1_8' title="bbox 228 420 813 448">
     <span class='ocr_line' id='line_1_8' title="bbox 228 420 813 448; baseline -0.007 -4"><span class='ocrx_word' id='word_1_49' title='bbox 228 425 275 445; x_wconf 85' lang='lat' dir='ltr'><strong>sus</strong></span> <span class='ocrx_word' id='word_1_50' title='bbox 297 437 303 444; x_wconf 90' lang='lat'><strong>.</strong></span> <span class='ocrx_word' id='word_1_51' title='bbox 325 437 333 444; x_wconf 82' lang='lat'><strong>.</strong></span> <span class='ocrx_word' id='word_1_52' title='bbox 353 423 461 448; x_wconf 87' lang='lat' dir='ltr'><strong>enlem.</strong></span> <span class='ocrx_word' id='word_1_53' title='bbox 649 423 675 441; x_wconf 86' lang='grc' dir='ltr'><strong>ιη</strong></span> <span class='ocrx_word' id='word_1_54' title='bbox 691 420 813 442; x_wconf 75' lang='grc' dir='ltr'><strong>ῑΟΞῐΙιΙΙΟ-</strong></span> 
     </span>
    </p>
   </div>
   <div class='ocr_carea' id='block_1_9' title="bbox 647 450 833 478">
    <p class='ocr_par' dir='ltr' id='par_1_9' title="bbox 647 450 833 478">
     <span class='ocr_line' id='line_1_9' title="bbox 647 450 833 478; baseline 0.005 -1"><span class='ocrx_word' id='word_1_55' title='bbox 647 450 692 477; x_wconf 83' lang='lat' dir='ltr'><strong>nio</strong></span> <span class='ocrx_word' id='word_1_56' title='bbox 707 451 833 478; x_wconf 88' lang='lat' dir='ltr'><strong>omnibus</strong></span> 
     </span>
    </p>
   </div>
   <div class='ocr_carea' id='block_1_10' title="bbox 645 486 837 526">
    <p class='ocr_par' dir='ltr' id='par_1_10' title="bbox 645 486 837 526">
     <span class='ocr_line' id='line_1_10' title="bbox 645 486 837 526; baseline 0.005 -13"><span class='ocrx_word' id='word_1_57' title='bbox 645 486 770 521; x_wconf 75' lang='lat' dir='ltr'><strong>gentibus</strong></span> <span class='ocrx_word' id='word_1_58' title='bbox 779 495 793 526; x_wconf 34' lang='grc' dir='ltr'><strong>’τ</strong></span> <span class='ocrx_word' id='word_1_59' title='bbox 811 492 837 514; x_wconf 88' lang='lat' dir='ltr'><strong>et</strong></span> 
     </span>
    </p>
   </div>
   <div class='ocr_carea' id='block_1_11' title="bbox 647 526 815 549">
    <p class='ocr_par' dir='ltr' id='par_1_11' title="bbox 647 526 815 549">
     <span class='ocr_line' id='line_1_11' title="bbox 647 526 815 549; baseline 0.006 -1"><span class='ocrx_word' id='word_1_60' title='bbox 647 527 709 548; x_wconf 86' lang='lat' dir='ltr'><strong>tunc</strong></span> <span class='ocrx_word' id='word_1_61' title='bbox 726 526 815 549; x_wconf 72' lang='lat' dir='ltr'><strong>veniet</strong></span> 
     </span>
    </p>
   </div>
   <div class='ocr_carea' id='block_1_12' title="bbox 228 457 444 481">
    <p class='ocr_par' dir='ltr' id='par_1_12' title="bbox 228 457 444 481">
     <span class='ocr_line' id='line_1_12' title="bbox 228 457 444 481; baseline -0.009 0"><span class='ocrx_word' id='word_1_62' title='bbox 228 457 266 481; x_wconf 88' lang='lat' dir='ltr'><strong>et.</strong></span> <span class='ocrx_word' id='word_1_63' title='bbox 290 474 296 480; x_wconf 88' lang='lat'><strong>.</strong></span> <span class='ocrx_word' id='word_1_64' title='bbox 320 472 327 479; x_wconf 91' lang='lat'><strong>.</strong></span> <span class='ocrx_word' id='word_1_65' title='bbox 350 473 357 480; x_wconf 93' lang='lat'><strong>.</strong></span> <span class='ocrx_word' id='word_1_66' title='bbox 379 460 444 480; x_wconf 72' lang='lat' dir='ltr'><strong>nam</strong></span> 
     </span>
    </p>
   </div>
   <div class='ocr_carea' id='block_1_13' title="bbox 228 493 399 523">
    <p class='ocr_par' dir='ltr' id='par_1_13' title="bbox 228 493 399 523">
     <span class='ocr_line' id='line_1_13' title="bbox 228 493 399 523; baseline -0.006 -7"><span class='ocrx_word' id='word_1_67' title='bbox 228 493 323 516; x_wconf 87' lang='lat' dir='ltr'><strong>contra</strong></span> <span class='ocrx_word' id='word_1_68' title='bbox 339 495 399 523; x_wconf 84' lang='lat' dir='ltr'><strong>reg-</strong></span> 
     </span>
    </p>
   </div>
   <div class='ocr_carea' id='block_1_14' title="bbox 228 525 444 555">
    <p class='ocr_par' dir='ltr' id='par_1_14' title="bbox 228 525 444 555">
     <span class='ocr_line' id='line_1_14' title="bbox 228 525 444 555; baseline -0.009 -4"><span class='ocrx_word' id='word_1_69' title='bbox 228 532 305 555; x_wconf 85' lang='lat' dir='ltr'><strong>num.</strong></span> <span class='ocrx_word' id='word_1_70' title='bbox 320 529 347 551; x_wconf 89' lang='lat' dir='ltr'><strong>et</strong></span> <span class='ocrx_word' id='word_1_71' title='bbox 362 525 444 551; x_wconf 86' lang='lat' dir='ltr'><strong>erunt</strong></span> 
     </span>
    </p>
   </div>
   <div class='ocr_carea' id='block_1_15' title="bbox 228 559 821 595">
    <p class='ocr_par' dir='ltr' id='par_1_15' title="bbox 228 559 821 595">
     <span class='ocr_line' id='line_1_15' title="bbox 228 559 821 595; baseline -0.007 -9"><span class='ocrx_word' id='word_1_72' title='bbox 228 559 268 595; x_wconf 88' lang='lat' dir='ltr'><strong>(a)</strong></span> <span class='ocrx_word' id='word_1_73' title='bbox 289 559 385 591; x_wconf 85' lang='lat' dir='ltr'><strong>fames,</strong></span> <span class='ocrx_word' id='word_1_74' title='bbox 400 562 427 586; x_wconf 90' lang='lat' dir='ltr'><strong>et</strong></span> <span class='ocrx_word' id='word_1_75' title='bbox 440 560 495 587; x_wconf 60' lang='lat' dir='ltr'><strong>tero</strong></span> <span class='ocrx_word' id='word_1_76' title='bbox 644 564 821 595; x_wconf 57' lang='lat' dir='ltr'><strong>consumma-</strong></span> 
     </span>
    </p>
   </div>
   <div class='ocr_carea' id='block_1_16' title="bbox 228 591 847 622">
    <p class='ocr_par' dir='ltr' id='par_1_16' title="bbox 228 591 847 622">
     <span class='ocr_line' id='line_1_16' title="bbox 228 591 847 622; baseline -0.002 0"><span class='ocrx_word' id='word_1_77' title='bbox 228 591 276 622; x_wconf 70' lang='lat' dir='ltr'><strong>ra&#39;e</strong></span> <span class='ocrx_word' id='word_1_78' title='bbox 290 599 378 622; x_wconf 84' lang='lat' dir='ltr'><strong>motus</strong></span> <span class='ocrx_word' id='word_1_79' title='bbox 645 592 690 620; x_wconf 79' lang='grc'><strong>15.</strong></span> <span class='ocrx_word' id='word_1_80' title='bbox 712 593 758 619; x_wconf 88' lang='lat' dir='ltr'><strong>tio.</strong></span> <span class='ocrx_word' id='word_1_81' title='bbox 779 591 847 621; x_wconf 91' lang='lat' dir='ltr'><strong>Cum</strong></span> 
     </span>
    </p>
   </div>
   <div class='ocr_carea' id='block_1_17' title="bbox 230 628 823 664">
    <p class='ocr_par' dir='ltr' id='par_1_17' title="bbox 230 628 823 664">
     <span class='ocr_line' id='line_1_17' title="bbox 230 628 823 664; baseline -0.007 -6"><span class='ocrx_word' id='word_1_82' title='bbox 230 631 257 658; x_wconf 88' lang='lat'><strong>8.</strong></span> <span class='ocrx_word' id='word_1_83' title='bbox 280 637 329 664; x_wconf 84' lang='lat' dir='ltr'><strong>per</strong></span> <span class='ocrx_word' id='word_1_84' title='bbox 342 629 399 657; x_wconf 86' lang='lat' dir='ltr'><strong>loca</strong></span> <span class='ocrx_word' id='word_1_85' title='bbox 412 637 471 657; x_wconf 88' lang='lat' dir='ltr'><strong>om-</strong></span> <span class='ocrx_word' id='word_1_86' title='bbox 645 628 823 664; x_wconf 85' lang='lat' dir='ltr'><strong>ergovideri-</strong></span> 
     </span>
    </p>
   </div>
   <div class='ocr_carea' id='block_1_18' title="bbox 230 663 853 694">
    <p class='ocr_par' dir='ltr' id='par_1_18' title="bbox 230 663 853 694">
     <span class='ocr_line' id='line_1_18' title="bbox 230 663 853 694; baseline -0.002 -1"><span class='ocrx_word' id='word_1_87' title='bbox 230 663 286 694; x_wconf 70' lang='lat' dir='ltr'><strong>nia.</strong></span> <span class='ocrx_word' id='word_1_88' title='bbox 302 665 376 692; x_wconf 83' lang='lat' dir='ltr'><strong>Haec</strong></span> <span class='ocrx_word' id='word_1_89' title='bbox 391 665 444 692; x_wconf 92' lang='lat' dir='ltr'><strong>ini-</strong></span> <span class='ocrx_word' id='word_1_90' title='bbox 648 664 682 690; x_wconf 82' lang='lat' dir='ltr'><strong>tis</strong></span> <span class='ocrx_word' id='word_1_91' title='bbox 696 663 853 692; x_wconf 80' lang='lat' dir='ltr'><strong>abliomina-</strong></span> 
     </span>
    </p>
   </div>
   <div class='ocr_carea' id='block_1_19' title="bbox 230 699 812 729">
    <p class='ocr_par' dir='ltr' id='par_1_19' title="bbox 230 699 812 729">
     <span class='ocr_line' id='line_1_19' title="bbox 230 699 812 729; baseline -0.005 -1"><span class='ocrx_word' id='word_1_92' title='bbox 230 702 266 729; x_wconf 87' lang='lat' dir='ltr'><strong>tia</strong></span> <span class='ocrx_word' id='word_1_93' title='bbox 283 705 347 728; x_wconf 85' lang='lat' dir='ltr'><strong>sunt</strong></span> <span class='ocrx_word' id='word_1_94' title='bbox 356 701 404 728; x_wconf 71' lang='grc' dir='ltr'><strong>(1οκ</strong></span> <span class='ocrx_word' id='word_1_95' title='bbox 649 699 750 726; x_wconf 82' lang='lat' dir='ltr'><strong>tionem</strong></span> <span class='ocrx_word' id='word_1_96' title='bbox 765 699 812 726; x_wconf 86' lang='lat' dir='ltr'><strong>de-</strong></span> 
     </span>
    </p>
   </div>
   <div class='ocr_carea' id='block_1_20' title="bbox 228 734 801 769">
    <p class='ocr_par' dir='ltr' id='par_1_20' title="bbox 228 734 801 769">
     <span class='ocr_line' id='line_1_20' title="bbox 228 734 801 769; baseline -0.005 -5"><span class='ocrx_word' id='word_1_97' title='bbox 228 737 329 764; x_wconf 88' lang='lat' dir='ltr'><strong>lorttm.</strong></span> <span class='ocrx_word' id='word_1_98' title='bbox 648 734 801 769; x_wconf 74' lang='lat' dir='ltr'><strong>solutionis,</strong></span> 
     </span>
    </p>
   </div>
   <div class='ocr_carea' id='block_1_21' title="bbox 650 769 888 805">
    <p class='ocr_par' dir='ltr' id='par_1_21' title="bbox 650 769 888 805">
     <span class='ocr_line' id='line_1_21' title="bbox 650 769 888 805; baseline 0.021 -10"><span class='ocrx_word' id='word_1_99' title='bbox 650 769 688 805; x_wconf 84' lang='lat' dir='ltr'><strong>(b)</strong></span> <span class='ocrx_word' id='word_1_100' title='bbox 701 770 772 804; x_wconf 83' lang='lat' dir='ltr'><strong>quod</strong></span> <span class='ocrx_word' id='word_1_101' title='bbox 788 771 888 799; x_wconf 78' lang='lat' dir='ltr'><strong>dictum</strong></span> 
     </span>
    </p>
   </div>
   <div class='ocr_carea' id='block_1_22' title="bbox 647 805 826 834">
    <p class='ocr_par' dir='ltr' id='par_1_22' title="bbox 647 805 826 834">
     <span class='ocr_line' id='line_1_22' title="bbox 647 805 826 834; baseline 0.011 -2"><span class='ocrx_word' id='word_1_102' title='bbox 647 809 689 832; x_wconf 90' lang='lat' dir='ltr'><strong>est</strong></span> <span class='ocrx_word' id='word_1_103' title='bbox 703 813 718 832; x_wconf 89' lang='lat' dir='ltr'><strong>a</strong></span> <span class='ocrx_word' id='word_1_104' title='bbox 733 805 826 834; x_wconf 81' lang='lat' dir='ltr'><strong>Daniel</strong></span> 
     </span>
    </p>
   </div>
   <div class='ocr_carea' id='block_1_23' title="bbox 650 841 880 874">
    <p class='ocr_par' dir='ltr' id='par_1_23' title="bbox 650 841 880 874">
     <span class='ocr_line' id='line_1_23' title="bbox 650 841 880 874; baseline 0.009 -7"><span class='ocrx_word' id='word_1_105' title='bbox 650 841 791 874; x_wconf 88' lang='lat' dir='ltr'><strong>profetam,</strong></span> <span class='ocrx_word' id='word_1_106' title='bbox 807 847 880 869; x_wconf 87' lang='lat' dir='ltr'><strong>stan-</strong></span> 
     </span>
    </p>
   </div>
   <div class='ocr_carea' id='block_1_24' title="bbox 650 875 856 911">
    <p class='ocr_par' dir='ltr' id='par_1_24' title="bbox 650 875 856 911">
     <span class='ocr_line' id='line_1_24' title="bbox 650 875 856 911; baseline 0.01 -9"><span class='ocrx_word' id='word_1_107' title='bbox 650 880 704 903; x_wconf 88' lang='lat' dir='ltr'><strong>tem</strong></span> <span class='ocrx_word' id='word_1_108' title='bbox 719 875 739 911; x_wconf 72' lang='lat'><strong>1-</strong></span> <span class='ocrx_word' id='word_1_109' title='bbox 754 877 780 903; x_wconf 93' lang='lat' dir='ltr'><strong>in</strong></span> <span class='ocrx_word' id='word_1_110' title='bbox 795 877 856 904; x_wconf 89' lang='lat' dir='ltr'><strong>loco</strong></span> 
     </span>
    </p>
   </div>
   <div class='ocr_carea' id='block_1_25' title="bbox 649 913 871 946">
    <p class='ocr_par' dir='ltr' id='par_1_25' title="bbox 649 913 871 946">
     <span class='ocr_line' id='line_1_25' title="bbox 649 913 871 946; baseline 0.009 -8"><span class='ocrx_word' id='word_1_111' title='bbox 649 916 754 944; x_wconf 84' lang='lat' dir='ltr'><strong>sancto,</strong></span> <span class='ocrx_word' id='word_1_112' title='bbox 770 913 816 946; x_wconf 85' lang='lat' dir='ltr'><strong>qui</strong></span> <span class='ocrx_word' id='word_1_113' title='bbox 831 913 871 940; x_wconf 91' lang='lat' dir='ltr'><strong>le-</strong></span> 
     </span>
    </p>
   </div>
   <div class='ocr_carea' id='block_1_26' title="bbox 648 947 858 983">
    <p class='ocr_par' dir='ltr' id='par_1_26' title="bbox 648 947 858 983">
     <span class='ocr_line' id='line_1_26' title="bbox 648 947 858 983; baseline 0.024 -11"><span class='ocrx_word' id='word_1_114' title='bbox 648 947 686 983; x_wconf 88' lang='lat' dir='ltr'><strong>git</strong></span> <span class='ocrx_word' id='word_1_115' title='bbox 699 948 837 983; x_wconf 81' lang='lat' dir='ltr'><strong>intellegat</strong></span> <span class='ocrx_word' id='word_1_116' title='bbox 852 958 858 977; x_wconf 91' lang='lat'>:</span> 
     </span>
    </p>
   </div>
   <div class='ocr_carea' id='block_1_27' title="bbox 651 982 990 1018">
    <p class='ocr_par' dir='ltr' id='par_1_27' title="bbox 651 982 990 1018">
     <span class='ocr_line' id='line_1_27' title="bbox 651 982 990 1018; baseline 0.015 -9"><span class='ocrx_word' id='word_1_117' title='bbox 651 982 694 1009; x_wconf 89' lang='grc'><strong>16.</strong></span> <span class='ocrx_word' id='word_1_118' title='bbox 716 987 779 1010; x_wconf 91' lang='lat' dir='ltr'><strong>tunc</strong></span> <span class='ocrx_word' id='word_1_119' title='bbox 793 982 877 1018; x_wconf 78' lang='lat' dir='ltr'><strong>quiin</strong></span> <span class='ocrx_word' id='word_1_120' title='bbox 890 984 990 1013; x_wconf 82' lang='lat' dir='ltr'><strong>Judae—</strong></span> 
     </span>
    </p>
   </div>
   <div class='ocr_carea' id='block_1_28' title="bbox 649 1018 839 1054">
    <p class='ocr_par' dir='ltr' id='par_1_28' title="bbox 649 1018 839 1054">
     <span class='ocr_line' id='line_1_28' title="bbox 649 1018 839 1054; baseline 0.011 -9"><span class='ocrx_word' id='word_1_121' title='bbox 649 1025 665 1045; x_wconf 87' lang='lat' dir='ltr'><strong>a</strong></span> <span class='ocrx_word' id='word_1_122' title='bbox 682 1022 754 1051; x_wconf 91' lang='lat' dir='ltr'><strong>sunt,</strong></span> <span class='ocrx_word' id='word_1_123' title='bbox 770 1018 839 1054; x_wconf 89' lang='lat' dir='ltr'><strong>fugi-</strong></span> 
     </span>
    </p>
   </div>
   <div class='ocr_carea' id='block_1_29' title="bbox 650 1054 830 1082">
    <p class='ocr_par' dir='ltr' id='par_1_29' title="bbox 650 1054 830 1082">
     <span class='ocr_line' id='line_1_29' title="bbox 650 1054 830 1082; baseline 0.017 -3"><span class='ocrx_word' id='word_1_124' title='bbox 650 1058 698 1079; x_wconf 88' lang='lat' dir='ltr'><strong>ant</strong></span> <span class='ocrx_word' id='word_1_125' title='bbox 711 1054 736 1080; x_wconf 91' lang='lat' dir='ltr'><strong>in</strong></span> <span class='ocrx_word' id='word_1_126' title='bbox 753 1061 830 1082; x_wconf 90' lang='lat' dir='ltr'><strong>mon-</strong></span> 
     </span>
    </p>
   </div>
   <div class='ocr_carea' id='block_1_30' title="bbox 649 1088 907 1129">
    <p class='ocr_par' dir='ltr' id='par_1_30' title="bbox 649 1088 907 1129">
     <span class='ocr_line' id='line_1_30' title="bbox 649 1088 907 1129; baseline 0.019 -15"><span class='ocrx_word' id='word_1_127' title='bbox 649 1088 693 1129; x_wconf 64' lang='grc' dir='ltr'>Π.</span> <span class='ocrx_word' id='word_1_128' title='bbox 714 1089 786 1116; x_wconf 78' lang='lat' dir='ltr'><strong>tibus</strong></span> <span class='ocrx_word' id='word_1_129' title='bbox 799 1098 805 1117; x_wconf 92' lang='lat'>:</span> <span class='ocrx_word' id='word_1_130' title='bbox 820 1094 847 1118; x_wconf 89' lang='lat' dir='ltr'><strong>et</strong></span> <span class='ocrx_word' id='word_1_131' title='bbox 860 1092 907 1127; x_wconf 78' lang='lat' dir='ltr'><strong>qui</strong></span> 
     </span>
    </p>
   </div>
   <div class='ocr_carea' id='block_1_31' title="bbox 650 1129 843 1158">
    <p class='ocr_par' dir='ltr' id='par_1_31' title="bbox 650 1129 843 1158">
     <span class='ocr_line' id='line_1_31' title="bbox 650 1129 843 1158; baseline 0.016 -8"><span class='ocrx_word' id='word_1_132' title='bbox 650 1132 676 1150; x_wconf 89' lang='lat' dir='ltr'><strong>tn</strong></span> <span class='ocrx_word' id='word_1_133' title='bbox 694 1129 773 1158; x_wconf 82' lang='lat' dir='ltr'><strong>tecto,</strong></span> <span class='ocrx_word' id='word_1_134' title='bbox 790 1134 843 1153; x_wconf 87' lang='lat' dir='ltr'><strong>non</strong></span> 
     </span>
    </p>
   </div>
   <div class='ocr_carea' id='block_1_32' title="bbox 649 1159 797 1187">
    <p class='ocr_par' dir='ltr' id='par_1_32' title="bbox 649 1159 797 1187">
     <span class='ocr_line' id='line_1_32' title="bbox 649 1159 797 1187; baseline 0.014 -2"><span class='ocrx_word' id='word_1_135' title='bbox 649 1159 797 1187; x_wconf 86' lang='lat' dir='ltr'><strong>descendat</strong></span> 
     </span>
    </p>
   </div>
   <div class='ocr_carea' id='block_1_33' title="bbox 649 1196 858 1231">
    <p class='ocr_par' dir='ltr' id='par_1_33' title="bbox 649 1196 858 1231">
     <span class='ocr_line' id='line_1_33' title="bbox 649 1196 858 1231; baseline 0.014 -10"><span class='ocrx_word' id='word_1_136' title='bbox 649 1196 744 1222; x_wconf 82' lang='lat' dir='ltr'><strong>tollere</strong></span> <span class='ocrx_word' id='word_1_137' title='bbox 759 1197 858 1231; x_wconf 83' lang='lat' dir='ltr'><strong>aliquid</strong></span> 
     </span>
    </p>
   </div>
   <div class='ocr_carea' id='block_1_34' title="bbox 649 1230 904 1271">
    <p class='ocr_par' dir='ltr' id='par_1_34' title="bbox 649 1230 904 1271">
     <span class='ocr_line' id='line_1_34' title="bbox 649 1230 904 1271; baseline 0.016 -15"><span class='ocrx_word' id='word_1_138' title='bbox 649 1231 693 1271; x_wconf 66' lang='lat'><strong>18.</strong></span> <span class='ocrx_word' id='word_1_139' title='bbox 709 1230 744 1271; x_wconf 76' lang='lat' dir='ltr'><strong>de</strong></span> <span class='ocrx_word' id='word_1_140' title='bbox 763 1230 844 1261; x_wconf 83' lang='lat' dir='ltr'><strong>domo</strong></span> <span class='ocrx_word' id='word_1_141' title='bbox 858 1243 863 1260; x_wconf 88' lang='lat'><strong>:</strong></span> <span class='ocrx_word' id='word_1_142' title='bbox 876 1234 904 1262; x_wconf 86' lang='lat' dir='ltr'><strong>et</strong></span> 
     </span>
    </p>
   </div>
   <div class='ocr_carea' id='block_1_35' title="bbox 649 1274 825 1301">
    <p class='ocr_par' dir='ltr' id='par_1_35' title="bbox 649 1274 825 1301">
     <span class='ocr_line' id='line_1_35' title="bbox 649 1274 825 1301; baseline 0.006 -9"><span class='ocrx_word' id='word_1_143' title='bbox 649 1274 693 1300; x_wconf 92' lang='lat' dir='ltr'><strong>qut</strong></span> <span class='ocrx_word' id='word_1_144' title='bbox 708 1274 734 1293; x_wconf 86' lang='lat' dir='ltr'><strong>in</strong></span> <span class='ocrx_word' id='word_1_145' title='bbox 750 1275 825 1301; x_wconf 82' lang='lat' dir='ltr'><strong>agro,</strong></span> 
     </span>
    </p>
   </div>
   <div class='ocr_carea' id='block_1_36' title="bbox 230 771 478 800">
    <p class='ocr_par' dir='ltr' id='par_1_36' title="bbox 230 771 478 800">
     <span class='ocr_line' id='line_1_36' title="bbox 230 771 478 800; baseline -0.004 0"><span class='ocrx_word' id='word_1_146' title='bbox 230 773 257 800; x_wconf 90' lang='lat'><strong>9.</strong></span> <span class='ocrx_word' id='word_1_147' title='bbox 279 772 355 799; x_wconf 90' lang='lat' dir='ltr'><strong>Tunc</strong></span> <span class='ocrx_word' id='word_1_148' title='bbox 369 771 478 800; x_wconf 86' lang='lat' dir='ltr'><strong>tradent</strong></span> 
     </span>
    </p>
   </div>
   <div class='ocr_carea' id='block_1_37' title="bbox 231 807 423 835">
    <p class='ocr_par' dir='ltr' id='par_1_37' title="bbox 231 807 423 835">
     <span class='ocr_line' id='line_1_37' title="bbox 231 807 423 835; baseline -0.005 -1"><span class='ocrx_word' id='word_1_149' title='bbox 231 815 280 835; x_wconf 86' lang='lat' dir='ltr'><strong>vos</strong></span> <span class='ocrx_word' id='word_1_150' title='bbox 297 808 323 834; x_wconf 90' lang='lat' dir='ltr'><strong>in</strong></span> <span class='ocrx_word' id='word_1_151' title='bbox 338 807 408 834; x_wconf 87' lang='lat' dir='ltr'><strong>tribu</strong></span> <span class='ocrx_word' id='word_1_152' title='bbox 415 823 423 827; x_wconf 92' lang='lat'><strong>-</strong></span> 
     </span>
    </p>
   </div>
   <div class='ocr_carea' id='block_1_38' title="bbox 231 843 449 875">
    <p class='ocr_par' dir='ltr' id='par_1_38' title="bbox 231 843 449 875">
     <span class='ocr_line' id='line_1_38' title="bbox 231 843 449 875; baseline -0.005 -5"><span class='ocrx_word' id='word_1_153' title='bbox 231 843 343 875; x_wconf 88' lang='lat' dir='ltr'><strong>latione,</strong></span> <span class='ocrx_word' id='word_1_154' title='bbox 357 847 384 869; x_wconf 92' lang='lat' dir='ltr'><strong>et</strong></span> <span class='ocrx_word' id='word_1_155' title='bbox 401 850 449 870; x_wconf 92' lang='lat' dir='ltr'><strong>oc-</strong></span> 
     </span>
    </p>
   </div>
   <div class='ocr_carea' id='block_1_39' title="bbox 231 878 406 906">
    <p class='ocr_par' dir='ltr' id='par_1_39' title="bbox 231 878 406 906">
     <span class='ocr_line' id='line_1_39' title="bbox 231 878 406 906; baseline -0.011 0"><span class='ocrx_word' id='word_1_156' title='bbox 231 878 321 906; x_wconf 90' lang='lat' dir='ltr'><strong>cident</strong></span> <span class='ocrx_word' id='word_1_157' title='bbox 335 884 383 904; x_wconf 90' lang='lat' dir='ltr'><strong>vos</strong></span> <span class='ocrx_word' id='word_1_158' title='bbox 400 886 406 904; x_wconf 86' lang='lat'>:</span> 
     </span>
    </p>
   </div>
   <div class='ocr_carea' id='block_1_40' title="bbox 233 912 429 941">
    <p class='ocr_par' dir='ltr' id='par_1_40' title="bbox 233 912 429 941">
     <span class='ocr_line' id='line_1_40' title="bbox 233 912 429 941; baseline -0.01 0"><span class='ocrx_word' id='word_1_159' title='bbox 233 919 260 941; x_wconf 89' lang='lat' dir='ltr'><strong>et</strong></span> <span class='ocrx_word' id='word_1_160' title='bbox 274 913 351 941; x_wconf 86' lang='lat' dir='ltr'><strong>eritis</strong></span> <span class='ocrx_word' id='word_1_161' title='bbox 365 912 429 940; x_wconf 93' lang='lat' dir='ltr'><strong>odio</strong></span> 
     </span>
    </p>
   </div>
   <div class='ocr_carea' id='block_1_41' title="bbox 232 949 436 983">
    <p class='ocr_par' dir='ltr' id='par_1_41' title="bbox 232 949 436 983">
     <span class='ocr_line' id='line_1_41' title="bbox 232 949 436 983; baseline 0.005 -9"><span class='ocrx_word' id='word_1_162' title='bbox 232 949 358 976; x_wconf 88' lang='lat' dir='ltr'><strong>omnibus</strong></span> <span class='ocrx_word' id='word_1_163' title='bbox 370 955 436 983; x_wconf 88' lang='lat' dir='ltr'><strong>gen-</strong></span> 
     </span>
    </p>
   </div>
   <div class='ocr_carea' id='block_1_42' title="bbox 233 985 433 1018">
    <p class='ocr_par' dir='ltr' id='par_1_42' title="bbox 233 985 433 1018">
     <span class='ocr_line' id='line_1_42' title="bbox 233 985 433 1018; baseline -0.005 -6"><span class='ocrx_word' id='word_1_164' title='bbox 233 985 306 1012; x_wconf 89' lang='lat' dir='ltr'><strong>tibus</strong></span> <span class='ocrx_word' id='word_1_165' title='bbox 322 988 433 1018; x_wconf 87' lang='lat' dir='ltr'><strong>propter</strong></span> 
     </span>
    </p>
   </div>
   <div class='ocr_carea' id='block_1_43' title="bbox 233 1024 403 1047">
    <p class='ocr_par' dir='ltr' id='par_1_43' title="bbox 233 1024 403 1047">
     <span class='ocr_line' id='line_1_43' title="bbox 233 1024 403 1047; baseline -0.012 0"><span class='ocrx_word' id='word_1_166' title='bbox 233 1027 332 1047; x_wconf 89' lang='lat' dir='ltr'><strong>nomen</strong></span> <span class='ocrx_word' id='word_1_167' title='bbox 346 1024 403 1046; x_wconf 85' lang='lat' dir='ltr'><strong>me-</strong></span> 
     </span>
    </p>
   </div>
   <div class='ocr_carea' id='block_1_44' title="bbox 233 1054 480 1083">
    <p class='ocr_par' dir='ltr' id='par_1_44' title="bbox 233 1054 480 1083">
     <span class='ocr_line' id='line_1_44' title="bbox 233 1054 480 1083; baseline -0.004 0"><span class='ocrx_word' id='word_1_168' title='bbox 233 1055 278 1083; x_wconf 79' lang='grc'><strong>10.</strong></span> <span class='ocrx_word' id='word_1_169' title='bbox 300 1062 354 1082; x_wconf 90' lang='lat' dir='ltr'><strong>um.</strong></span> <span class='ocrx_word' id='word_1_170' title='bbox 372 1054 404 1081; x_wconf 84' lang='lat' dir='ltr'><strong>Et</strong></span> <span class='ocrx_word' id='word_1_171' title='bbox 415 1059 480 1082; x_wconf 76' lang='lat' dir='ltr'><strong>tunc</strong></span> 
     </span>
    </p>
   </div>
   <div class='ocr_carea' id='block_1_45' title="bbox 233 1090 403 1118">
    <p class='ocr_par' dir='ltr' id='par_1_45' title="bbox 233 1090 403 1118">
     <span class='ocr_line' id='line_1_45' title="bbox 233 1090 403 1118; baseline -0.006 -1"><span class='ocrx_word' id='word_1_172' title='bbox 233 1090 403 1118; x_wconf 84' lang='lat' dir='ltr'><strong>scandaliza-</strong></span> 
     </span>
    </p>
   </div>
   <div class='ocr_carea' id='block_1_46' title="bbox 232 1126 417 1153">
    <p class='ocr_par' dir='ltr' id='par_1_46' title="bbox 232 1126 417 1153">
     <span class='ocr_line' id='line_1_46' title="bbox 232 1126 417 1153; baseline -0.005 0"><span class='ocrx_word' id='word_1_173' title='bbox 232 1127 334 1153; x_wconf 91' lang='lat' dir='ltr'><strong>buntur</strong></span> <span class='ocrx_word' id='word_1_174' title='bbox 348 1126 417 1152; x_wconf 89' lang='lat' dir='ltr'><strong>mul-</strong></span> 
     </span>
    </p>
   </div>
   <div class='ocr_carea' id='block_1_47' title="bbox 232 1161 439 1195">
    <p class='ocr_par' dir='ltr' id='par_1_47' title="bbox 232 1161 439 1195">
     <span class='ocr_line' id='line_1_47' title="bbox 232 1161 439 1195; baseline -0.01 -6"><span class='ocrx_word' id='word_1_175' title='bbox 232 1163 264 1195; x_wconf 90' lang='lat' dir='ltr'><strong>ti,</strong></span> <span class='ocrx_word' id='word_1_176' title='bbox 280 1166 308 1189; x_wconf 92' lang='lat' dir='ltr'><strong>et</strong></span> <span class='ocrx_word' id='word_1_177' title='bbox 320 1161 439 1188; x_wconf 80' lang='lat' dir='ltr'><strong>invicem</strong></span> 
     </span>
    </p>
   </div>
   <div class='ocr_carea' id='block_1_48' title="bbox 232 1197 434 1229">
    <p class='ocr_par' dir='ltr' id='par_1_48' title="bbox 232 1197 434 1229">
     <span class='ocr_line' id='line_1_48' title="bbox 232 1197 434 1229; baseline -0.005 -4"><span class='ocrx_word' id='word_1_178' title='bbox 232 1205 262 1225; x_wconf 86' lang='lat' dir='ltr'><strong>se</strong></span> <span class='ocrx_word' id='word_1_179' title='bbox 275 1197 393 1229; x_wconf 83' lang='lat' dir='ltr'><strong>tradent,</strong></span> <span class='ocrx_word' id='word_1_180' title='bbox 405 1200 434 1224; x_wconf 87' lang='lat' dir='ltr'><strong>et</strong></span> 
     </span>
    </p>
   </div>
   <div class='ocr_carea' id='block_1_49' title="bbox 232 1231 437 1260">
    <p class='ocr_par' dir='ltr' id='par_1_49' title="bbox 232 1231 437 1260">
     <span class='ocr_line' id='line_1_49' title="bbox 232 1231 437 1260; baseline 0 0"><span class='ocrx_word' id='word_1_181' title='bbox 232 1233 296 1260; x_wconf 89' lang='lat' dir='ltr'><strong>odio</strong></span> <span class='ocrx_word' id='word_1_182' title='bbox 308 1239 338 1259; x_wconf 89' lang='lat' dir='ltr'><strong>se</strong></span> <span class='ocrx_word' id='word_1_183' title='bbox 353 1231 437 1260; x_wconf 84' lang='lat' dir='ltr'><strong>habe-</strong></span> 
     </span>
    </p>
   </div>
   <div class='ocr_carea' id='block_1_50' title="bbox 233 1268 441 1296">
    <p class='ocr_par' dir='ltr' id='par_1_50' title="bbox 233 1268 441 1296">
     <span class='ocr_line' id='line_1_50' title="bbox 233 1268 441 1296; baseline -0.01 -1"><span class='ocrx_word' id='word_1_184' title='bbox 233 1268 441 1296; x_wconf 59' lang='lat' dir='ltr'><strong>buntrinvicem.</strong></span> 
     </span>
    </p>
   </div>
   <div class='ocr_carea' id='block_1_51' title="bbox 235 1303 813 1339">
    <p class='ocr_par' dir='ltr' id='par_1_51' title="bbox 235 1303 813 1339">
     <span class='ocr_line' id='line_1_51' title="bbox 235 1303 813 1339; baseline -0.003 -8"><span class='ocrx_word' id='word_1_185' title='bbox 235 1304 280 1331; x_wconf 77' lang='grc' dir='ltr'><strong>Η.</strong></span> <span class='ocrx_word' id='word_1_186' title='bbox 302 1303 336 1339; x_wconf 72' lang='lat' dir='ltr'><strong>Et</strong></span> <span class='ocrx_word' id='word_1_187' title='bbox 350 1303 426 1330; x_wconf 91' lang='lat' dir='ltr'><strong>multi</strong></span> <span class='ocrx_word' id='word_1_188' title='bbox 441 1310 524 1339; x_wconf 76' lang='lat' dir='ltr'><strong>paeu-</strong></span> <span class='ocrx_word' id='word_1_189' title='bbox 651 1309 702 1328; x_wconf 92' lang='lat' dir='ltr'><strong>non</strong></span> <span class='ocrx_word' id='word_1_190' title='bbox 723 1310 813 1339; x_wconf 78' lang='lat' dir='ltr'><strong>rever-</strong></span> 
     </span>
    </p>
   </div>
   <div class='ocr_carea' id='block_1_52' title="bbox 236 1337 808 1374">
    <p class='ocr_par' dir='ltr' id='par_1_52' title="bbox 236 1337 808 1374">
     <span class='ocr_line' id='line_1_52' title="bbox 236 1337 808 1374; baseline -0.002 -8"><span class='ocrx_word' id='word_1_191' title='bbox 236 1337 397 1374; x_wconf 87' lang='lat' dir='ltr'><strong>doprofetae</strong></span> <span class='ocrx_word' id='word_1_192' title='bbox 442 1337 451 1339; x_wconf 65' lang='grc'><strong>⁷</strong></span> <span class='ocrx_word' id='word_1_193' title='bbox 649 1342 721 1365; x_wconf 85' lang='lat' dir='ltr'><strong>tatur</strong></span> <span class='ocrx_word' id='word_1_194' title='bbox 731 1338 808 1365; x_wconf 85' lang='lat' dir='ltr'><strong>tolle-</strong></span> 
     </span>
    </p>
   </div>
   <div class='ocr_carea' id='block_1_53' title="bbox 232 1375 813 1409">
    <p class='ocr_par' dir='ltr' id='par_1_53' title="bbox 232 1375 813 1409">
     <span class='ocr_line' id='line_1_53' title="bbox 232 1375 813 1409; baseline -0.002 -7"><span class='ocrx_word' id='word_1_195' title='bbox 232 1379 391 1409; x_wconf 77' lang='lat' dir='ltr'><strong>exsurgent,</strong></span> <span class='ocrx_word' id='word_1_196' title='bbox 649 1381 679 1401; x_wconf 91' lang='lat' dir='ltr'><strong>re</strong></span> <span class='ocrx_word' id='word_1_197' title='bbox 695 1375 813 1401; x_wconf 84' lang='lat' dir='ltr'><strong>tunicam</strong></span> 
     </span>
    </p>
   </div>
   <div class='ocr_carea' id='block_1_54' title="bbox 234 1410 737 1438">
    <p class='ocr_par' dir='ltr' id='par_1_54' title="bbox 234 1410 737 1438">
     <span class='ocr_line' id='line_1_54' title="bbox 234 1410 737 1438; baseline -0.004 -1"><span class='ocrx_word' id='word_1_198' title='bbox 234 1415 262 1437; x_wconf 92' lang='lat' dir='ltr'><strong>et</strong></span> <span class='ocrx_word' id='word_1_199' title='bbox 274 1410 404 1438; x_wconf 86' lang='lat' dir='ltr'><strong>seducent</strong></span> <span class='ocrx_word' id='word_1_200' title='bbox 649 1416 737 1436; x_wconf 91' lang='lat' dir='ltr'><strong>suam.</strong></span> 
     </span>
    </p>
   </div>
   <div class='ocr_carea' id='block_1_55' title="bbox 235 1445 541 1482">
    <p class='ocr_par' dir='ltr' id='par_1_55' title="bbox 235 1445 541 1482">
     <span class='ocr_line' id='line_1_55' title="bbox 235 1445 541 1482; baseline 0 -8"><span class='ocrx_word' id='word_1_201' title='bbox 235 1445 279 1474; x_wconf 71' lang='lat' dir='ltr'><strong>i2.</strong></span> <span class='ocrx_word' id='word_1_202' title='bbox 301 1445 410 1482; x_wconf 78' lang='lat' dir='ltr'><strong>multos.</strong></span> <span class='ocrx_word' id='word_1_203' title='bbox 428 1446 461 1474; x_wconf 86' lang='lat' dir='ltr'><strong>Et</strong></span> <span class='ocrx_word' id='word_1_204' title='bbox 473 1453 541 1482; x_wconf 78' lang='lat' dir='ltr'><strong>quo-</strong></span> 
     </span>
    </p>
   </div>
   <div class='ocr_carea' id='block_1_56' title="bbox 233 1481 408 1508">
    <p class='ocr_par' dir='ltr' id='par_1_56' title="bbox 233 1481 408 1508">
     <span class='ocr_line' id='line_1_56' title="bbox 233 1481 408 1508; baseline -0.006 0"><span class='ocrx_word' id='word_1_205' title='bbox 233 1481 306 1508; x_wconf 82' lang='lat' dir='ltr'><strong>niam</strong></span> <span class='ocrx_word' id='word_1_206' title='bbox 322 1481 408 1508; x_wconf 84' lang='lat' dir='ltr'><strong>abun-</strong></span> 
     </span>
    </p>
   </div>
   <div class='ocr_carea' id='block_1_57' title="bbox 235 1516 431 1550">
    <p class='ocr_par' dir='ltr' id='par_1_57' title="bbox 235 1516 431 1550">
     <span class='ocr_line' id='line_1_57' title="bbox 235 1516 431 1550; baseline 0.01 -7"><span class='ocrx_word' id='word_1_207' title='bbox 235 1516 281 1543; x_wconf 90' lang='lat' dir='ltr'><strong>dat</strong></span> <span class='ocrx_word' id='word_1_208' title='bbox 292 1517 431 1550; x_wconf 87' lang='lat' dir='ltr'><strong>iniquitas,</strong></span> 
     </span>
    </p>
   </div>
   <div class='ocr_carea' id='block_1_58' title="bbox 649 1445 978 1482">
    <p class='ocr_par' dir='ltr' id='par_1_58' title="bbox 649 1445 978 1482">
     <span class='ocr_line' id='line_1_58' title="bbox 649 1445 978 1482; baseline 0 -9"><span class='ocrx_word' id='word_1_209' title='bbox 649 1445 694 1473; x_wconf 81' lang='lat' dir='ltr'><strong>t9.</strong></span> <span class='ocrx_word' id='word_1_210' title='bbox 712 1445 767 1482; x_wconf 67' lang='lat' dir='ltr'><strong>Vae</strong></span> <span class='ocrx_word' id='word_1_211' title='bbox 781 1451 872 1474; x_wconf 89' lang='lat' dir='ltr'><strong>autem</strong></span> <span class='ocrx_word' id='word_1_212' title='bbox 883 1450 978 1482; x_wconf 80' lang='lat' dir='ltr'><strong>praeg-</strong></span> 
     </span>
    </p>
   </div>
   <div class='ocr_carea' id='block_1_59' title="bbox 650 1481 815 1509">
    <p class='ocr_par' dir='ltr' id='par_1_59' title="bbox 650 1481 815 1509">
     <span class='ocr_line' id='line_1_59' title="bbox 650 1481 815 1509; baseline 0.012 -2"><span class='ocrx_word' id='word_1_213' title='bbox 650 1481 778 1508; x_wconf 83' lang='lat' dir='ltr'><strong>nantibus</strong></span> <span class='ocrx_word' id='word_1_214' title='bbox 788 1487 815 1509; x_wconf 90' lang='lat' dir='ltr'><strong>et</strong></span> 
     </span>
    </p>
   </div>
   <div class='ocr_carea' id='block_1_60' title="bbox 651 1517 813 1545">
    <p class='ocr_par' dir='ltr' id='par_1_60' title="bbox 651 1517 813 1545">
     <span class='ocr_line' id='line_1_60' title="bbox 651 1517 813 1545; baseline 0 -1"><span class='ocrx_word' id='word_1_215' title='bbox 651 1517 813 1545; x_wconf 89' lang='lat' dir='ltr'><strong>lactantibus</strong></span> 
     </span>
    </p>
   </div>
   <div class='ocr_carea' id='block_1_61' title="bbox 234 1552 870 1586">
    <p class='ocr_par' dir='ltr' id='par_1_61' title="bbox 234 1552 870 1586">
     <span class='ocr_line' id='line_1_61' title="bbox 234 1552 870 1586; baseline 0.003 -8"><span class='ocrx_word' id='word_1_216' title='bbox 234 1552 395 1586; x_wconf 73' lang='lat' dir='ltr'><strong>refrigescet</strong></span> <span class='ocrx_word' id='word_1_217' title='bbox 651 1552 677 1579; x_wconf 89' lang='lat' dir='ltr'><strong>in</strong></span> <span class='ocrx_word' id='word_1_218' title='bbox 694 1553 748 1579; x_wconf 91' lang='lat' dir='ltr'><strong>illis</strong></span> <span class='ocrx_word' id='word_1_219' title='bbox 764 1552 870 1580; x_wconf 82' lang='lat' dir='ltr'><strong>diebus.</strong></span> 
     </span>
    </p>
   </div>
   <div class='ocr_carea' id='block_1_62' title="bbox 233 1587 899 1616">
    <p class='ocr_par' dir='ltr' id='par_1_62' title="bbox 233 1587 899 1616">
     <span class='ocr_line' id='line_1_62' title="bbox 233 1587 899 1616; baseline -0.002 -1"><span class='ocrx_word' id='word_1_220' title='bbox 233 1587 329 1615; x_wconf 84' lang='lat' dir='ltr'><strong>carita.</strong></span> <span class='ocrx_word' id='word_1_221' title='bbox 353 1608 359 1614; x_wconf 92' lang='lat'><strong>.</strong></span> <span class='ocrx_word' id='word_1_222' title='bbox 381 1588 450 1615; x_wconf 93' lang='lat' dir='ltr'><strong>mul-</strong></span> <span class='ocrx_word' id='word_1_223' title='bbox 649 1587 695 1615; x_wconf 73' lang='lat'><strong>20.</strong></span> <span class='ocrx_word' id='word_1_224' title='bbox 711 1588 793 1615; x_wconf 80' lang='lat' dir='ltr'><strong>Orate</strong></span> <span class='ocrx_word' id='word_1_225' title='bbox 808 1591 899 1616; x_wconf 79' lang='lat' dir='ltr'><strong>autem</strong></span> 
     </span>
    </p>
   </div>
   <div class='ocr_carea' id='block_1_63' title="bbox 236 1623 853 1651">
    <p class='ocr_par' dir='ltr' id='par_1_63' title="bbox 236 1623 853 1651">
     <span class='ocr_line' id='line_1_63' title="bbox 236 1623 853 1651; baseline 0 -1"><span class='ocrx_word' id='word_1_226' title='bbox 236 1624 281 1650; x_wconf 76' lang='lat' dir='ltr'><strong>l3.</strong></span> <span class='ocrx_word' id='word_1_227' title='bbox 302 1628 338 1650; x_wconf 90' lang='lat' dir='ltr'><strong>to.</strong></span> <span class='ocrx_word' id='word_1_228' title='bbox 362 1644 369 1651; x_wconf 93' lang='lat'><strong>.</strong></span> <span class='ocrx_word' id='word_1_229' title='bbox 393 1645 398 1650; x_wconf 98' lang='lat'><strong>.</strong></span> <span class='ocrx_word' id='word_1_230' title='bbox 422 1644 428 1650; x_wconf 89' lang='lat'><strong>.</strong></span> <span class='ocrx_word' id='word_1_231' title='bbox 451 1643 458 1650; x_wconf 89' lang='lat'><strong>.</strong></span> <span class='ocrx_word' id='word_1_232' title='bbox 480 1623 506 1650; x_wconf 93' lang='lat' dir='ltr'><strong>ui</strong></span> <span class='ocrx_word' id='word_1_233' title='bbox 651 1628 743 1650; x_wconf 93' lang='lat' dir='ltr'><strong>utnon</strong></span> <span class='ocrx_word' id='word_1_234' title='bbox 756 1623 853 1651; x_wconf 83' lang='lat' dir='ltr'><strong>ﬁatfn-</strong></span> 
     </span>
    </p>
   </div>
   <div class='ocr_carea' id='block_1_64' title="bbox 235 1663 784 1685">
    <p class='ocr_par' dir='ltr' id='par_1_64' title="bbox 235 1663 784 1685">
     <span class='ocr_line' id='line_1_64' title="bbox 235 1663 784 1685; baseline 0 0"><span class='ocrx_word' id='word_1_235' title='bbox 235 1666 261 1685; x_wconf 84' lang='lat' dir='ltr'><strong>a.</strong></span> <span class='ocrx_word' id='word_1_236' title='bbox 284 1679 291 1685; x_wconf 86' lang='lat'><strong>.</strong></span> <span class='ocrx_word' id='word_1_237' title='bbox 314 1678 320 1685; x_wconf 82' lang='lat'><strong>.</strong></span> <span class='ocrx_word' id='word_1_238' title='bbox 342 1666 367 1685; x_wconf 86' lang='lat' dir='ltr'><strong>m</strong></span> <span class='ocrx_word' id='word_1_239' title='bbox 384 1666 426 1685; x_wconf 86' lang='lat' dir='ltr'><strong>re-</strong></span> <span class='ocrx_word' id='word_1_240' title='bbox 649 1666 680 1685; x_wconf 68' lang='lat' dir='ltr'><strong>lla</strong></span> <span class='ocrx_word' id='word_1_241' title='bbox 695 1663 784 1685; x_wconf 86' lang='lat' dir='ltr'><strong>vestra</strong></span> 
     </span>
    </p>
   </div>
   <div class='ocr_carea' id='block_1_65' title="bbox 236 1693 884 1728">
    <p class='ocr_par' dir='ltr' id='par_1_65' title="bbox 236 1693 884 1728">
     <span class='ocr_line' id='line_1_65' title="bbox 236 1693 884 1728; baseline 0.002 -8"><span class='ocrx_word' id='word_1_242' title='bbox 236 1694 367 1720; x_wconf 87' lang='lat' dir='ltr'><strong>manserit</strong></span> <span class='ocrx_word' id='word_1_243' title='bbox 381 1693 406 1720; x_wconf 92' lang='lat' dir='ltr'><strong>in</strong></span> <span class='ocrx_word' id='word_1_244' title='bbox 650 1693 750 1728; x_wconf 88' lang='lat' dir='ltr'><strong>hieme,</strong></span> <span class='ocrx_word' id='word_1_245' title='bbox 766 1694 806 1721; x_wconf 89' lang='lat' dir='ltr'><strong>vel</strong></span> <span class='ocrx_word' id='word_1_246' title='bbox 822 1694 884 1721; x_wconf 79' lang='lat' dir='ltr'><strong>sab-</strong></span> 
     </span>
    </p>
   </div>
   <div class='ocr_carea' id='block_1_66' title="bbox 237 1728 944 1761">
    <p class='ocr_par' dir='ltr' id='par_1_66' title="bbox 237 1728 944 1761">
     <span class='ocr_line' id='line_1_66' title="bbox 237 1728 944 1761; baseline 0 -5"><span class='ocrx_word' id='word_1_247' title='bbox 237 1728 331 1761; x_wconf 88' lang='lat' dir='ltr'><strong>ﬁnetn,</strong></span> <span class='ocrx_word' id='word_1_248' title='bbox 344 1729 387 1756; x_wconf 88' lang='lat' dir='ltr'><strong>hic</strong></span> <span class='ocrx_word' id='word_1_249' title='bbox 402 1728 454 1756; x_wconf 75' lang='lat' dir='ltr'><strong>sal~</strong></span> <span class='ocrx_word' id='word_1_250' title='bbox 649 1728 694 1755; x_wconf 78' lang='grc'><strong>21.</strong></span> <span class='ocrx_word' id='word_1_251' title='bbox 712 1729 785 1756; x_wconf 88' lang='lat' dir='ltr'><strong>bato.</strong></span> <span class='ocrx_word' id='word_1_252' title='bbox 802 1729 860 1758; x_wconf 82' lang='lat' dir='ltr'><strong>Erit</strong></span> <span class='ocrx_word' id='word_1_253' title='bbox 872 1729 944 1757; x_wconf 87' lang='lat' dir='ltr'><strong>enim</strong></span> 
     </span>
    </p>
   </div>
   <div class='ocr_carea' id='block_1_67' title="bbox 448 1774 817 1804">
    <p class='ocr_par' dir='ltr' id='par_1_67' title="bbox 448 1774 817 1804">
     <span class='ocr_line' id='line_1_67' title="bbox 448 1774 817 1804; baseline 0.003 -2"><span class='ocrx_word' id='word_1_254' title='bbox 448 1775 563 1803; x_wconf 81' lang='lat' dir='ltr'><strong>CODEX</strong></span> <span class='ocrx_word' id='word_1_255' title='bbox 581 1774 817 1804; x_wconf 83' lang='lat' dir='ltr'><strong>CORBEIENSIS.</strong></span> 
     </span>
    </p>
   </div>
   <div class='ocr_carea' id='block_1_68' title="bbox 237 1819 1032 1856">
    <p class='ocr_par' dir='ltr' id='par_1_68' title="bbox 237 1819 1032 1856">
     <span class='ocr_line' id='line_1_68' title="bbox 237 1819 1032 1856; baseline 0.003 -9"><span class='ocrx_word' id='word_1_256' title='bbox 237 1821 273 1847; x_wconf 92' lang='lat' dir='ltr'><strong>ni.</strong></span> <span class='ocrx_word' id='word_1_257' title='bbox 289 1820 402 1856; x_wconf 79' lang='lat' dir='ltr'><strong>Oportet</strong></span> <span class='ocrx_word' id='word_1_258' title='bbox 422 1821 492 1848; x_wconf 90' lang='lat' dir='ltr'><strong>enim</strong></span> <span class='ocrx_word' id='word_1_259' title='bbox 513 1821 578 1849; x_wconf 85' lang='lat' dir='ltr'><strong>haec</strong></span> <span class='ocrx_word' id='word_1_260' title='bbox 602 1822 677 1855; x_wconf 83' lang='lat' dir='ltr'><strong>ﬁeri,</strong></span> <span class='ocrx_word' id='word_1_261' title='bbox 700 1822 746 1848; x_wconf 89' lang='lat' dir='ltr'><strong>scd</strong></span> <span class='ocrx_word' id='word_1_262' title='bbox 762 1819 879 1850; x_wconf 91' lang='lat' dir='ltr'><strong>nondum</strong></span> <span class='ocrx_word' id='word_1_263' title='bbox 898 1826 940 1849; x_wconf 76' lang='lat' dir='ltr'><strong>est</strong></span> <span class='ocrx_word' id='word_1_264' title='bbox 960 1820 1032 1849; x_wconf 84' lang='lat' dir='ltr'><strong>finis.</strong></span> 
     </span>
    </p>
   </div>
   <div class='ocr_carea' id='block_1_69' title="bbox 236 1857 1034 1892">
    <p class='ocr_par' dir='ltr' id='par_1_69' title="bbox 236 1857 1034 1892">
     <span class='ocr_line' id='line_1_69' title="bbox 236 1857 1034 1892; baseline 0.001 -8"><span class='ocrx_word' id='word_1_265' title='bbox 236 1857 387 1891; x_wconf 83' lang='lat' dir='ltr'><strong>Consurget</strong></span> <span class='ocrx_word' id='word_1_266' title='bbox 413 1857 486 1884; x_wconf 90' lang='lat' dir='ltr'><strong>enim</strong></span> <span class='ocrx_word' id='word_1_267' title='bbox 515 1865 582 1892; x_wconf 85' lang='lat' dir='ltr'><strong>gens</strong></span> <span class='ocrx_word' id='word_1_268' title='bbox 598 1858 631 1891; x_wconf 40' lang='lat' dir='ltr'><strong>,in</strong></span> <span class='ocrx_word' id='word_1_269' title='bbox 665 1863 787 1892; x_wconf 82' lang='lat' dir='ltr'><strong>gentem,</strong></span> <span class='ocrx_word' id='word_1_270' title='bbox 818 1863 845 1884; x_wconf 90' lang='lat' dir='ltr'><strong>et</strong></span> <span class='ocrx_word' id='word_1_271' title='bbox 869 1865 983 1892; x_wconf 84' lang='lat' dir='ltr'><strong>regnum</strong></span> <span class='ocrx_word' id='word_1_272' title='bbox 1008 1859 1034 1884; x_wconf 95' lang='lat' dir='ltr'><strong>in</strong></span> 
     </span>
    </p>
   </div>
   <div class='ocr_carea' id='block_1_70' title="bbox 237 1892 1036 1928">
    <p class='ocr_par' dir='ltr' id='par_1_70' title="bbox 237 1892 1036 1928">
     <span class='ocr_line' id='line_1_70' title="bbox 237 1892 1036 1928; baseline 0.003 -10"><span class='ocrx_word' id='word_1_273' title='bbox 237 1900 349 1926; x_wconf 90' lang='lat' dir='ltr'><strong>regnum</strong></span> <span class='ocrx_word' id='word_1_274' title='bbox 364 1914 370 1922; x_wconf 86' lang='lat'><strong>.</strong></span> <span class='ocrx_word' id='word_1_275' title='bbox 386 1897 413 1919; x_wconf 88' lang='lat' dir='ltr'><strong>et</strong></span> <span class='ocrx_word' id='word_1_276' title='bbox 428 1892 508 1919; x_wconf 89' lang='lat' dir='ltr'><strong>erttut</strong></span> <span class='ocrx_word' id='word_1_277' title='bbox 525 1892 696 1928; x_wconf 50' lang='lat' dir='ltr'><strong>pestilentiae</strong></span> <span class='ocrx_word' id='word_1_278' title='bbox 710 1914 716 1925; x_wconf 88' lang='lat'><strong>,</strong></span> <span class='ocrx_word' id='word_1_279' title='bbox 738 1899 765 1921; x_wconf 90' lang='lat' dir='ltr'><strong>et</strong></span> <span class='ocrx_word' id='word_1_280' title='bbox 799 1892 883 1921; x_wconf 84' lang='lat' dir='ltr'><strong>fames</strong></span> <span class='ocrx_word' id='word_1_281' title='bbox 896 1914 903 1925; x_wconf 87' lang='lat'><strong>,</strong></span> <span class='ocrx_word' id='word_1_282' title='bbox 929 1899 956 1919; x_wconf 87' lang='lat' dir='ltr'><strong>et</strong></span> <span class='ocrx_word' id='word_1_283' title='bbox 983 1898 1036 1920; x_wconf 84' lang='lat' dir='ltr'><strong>ter-</strong></span> 
     </span>
    </p>
   </div>
   <div class='ocr_carea' id='block_1_71' title="bbox 236 1927 1038 1962">
    <p class='ocr_par' dir='ltr' id='par_1_71' title="bbox 236 1927 1038 1962">
     <span class='ocr_line' id='line_1_71' title="bbox 236 1927 1038 1962; baseline 0.001 -7"><span class='ocrx_word' id='word_1_284' title='bbox 236 1931 373 1955; x_wconf 79' lang='lat' dir='ltr'><strong>raetnotus</strong></span> <span class='ocrx_word' id='word_1_285' title='bbox 393 1932 442 1962; x_wconf 85' lang='lat' dir='ltr'><strong>per</strong></span> <span class='ocrx_word' id='word_1_286' title='bbox 464 1929 532 1956; x_wconf 85' lang='lat' dir='ltr'><strong>loca.</strong></span> <span class='ocrx_word' id='word_1_287' title='bbox 564 1928 636 1956; x_wconf 83' lang='lat' dir='ltr'><strong>Haec</strong></span> <span class='ocrx_word' id='word_1_288' title='bbox 655 1935 744 1956; x_wconf 73' lang='lat' dir='ltr'><strong>autrm</strong></span> <span class='ocrx_word' id='word_1_289' title='bbox 772 1930 861 1956; x_wconf 80' lang='lat' dir='ltr'><strong>omnia</strong></span> <span class='ocrx_word' id='word_1_290' title='bbox 879 1929 954 1956; x_wconf 89' lang='lat' dir='ltr'><strong>initia</strong></span> <span class='ocrx_word' id='word_1_291' title='bbox 973 1927 1038 1956; x_wconf 88' lang='lat' dir='ltr'><strong>sunt</strong></span> 
     </span>
    </p>
   </div>
   <div class='ocr_carea' id='block_1_72' title="bbox 236 1963 1039 1994">
    <p class='ocr_par' dir='ltr' id='par_1_72' title="bbox 236 1963 1039 1994">
     <span class='ocr_line' id='line_1_72' title="bbox 236 1963 1039 1994; baseline 0.001 -4"><span class='ocrx_word' id='word_1_292' title='bbox 236 1963 369 1990; x_wconf 83' lang='lat' dir='ltr'><strong>dolorum.</strong></span> <span class='ocrx_word' id='word_1_293' title='bbox 388 1963 464 1991; x_wconf 88' lang='lat' dir='ltr'><strong>Tunc</strong></span> <span class='ocrx_word' id='word_1_294' title='bbox 493 1964 599 1991; x_wconf 88' lang='lat' dir='ltr'><strong>tradent</strong></span> <span class='ocrx_word' id='word_1_295' title='bbox 624 1972 672 1991; x_wconf 86' lang='lat' dir='ltr'><strong>vos</strong></span> <span class='ocrx_word' id='word_1_296' title='bbox 704 1965 730 1991; x_wconf 92' lang='lat' dir='ltr'><strong>in</strong></span> <span class='ocrx_word' id='word_1_297' title='bbox 758 1964 960 1992; x_wconf 81' lang='lat' dir='ltr'><strong>tribulationem</strong></span> <span class='ocrx_word' id='word_1_298' title='bbox 978 1985 984 1994; x_wconf 84' lang='lat'><strong>.</strong></span> <span class='ocrx_word' id='word_1_299' title='bbox 1010 1964 1039 1991; x_wconf 86' lang='lat' dir='ltr'><strong>et</strong></span> 
     </span>
    </p>
   </div>
   <div class='ocr_carea' id='block_1_73' title="bbox 236 1998 1038 2034">
    <p class='ocr_par' dir='ltr' id='par_1_73' title="bbox 236 1998 1038 2034">
     <span class='ocr_line' id='line_1_73' title="bbox 236 1998 1038 2034; baseline 0.001 -8"><span class='ocrx_word' id='word_1_300' title='bbox 236 1998 360 2026; x_wconf 86' lang='lat' dir='ltr'><strong>occident</strong></span> <span class='ocrx_word' id='word_1_301' title='bbox 393 2005 466 2026; x_wconf 74' lang='lat' dir='ltr'><strong>ros:</strong></span> <span class='ocrx_word' id='word_1_302' title='bbox 494 2003 522 2027; x_wconf 91' lang='lat' dir='ltr'><strong>et</strong></span> <span class='ocrx_word' id='word_1_303' title='bbox 555 2000 631 2027; x_wconf 81' lang='lat' dir='ltr'><strong>eritis</strong></span> <span class='ocrx_word' id='word_1_304' title='bbox 658 2000 720 2027; x_wconf 87' lang='lat' dir='ltr'><strong>odio</strong></span> <span class='ocrx_word' id='word_1_305' title='bbox 757 2000 883 2027; x_wconf 89' lang='lat' dir='ltr'><strong>omnibus</strong></span> <span class='ocrx_word' id='word_1_306' title='bbox 913 2000 1038 2034; x_wconf 76' lang='lat' dir='ltr'><strong>gentibus</strong></span> 
     </span>
    </p>
   </div>
   <div class='ocr_carea' id='block_1_74' title="bbox 235 2034 1037 2069">
    <p class='ocr_par' dir='ltr' id='par_1_74' title="bbox 235 2034 1037 2069">
     <span class='ocr_line' id='line_1_74' title="bbox 235 2034 1037 2069; baseline 0 -8"><span class='ocrx_word' id='word_1_307' title='bbox 235 2038 348 2069; x_wconf 73' lang='lat' dir='ltr'><strong>propter</strong></span> <span class='ocrx_word' id='word_1_308' title='bbox 377 2040 476 2062; x_wconf 86' lang='lat' dir='ltr'><strong>nomen</strong></span> <span class='ocrx_word' id='word_1_309' title='bbox 506 2041 606 2062; x_wconf 87' lang='lat' dir='ltr'><strong>meum.</strong></span> <span class='ocrx_word' id='word_1_310' title='bbox 634 2034 669 2062; x_wconf 88' lang='lat' dir='ltr'><strong>Et</strong></span> <span class='ocrx_word' id='word_1_311' title='bbox 692 2040 755 2063; x_wconf 91' lang='lat' dir='ltr'><strong>tunc</strong></span> <span class='ocrx_word' id='word_1_312' title='bbox 782 2035 1037 2063; x_wconf 83' lang='lat' dir='ltr'><strong>scandalizabuntur</strong></span> 
     </span>
    </p>
   </div>
   <div class='ocr_carea' id='block_1_75' title="bbox 237 2070 1037 2103">
    <p class='ocr_par' dir='ltr' id='par_1_75' title="bbox 237 2070 1037 2103">
     <span class='ocr_line' id='line_1_75' title="bbox 237 2070 1037 2103; baseline 0.001 -7"><span class='ocrx_word' id='word_1_313' title='bbox 237 2070 323 2101; x_wconf 87' lang='lat' dir='ltr'><strong>multi,</strong></span> <span class='ocrx_word' id='word_1_314' title='bbox 348 2074 376 2096; x_wconf 90' lang='lat' dir='ltr'><strong>et</strong></span> <span class='ocrx_word' id='word_1_315' title='bbox 403 2070 519 2098; x_wconf 81' lang='lat' dir='ltr'><strong>invicem</strong></span> <span class='ocrx_word' id='word_1_316' title='bbox 547 2070 665 2103; x_wconf 85' lang='lat' dir='ltr'><strong>tradent,</strong></span> <span class='ocrx_word' id='word_1_317' title='bbox 684 2076 711 2098; x_wconf 92' lang='lat' dir='ltr'><strong>et</strong></span> <span class='ocrx_word' id='word_1_318' title='bbox 741 2070 803 2098; x_wconf 93' lang='lat' dir='ltr'><strong>odio</strong></span> <span class='ocrx_word' id='word_1_319' title='bbox 830 2070 969 2098; x_wconf 87' lang='lat' dir='ltr'><strong>habebunt</strong></span> <span class='ocrx_word' id='word_1_320' title='bbox 993 2070 1037 2097; x_wconf 93' lang='lat' dir='ltr'><strong>in-</strong></span> 
     </span>
    </p>
   </div>
   <div class='ocr_carea' id='block_1_76' title="bbox 236 2102 1037 2140">
    <p class='ocr_par' dir='ltr' id='par_1_76' title="bbox 236 2102 1037 2140">
     <span class='ocr_line' id='line_1_76' title="bbox 236 2102 1037 2140; baseline 0.002 -9"><span class='ocrx_word' id='word_1_321' title='bbox 236 2105 332 2132; x_wconf 81' lang='lat' dir='ltr'><strong>vicem.</strong></span> <span class='ocrx_word' id='word_1_322' title='bbox 357 2102 390 2132; x_wconf 82' lang='lat' dir='ltr'><strong>Et</strong></span> <span class='ocrx_word' id='word_1_323' title='bbox 404 2106 483 2133; x_wconf 90' lang='lat' dir='ltr'><strong>multi</strong></span> <span class='ocrx_word' id='word_1_324' title='bbox 507 2102 762 2140; x_wconf 81' lang='lat' dir='ltr'><strong>pseudopropltetae</strong></span> <span class='ocrx_word' id='word_1_325' title='bbox 775 2111 898 2140; x_wconf 78' lang='lat' dir='ltr'><strong>surgent,</strong></span> <span class='ocrx_word' id='word_1_326' title='bbox 914 2111 940 2133; x_wconf 91' lang='lat' dir='ltr'><strong>et</strong></span> <span class='ocrx_word' id='word_1_327' title='bbox 956 2106 1037 2133; x_wconf 79' lang='lat' dir='ltr'><strong>sotlu-</strong></span> 
     </span>
    </p>
   </div>
   <div class='ocr_carea' id='block_1_77' title="bbox 235 2141 1036 2176">
    <p class='ocr_par' dir='ltr' id='par_1_77' title="bbox 235 2141 1036 2176">
     <span class='ocr_line' id='line_1_77' title="bbox 235 2141 1036 2176; baseline 0.002 -9"><span class='ocrx_word' id='word_1_328' title='bbox 235 2146 299 2168; x_wconf 86' lang='lat' dir='ltr'><strong>cent</strong></span> <span class='ocrx_word' id='word_1_329' title='bbox 321 2141 432 2168; x_wconf 84' lang='lat' dir='ltr'><strong>multos.</strong></span> <span class='ocrx_word' id='word_1_330' title='bbox 454 2141 488 2168; x_wconf 85' lang='lat' dir='ltr'><strong>Et</strong></span> <span class='ocrx_word' id='word_1_331' title='bbox 501 2141 627 2175; x_wconf 86' lang='lat' dir='ltr'><strong>quoniam</strong></span> <span class='ocrx_word' id='word_1_332' title='bbox 638 2142 784 2169; x_wconf 83' lang='lat' dir='ltr'><strong>abundavit</strong></span> <span class='ocrx_word' id='word_1_333' title='bbox 801 2142 941 2176; x_wconf 85' lang='lat' dir='ltr'><strong>iniquitas,</strong></span> <span class='ocrx_word' id='word_1_334' title='bbox 955 2142 1036 2169; x_wconf 82' lang='lat' dir='ltr'><strong>refri-</strong></span> 
     </span>
    </p>
   </div>
   <div class='ocr_carea' id='block_1_78' title="bbox 235 2176 1036 2212">
    <p class='ocr_par' dir='ltr' id='par_1_78' title="bbox 235 2176 1036 2212">
     <span class='ocr_line' id='line_1_78' title="bbox 235 2176 1036 2212; baseline 0.004 -11"><span class='ocrx_word' id='word_1_335' title='bbox 235 2181 327 2211; x_wconf 80' lang='lat' dir='ltr'><strong>gescet</strong></span> <span class='ocrx_word' id='word_1_336' title='bbox 342 2176 461 2212; x_wconf 82' lang='lat' dir='ltr'><strong>charitas</strong></span> <span class='ocrx_word' id='word_1_337' title='bbox 483 2177 639 2204; x_wconf 91' lang='lat' dir='ltr'><strong>multorum.</strong></span> <span class='ocrx_word' id='word_1_338' title='bbox 654 2177 705 2211; x_wconf 86' lang='lat' dir='ltr'><strong>Qui</strong></span> <span class='ocrx_word' id='word_1_339' title='bbox 717 2183 806 2204; x_wconf 86' lang='lat' dir='ltr'><strong>autem</strong></span> <span class='ocrx_word' id='word_1_340' title='bbox 821 2176 1036 2212; x_wconf 87' lang='lat' dir='ltr'><strong>perseveraverit</strong></span> 
     </span>
    </p>
   </div>
   <div class='ocr_carea' id='block_1_79' title="bbox 237 2211 1036 2248">
    <p class='ocr_par' dir='ltr' id='par_1_79' title="bbox 237 2211 1036 2248">
     <span class='ocr_line' id='line_1_79' title="bbox 237 2211 1036 2248; baseline 0.005 -11"><span class='ocrx_word' id='word_1_341' title='bbox 237 2216 323 2248; x_wconf 56' lang='lat' dir='ltr'><strong>usque</strong></span> <span class='ocrx_word' id='word_1_342' title='bbox 338 2211 468 2248; x_wconf 18' lang='lat' dir='ltr'><strong>lnrflnem,</strong></span> <span class='ocrx_word' id='word_1_343' title='bbox 485 2211 528 2239; x_wconf 89' lang='lat' dir='ltr'><strong>hic</strong></span> <span class='ocrx_word' id='word_1_344' title='bbox 542 2212 634 2240; x_wconf 85' lang='lat' dir='ltr'><strong>salvus</strong></span> <span class='ocrx_word' id='word_1_345' title='bbox 648 2214 710 2241; x_wconf 84' lang='lat' dir='ltr'><strong>erit.</strong></span> <span class='ocrx_word' id='word_1_346' title='bbox 726 2211 969 2248; x_wconf 79' lang='lat' dir='ltr'><strong>Etpraedicabitur</strong></span> <span class='ocrx_word' id='word_1_347' title='bbox 985 2212 1036 2241; x_wconf 82' lang='lat' dir='ltr'><strong>hoc</strong></span> 
     </span>
    </p>
   </div>
   <div class='ocr_carea' id='block_1_80' title="bbox 237 2245 1036 2282">
    <p class='ocr_par' dir='ltr' id='par_1_80' title="bbox 237 2245 1036 2282">
     <span class='ocr_line' id='line_1_80' title="bbox 237 2245 1036 2282; baseline 0.004 -10"><span class='ocrx_word' id='word_1_348' title='bbox 237 2245 246 2262; x_wconf 71' lang='lat'>*</span> <span class='ocrx_word' id='word_1_349' title='bbox 262 2247 436 2281; x_wconf 81' lang='lat' dir='ltr'><strong>Evangelium</strong></span> <span class='ocrx_word' id='word_1_350' title='bbox 455 2248 530 2282; x_wconf 84' lang='lat' dir='ltr'><strong>regni</strong></span> <span class='ocrx_word' id='word_1_351' title='bbox 546 2248 572 2274; x_wconf 95' lang='lat' dir='ltr'><strong>ln</strong></span> <span class='ocrx_word' id='word_1_352' title='bbox 586 2250 713 2275; x_wconf 85' lang='lat' dir='ltr'><strong>universo</strong></span> <span class='ocrx_word' id='word_1_353' title='bbox 725 2245 800 2280; x_wconf 76' lang='lat' dir='ltr'><strong>orbe,</strong></span> <span class='ocrx_word' id='word_1_354' title='bbox 812 2249 839 2276; x_wconf 88' lang='lat' dir='ltr'><strong>in</strong></span> <span class='ocrx_word' id='word_1_355' title='bbox 850 2246 1036 2275; x_wconf 83' lang='lat' dir='ltr'><strong>testimonium</strong></span> 
     </span>
    </p>
   </div>
   <div class='ocr_carea' id='block_1_81' title="bbox 236 2281 1033 2316">
    <p class='ocr_par' dir='ltr' id='par_1_81' title="bbox 236 2281 1033 2316">
     <span class='ocr_line' id='line_1_81' title="bbox 236 2281 1033 2316; baseline 0.004 -8"><span class='ocrx_word' id='word_1_356' title='bbox 236 2281 363 2308; x_wconf 78' lang='lat' dir='ltr'><strong>omnibus</strong></span> <span class='ocrx_word' id='word_1_357' title='bbox 385 2281 510 2316; x_wconf 80' lang='lat' dir='ltr'><strong>gentibus</strong></span> <span class='ocrx_word' id='word_1_358' title='bbox 533 2292 540 2309; x_wconf 85' lang='lat'><strong>-.</strong></span> <span class='ocrx_word' id='word_1_359' title='bbox 571 2288 598 2311; x_wconf 90' lang='lat' dir='ltr'><strong>et</strong></span> <span class='ocrx_word' id='word_1_360' title='bbox 612 2289 676 2311; x_wconf 93' lang='lat' dir='ltr'><strong>tunc</strong></span> <span class='ocrx_word' id='word_1_361' title='bbox 692 2284 702 2299; x_wconf 81' lang='grc'>²</span> <span class='ocrx_word' id='word_1_362' title='bbox 717 2284 805 2311; x_wconf 86' lang='lat' dir='ltr'><strong>veniet</strong></span> <span class='ocrx_word' id='word_1_363' title='bbox 825 2285 1033 2311; x_wconf 88' lang='lat' dir='ltr'><strong>consummatio.</strong></span> 
     </span>
    </p>
   </div>
   <div class='ocr_carea' id='block_1_82' title="bbox 236 2318 1034 2353">
    <p class='ocr_par' dir='ltr' id='par_1_82' title="bbox 236 2318 1034 2353">
     <span class='ocr_line' id='line_1_82' title="bbox 236 2318 1034 2353; baseline 0.004 -10"><span class='ocrx_word' id='word_1_364' title='bbox 236 2318 414 2353; x_wconf 19' lang='lat' dir='ltr'><strong>Quumrergo</strong></span> <span class='ocrx_word' id='word_1_365' title='bbox 439 2318 561 2346; x_wconf 85' lang='lat' dir='ltr'><strong>videritis</strong></span> <span class='ocrx_word' id='word_1_366' title='bbox 585 2319 815 2347; x_wconf 86' lang='lat' dir='ltr'><strong>abominationetn</strong></span> <span class='ocrx_word' id='word_1_367' title='bbox 840 2319 1034 2353; x_wconf 85' lang='lat' dir='ltr'><strong>desolationis,</strong></span> 
     </span>
    </p>
   </div>
   <div class='ocr_carea' id='block_1_83' title="bbox 236 2352 1035 2389">
    <p class='ocr_par' dir='ltr' id='par_1_83' title="bbox 236 2352 1035 2389">
     <span class='ocr_line' id='line_1_83' title="bbox 236 2352 1035 2389; baseline 0.005 -11"><span class='ocrx_word' id='word_1_368' title='bbox 236 2360 306 2387; x_wconf 85' lang='lat' dir='ltr'><strong>quae</strong></span> <span class='ocrx_word' id='word_1_369' title='bbox 327 2352 398 2379; x_wconf 88' lang='lat' dir='ltr'><strong>dicta</strong></span> <span class='ocrx_word' id='word_1_370' title='bbox 422 2359 463 2380; x_wconf 87' lang='lat' dir='ltr'><strong>est</strong></span> <span class='ocrx_word' id='word_1_371' title='bbox 484 2361 498 2380; x_wconf 88' lang='lat' dir='ltr'><strong>a</strong></span> <span class='ocrx_word' id='word_1_372' title='bbox 515 2354 628 2382; x_wconf 79' lang='lat' dir='ltr'><strong>Danielo</strong></span> <span class='ocrx_word' id='word_1_373' title='bbox 643 2356 783 2389; x_wconf 76' lang='lat' dir='ltr'><strong>propheta,</strong></span> <span class='ocrx_word' id='word_1_374' title='bbox 801 2359 917 2389; x_wconf 83' lang='lat' dir='ltr'><strong>stantem</strong></span> <span class='ocrx_word' id='word_1_375' title='bbox 933 2357 959 2382; x_wconf 91' lang='lat' dir='ltr'><strong>in</strong></span> <span class='ocrx_word' id='word_1_376' title='bbox 975 2352 1035 2382; x_wconf 80' lang='lat' dir='ltr'><strong>loco</strong></span> 
     </span>
    </p>
   </div>
   <div class='ocr_carea' id='block_1_84' title="bbox 236 2387 1032 2426">
    <p class='ocr_par' dir='ltr' id='par_1_84' title="bbox 236 2387 1032 2426">
     <span class='ocr_line' id='line_1_84' title="bbox 236 2387 1032 2426; baseline 0.004 -12"><span class='ocrx_word' id='word_1_377' title='bbox 236 2393 343 2426; x_wconf 64' lang='lat' dir='ltr'><strong>sancto,</strong></span> <span class='ocrx_word' id='word_1_378' title='bbox 359 2390 405 2426; x_wconf 79' lang='lat' dir='ltr'><strong>qui</strong></span> <span class='ocrx_word' id='word_1_379' title='bbox 417 2389 482 2423; x_wconf 89' lang='lat' dir='ltr'><strong>legit</strong></span> <span class='ocrx_word' id='word_1_380' title='bbox 496 2389 628 2425; x_wconf 75' lang='lat' dir='ltr'><strong>intelligat</strong></span> <span class='ocrx_word' id='word_1_381' title='bbox 643 2387 649 2417; x_wconf 76' lang='grc' dir='ltr'>Ξ</span> <span class='ocrx_word' id='word_1_382' title='bbox 668 2387 731 2418; x_wconf 86' lang='lat' dir='ltr'><strong>tunc</strong></span> <span class='ocrx_word' id='word_1_383' title='bbox 744 2390 790 2426; x_wconf 91' lang='lat' dir='ltr'><strong>qui</strong></span> <span class='ocrx_word' id='word_1_384' title='bbox 807 2392 832 2418; x_wconf 92' lang='lat' dir='ltr'><strong>in</strong></span> <span class='ocrx_word' id='word_1_385' title='bbox 845 2387 945 2418; x_wconf 81' lang='lat' dir='ltr'><strong>Judaea</strong></span> <span class='ocrx_word' id='word_1_386' title='bbox 960 2394 1032 2422; x_wconf 85' lang='lat' dir='ltr'><strong>sunt,</strong></span> 
     </span>
    </p>
   </div>
   <div class='ocr_carea' id='block_1_85' title="bbox 237 2423 1036 2460">
    <p class='ocr_par' dir='ltr' id='par_1_85' title="bbox 237 2423 1036 2460">
     <span class='ocr_line' id='line_1_85' title="bbox 237 2423 1036 2460; baseline 0.005 -10"><span class='ocrx_word' id='word_1_387' title='bbox 237 2424 340 2458; x_wconf 80' lang='lat' dir='ltr'><strong>fugiant</strong></span> <span class='ocrx_word' id='word_1_388' title='bbox 352 2423 385 2460; x_wconf 79' lang='lat' dir='ltr'><strong>ad</strong></span> <span class='ocrx_word' id='word_1_389' title='bbox 398 2429 503 2460; x_wconf 86' lang='lat' dir='ltr'><strong>montes</strong></span> <span class='ocrx_word' id='word_1_390' title='bbox 515 2432 528 2460; x_wconf 19' lang='lat'><strong>:7</strong></span> <span class='ocrx_word' id='word_1_391' title='bbox 536 2430 563 2451; x_wconf 91' lang='lat' dir='ltr'><strong>et</strong></span> <span class='ocrx_word' id='word_1_392' title='bbox 575 2423 619 2460; x_wconf 70' lang='lat' dir='ltr'><strong>q&#39;ui</strong></span> <span class='ocrx_word' id='word_1_393' title='bbox 643 2426 670 2452; x_wconf 91' lang='lat' dir='ltr'><strong>in</strong></span> <span class='ocrx_word' id='word_1_394' title='bbox 684 2423 765 2457; x_wconf 67' lang='lat' dir='ltr'><strong>tecto&#39;,</strong></span> <span class='ocrx_word' id='word_1_395' title='bbox 781 2432 833 2454; x_wconf 91' lang='lat' dir='ltr'><strong>non</strong></span> <span class='ocrx_word' id='word_1_396' title='bbox 847 2426 857 2441; x_wconf 83' lang='lat'>&#39;</span> <span class='ocrx_word' id='word_1_397' title='bbox 869 2425 1036 2454; x_wconf 82' lang='lat' dir='ltr'><strong>descendant</strong></span> 
     </span>
    </p>
   </div>
   <div class='ocr_carea' id='block_1_86' title="bbox 237 2459 1036 2497">
    <p class='ocr_par' dir='ltr' id='par_1_86' title="bbox 237 2459 1036 2497">
     <span class='ocr_line' id='line_1_86' title="bbox 237 2459 1036 2497; baseline 0.004 -11"><span class='ocrx_word' id='word_1_398' title='bbox 237 2461 333 2497; x_wconf 82' lang='lat' dir='ltr'><strong>tollere</strong></span> <span class='ocrx_word' id='word_1_399' title='bbox 348 2459 450 2497; x_wconf 75' lang='lat' dir='ltr'><strong>aliquid</strong></span> <span class='ocrx_word' id='word_1_400' title='bbox 465 2459 499 2487; x_wconf 89' lang='lat' dir='ltr'><strong>de</strong></span> <span class='ocrx_word' id='word_1_401' title='bbox 514 2459 596 2497; x_wconf 80' lang='lat' dir='ltr'><strong>domu</strong></span> <span class='ocrx_word' id='word_1_402' title='bbox 607 2468 671 2489; x_wconf 84' lang='lat' dir='ltr'><strong>sua:</strong></span> <span class='ocrx_word' id='word_1_403' title='bbox 686 2461 769 2496; x_wconf 88' lang='lat' dir='ltr'><strong>etqni</strong></span> <span class='ocrx_word' id='word_1_404' title='bbox 783 2463 807 2489; x_wconf 90' lang='lat' dir='ltr'><strong>in</strong></span> <span class='ocrx_word' id='word_1_405' title='bbox 823 2468 888 2497; x_wconf 83' lang='lat' dir='ltr'><strong>agro</strong></span> <span class='ocrx_word' id='word_1_406' title='bbox 900 2482 907 2494; x_wconf 88' lang='lat'><strong>,</strong></span> <span class='ocrx_word' id='word_1_407' title='bbox 925 2470 977 2489; x_wconf 92' lang='lat' dir='ltr'><strong>IIOIl</strong></span> <span class='ocrx_word' id='word_1_408' title='bbox 992 2469 1036 2489; x_wconf 86' lang='lat' dir='ltr'><strong>re—</strong></span> 
     </span>
    </p>
   </div>
   <div class='ocr_carea' id='block_1_87' title="bbox 236 2494 1036 2532">
    <p class='ocr_par' dir='ltr' id='par_1_87' title="bbox 236 2494 1036 2532">
     <span class='ocr_line' id='line_1_87' title="bbox 236 2494 1036 2532; baseline 0.005 -12"><span class='ocrx_word' id='word_1_409' title='bbox 236 2494 359 2532; x_wconf 79' lang='lat' dir='ltr'><strong>vertatur</strong></span> <span class='ocrx_word' id='word_1_410' title='bbox 375 2495 471 2532; x_wconf 80' lang='lat' dir='ltr'><strong>tullere</strong></span> <span class='ocrx_word' id='word_1_411' title='bbox 483 2495 600 2523; x_wconf 88' lang='lat' dir='ltr'><strong>tunicam</strong></span> <span class='ocrx_word' id='word_1_412' title='bbox 617 2494 767 2524; x_wconf 81' lang='lat' dir='ltr'><strong>suam.Vae</strong></span> <span class='ocrx_word' id='word_1_413' title='bbox 780 2494 870 2524; x_wconf 72' lang='lat' dir='ltr'><strong>autem</strong></span> <span class='ocrx_word' id='word_1_414' title='bbox 885 2505 1036 2532; x_wconf 75' lang='lat' dir='ltr'><strong>praegnan-</strong></span> 
     </span>
    </p>
   </div>
   <div class='ocr_carea' id='block_1_88' title="bbox 237 2531 1036 2561">
    <p class='ocr_par' dir='ltr' id='par_1_88' title="bbox 237 2531 1036 2561">
     <span class='ocr_line' id='line_1_88' title="bbox 237 2531 1036 2561; baseline 0.003 -4"><span class='ocrx_word' id='word_1_415' title='bbox 237 2531 310 2558; x_wconf 83' lang='lat' dir='ltr'><strong>tibus</strong></span> <span class='ocrx_word' id='word_1_416' title='bbox 324 2535 350 2556; x_wconf 89' lang='lat' dir='ltr'><strong>et</strong></span> <span class='ocrx_word' id='word_1_417' title='bbox 371 2531 553 2558; x_wconf 84' lang='lat' dir='ltr'><strong>nutrientibus</strong></span> <span class='ocrx_word' id='word_1_418' title='bbox 569 2532 596 2558; x_wconf 90' lang='lat' dir='ltr'><strong>itt</strong></span> <span class='ocrx_word' id='word_1_419' title='bbox 614 2533 666 2559; x_wconf 92' lang='lat' dir='ltr'><strong>illis</strong></span> <span class='ocrx_word' id='word_1_420' title='bbox 677 2532 783 2561; x_wconf 75' lang='lat' dir='ltr'><strong>diebus.</strong></span> <span class='ocrx_word' id='word_1_421' title='bbox 806 2531 992 2560; x_wconf 32' lang='lat' dir='ltr'><strong>Orate’autetn</strong></span> <span class='ocrx_word' id='word_1_422' title='bbox 1007 2535 1036 2560; x_wconf 87' lang='lat' dir='ltr'><strong>ut</strong></span> 
     </span>
    </p>
   </div>
   <div class='ocr_carea' id='block_1_89' title="bbox 237 2563 1033 2603">
    <p class='ocr_par' dir='ltr' id='par_1_89' title="bbox 237 2563 1033 2603">
     <span class='ocr_line' id='line_1_89' title="bbox 237 2563 1033 2603; baseline 0.005 -11"><span class='ocrx_word' id='word_1_423' title='bbox 237 2573 291 2593; x_wconf 91' lang='lat' dir='ltr'><strong>non</strong></span> <span class='ocrx_word' id='word_1_424' title='bbox 306 2563 352 2592; x_wconf 80' lang='lat' dir='ltr'><strong>fiat</strong></span> <span class='ocrx_word' id='word_1_425' title='bbox 365 2567 427 2602; x_wconf 86' lang='lat' dir='ltr'><strong>fuga</strong></span> <span class='ocrx_word' id='word_1_426' title='bbox 443 2571 533 2594; x_wconf 76' lang='lat' dir='ltr'><strong>vestra</strong></span> <span class='ocrx_word' id='word_1_427' title='bbox 548 2567 654 2603; x_wconf 83' lang='lat' dir='ltr'><strong>hyeme,</strong></span> <span class='ocrx_word' id='word_1_428' title='bbox 671 2569 714 2596; x_wconf 87' lang='lat' dir='ltr'><strong>vel</strong></span> <span class='ocrx_word' id='word_1_429' title='bbox 728 2569 870 2600; x_wconf 81' lang='lat' dir='ltr'><strong>sabbatho.</strong></span> <span class='ocrx_word' id='word_1_430' title='bbox 894 2568 951 2596; x_wconf 88' lang='lat' dir='ltr'><strong>Erit</strong></span> <span class='ocrx_word' id='word_1_431' title='bbox 962 2569 1033 2596; x_wconf 88' lang='lat' dir='ltr'><strong>enim</strong></span> 
     </span>
    </p>
   </div>
   <div class='ocr_carea' id='block_1_90' title="bbox 493 127 1602 163">
    <p class='ocr_par' dir='ltr' id='par_1_90' title="bbox 493 127 1602 163">
     <span class='ocr_line' id='line_1_90' title="bbox 493 127 1602 163; baseline -0.004 0"><span class='ocrx_word' id='word_1_432' title='bbox 493 133 629 163; x_wconf 84' lang='lat' dir='ltr'><strong>EUSEBII</strong></span> <span class='ocrx_word' id='word_1_433' title='bbox 648 130 816 161; x_wconf 81' lang='lat' dir='ltr'><strong>VERCELL.</strong></span> <span class='ocrx_word' id='word_1_434' title='bbox 839 127 1065 162; x_wconf 71' lang='lat' dir='ltr'><strong>EVANGELIUM</strong></span> <span class='ocrx_word' id='word_1_435' title='bbox 1084 132 1155 161; x_wconf 84' lang='lat' dir='ltr'><strong>CUM</strong></span> <span class='ocrx_word' id='word_1_436' title='bbox 1177 127 1291 160; x_wconf 58' lang='lat' dir='ltr'><strong>VARI”</strong></span> <span class='ocrx_word' id='word_1_437' title='bbox 1308 127 1386 160; x_wconf 83' lang='lat' dir='ltr'><strong>COD.</strong></span> <span class='ocrx_word' id='word_1_438' title='bbox 1406 131 1602 161; x_wconf 84' lang='lat' dir='ltr'><strong>COLLATUM.</strong></span> 
     </span>
    </p>
   </div>
   <div class='ocr_carea' id='block_1_91' title="bbox 1817 131 1868 159">
    <p class='ocr_par' dir='ltr' id='par_1_91' title="bbox 1817 131 1868 159">
     <span class='ocr_line' id='line_1_91' title="bbox 1817 131 1868 159; baseline 0.02 -1"><span class='ocrx_word' id='word_1_439' title='bbox 1817 131 1868 159; x_wconf 77' lang='grc'><strong>508</strong></span> 
     </span>
    </p>
   </div>
   <div class='ocr_carea' id='block_1_92' title="bbox 1294 188 1656 218">
    <p class='ocr_par' dir='ltr' id='par_1_92' title="bbox 1294 188 1656 218">
     <span class='ocr_line' id='line_1_92' title="bbox 1294 188 1656 218; baseline -0.003 0"><span class='ocrx_word' id='word_1_440' title='bbox 1294 188 1411 218; x_wconf 77' lang='lat' dir='ltr'><strong>CODEX</strong></span> <span class='ocrx_word' id='word_1_441' title='bbox 1433 189 1656 218; x_wconf 81' lang='lat' dir='ltr'><strong>VERONENSIS.</strong></span> 
     </span>
    </p>
   </div>
   <div class='ocr_carea' id='block_1_93' title="bbox 1491 236 1654 265">
    <p class='ocr_par' dir='ltr' id='par_1_93' title="bbox 1491 236 1654 265">
     <span class='ocr_line' id='line_1_93' title="bbox 1491 236 1654 265; baseline -0.012 0"><span class='ocrx_word' id='word_1_442' title='bbox 1491 237 1581 265; x_wconf 82' lang='lat' dir='ltr'><strong>salvus</strong></span> <span class='ocrx_word' id='word_1_443' title='bbox 1592 236 1654 264; x_wconf 89' lang='lat' dir='ltr'><strong>erit.</strong></span> 
     </span>
    </p>
   </div>
   <div class='ocr_carea' id='block_1_94' title="bbox 1492 266 1771 307">
    <p class='ocr_par' dir='ltr' id='par_1_94' title="bbox 1492 266 1771 307">
     <span class='ocr_line' id='line_1_94' title="bbox 1492 266 1771 307; baseline -0.011 -6"><span class='ocrx_word' id='word_1_444' title='bbox 1492 273 1536 301; x_wconf 78' lang='lat' dir='ltr'><strong>M.</strong></span> <span class='ocrx_word' id='word_1_445' title='bbox 1552 273 1585 299; x_wconf 84' lang='lat' dir='ltr'><strong>Et</strong></span> <span class='ocrx_word' id='word_1_446' title='bbox 1599 266 1771 307; x_wconf 79' lang='lat' dir='ltr'><strong>praedicabi-</strong></span> 
     </span>
    </p>
   </div>
   <div class='ocr_carea' id='block_1_95' title="bbox 1493 307 1703 336">
    <p class='ocr_par' dir='ltr' id='par_1_95' title="bbox 1493 307 1703 336">
     <span class='ocr_line' id='line_1_95' title="bbox 1493 307 1703 336; baseline -0.01 0"><span class='ocrx_word' id='word_1_447' title='bbox 1493 313 1535 336; x_wconf 88' lang='lat' dir='ltr'><strong>tur</strong></span> <span class='ocrx_word' id='word_1_448' title='bbox 1549 308 1600 335; x_wconf 87' lang='lat' dir='ltr'><strong>hoc</strong></span> <span class='ocrx_word' id='word_1_449' title='bbox 1615 307 1703 335; x_wconf 86' lang='lat' dir='ltr'><strong>Evan-</strong></span> 
     </span>
    </p>
   </div>
   <div class='ocr_carea' id='block_1_96' title="bbox 1491 342 1681 385">
    <p class='ocr_par' dir='ltr' id='par_1_96' title="bbox 1491 342 1681 385">
     <span class='ocr_line' id='line_1_96' title="bbox 1491 342 1681 385; baseline -0.016 -13"><span class='ocrx_word' id='word_1_450' title='bbox 1491 344 1591 385; x_wconf 80' lang='lat' dir='ltr'><strong>gelium</strong></span> <span class='ocrx_word' id='word_1_451' title='bbox 1606 342 1681 378; x_wconf 78' lang='lat' dir='ltr'><strong>regni</strong></span> 
     </span>
    </p>
   </div>
   <div class='ocr_carea' id='block_1_97' title="bbox 1492 386 1661 407">
    <p class='ocr_par' dir='ltr' id='par_1_97' title="bbox 1492 386 1661 407">
     <span class='ocr_line' id='line_1_97' title="bbox 1492 386 1661 407; baseline -0.012 0"><span class='ocrx_word' id='word_1_452' title='bbox 1492 388 1518 407; x_wconf 85' lang='lat' dir='ltr'><strong>In</strong></span> <span class='ocrx_word' id='word_1_453' title='bbox 1535 386 1661 406; x_wconf 71' lang='lat' dir='ltr'><strong>“IIIVCI&#39;SO</strong></span> 
     </span>
    </p>
   </div>
   <div class='ocr_carea' id='block_1_98' title="bbox 1491 415 1656 442">
    <p class='ocr_par' dir='ltr' id='par_1_98' title="bbox 1491 415 1656 442">
     <span class='ocr_line' id='line_1_98' title="bbox 1491 415 1656 442; baseline -0.012 0"><span class='ocrx_word' id='word_1_454' title='bbox 1491 415 1558 442; x_wconf 90' lang='lat' dir='ltr'><strong>orbe</strong></span> <span class='ocrx_word' id='word_1_455' title='bbox 1572 420 1656 441; x_wconf 88' lang='lat' dir='ltr'><strong>terra-</strong></span> 
     </span>
    </p>
   </div>
   <div class='ocr_carea' id='block_1_99' title="bbox 1492 449 1698 483">
    <p class='ocr_par' dir='ltr' id='par_1_99' title="bbox 1492 449 1698 483">
     <span class='ocr_line' id='line_1_99' title="bbox 1492 449 1698 483; baseline -0.015 -4"><span class='ocrx_word' id='word_1_456' title='bbox 1492 459 1563 483; x_wconf 87' lang='lat' dir='ltr'><strong>rum,</strong></span> <span class='ocrx_word' id='word_1_457' title='bbox 1580 450 1606 476; x_wconf 94' lang='lat' dir='ltr'><strong>in</strong></span> <span class='ocrx_word' id='word_1_458' title='bbox 1625 449 1698 477; x_wconf 86' lang='lat' dir='ltr'><strong>testi-</strong></span> 
     </span>
    </p>
   </div>
   <div class='ocr_carea' id='block_1_100' title="bbox 1494 486 1686 514">
    <p class='ocr_par' dir='ltr' id='par_1_100' title="bbox 1494 486 1686 514">
     <span class='ocr_line' id='line_1_100' title="bbox 1494 486 1686 514; baseline -0.016 0"><span class='ocrx_word' id='word_1_459' title='bbox 1494 486 1613 514; x_wconf 89' lang='lat' dir='ltr'><strong>monium</strong></span> <span class='ocrx_word' id='word_1_460' title='bbox 1627 488 1686 512; x_wconf 86' lang='lat' dir='ltr'><strong>om-</strong></span> 
     </span>
    </p>
   </div>
   <div class='ocr_carea' id='block_1_101' title="bbox 1496 521 1734 555">
    <p class='ocr_par' dir='ltr' id='par_1_101' title="bbox 1496 521 1734 555">
     <span class='ocr_line' id='line_1_101' title="bbox 1496 521 1734 555; baseline -0.008 -6"><span class='ocrx_word' id='word_1_461' title='bbox 1496 522 1575 549; x_wconf 88' lang='lat' dir='ltr'><strong>nibus</strong></span> <span class='ocrx_word' id='word_1_462' title='bbox 1591 521 1716 555; x_wconf 76' lang='lat' dir='ltr'><strong>gentibus</strong></span> <span class='ocrx_word' id='word_1_463' title='bbox 1728 527 1734 547; x_wconf 93' lang='lat'>:</span> 
     </span>
    </p>
   </div>
   <div class='ocr_carea' id='block_1_102' title="bbox 1495 562 1662 585">
    <p class='ocr_par' dir='ltr' id='par_1_102' title="bbox 1495 562 1662 585">
     <span class='ocr_line' id='line_1_102' title="bbox 1495 562 1662 585; baseline -0.006 0"><span class='ocrx_word' id='word_1_464' title='bbox 1495 562 1523 585; x_wconf 75' lang='lat' dir='ltr'><strong>Cl.</strong></span> <span class='ocrx_word' id='word_1_465' title='bbox 1537 562 1600 584; x_wconf 91' lang='lat' dir='ltr'><strong>tunc</strong></span> <span class='ocrx_word' id='word_1_466' title='bbox 1616 564 1662 584; x_wconf 80' lang='lat' dir='ltr'><strong>ve-</strong></span> 
     </span>
    </p>
   </div>
   <div class='ocr_carea' id='block_1_103' title="bbox 1075 237 1274 273">
    <p class='ocr_par' dir='ltr' id='par_1_103' title="bbox 1075 237 1274 273">
     <span class='ocr_line' id='line_1_103' title="bbox 1075 237 1274 273; baseline -0.01 -7"><span class='ocrx_word' id='word_1_467' title='bbox 1075 238 1188 273; x_wconf 85' lang='lat' dir='ltr'><strong>Oportet</strong></span> <span class='ocrx_word' id='word_1_468' title='bbox 1202 237 1274 265; x_wconf 91' lang='lat' dir='ltr'><strong>enim</strong></span> 
     </span>
    </p>
   </div>
   <div class='ocr_carea' id='block_1_104' title="bbox 1074 273 1293 305">
    <p class='ocr_par' dir='ltr' id='par_1_104' title="bbox 1074 273 1293 305">
     <span class='ocr_line' id='line_1_104' title="bbox 1074 273 1293 305; baseline -0.005 -4"><span class='ocrx_word' id='word_1_469' title='bbox 1074 273 1135 301; x_wconf 79' lang='lat' dir='ltr'><strong>ﬂeri</strong></span> <span class='ocrx_word' id='word_1_470' title='bbox 1151 273 1229 305; x_wconf 88' lang='lat' dir='ltr'><strong>haec,</strong></span> <span class='ocrx_word' id='word_1_471' title='bbox 1245 273 1293 301; x_wconf 89' lang='lat' dir='ltr'><strong>sed</strong></span> 
     </span>
    </p>
   </div>
   <div class='ocr_carea' id='block_1_105' title="bbox 1076 305 1336 337">
    <p class='ocr_par' dir='ltr' id='par_1_105' title="bbox 1076 305 1336 337">
     <span class='ocr_line' id='line_1_105' title="bbox 1076 305 1336 337; baseline -0.008 0"><span class='ocrx_word' id='word_1_472' title='bbox 1076 309 1196 337; x_wconf 85' lang='lat' dir='ltr'><strong>nondum</strong></span> <span class='ocrx_word' id='word_1_473' title='bbox 1211 313 1252 336; x_wconf 87' lang='lat' dir='ltr'><strong>est</strong></span> <span class='ocrx_word' id='word_1_474' title='bbox 1264 305 1336 336; x_wconf 80' lang='lat' dir='ltr'><strong>linis.</strong></span> 
     </span>
    </p>
   </div>
   <div class='ocr_carea' id='block_1_106' title="bbox 1076 344 1327 379">
    <p class='ocr_par' dir='ltr' id='par_1_106' title="bbox 1076 344 1327 379">
     <span class='ocr_line' id='line_1_106' title="bbox 1076 344 1327 379; baseline -0.004 -7"><span class='ocrx_word' id='word_1_475' title='bbox 1076 345 1101 371; x_wconf 85' lang='lat'><strong>7.</strong></span> <span class='ocrx_word' id='word_1_476' title='bbox 1123 345 1246 379; x_wconf 83' lang='lat' dir='ltr'><strong>lnsurget</strong></span> <span class='ocrx_word' id='word_1_477' title='bbox 1256 344 1327 372; x_wconf 87' lang='lat' dir='ltr'><strong>eitim</strong></span> 
     </span>
    </p>
   </div>
   <div class='ocr_carea' id='block_1_107' title="bbox 1074 386 1253 416">
    <p class='ocr_par' dir='ltr' id='par_1_107' title="bbox 1074 386 1253 416">
     <span class='ocr_line' id='line_1_107' title="bbox 1074 386 1253 416; baseline 0 -9"><span class='ocrx_word' id='word_1_478' title='bbox 1074 388 1141 416; x_wconf 83' lang='lat' dir='ltr'><strong>gens</strong></span> <span class='ocrx_word' id='word_1_479' title='bbox 1156 386 1253 408; x_wconf 90' lang='lat' dir='ltr'><strong>contra</strong></span> 
     </span>
    </p>
   </div>
   <div class='ocr_carea' id='block_1_108' title="bbox 1074 421 1195 451">
    <p class='ocr_par' dir='ltr' id='par_1_108' title="bbox 1074 421 1195 451">
     <span class='ocr_line' id='line_1_108' title="bbox 1074 421 1195 451; baseline -0.008 -8"><span class='ocrx_word' id='word_1_480' title='bbox 1074 421 1195 451; x_wconf 86' lang='lat' dir='ltr'><strong>gentem,</strong></span> 
     </span>
    </p>
   </div>
   <div class='ocr_carea' id='block_1_109' title="bbox 1074 457 1228 486">
    <p class='ocr_par' dir='ltr' id='par_1_109' title="bbox 1074 457 1228 486">
     <span class='ocr_line' id='line_1_109' title="bbox 1074 457 1228 486; baseline -0.006 -7"><span class='ocrx_word' id='word_1_481' title='bbox 1074 457 1101 479; x_wconf 90' lang='lat' dir='ltr'><strong>et</strong></span> <span class='ocrx_word' id='word_1_482' title='bbox 1115 459 1228 486; x_wconf 83' lang='lat' dir='ltr'><strong>regnum</strong></span> 
     </span>
    </p>
   </div>
   <div class='ocr_carea' id='block_1_110' title="bbox 1075 492 1314 521">
    <p class='ocr_par' dir='ltr' id='par_1_110' title="bbox 1075 492 1314 521">
     <span class='ocr_line' id='line_1_110' title="bbox 1075 492 1314 521; baseline 0 -7"><span class='ocrx_word' id='word_1_483' title='bbox 1075 492 1169 514; x_wconf 88' lang='lat' dir='ltr'><strong>contra</strong></span> <span class='ocrx_word' id='word_1_484' title='bbox 1190 493 1301 521; x_wconf 76' lang='lat' dir='ltr'><strong>regnum</strong></span> <span class='ocrx_word' id='word_1_485' title='bbox 1307 507 1314 519; x_wconf 86' lang='lat'><strong>,</strong></span> 
     </span>
    </p>
   </div>
   <div class='ocr_carea' id='block_1_111' title="bbox 1075 522 1250 558">
    <p class='ocr_par' dir='ltr' id='par_1_111' title="bbox 1075 522 1250 558">
     <span class='ocr_line' id='line_1_111' title="bbox 1075 522 1250 558; baseline -0.006 -8"><span class='ocrx_word' id='word_1_486' title='bbox 1075 527 1103 558; x_wconf 85' lang='lat' dir='ltr'><strong>et</strong></span> <span class='ocrx_word' id='word_1_487' title='bbox 1115 526 1195 550; x_wconf 88' lang='lat' dir='ltr'><strong>erunt</strong></span> <span class='ocrx_word' id='word_1_488' title='bbox 1210 522 1250 558; x_wconf 75' lang='grc' dir='ltr'>(σι)</span> 
     </span>
    </p>
   </div>
   <div class='ocr_carea' id='block_1_112' title="bbox 1075 557 1214 590">
    <p class='ocr_par' dir='ltr' id='par_1_112' title="bbox 1075 557 1214 590">
     <span class='ocr_line' id='line_1_112' title="bbox 1075 557 1214 590; baseline 0 -5"><span class='ocrx_word' id='word_1_489' title='bbox 1075 557 1171 590; x_wconf 85' lang='lat' dir='ltr'><strong>fames,</strong></span> <span class='ocrx_word' id='word_1_490' title='bbox 1186 562 1214 585; x_wconf 88' lang='lat' dir='ltr'><strong>et</strong></span> 
     </span>
    </p>
   </div>
   <div class='ocr_carea' id='block_1_113' title="bbox 1076 593 1692 621">
    <p class='ocr_par' dir='ltr' id='par_1_113' title="bbox 1076 593 1692 621">
     <span class='ocr_line' id='line_1_113' title="bbox 1076 593 1692 621; baseline -0.003 0"><span class='ocrx_word' id='word_1_491' title='bbox 1076 598 1240 621; x_wconf 83' lang='lat' dir='ltr'><strong>terremotns</strong></span> <span class='ocrx_word' id='word_1_492' title='bbox 1496 593 1554 620; x_wconf 86' lang='lat' dir='ltr'><strong>niet</strong></span> <span class='ocrx_word' id='word_1_493' title='bbox 1566 599 1692 620; x_wconf 78' lang='lat' dir='ltr'><strong>causum—</strong></span> 
     </span>
    </p>
   </div>
   <div class='ocr_carea' id='block_1_114' title="bbox 1076 629 1589 664">
    <p class='ocr_par' dir='ltr' id='par_1_114' title="bbox 1076 629 1589 664">
     <span class='ocr_line' id='line_1_114' title="bbox 1076 629 1589 664; baseline -0.004 -8"><span class='ocrx_word' id='word_1_494' title='bbox 1076 636 1124 664; x_wconf 91' lang='lat' dir='ltr'><strong>per</strong></span> <span class='ocrx_word' id='word_1_495' title='bbox 1136 629 1195 656; x_wconf 88' lang='lat' dir='ltr'><strong>loca</strong></span> <span class='ocrx_word' id='word_1_496' title='bbox 1251 663 1258 664; x_wconf 20' lang='grc' dir='ltr'>ί</span> <span class='ocrx_word' id='word_1_497' title='bbox 1495 629 1589 656; x_wconf 88' lang='lat' dir='ltr'><strong>matio.</strong></span> 
     </span>
    </p>
   </div>
   <div class='ocr_carea' id='block_1_115' title="bbox 1076 663 1706 698">
    <p class='ocr_par' dir='ltr' id='par_1_115' title="bbox 1076 663 1706 698">
     <span class='ocr_line' id='line_1_115' title="bbox 1076 663 1706 698; baseline -0.002 -7"><span class='ocrx_word' id='word_1_498' title='bbox 1076 663 1104 692; x_wconf 79' lang='lat'><strong>8.</strong></span> <span class='ocrx_word' id='word_1_499' title='bbox 1119 664 1221 691; x_wconf 87' lang='lat' dir='ltr'><strong>omnia.</strong></span> <span class='ocrx_word' id='word_1_500' title='bbox 1238 663 1311 692; x_wconf 88' lang='lat' dir='ltr'><strong>Haec</strong></span> <span class='ocrx_word' id='word_1_501' title='bbox 1497 664 1540 691; x_wconf 75' lang='lat'><strong>15.</strong></span> <span class='ocrx_word' id='word_1_502' title='bbox 1562 664 1629 691; x_wconf 84' lang='lat' dir='ltr'><strong>Cum</strong></span> <span class='ocrx_word' id='word_1_503' title='bbox 1640 670 1706 698; x_wconf 82' lang='lat' dir='ltr'><strong>ergo</strong></span> 
     </span>
    </p>
   </div>
   <div class='ocr_carea' id='block_1_116' title="bbox 1075 699 1616 727">
    <p class='ocr_par' dir='ltr' id='par_1_116' title="bbox 1075 699 1616 727">
     <span class='ocr_line' id='line_1_116' title="bbox 1075 699 1616 727; baseline -0.004 0"><span class='ocrx_word' id='word_1_504' title='bbox 1075 699 1151 727; x_wconf 84' lang='lat' dir='ltr'><strong>initia</strong></span> <span class='ocrx_word' id='word_1_505' title='bbox 1168 704 1230 727; x_wconf 90' lang='lat' dir='ltr'><strong>sttnt</strong></span> <span class='ocrx_word' id='word_1_506' title='bbox 1495 699 1616 727; x_wconf 84' lang='lat' dir='ltr'><strong>videritis</strong></span> 
     </span>
    </p>
   </div>
   <div class='ocr_carea' id='block_1_117' title="bbox 1077 734 1725 762">
    <p class='ocr_par' dir='ltr' id='par_1_117' title="bbox 1077 734 1725 762">
     <span class='ocr_line' id='line_1_117' title="bbox 1077 734 1725 762; baseline 0 0"><span class='ocrx_word' id='word_1_507' title='bbox 1077 735 1214 762; x_wconf 89' lang='lat' dir='ltr'><strong>dolorum.</strong></span> <span class='ocrx_word' id='word_1_508' title='bbox 1496 734 1725 762; x_wconf 83' lang='lat' dir='ltr'><strong>abominationem</strong></span> 
     </span>
    </p>
   </div>
   <div class='ocr_carea' id='block_1_118' title="bbox 1076 770 1682 803">
    <p class='ocr_par' dir='ltr' id='par_1_118' title="bbox 1076 770 1682 803">
     <span class='ocr_line' id='line_1_118' title="bbox 1076 770 1682 803; baseline -0.002 -6"><span class='ocrx_word' id='word_1_509' title='bbox 1076 771 1104 799; x_wconf 88' lang='lat'><strong>9.</strong></span> <span class='ocrx_word' id='word_1_510' title='bbox 1122 770 1198 797; x_wconf 88' lang='lat' dir='ltr'><strong>Tunc</strong></span> <span class='ocrx_word' id='word_1_511' title='bbox 1212 770 1319 798; x_wconf 83' lang='lat' dir='ltr'><strong>tradent</strong></span> <span class='ocrx_word' id='word_1_512' title='bbox 1496 771 1682 803; x_wconf 79' lang='lat' dir='ltr'><strong>desolationis,</strong></span> 
     </span>
    </p>
   </div>
   <div class='ocr_carea' id='block_1_119' title="bbox 1078 806 1269 833">
    <p class='ocr_par' dir='ltr' id='par_1_119' title="bbox 1078 806 1269 833">
     <span class='ocr_line' id='line_1_119' title="bbox 1078 806 1269 833; baseline 0.005 -1"><span class='ocrx_word' id='word_1_513' title='bbox 1078 813 1127 833; x_wconf 89' lang='lat' dir='ltr'><strong>vos</strong></span> <span class='ocrx_word' id='word_1_514' title='bbox 1141 806 1167 833; x_wconf 93' lang='lat' dir='ltr'><strong>in</strong></span> <span class='ocrx_word' id='word_1_515' title='bbox 1184 807 1269 833; x_wconf 87' lang='lat' dir='ltr'><strong>tribu-</strong></span> 
     </span>
    </p>
   </div>
   <div class='ocr_carea' id='block_1_120' title="bbox 1081 841 1219 874">
    <p class='ocr_par' dir='ltr' id='par_1_120' title="bbox 1081 841 1219 874">
     <span class='ocr_line' id='line_1_120' title="bbox 1081 841 1219 874; baseline -0.007 -5"><span class='ocrx_word' id='word_1_516' title='bbox 1081 841 1219 874; x_wconf 88' lang='lat' dir='ltr'><strong>lationem,</strong></span> 
     </span>
    </p>
   </div>
   <div class='ocr_carea' id='block_1_121' title="bbox 1081 877 1247 905">
    <p class='ocr_par' dir='ltr' id='par_1_121' title="bbox 1081 877 1247 905">
     <span class='ocr_line' id='line_1_121' title="bbox 1081 877 1247 905; baseline -0.006 -1"><span class='ocrx_word' id='word_1_517' title='bbox 1081 881 1109 904; x_wconf 84' lang='lat' dir='ltr'><strong>et</strong></span> <span class='ocrx_word' id='word_1_518' title='bbox 1120 877 1247 905; x_wconf 87' lang='lat' dir='ltr'><strong>occident</strong></span> 
     </span>
    </p>
   </div>
   <div class='ocr_carea' id='block_1_122' title="bbox 1497 806 1733 841">
    <p class='ocr_par' dir='ltr' id='par_1_122' title="bbox 1497 806 1733 841">
     <span class='ocr_line' id='line_1_122' title="bbox 1497 806 1733 841; baseline 0 -9"><span class='ocrx_word' id='word_1_519' title='bbox 1497 807 1535 841; x_wconf 89' lang='lat' dir='ltr'><strong>(b)</strong></span> <span class='ocrx_word' id='word_1_520' title='bbox 1547 806 1617 840; x_wconf 70' lang='lat' dir='ltr'><strong>quod</strong></span> <span class='ocrx_word' id='word_1_521' title='bbox 1632 806 1733 832; x_wconf 91' lang='lat' dir='ltr'><strong>dictum</strong></span> 
     </span>
    </p>
   </div>
   <div class='ocr_carea' id='block_1_123' title="bbox 1497 841 1674 869">
    <p class='ocr_par' dir='ltr' id='par_1_123' title="bbox 1497 841 1674 869">
     <span class='ocr_line' id='line_1_123' title="bbox 1497 841 1674 869; baseline -0.011 0"><span class='ocrx_word' id='word_1_522' title='bbox 1497 848 1539 869; x_wconf 89' lang='lat' dir='ltr'><strong>est</strong></span> <span class='ocrx_word' id='word_1_523' title='bbox 1554 850 1566 867; x_wconf 94' lang='lat' dir='ltr'><strong>a</strong></span> <span class='ocrx_word' id='word_1_524' title='bbox 1582 841 1674 868; x_wconf 82' lang='lat' dir='ltr'><strong>Daniel</strong></span> 
     </span>
    </p>
   </div>
   <div class='ocr_carea' id='block_1_124' title="bbox 1497 871 1764 939">
    <p class='ocr_par' dir='ltr' id='par_1_124' title="bbox 1497 871 1764 939">
     <span class='ocr_line' id='line_1_124' title="bbox 1497 871 1764 919; baseline -0.007 -14"><span class='ocrx_word' id='word_1_525' title='bbox 1497 877 1640 919; x_wconf 82' lang='lat' dir='ltr'><strong>propheta,</strong></span> <span class='ocrx_word' id='word_1_526' title='bbox 1655 880 1729 904; x_wconf 83' lang='lat' dir='ltr'><strong>stans</strong></span> <span class='ocrx_word' id='word_1_527' title='bbox 1744 871 1764 911; x_wconf 69' lang='grc' dir='ltr'><strong>-ι-</strong></span> 
     </span>
     <span class='ocr_line' id='line_1_125' title="bbox 1499 913 1676 939; baseline 0 0"><span class='ocrx_word' id='word_1_528' title='bbox 1499 921 1525 939; x_wconf 91' lang='lat' dir='ltr'><strong>tn</strong></span> <span class='ocrx_word' id='word_1_529' title='bbox 1541 913 1601 939; x_wconf 91' lang='lat' dir='ltr'><strong>loco</strong></span> <span class='ocrx_word' id='word_1_530' title='bbox 1613 920 1676 939; x_wconf 86' lang='lat' dir='ltr'><strong>san-</strong></span> 
     </span>
    </p>
   </div>
   <div class='ocr_carea' id='block_1_125' title="bbox 1498 920 1696 983">
    <p class='ocr_par' dir='ltr' id='par_1_125' title="bbox 1498 920 1696 983">
     <span class='ocr_line' id='line_1_126' title="bbox 1499 920 1676 940; baseline -0.011 0"><span class='ocrx_word' id='word_1_531' title='bbox 1499 921 1525 940; x_wconf 92' lang='lat' dir='ltr'><strong>tn</strong></span> <span class='ocrx_word' id='word_1_532' title='bbox 1542 920 1601 940; x_wconf 91' lang='lat' dir='ltr'><strong>toco</strong></span> <span class='ocrx_word' id='word_1_533' title='bbox 1613 920 1676 939; x_wconf 86' lang='lat' dir='ltr'><strong>san-</strong></span> 
     </span>
     <span class='ocr_line' id='line_1_127' title="bbox 1498 948 1696 983; baseline 0 -8"><span class='ocrx_word' id='word_1_534' title='bbox 1498 953 1553 979; x_wconf 83' lang='lat' dir='ltr'><strong>cto,</strong></span> <span class='ocrx_word' id='word_1_535' title='bbox 1570 948 1617 982; x_wconf 89' lang='lat' dir='ltr'><strong>qui</strong></span> <span class='ocrx_word' id='word_1_536' title='bbox 1631 948 1696 983; x_wconf 86' lang='lat' dir='ltr'><strong>legit</strong></span> 
     </span>
    </p>
   </div>
   <div class='ocr_carea' id='block_1_126' title="bbox 1499 984 1653 1018">
    <p class='ocr_par' dir='ltr' id='par_1_126' title="bbox 1499 984 1653 1018">
     <span class='ocr_line' id='line_1_128' title="bbox 1499 984 1653 1018; baseline 0 -8"><span class='ocrx_word' id='word_1_537' title='bbox 1499 984 1653 1018; x_wconf 77' lang='lat' dir='ltr'><strong>intellegat:</strong></span> 
     </span>
    </p>
   </div>
   <div class='ocr_carea' id='block_1_127' title="bbox 1500 1016 1786 1053">
    <p class='ocr_par' dir='ltr' id='par_1_127' title="bbox 1500 1016 1786 1053">
     <span class='ocr_line' id='line_1_129' title="bbox 1500 1016 1786 1053; baseline -0.01 -6"><span class='ocrx_word' id='word_1_538' title='bbox 1500 1019 1543 1047; x_wconf 74' lang='grc'><strong>16.</strong></span> <span class='ocrx_word' id='word_1_539' title='bbox 1561 1016 1625 1047; x_wconf 81' lang='lat' dir='ltr'><strong>tunc</strong></span> <span class='ocrx_word' id='word_1_540' title='bbox 1639 1019 1684 1053; x_wconf 84' lang='lat' dir='ltr'><strong>qui</strong></span> <span class='ocrx_word' id='word_1_541' title='bbox 1695 1018 1723 1046; x_wconf 92' lang='lat' dir='ltr'><strong>in</strong></span> <span class='ocrx_word' id='word_1_542' title='bbox 1738 1016 1786 1045; x_wconf 78' lang='lat' dir='ltr'><strong>Ju-</strong></span> 
     </span>
    </p>
   </div>
   <div class='ocr_carea' id='block_1_128' title="bbox 1080 912 1279 940">
    <p class='ocr_par' dir='ltr' id='par_1_128' title="bbox 1080 912 1279 940">
     <span class='ocr_line' id='line_1_130' title="bbox 1080 912 1279 940; baseline 0 -2"><span class='ocrx_word' id='word_1_543' title='bbox 1080 919 1128 939; x_wconf 89' lang='lat' dir='ltr'><strong>vos</strong></span> <span class='ocrx_word' id='word_1_544' title='bbox 1141 922 1147 939; x_wconf 90' lang='lat'>:</span> <span class='ocrx_word' id='word_1_545' title='bbox 1163 917 1191 940; x_wconf 90' lang='lat' dir='ltr'><strong>et</strong></span> <span class='ocrx_word' id='word_1_546' title='bbox 1204 912 1279 939; x_wconf 86' lang='lat' dir='ltr'><strong>eritis</strong></span> 
     </span>
    </p>
   </div>
   <div class='ocr_carea' id='block_1_129' title="bbox 1079 948 1285 976">
    <p class='ocr_par' dir='ltr' id='par_1_129' title="bbox 1079 948 1285 976">
     <span class='ocr_line' id='line_1_131' title="bbox 1079 948 1285 976; baseline 0 -1"><span class='ocrx_word' id='word_1_547' title='bbox 1079 948 1143 976; x_wconf 93' lang='lat' dir='ltr'><strong>odio</strong></span> <span class='ocrx_word' id='word_1_548' title='bbox 1158 948 1285 975; x_wconf 86' lang='lat' dir='ltr'><strong>omnibus</strong></span> 
     </span>
    </p>
   </div>
   <div class='ocr_carea' id='block_1_130' title="bbox 1079 984 1281 1019">
    <p class='ocr_par' dir='ltr' id='par_1_130' title="bbox 1079 984 1281 1019">
     <span class='ocr_line' id='line_1_132' title="bbox 1079 984 1281 1019; baseline 0 -9"><span class='ocrx_word' id='word_1_549' title='bbox 1079 984 1205 1019; x_wconf 84' lang='lat' dir='ltr'><strong>gentibus</strong></span> <span class='ocrx_word' id='word_1_550' title='bbox 1218 990 1281 1018; x_wconf 90' lang='lat' dir='ltr'><strong>pro-</strong></span> 
     </span>
    </p>
   </div>
   <div class='ocr_carea' id='block_1_131' title="bbox 1080 1024 1248 1054">
    <p class='ocr_par' dir='ltr' id='par_1_131' title="bbox 1080 1024 1248 1054">
     <span class='ocr_line' id='line_1_133' title="bbox 1080 1024 1248 1054; baseline 0 -8"><span class='ocrx_word' id='word_1_551' title='bbox 1080 1024 1141 1054; x_wconf 89' lang='lat' dir='ltr'><strong>pler</strong></span> <span class='ocrx_word' id='word_1_552' title='bbox 1151 1026 1248 1046; x_wconf 85' lang='lat' dir='ltr'><strong>nomen</strong></span> 
     </span>
    </p>
   </div>
   <div class='ocr_carea' id='block_1_132' title="bbox 1081 1053 1774 1089">
    <p class='ocr_par' dir='ltr' id='par_1_132' title="bbox 1081 1053 1774 1089">
     <span class='ocr_line' id='line_1_134' title="bbox 1081 1053 1774 1089; baseline -0.003 -7"><span class='ocrx_word' id='word_1_553' title='bbox 1081 1053 1182 1082; x_wconf 79' lang='lat' dir='ltr'><strong>meum.</strong></span> <span class='ocrx_word' id='word_1_554' title='bbox 1499 1055 1565 1083; x_wconf 85' lang='lat' dir='ltr'><strong>daea</strong></span> <span class='ocrx_word' id='word_1_555' title='bbox 1580 1058 1653 1087; x_wconf 72' lang='lat' dir='ltr'><strong>sunt,</strong></span> <span class='ocrx_word' id='word_1_556' title='bbox 1670 1053 1774 1089; x_wconf 80' lang='lat' dir='ltr'><strong>fugiant</strong></span> 
     </span>
    </p>
   </div>
   <div class='ocr_carea' id='block_1_133' title="bbox 1081 1089 1803 1118">
    <p class='ocr_par' dir='ltr' id='par_1_133' title="bbox 1081 1089 1803 1118">
     <span class='ocr_line' id='line_1_135' title="bbox 1081 1089 1803 1118; baseline -0.004 0"><span class='ocrx_word' id='word_1_557' title='bbox 1081 1091 1124 1118; x_wconf 87' lang='lat' dir='ltr'><strong>t0.</strong></span> <span class='ocrx_word' id='word_1_558' title='bbox 1143 1090 1177 1117; x_wconf 87' lang='lat' dir='ltr'><strong>Et</strong></span> <span class='ocrx_word' id='word_1_559' title='bbox 1190 1095 1253 1117; x_wconf 76' lang='lat' dir='ltr'><strong>tunc</strong></span> <span class='ocrx_word' id='word_1_560' title='bbox 1266 1096 1344 1117; x_wconf 87' lang='lat' dir='ltr'><strong>scan-</strong></span> <span class='ocrx_word' id='word_1_561' title='bbox 1500 1090 1544 1117; x_wconf 86' lang='lat' dir='ltr'><strong>t7.</strong></span> <span class='ocrx_word' id='word_1_562' title='bbox 1559 1089 1585 1117; x_wconf 90' lang='lat' dir='ltr'><strong>in</strong></span> <span class='ocrx_word' id='word_1_563' title='bbox 1599 1091 1756 1118; x_wconf 87' lang='lat' dir='ltr'><strong>montibus:</strong></span> <span class='ocrx_word' id='word_1_564' title='bbox 1772 1091 1803 1116; x_wconf 88' lang='lat' dir='ltr'><strong>et</strong></span> 
     </span>
    </p>
   </div>
   <div class='ocr_carea' id='block_1_134' title="bbox 1080 1125 1666 1160">
    <p class='ocr_par' dir='ltr' id='par_1_134' title="bbox 1080 1125 1666 1160">
     <span class='ocr_line' id='line_1_136' title="bbox 1080 1125 1666 1160; baseline -0.002 -7"><span class='ocrx_word' id='word_1_565' title='bbox 1080 1125 1269 1153; x_wconf 85' lang='lat' dir='ltr'><strong>dalizabuntur</strong></span> <span class='ocrx_word' id='word_1_566' title='bbox 1498 1126 1545 1160; x_wconf 90' lang='lat' dir='ltr'><strong>qui</strong></span> <span class='ocrx_word' id='word_1_567' title='bbox 1556 1125 1582 1152; x_wconf 93' lang='lat' dir='ltr'><strong>in</strong></span> <span class='ocrx_word' id='word_1_568' title='bbox 1594 1130 1666 1153; x_wconf 87' lang='lat' dir='ltr'><strong>tecto</strong></span> 
     </span>
    </p>
   </div>
   <div class='ocr_carea' id='block_1_135' title="bbox 1080 1161 1703 1195">
    <p class='ocr_par' dir='ltr' id='par_1_135' title="bbox 1080 1161 1703 1195">
     <span class='ocr_line' id='line_1_137' title="bbox 1080 1161 1703 1195; baseline 0 -7"><span class='ocrx_word' id='word_1_569' title='bbox 1080 1162 1170 1195; x_wconf 93' lang='lat' dir='ltr'><strong>multi,</strong></span> <span class='ocrx_word' id='word_1_570' title='bbox 1185 1167 1212 1188; x_wconf 91' lang='lat' dir='ltr'><strong>et</strong></span> <span class='ocrx_word' id='word_1_571' title='bbox 1223 1161 1266 1188; x_wconf 88' lang='lat' dir='ltr'><strong>in-</strong></span> <span class='ocrx_word' id='word_1_572' title='bbox 1500 1169 1553 1188; x_wconf 90' lang='lat' dir='ltr'><strong>non</strong></span> <span class='ocrx_word' id='word_1_573' title='bbox 1562 1161 1703 1188; x_wconf 88' lang='lat' dir='ltr'><strong>discendat</strong></span> 
     </span>
    </p>
   </div>
   <div class='ocr_carea' id='block_1_136' title="bbox 1080 1195 1710 1232">
    <p class='ocr_par' dir='ltr' id='par_1_136' title="bbox 1080 1195 1710 1232">
     <span class='ocr_line' id='line_1_138' title="bbox 1080 1195 1710 1232; baseline -0.002 -8"><span class='ocrx_word' id='word_1_574' title='bbox 1080 1197 1165 1224; x_wconf 89' lang='lat' dir='ltr'><strong>vicem</strong></span> <span class='ocrx_word' id='word_1_575' title='bbox 1184 1196 1300 1229; x_wconf 84' lang='lat' dir='ltr'><strong>tradent,</strong></span> <span class='ocrx_word' id='word_1_576' title='bbox 1500 1197 1596 1224; x_wconf 89' lang='lat' dir='ltr'><strong>tollere</strong></span> <span class='ocrx_word' id='word_1_577' title='bbox 1609 1195 1710 1232; x_wconf 88' lang='lat' dir='ltr'><strong>aliquid</strong></span> 
     </span>
    </p>
   </div>
   <div class='ocr_carea' id='block_1_137' title="bbox 1080 1232 1647 1260">
    <p class='ocr_par' dir='ltr' id='par_1_137' title="bbox 1080 1232 1647 1260">
     <span class='ocr_line' id='line_1_139' title="bbox 1080 1232 1647 1260; baseline -0.002 0"><span class='ocrx_word' id='word_1_578' title='bbox 1080 1237 1108 1260; x_wconf 90' lang='lat' dir='ltr'><strong>et</strong></span> <span class='ocrx_word' id='word_1_579' title='bbox 1118 1232 1181 1259; x_wconf 92' lang='lat' dir='ltr'><strong>odio</strong></span> <span class='ocrx_word' id='word_1_580' title='bbox 1198 1232 1245 1259; x_wconf 87' lang='lat' dir='ltr'><strong>lta-</strong></span> <span class='ocrx_word' id='word_1_581' title='bbox 1501 1232 1534 1259; x_wconf 91' lang='lat' dir='ltr'><strong>de</strong></span> <span class='ocrx_word' id='word_1_582' title='bbox 1548 1232 1647 1259; x_wconf 88' lang='lat' dir='ltr'><strong>domo:</strong></span> 
     </span>
    </p>
   </div>
   <div class='ocr_carea' id='block_1_138' title="bbox 1081 1266 1270 1295">
    <p class='ocr_par' dir='ltr' id='par_1_138' title="bbox 1081 1266 1270 1295">
     <span class='ocr_line' id='line_1_140' title="bbox 1081 1266 1270 1295; baseline -0.005 0"><span class='ocrx_word' id='word_1_583' title='bbox 1081 1267 1184 1295; x_wconf 85' lang='lat' dir='ltr'><strong>bebunt</strong></span> <span class='ocrx_word' id='word_1_584' title='bbox 1199 1266 1270 1294; x_wconf 91' lang='lat' dir='ltr'><strong>invi-</strong></span> 
     </span>
    </p>
   </div>
   <div class='ocr_carea' id='block_1_139' title="bbox 1082 1301 1348 1331">
    <p class='ocr_par' dir='ltr' id='par_1_139' title="bbox 1082 1301 1348 1331">
     <span class='ocr_line' id='line_1_141' title="bbox 1082 1301 1348 1331; baseline -0.011 0"><span class='ocrx_word' id='word_1_585' title='bbox 1082 1304 1095 1331; x_wconf 75' lang='lat' dir='ltr'><strong>t</strong></span> <span class='ocrx_word' id='word_1_586' title='bbox 1102 1303 1127 1330; x_wconf 82' lang='lat' dir='ltr'><strong>t.</strong></span> <span class='ocrx_word' id='word_1_587' title='bbox 1142 1311 1212 1331; x_wconf 89' lang='lat' dir='ltr'><strong>cem.</strong></span> <span class='ocrx_word' id='word_1_588' title='bbox 1226 1302 1260 1330; x_wconf 87' lang='lat' dir='ltr'><strong>Et</strong></span> <span class='ocrx_word' id='word_1_589' title='bbox 1273 1301 1348 1329; x_wconf 87' lang='lat' dir='ltr'><strong>multi</strong></span> 
     </span>
    </p>
   </div>
   <div class='ocr_carea' id='block_1_140' title="bbox 1082 1339 1338 1374">
    <p class='ocr_par' dir='ltr' id='par_1_140' title="bbox 1082 1339 1338 1374">
     <span class='ocr_line' id='line_1_142' title="bbox 1082 1339 1338 1374; baseline -0.004 -9"><span class='ocrx_word' id='word_1_590' title='bbox 1082 1339 1338 1374; x_wconf 84' lang='lat' dir='ltr'><strong>pseudoprophetae</strong></span> 
     </span>
    </p>
   </div>
   <div class='ocr_carea' id='block_1_141' title="bbox 1084 1375 1278 1409">
    <p class='ocr_par' dir='ltr' id='par_1_141' title="bbox 1084 1375 1278 1409">
     <span class='ocr_line' id='line_1_143' title="bbox 1084 1375 1278 1409; baseline -0.005 -7"><span class='ocrx_word' id='word_1_591' title='bbox 1084 1375 1235 1409; x_wconf 87' lang='lat' dir='ltr'><strong>insurgent,</strong></span> <span class='ocrx_word' id='word_1_592' title='bbox 1250 1377 1278 1401; x_wconf 82' lang='lat' dir='ltr'><strong>et</strong></span> 
     </span>
    </p>
   </div>
   <div class='ocr_carea' id='block_1_142' title="bbox 1083 1409 1301 1437">
    <p class='ocr_par' dir='ltr' id='par_1_142' title="bbox 1083 1409 1301 1437">
     <span class='ocr_line' id='line_1_144' title="bbox 1083 1409 1301 1437; baseline -0.009 0"><span class='ocrx_word' id='word_1_593' title='bbox 1083 1411 1216 1437; x_wconf 83' lang='lat' dir='ltr'><strong>seducent</strong></span> <span class='ocrx_word' id='word_1_594' title='bbox 1232 1409 1301 1436; x_wconf 86' lang='lat' dir='ltr'><strong>mul-</strong></span> 
     </span>
    </p>
   </div>
   <div class='ocr_carea' id='block_1_143' title="bbox 1084 1445 1331 1480">
    <p class='ocr_par' dir='ltr' id='par_1_143' title="bbox 1084 1445 1331 1480">
     <span class='ocr_line' id='line_1_145' title="bbox 1084 1445 1331 1480; baseline 0 -8"><span class='ocrx_word' id='word_1_595' title='bbox 1084 1446 1129 1472; x_wconf 68' lang='grc'><strong>12.</strong></span> <span class='ocrx_word' id='word_1_596' title='bbox 1148 1450 1200 1472; x_wconf 87' lang='lat' dir='ltr'><strong>tos.</strong></span> <span class='ocrx_word' id='word_1_597' title='bbox 1217 1445 1251 1473; x_wconf 83' lang='lat' dir='ltr'><strong>Et</strong></span> <span class='ocrx_word' id='word_1_598' title='bbox 1262 1452 1331 1480; x_wconf 86' lang='lat' dir='ltr'><strong>quo-</strong></span> 
     </span>
    </p>
   </div>
   <div class='ocr_carea' id='block_1_144' title="bbox 1084 1481 1258 1508">
    <p class='ocr_par' dir='ltr' id='par_1_144' title="bbox 1084 1481 1258 1508">
     <span class='ocr_line' id='line_1_146' title="bbox 1084 1481 1258 1508; baseline -0.006 0"><span class='ocrx_word' id='word_1_599' title='bbox 1084 1481 1155 1508; x_wconf 83' lang='lat' dir='ltr'><strong>niam</strong></span> <span class='ocrx_word' id='word_1_600' title='bbox 1170 1481 1258 1508; x_wconf 84' lang='lat' dir='ltr'><strong>abun-</strong></span> 
     </span>
    </p>
   </div>
   <div class='ocr_carea' id='block_1_145' title="bbox 1083 1516 1281 1550">
    <p class='ocr_par' dir='ltr' id='par_1_145' title="bbox 1083 1516 1281 1550">
     <span class='ocr_line' id='line_1_147' title="bbox 1083 1516 1281 1550; baseline 0.005 -8"><span class='ocrx_word' id='word_1_601' title='bbox 1083 1516 1167 1548; x_wconf 82' lang='lat' dir='ltr'><strong>dabit,</strong></span> <span class='ocrx_word' id='word_1_602' title='bbox 1185 1516 1281 1550; x_wconf 85' lang='lat' dir='ltr'><strong>iniqul-</strong></span> 
     </span>
    </p>
   </div>
   <div class='ocr_carea' id='block_1_146' title="bbox 1083 1551 1265 1591">
    <p class='ocr_par' dir='ltr' id='par_1_146' title="bbox 1083 1551 1265 1591">
     <span class='ocr_line' id='line_1_148' title="bbox 1083 1551 1265 1591; baseline 0 -13"><span class='ocrx_word' id='word_1_603' title='bbox 1083 1556 1137 1584; x_wconf 76' lang='lat' dir='ltr'><strong>tas,</strong></span> <span class='ocrx_word' id='word_1_604' title='bbox 1149 1551 1265 1591; x_wconf 76' lang='lat' dir='ltr'><strong>refrige-</strong></span> 
     </span>
    </p>
   </div>
   <div class='ocr_carea' id='block_1_147' title="bbox 1083 1591 1250 1615">
    <p class='ocr_par' dir='ltr' id='par_1_147' title="bbox 1083 1591 1250 1615">
     <span class='ocr_line' id='line_1_149' title="bbox 1083 1591 1250 1615; baseline -0.006 -1"><span class='ocrx_word' id='word_1_605' title='bbox 1083 1593 1140 1615; x_wconf 85' lang='lat' dir='ltr'><strong>scel</strong></span> <span class='ocrx_word' id='word_1_606' title='bbox 1151 1591 1250 1614; x_wconf 85' lang='lat' dir='ltr'><strong>cantas</strong></span> 
     </span>
    </p>
   </div>
   <div class='ocr_carea' id='block_1_148' title="bbox 1085 1623 1241 1650">
    <p class='ocr_par' dir='ltr' id='par_1_148' title="bbox 1085 1623 1241 1650">
     <span class='ocr_line' id='line_1_150' title="bbox 1085 1623 1241 1650; baseline 0 -1"><span class='ocrx_word' id='word_1_607' title='bbox 1085 1623 1241 1650; x_wconf 88' lang='lat' dir='ltr'><strong>multorum.</strong></span> 
     </span>
    </p>
   </div>
   <div class='ocr_carea' id='block_1_149' title="bbox 1085 1658 1395 1692">
    <p class='ocr_par' dir='ltr' id='par_1_149' title="bbox 1085 1658 1395 1692">
     <span class='ocr_line' id='line_1_151' title="bbox 1085 1658 1395 1692; baseline -0.003 -7"><span class='ocrx_word' id='word_1_608' title='bbox 1085 1659 1129 1685; x_wconf 82' lang='lat' dir='ltr'><strong>t3.</strong></span> <span class='ocrx_word' id='word_1_609' title='bbox 1146 1659 1199 1685; x_wconf 87' lang='lat' dir='ltr'><strong>Sed</strong></span> <span class='ocrx_word' id='word_1_610' title='bbox 1211 1658 1256 1692; x_wconf 85' lang='lat' dir='ltr'><strong>qui</strong></span> <span class='ocrx_word' id='word_1_611' title='bbox 1268 1663 1395 1692; x_wconf 78' lang='lat' dir='ltr'><strong>perman-</strong></span> 
     </span>
    </p>
   </div>
   <div class='ocr_carea' id='block_1_150' title="bbox 1084 1693 1297 1726">
    <p class='ocr_par' dir='ltr' id='par_1_150' title="bbox 1084 1693 1297 1726">
     <span class='ocr_line' id='line_1_152' title="bbox 1084 1693 1297 1726; baseline 0 -6"><span class='ocrx_word' id='word_1_612' title='bbox 1084 1694 1150 1721; x_wconf 87' lang='lat' dir='ltr'><strong>serit</strong></span> <span class='ocrx_word' id='word_1_613' title='bbox 1164 1694 1190 1720; x_wconf 90' lang='lat' dir='ltr'><strong>in</strong></span> <span class='ocrx_word' id='word_1_614' title='bbox 1205 1693 1297 1726; x_wconf 86' lang='lat' dir='ltr'><strong>linem,</strong></span> 
     </span>
    </p>
   </div>
   <div class='ocr_carea' id='block_1_151' title="bbox 1085 1729 1278 1762">
    <p class='ocr_par' dir='ltr' id='par_1_151' title="bbox 1085 1729 1278 1762">
     <span class='ocr_line' id='line_1_153' title="bbox 1085 1729 1278 1762; baseline 0 -6"><span class='ocrx_word' id='word_1_615' title='bbox 1085 1730 1111 1756; x_wconf 87' lang='lat' dir='ltr'><strong>itt</strong></span> <span class='ocrx_word' id='word_1_616' title='bbox 1128 1730 1220 1762; x_wconf 88' lang='lat' dir='ltr'><strong>linem,</strong></span> <span class='ocrx_word' id='word_1_617' title='bbox 1235 1729 1278 1756; x_wconf 90' lang='lat' dir='ltr'><strong>hic</strong></span> 
     </span>
    </p>
   </div>
   <div class='ocr_carea' id='block_1_152' title="bbox 1501 1267 1689 1302">
    <p class='ocr_par' dir='ltr' id='par_1_152' title="bbox 1501 1267 1689 1302">
     <span class='ocr_line' id='line_1_154' title="bbox 1501 1267 1689 1302; baseline -0.011 -6"><span class='ocrx_word' id='word_1_618' title='bbox 1501 1268 1545 1296; x_wconf 79' lang='lat' dir='ltr'><strong>t8.</strong></span> <span class='ocrx_word' id='word_1_619' title='bbox 1561 1272 1588 1295; x_wconf 89' lang='lat' dir='ltr'><strong>et</strong></span> <span class='ocrx_word' id='word_1_620' title='bbox 1601 1268 1648 1302; x_wconf 88' lang='lat' dir='ltr'><strong>qni</strong></span> <span class='ocrx_word' id='word_1_621' title='bbox 1662 1267 1689 1294; x_wconf 89' lang='lat' dir='ltr'><strong>in</strong></span> 
     </span>
    </p>
   </div>
   <div class='ocr_carea' id='block_1_153' title="bbox 1501 1310 1702 1338">
    <p class='ocr_par' dir='ltr' id='par_1_153' title="bbox 1501 1310 1702 1338">
     <span class='ocr_line' id='line_1_155' title="bbox 1501 1310 1702 1338; baseline 0.005 -9"><span class='ocrx_word' id='word_1_622' title='bbox 1501 1311 1578 1338; x_wconf 81' lang='lat' dir='ltr'><strong>agro,</strong></span> <span class='ocrx_word' id='word_1_623' title='bbox 1592 1311 1644 1331; x_wconf 88' lang='lat' dir='ltr'><strong>non</strong></span> <span class='ocrx_word' id='word_1_624' title='bbox 1660 1310 1702 1330; x_wconf 89' lang='lat' dir='ltr'><strong>re-</strong></span> 
     </span>
    </p>
   </div>
   <div class='ocr_carea' id='block_1_154' title="bbox 1501 1338 1730 1366">
    <p class='ocr_par' dir='ltr' id='par_1_154' title="bbox 1501 1338 1730 1366">
     <span class='ocr_line' id='line_1_156' title="bbox 1501 1338 1730 1366; baseline -0.004 0"><span class='ocrx_word' id='word_1_625' title='bbox 1501 1343 1620 1366; x_wconf 86' lang='lat' dir='ltr'><strong>vertatur</strong></span> <span class='ocrx_word' id='word_1_626' title='bbox 1635 1338 1730 1366; x_wconf 89' lang='lat' dir='ltr'><strong>tollere</strong></span> 
     </span>
    </p>
   </div>
   <div class='ocr_carea' id='block_1_155' title="bbox 1500 1375 1719 1407">
    <p class='ocr_par' dir='ltr' id='par_1_155' title="bbox 1500 1375 1719 1407">
     <span class='ocr_line' id='line_1_157' title="bbox 1500 1375 1719 1407; baseline -0.005 -6"><span class='ocrx_word' id='word_1_627' title='bbox 1500 1375 1618 1407; x_wconf 80' lang='lat' dir='ltr'><strong>tunicam</strong></span> <span class='ocrx_word' id='word_1_628' title='bbox 1630 1381 1719 1403; x_wconf 85' lang='lat' dir='ltr'><strong>suam.</strong></span> 
     </span>
    </p>
   </div>
   <div class='ocr_carea' id='block_1_156' title="bbox 1501 1410 1717 1437">
    <p class='ocr_par' dir='ltr' id='par_1_156' title="bbox 1501 1410 1717 1437">
     <span class='ocr_line' id='line_1_158' title="bbox 1501 1410 1717 1437; baseline -0.009 0"><span class='ocrx_word' id='word_1_629' title='bbox 1501 1411 1544 1437; x_wconf 78' lang='grc'><strong>19.</strong></span> <span class='ocrx_word' id='word_1_630' title='bbox 1560 1410 1615 1437; x_wconf 74' lang='lat' dir='ltr'><strong>Vae</strong></span> <span class='ocrx_word' id='word_1_631' title='bbox 1629 1416 1717 1436; x_wconf 85' lang='lat' dir='ltr'><strong>autem</strong></span> 
     </span>
    </p>
   </div>
   <div class='ocr_carea' id='block_1_157' title="bbox 1502 1446 1693 1480">
    <p class='ocr_par' dir='ltr' id='par_1_157' title="bbox 1502 1446 1693 1480">
     <span class='ocr_line' id='line_1_159' title="bbox 1502 1446 1693 1480; baseline 0.005 -9"><span class='ocrx_word' id='word_1_632' title='bbox 1502 1446 1693 1480; x_wconf 75' lang='lat' dir='ltr'><strong>pregnantibus</strong></span> 
     </span>
    </p>
   </div>
   <div class='ocr_carea' id='block_1_158' title="bbox 1502 1481 1625 1508">
    <p class='ocr_par' dir='ltr' id='par_1_158' title="bbox 1502 1481 1625 1508">
     <span class='ocr_line' id='line_1_160' title="bbox 1502 1481 1625 1508; baseline 0 0"><span class='ocrx_word' id='word_1_633' title='bbox 1502 1487 1528 1508; x_wconf 87' lang='lat' dir='ltr'><strong>et</strong></span> <span class='ocrx_word' id='word_1_634' title='bbox 1544 1481 1625 1508; x_wconf 71' lang='lat' dir='ltr'><strong>ubi-ra</strong></span> 
     </span>
    </p>
   </div>
   <div class='ocr_carea' id='block_1_159' title="bbox 1503 1516 1672 1544">
    <p class='ocr_par' dir='ltr' id='par_1_159' title="bbox 1503 1516 1672 1544">
     <span class='ocr_line' id='line_1_161' title="bbox 1503 1516 1672 1544; baseline 0.006 -1"><span class='ocrx_word' id='word_1_635' title='bbox 1503 1516 1628 1543; x_wconf 81' lang='lat' dir='ltr'><strong>dantibus</strong></span> <span class='ocrx_word' id='word_1_636' title='bbox 1644 1516 1672 1544; x_wconf 88' lang='lat' dir='ltr'><strong>in</strong></span> 
     </span>
    </p>
   </div>
   <div class='ocr_carea' id='block_1_160' title="bbox 1505 1552 1674 1579">
    <p class='ocr_par' dir='ltr' id='par_1_160' title="bbox 1505 1552 1674 1579">
     <span class='ocr_line' id='line_1_162' title="bbox 1505 1552 1674 1579; baseline 0.006 -1"><span class='ocrx_word' id='word_1_637' title='bbox 1505 1552 1556 1578; x_wconf 82' lang='lat' dir='ltr'><strong>illis</strong></span> <span class='ocrx_word' id='word_1_638' title='bbox 1569 1552 1674 1579; x_wconf 88' lang='lat' dir='ltr'><strong>diebus.</strong></span> 
     </span>
    </p>
   </div>
   <div class='ocr_carea' id='block_1_161' title="bbox 1503 1587 1747 1615">
    <p class='ocr_par' dir='ltr' id='par_1_161' title="bbox 1503 1587 1747 1615">
     <span class='ocr_line' id='line_1_163' title="bbox 1503 1587 1747 1615; baseline -0.004 -1"><span class='ocrx_word' id='word_1_639' title='bbox 1503 1588 1548 1614; x_wconf 74' lang='lat'><strong>‘20.</strong></span> <span class='ocrx_word' id='word_1_640' title='bbox 1566 1587 1646 1614; x_wconf 83' lang='lat' dir='ltr'><strong>Orate</strong></span> <span class='ocrx_word' id='word_1_641' title='bbox 1658 1588 1747 1615; x_wconf 79' lang='lat' dir='ltr'><strong>autem</strong></span> 
     </span>
    </p>
   </div>
   <div class='ocr_carea' id='block_1_162' title="bbox 1503 1623 1659 1649">
    <p class='ocr_par' dir='ltr' id='par_1_162' title="bbox 1503 1623 1659 1649">
     <span class='ocr_line' id='line_1_164' title="bbox 1503 1623 1659 1649; baseline 0 0"><span class='ocrx_word' id='word_1_642' title='bbox 1503 1629 1531 1649; x_wconf 91' lang='lat' dir='ltr'><strong>ut</strong></span> <span class='ocrx_word' id='word_1_643' title='bbox 1547 1631 1598 1649; x_wconf 87' lang='lat' dir='ltr'><strong>non</strong></span> <span class='ocrx_word' id='word_1_644' title='bbox 1615 1623 1659 1649; x_wconf 84' lang='lat' dir='ltr'><strong>ﬁat</strong></span> 
     </span>
    </p>
   </div>
   <div class='ocr_carea' id='block_1_163' title="bbox 1503 1658 1667 1693">
    <p class='ocr_par' dir='ltr' id='par_1_163' title="bbox 1503 1658 1667 1693">
     <span class='ocr_line' id='line_1_165' title="bbox 1503 1658 1667 1693; baseline 0.006 -8"><span class='ocrx_word' id='word_1_645' title='bbox 1503 1658 1563 1693; x_wconf 84' lang='lat' dir='ltr'><strong>luga</strong></span> <span class='ocrx_word' id='word_1_646' title='bbox 1579 1664 1667 1686; x_wconf 87' lang='lat' dir='ltr'><strong>vestra</strong></span> 
     </span>
    </p>
   </div>
   <div class='ocr_carea' id='block_1_164' title="bbox 1503 1692 1740 1727">
    <p class='ocr_par' dir='ltr' id='par_1_164' title="bbox 1503 1692 1740 1727">
     <span class='ocr_line' id='line_1_166' title="bbox 1503 1692 1740 1727; baseline -0.004 -7"><span class='ocrx_word' id='word_1_647' title='bbox 1503 1692 1603 1727; x_wconf 75' lang='lat' dir='ltr'><strong>hieme,</strong></span> <span class='ocrx_word' id='word_1_648' title='bbox 1619 1694 1662 1721; x_wconf 87' lang='lat' dir='ltr'><strong>vel</strong></span> <span class='ocrx_word' id='word_1_649' title='bbox 1677 1692 1740 1721; x_wconf 86' lang='lat' dir='ltr'><strong>sab-</strong></span> 
     </span>
    </p>
   </div>
   <div class='ocr_carea' id='block_1_165' title="bbox 1502 1728 1796 1757">
    <p class='ocr_par' dir='ltr' id='par_1_165' title="bbox 1502 1728 1796 1757">
     <span class='ocr_line' id='line_1_167' title="bbox 1502 1728 1796 1757; baseline -0.003 -1"><span class='ocrx_word' id='word_1_650' title='bbox 1502 1729 1548 1757; x_wconf 66' lang='lat' dir='ltr'><strong>Qi.</strong></span> <span class='ocrx_word' id='word_1_651' title='bbox 1562 1730 1633 1757; x_wconf 85' lang='lat' dir='ltr'><strong>bato.</strong></span> <span class='ocrx_word' id='word_1_652' title='bbox 1651 1730 1710 1757; x_wconf 87' lang='lat' dir='ltr'><strong>Erit</strong></span> <span class='ocrx_word' id='word_1_653' title='bbox 1720 1728 1796 1756; x_wconf 82' lang='lat' dir='ltr'><strong>enim</strong></span> 
     </span>
    </p>
   </div>
   <div class='ocr_carea' id='block_1_166' title="bbox 1320 1773 1650 1803">
    <p class='ocr_par' dir='ltr' id='par_1_166' title="bbox 1320 1773 1650 1803">
     <span class='ocr_line' id='line_1_168' title="bbox 1320 1773 1650 1803; baseline 0.006 -2"><span class='ocrx_word' id='word_1_654' title='bbox 1320 1773 1435 1802; x_wconf 84' lang='lat' dir='ltr'><strong>CODEX</strong></span> <span class='ocrx_word' id='word_1_655' title='bbox 1455 1774 1650 1803; x_wconf 81' lang='lat' dir='ltr'><strong>BRIXIANUS.</strong></span> 
     </span>
    </p>
   </div>
   <div class='ocr_carea' id='block_1_167' title="bbox 1088 1820 1885 1856">
    <p class='ocr_par' dir='ltr' id='par_1_167' title="bbox 1088 1820 1885 1856">
     <span class='ocr_line' id='line_1_169' title="bbox 1088 1820 1885 1856; baseline -0.005 -6"><span class='ocrx_word' id='word_1_656' title='bbox 1088 1822 1201 1856; x_wconf 88' lang='lat' dir='ltr'><strong>Oportet</strong></span> <span class='ocrx_word' id='word_1_657' title='bbox 1211 1823 1283 1849; x_wconf 91' lang='lat' dir='ltr'><strong>enim</strong></span> <span class='ocrx_word' id='word_1_658' title='bbox 1295 1823 1360 1849; x_wconf 86' lang='lat' dir='ltr'><strong>haec</strong></span> <span class='ocrx_word' id='word_1_659' title='bbox 1374 1822 1463 1848; x_wconf 84' lang='lat' dir='ltr'><strong>omnia</strong></span> <span class='ocrx_word' id='word_1_660' title='bbox 1476 1822 1543 1848; x_wconf 91' lang='lat' dir='ltr'><strong>lieri.</strong></span> <span class='ocrx_word' id='word_1_661' title='bbox 1553 1822 1600 1849; x_wconf 87' lang='lat' dir='ltr'><strong>sed</strong></span> <span class='ocrx_word' id='word_1_662' title='bbox 1612 1821 1729 1849; x_wconf 84' lang='lat' dir='ltr'><strong>nonduin</strong></span> <span class='ocrx_word' id='word_1_663' title='bbox 1745 1826 1791 1848; x_wconf 85' lang='lat' dir='ltr'><strong>est</strong></span> <span class='ocrx_word' id='word_1_664' title='bbox 1814 1820 1885 1847; x_wconf 88' lang='lat' dir='ltr'><strong>linis.</strong></span> 
     </span>
    </p>
   </div>
   <div class='ocr_carea' id='block_1_168' title="bbox 1092 1858 1887 1893">
    <p class='ocr_par' dir='ltr' id='par_1_168' title="bbox 1092 1858 1887 1893">
     <span class='ocr_line' id='line_1_170' title="bbox 1092 1858 1887 1893; baseline -0.005 -8"><span class='ocrx_word' id='word_1_665' title='bbox 1092 1858 1213 1893; x_wconf 82' lang='lat' dir='ltr'><strong>Exurget</strong></span> <span class='ocrx_word' id='word_1_666' title='bbox 1227 1858 1298 1884; x_wconf 80' lang='lat' dir='ltr'><strong>enim</strong></span> <span class='ocrx_word' id='word_1_667' title='bbox 1313 1864 1380 1891; x_wconf 84' lang='lat' dir='ltr'><strong>gens</strong></span> <span class='ocrx_word' id='word_1_668' title='bbox 1396 1865 1476 1890; x_wconf 76' lang='lat' dir='ltr'><strong>super</strong></span> <span class='ocrx_word' id='word_1_669' title='bbox 1489 1863 1608 1891; x_wconf 75' lang='lat' dir='ltr'><strong>gentem.</strong></span> <span class='ocrx_word' id='word_1_670' title='bbox 1634 1861 1662 1885; x_wconf 80' lang='lat' dir='ltr'><strong>et</strong></span> <span class='ocrx_word' id='word_1_671' title='bbox 1676 1865 1791 1892; x_wconf 79' lang='lat' dir='ltr'><strong>regnum</strong></span> <span class='ocrx_word' id='word_1_672' title='bbox 1806 1862 1887 1891; x_wconf 90' lang='lat' dir='ltr'><strong>supcr</strong></span> 
     </span>
    </p>
   </div>
   <div class='ocr_carea' id='block_1_169' title="bbox 1091 1892 1885 1927">
    <p class='ocr_par' dir='ltr' id='par_1_169' title="bbox 1091 1892 1885 1927">
     <span class='ocr_line' id='line_1_171' title="bbox 1091 1892 1885 1927; baseline -0.005 -6"><span class='ocrx_word' id='word_1_673' title='bbox 1091 1901 1215 1927; x_wconf 76' lang='lat' dir='ltr'><strong>regnum.</strong></span> <span class='ocrx_word' id='word_1_674' title='bbox 1249 1897 1278 1921; x_wconf 87' lang='lat' dir='ltr'><strong>et</strong></span> <span class='ocrx_word' id='word_1_675' title='bbox 1299 1898 1378 1920; x_wconf 89' lang='lat' dir='ltr'><strong>crunt</strong></span> <span class='ocrx_word' id='word_1_676' title='bbox 1405 1892 1575 1926; x_wconf 79' lang='lat' dir='ltr'><strong>pestilentiae</strong></span> <span class='ocrx_word' id='word_1_677' title='bbox 1599 1898 1626 1920; x_wconf 90' lang='lat' dir='ltr'><strong>et</strong></span> <span class='ocrx_word' id='word_1_678' title='bbox 1646 1893 1741 1920; x_wconf 86' lang='lat' dir='ltr'><strong>fames.</strong></span> <span class='ocrx_word' id='word_1_679' title='bbox 1775 1897 1806 1920; x_wconf 89' lang='lat' dir='ltr'><strong>et</strong></span> <span class='ocrx_word' id='word_1_680' title='bbox 1832 1896 1885 1918; x_wconf 77' lang='lat' dir='ltr'><strong>ter-</strong></span> 
     </span>
    </p>
   </div>
   <div class='ocr_carea' id='block_1_170' title="bbox 1092 1927 1889 1963">
    <p class='ocr_par' dir='ltr' id='par_1_170' title="bbox 1092 1927 1889 1963">
     <span class='ocr_line' id='line_1_172' title="bbox 1092 1927 1889 1963; baseline -0.004 -8"><span class='ocrx_word' id='word_1_681' title='bbox 1092 1932 1213 1956; x_wconf 86' lang='lat' dir='ltr'><strong>retnotns</strong></span> <span class='ocrx_word' id='word_1_682' title='bbox 1228 1936 1276 1963; x_wconf 82' lang='lat' dir='ltr'><strong>per</strong></span> <span class='ocrx_word' id='word_1_683' title='bbox 1296 1927 1366 1955; x_wconf 84' lang='lat' dir='ltr'><strong>loca.</strong></span> <span class='ocrx_word' id='word_1_684' title='bbox 1396 1927 1467 1955; x_wconf 87' lang='lat' dir='ltr'><strong>Haec</strong></span> <span class='ocrx_word' id='word_1_685' title='bbox 1483 1935 1572 1956; x_wconf 86' lang='lat' dir='ltr'><strong>autem</strong></span> <span class='ocrx_word' id='word_1_686' title='bbox 1597 1929 1700 1956; x_wconf 86' lang='lat' dir='ltr'><strong>omnia.</strong></span> <span class='ocrx_word' id='word_1_687' title='bbox 1721 1927 1799 1956; x_wconf 83' lang='lat' dir='ltr'><strong>initia</strong></span> <span class='ocrx_word' id='word_1_688' title='bbox 1826 1929 1889 1953; x_wconf 88' lang='lat' dir='ltr'><strong>sunt</strong></span> 
     </span>
    </p>
   </div>
   <div class='ocr_carea' id='block_1_171' title="bbox 1093 1962 1889 1992">
    <p class='ocr_par' dir='ltr' id='par_1_171' title="bbox 1093 1962 1889 1992">
     <span class='ocr_line' id='line_1_173' title="bbox 1093 1962 1889 1992; baseline -0.005 -1"><span class='ocrx_word' id='word_1_689' title='bbox 1093 1962 1235 1992; x_wconf 24' lang='lat' dir='ltr'><strong>doloruut.’</strong></span> <span class='ocrx_word' id='word_1_690' title='bbox 1260 1965 1335 1991; x_wconf 90' lang='lat' dir='ltr'><strong>Tunc</strong></span> <span class='ocrx_word' id='word_1_691' title='bbox 1361 1963 1467 1991; x_wconf 84' lang='lat' dir='ltr'><strong>tradent</strong></span> <span class='ocrx_word' id='word_1_692' title='bbox 1487 1972 1534 1990; x_wconf 82' lang='lat' dir='ltr'><strong>vos</strong></span> <span class='ocrx_word' id='word_1_693' title='bbox 1564 1965 1590 1991; x_wconf 92' lang='lat' dir='ltr'><strong>in</strong></span> <span class='ocrx_word' id='word_1_694' title='bbox 1621 1962 1823 1991; x_wconf 82' lang='lat' dir='ltr'><strong>tribulationes.</strong></span> <span class='ocrx_word' id='word_1_695' title='bbox 1862 1966 1889 1988; x_wconf 79' lang='lat' dir='ltr'><strong>ct</strong></span> 
     </span>
    </p>
   </div>
   <div class='ocr_carea' id='block_1_172' title="bbox 1093 1998 1888 2033">
    <p class='ocr_par' dir='ltr' id='par_1_172' title="bbox 1093 1998 1888 2033">
     <span class='ocr_line' id='line_1_174' title="bbox 1093 1998 1888 2033; baseline -0.003 -7"><span class='ocrx_word' id='word_1_696' title='bbox 1093 2001 1118 2026; x_wconf 88' lang='lat' dir='ltr'><strong>in</strong></span> <span class='ocrx_word' id='word_1_697' title='bbox 1134 2000 1330 2027; x_wconf 79' lang='lat' dir='ltr'><strong>cmtvcuticula.</strong></span> <span class='ocrx_word' id='word_1_698' title='bbox 1356 2004 1381 2025; x_wconf 82' lang='lat' dir='ltr'><strong>et</strong></span> <span class='ocrx_word' id='word_1_699' title='bbox 1402 2000 1578 2033; x_wconf 77' lang='lat' dir='ltr'><strong>potestatibus</strong></span> <span class='ocrx_word' id='word_1_700' title='bbox 1591 2021 1598 2032; x_wconf 83' lang='lat'><strong>,</strong></span> <span class='ocrx_word' id='word_1_701' title='bbox 1619 2005 1645 2027; x_wconf 81' lang='lat' dir='ltr'><strong>et</strong></span> <span class='ocrx_word' id='word_1_702' title='bbox 1670 2008 1760 2026; x_wconf 86' lang='lat' dir='ltr'><strong>coram</strong></span> <span class='ocrx_word' id='word_1_703' title='bbox 1779 1998 1888 2032; x_wconf 74' lang='lat' dir='ltr'><strong>regibus</strong></span> 
     </span>
    </p>
   </div>
   <div class='ocr_carea' id='block_1_173' title="bbox 1091 2035 1887 2062">
    <p class='ocr_par' dir='ltr' id='par_1_173' title="bbox 1091 2035 1887 2062">
     <span class='ocr_line' id='line_1_175' title="bbox 1091 2035 1887 2062; baseline -0.005 0"><span class='ocrx_word' id='word_1_704' title='bbox 1091 2036 1208 2062; x_wconf 76' lang='lat' dir='ltr'><strong>stabilis.</strong></span> <span class='ocrx_word' id='word_1_705' title='bbox 1234 2040 1260 2062; x_wconf 90' lang='lat' dir='ltr'><strong>ct</strong></span> <span class='ocrx_word' id='word_1_706' title='bbox 1286 2035 1409 2062; x_wconf 68' lang='lat' dir='ltr'><strong>ercident</strong></span> <span class='ocrx_word' id='word_1_707' title='bbox 1430 2043 1486 2062; x_wconf 77' lang='lat' dir='ltr'><strong>ros.</strong></span> <span class='ocrx_word' id='word_1_708' title='bbox 1519 2041 1545 2061; x_wconf 75' lang='lat' dir='ltr'><strong>et</strong></span> <span class='ocrx_word' id='word_1_709' title='bbox 1572 2036 1646 2062; x_wconf 74' lang='lat' dir='ltr'><strong>eritis</strong></span> <span class='ocrx_word' id='word_1_710' title='bbox 1672 2035 1733 2062; x_wconf 87' lang='lat' dir='ltr'><strong>odio</strong></span> <span class='ocrx_word' id='word_1_711' title='bbox 1759 2035 1887 2060; x_wconf 87' lang='lat' dir='ltr'><strong>omnibus</strong></span> 
     </span>
    </p>
   </div>
   <div class='ocr_carea' id='block_1_174' title="bbox 1091 2070 1887 2106">
    <p class='ocr_par' dir='ltr' id='par_1_174' title="bbox 1091 2070 1887 2106">
     <span class='ocr_line' id='line_1_176' title="bbox 1091 2070 1887 2106; baseline -0.003 -9"><span class='ocrx_word' id='word_1_712' title='bbox 1091 2072 1215 2105; x_wconf 81' lang='lat' dir='ltr'><strong>gentibus</strong></span> <span class='ocrx_word' id='word_1_713' title='bbox 1232 2076 1341 2106; x_wconf 76' lang='lat' dir='ltr'><strong>propter</strong></span> <span class='ocrx_word' id='word_1_714' title='bbox 1358 2079 1455 2097; x_wconf 84' lang='lat' dir='ltr'><strong>nomen</strong></span> <span class='ocrx_word' id='word_1_715' title='bbox 1472 2079 1570 2097; x_wconf 87' lang='lat' dir='ltr'><strong>meum.</strong></span> <span class='ocrx_word' id='word_1_716' title='bbox 1593 2071 1626 2097; x_wconf 88' lang='lat' dir='ltr'><strong>Et</strong></span> <span class='ocrx_word' id='word_1_717' title='bbox 1638 2077 1700 2098; x_wconf 91' lang='lat' dir='ltr'><strong>tunc</strong></span> <span class='ocrx_word' id='word_1_718' title='bbox 1714 2070 1887 2097; x_wconf 81' lang='lat' dir='ltr'><strong>scandaliza-</strong></span> 
     </span>
    </p>
   </div>
   <div class='ocr_carea' id='block_1_175' title="bbox 1092 2105 1887 2134">
    <p class='ocr_par' dir='ltr' id='par_1_175' title="bbox 1092 2105 1887 2134">
     <span class='ocr_line' id='line_1_177' title="bbox 1092 2105 1887 2134; baseline -0.004 -1"><span class='ocrx_word' id='word_1_719' title='bbox 1092 2107 1190 2133; x_wconf 87' lang='lat' dir='ltr'><strong>btttttur</strong></span> <span class='ocrx_word' id='word_1_720' title='bbox 1210 2105 1296 2134; x_wconf 79' lang='lat' dir='ltr'><strong>inulti.</strong></span> <span class='ocrx_word' id='word_1_721' title='bbox 1334 2112 1360 2133; x_wconf 87' lang='lat' dir='ltr'><strong>et</strong></span> <span class='ocrx_word' id='word_1_722' title='bbox 1383 2107 1488 2132; x_wconf 84' lang='lat' dir='ltr'><strong>tradent</strong></span> <span class='ocrx_word' id='word_1_723' title='bbox 1514 2108 1683 2133; x_wconf 85' lang='lat' dir='ltr'><strong>alterutrum.</strong></span> <span class='ocrx_word' id='word_1_724' title='bbox 1717 2112 1744 2132; x_wconf 85' lang='lat' dir='ltr'><strong>et</strong></span> <span class='ocrx_word' id='word_1_725' title='bbox 1759 2105 1826 2132; x_wconf 81' lang='lat' dir='ltr'><strong>odio</strong></span> <span class='ocrx_word' id='word_1_726' title='bbox 1841 2105 1887 2131; x_wconf 81' lang='lat' dir='ltr'><strong>lt:t-</strong></span> 
     </span>
    </p>
   </div>
   <div class='ocr_carea' id='block_1_176' title="bbox 1090 2142 1886 2176">
    <p class='ocr_par' dir='ltr' id='par_1_176' title="bbox 1090 2142 1886 2176">
     <span class='ocr_line' id='line_1_178' title="bbox 1090 2142 1886 2176; baseline -0.004 -7"><span class='ocrx_word' id='word_1_727' title='bbox 1090 2142 1325 2169; x_wconf 78' lang='lat' dir='ltr'><strong>bebnntittricem.</strong></span> <span class='ocrx_word' id='word_1_728' title='bbox 1340 2142 1373 2168; x_wconf 84' lang='lat' dir='ltr'><strong>Et</strong></span> <span class='ocrx_word' id='word_1_729' title='bbox 1385 2143 1459 2168; x_wconf 89' lang='lat' dir='ltr'><strong>tnttlti</strong></span> <span class='ocrx_word' id='word_1_730' title='bbox 1474 2142 1723 2176; x_wconf 79' lang='lat' dir='ltr'><strong>pseudopropltctae</strong></span> <span class='ocrx_word' id='word_1_731' title='bbox 1733 2143 1886 2175; x_wconf 77' lang='lat' dir='ltr'><strong>iusnrgt-nt,</strong></span> 
     </span>
    </p>
   </div>
   <div class='ocr_carea' id='block_1_177' title="bbox 1089 2177 1886 2211">
    <p class='ocr_par' dir='ltr' id='par_1_177' title="bbox 1089 2177 1886 2211">
     <span class='ocr_line' id='line_1_179' title="bbox 1089 2177 1886 2211; baseline -0.003 -7"><span class='ocrx_word' id='word_1_732' title='bbox 1089 2183 1115 2204; x_wconf 89' lang='lat' dir='ltr'><strong>et</strong></span> <span class='ocrx_word' id='word_1_733' title='bbox 1129 2179 1259 2204; x_wconf 69' lang='lat' dir='ltr'><strong>SCItUCl&#39;lll</strong></span> <span class='ocrx_word' id='word_1_734' title='bbox 1276 2178 1383 2205; x_wconf 79' lang='lat' dir='ltr'><strong>multos.</strong></span> <span class='ocrx_word' id='word_1_735' title='bbox 1403 2177 1435 2204; x_wconf 83' lang='lat' dir='ltr'><strong>Et</strong></span> <span class='ocrx_word' id='word_1_736' title='bbox 1450 2179 1575 2211; x_wconf 81' lang='lat' dir='ltr'><strong>quoniam</strong></span> <span class='ocrx_word' id='word_1_737' title='bbox 1587 2177 1733 2205; x_wconf 72' lang='lat' dir='ltr'><strong>abundabit</strong></span> <span class='ocrx_word' id='word_1_738' title='bbox 1745 2177 1886 2211; x_wconf 75' lang='lat' dir='ltr'><strong>iniquitas.</strong></span> 
     </span>
    </p>
   </div>
   <div class='ocr_carea' id='block_1_178' title="bbox 1090 2214 1888 2248">
    <p class='ocr_par' dir='ltr' id='par_1_178' title="bbox 1090 2214 1888 2248">
     <span class='ocr_line' id='line_1_180' title="bbox 1090 2214 1888 2248; baseline -0.004 -8"><span class='ocrx_word' id='word_1_739' title='bbox 1090 2214 1241 2248; x_wconf 80' lang='lat' dir='ltr'><strong>refrigescit</strong></span> <span class='ocrx_word' id='word_1_740' title='bbox 1256 2214 1354 2240; x_wconf 71' lang='lat' dir='ltr'><strong>Caritas</strong></span> <span class='ocrx_word' id='word_1_741' title='bbox 1372 2214 1528 2239; x_wconf 80' lang='lat' dir='ltr'><strong>multorum.</strong></span> <span class='ocrx_word' id='word_1_742' title='bbox 1554 2214 1602 2246; x_wconf 79' lang='lat' dir='ltr'><strong>Qui</strong></span> <span class='ocrx_word' id='word_1_743' title='bbox 1619 2220 1708 2240; x_wconf 87' lang='lat' dir='ltr'><strong>autem</strong></span> <span class='ocrx_word' id='word_1_744' title='bbox 1726 2219 1888 2248; x_wconf 69' lang='lat' dir='ltr'><strong>persevera-</strong></span> 
     </span>
    </p>
   </div>
   <div class='ocr_carea' id='block_1_179' title="bbox 1089 2247 1888 2283">
    <p class='ocr_par' dir='ltr' id='par_1_179' title="bbox 1089 2247 1888 2283">
     <span class='ocr_line' id='line_1_181' title="bbox 1089 2247 1888 2283; baseline -0.001 -9"><span class='ocrx_word' id='word_1_745' title='bbox 1089 2247 1256 2283; x_wconf 71' lang='lat' dir='ltr'><strong>veritusque</strong></span> <span class='ocrx_word' id='word_1_746' title='bbox 1272 2250 1296 2275; x_wconf 92' lang='lat' dir='ltr'><strong>in</strong></span> <span class='ocrx_word' id='word_1_747' title='bbox 1312 2249 1403 2275; x_wconf 87' lang='lat' dir='ltr'><strong>linem.</strong></span> <span class='ocrx_word' id='word_1_748' title='bbox 1429 2249 1470 2275; x_wconf 89' lang='lat' dir='ltr'><strong>hic</strong></span> <span class='ocrx_word' id='word_1_749' title='bbox 1485 2249 1575 2276; x_wconf 70' lang='lat' dir='ltr'><strong>salvus</strong></span> <span class='ocrx_word' id='word_1_750' title='bbox 1591 2250 1651 2276; x_wconf 66' lang='lat' dir='ltr'><strong>erit.</strong></span> <span class='ocrx_word' id='word_1_751' title='bbox 1669 2250 1698 2275; x_wconf 62' lang='lat' dir='ltr'><strong>lit</strong></span> <span class='ocrx_word' id='word_1_752' title='bbox 1717 2247 1888 2282; x_wconf 83' lang='lat' dir='ltr'><strong>praedicabi-</strong></span> 
     </span>
    </p>
   </div>
   <div class='ocr_carea' id='block_1_180' title="bbox 1090 2283 1888 2319">
    <p class='ocr_par' dir='ltr' id='par_1_180' title="bbox 1090 2283 1888 2319">
     <span class='ocr_line' id='line_1_182' title="bbox 1090 2283 1888 2319; baseline -0.003 -9"><span class='ocrx_word' id='word_1_753' title='bbox 1090 2289 1131 2310; x_wconf 82' lang='lat' dir='ltr'><strong>llll&#39;</strong></span> <span class='ocrx_word' id='word_1_754' title='bbox 1146 2285 1196 2311; x_wconf 66' lang='lat' dir='ltr'><strong>hoc</strong></span> <span class='ocrx_word' id='word_1_755' title='bbox 1214 2284 1385 2319; x_wconf 68' lang='lat' dir='ltr'><strong>Evattgeliutn</strong></span> <span class='ocrx_word' id='word_1_756' title='bbox 1402 2285 1486 2317; x_wconf 66' lang='lat' dir='ltr'><strong>regni.</strong></span> <span class='ocrx_word' id='word_1_757' title='bbox 1502 2286 1527 2311; x_wconf 88' lang='lat' dir='ltr'><strong>itt</strong></span> <span class='ocrx_word' id='word_1_758' title='bbox 1544 2286 1667 2311; x_wconf 82' lang='lat' dir='ltr'><strong>universo</strong></span> <span class='ocrx_word' id='word_1_759' title='bbox 1681 2285 1756 2310; x_wconf 88' lang='lat' dir='ltr'><strong>orbe.</strong></span> <span class='ocrx_word' id='word_1_760' title='bbox 1774 2283 1801 2309; x_wconf 85' lang='lat' dir='ltr'><strong>in</strong></span> <span class='ocrx_word' id='word_1_761' title='bbox 1811 2283 1888 2319; x_wconf 61' lang='lat' dir='ltr'><strong>testi-</strong></span> 
     </span>
    </p>
   </div>
   <div class='ocr_carea' id='block_1_181' title="bbox 1090 2318 1887 2352">
    <p class='ocr_par' dir='ltr' id='par_1_181' title="bbox 1090 2318 1887 2352">
     <span class='ocr_line' id='line_1_183' title="bbox 1090 2318 1887 2352; baseline -0.001 -7"><span class='ocrx_word' id='word_1_762' title='bbox 1090 2321 1208 2346; x_wconf 86' lang='lat' dir='ltr'><strong>monium</strong></span> <span class='ocrx_word' id='word_1_763' title='bbox 1226 2318 1349 2347; x_wconf 80' lang='lat' dir='ltr'><strong>omnibus</strong></span> <span class='ocrx_word' id='word_1_764' title='bbox 1363 2320 1498 2352; x_wconf 65' lang='lat' dir='ltr'><strong>gentibus,</strong></span> <span class='ocrx_word' id='word_1_765' title='bbox 1512 2325 1539 2346; x_wconf 84' lang='lat' dir='ltr'><strong>et</strong></span> <span class='ocrx_word' id='word_1_766' title='bbox 1552 2326 1613 2346; x_wconf 92' lang='lat' dir='ltr'><strong>tunc</strong></span> <span class='ocrx_word' id='word_1_767' title='bbox 1626 2320 1716 2347; x_wconf 79' lang='lat' dir='ltr'><strong>veniet</strong></span> <span class='ocrx_word' id='word_1_768' title='bbox 1728 2319 1802 2346; x_wconf 74' lang='lat' dir='ltr'><strong>linis.</strong></span> <span class='ocrx_word' id='word_1_769' title='bbox 1817 2318 1887 2345; x_wconf 85' lang='lat' dir='ltr'><strong>Cum</strong></span> 
     </span>
    </p>
   </div>
   <div class='ocr_carea' id='block_1_182' title="bbox 1089 2353 1887 2389">
    <p class='ocr_par' dir='ltr' id='par_1_182' title="bbox 1089 2353 1887 2389">
     <span class='ocr_line' id='line_1_184' title="bbox 1089 2353 1887 2389; baseline -0.004 -7"><span class='ocrx_word' id='word_1_770' title='bbox 1089 2363 1152 2389; x_wconf 77' lang='lat' dir='ltr'><strong>ergo</strong></span> <span class='ocrx_word' id='word_1_771' title='bbox 1168 2355 1298 2383; x_wconf 83' lang='lat' dir='ltr'><strong>videritis.</strong></span> <span class='ocrx_word' id='word_1_772' title='bbox 1314 2355 1541 2382; x_wconf 74' lang='lat' dir='ltr'><strong>abuininatiom-tn</strong></span> <span class='ocrx_word' id='word_1_773' title='bbox 1558 2355 1733 2383; x_wconf 73' lang='lat' dir='ltr'><strong>desolatiottis</strong></span> <span class='ocrx_word' id='word_1_774' title='bbox 1751 2354 1789 2388; x_wconf 86' lang='lat' dir='ltr'><strong>(b)</strong></span> <span class='ocrx_word' id='word_1_775' title='bbox 1814 2353 1887 2389; x_wconf 79' lang='lat' dir='ltr'><strong>quod</strong></span> 
     </span>
    </p>
   </div>
   <div class='ocr_carea' id='block_1_183' title="bbox 1089 2389 1887 2425">
    <p class='ocr_par' dir='ltr' id='par_1_183' title="bbox 1089 2389 1887 2425">
     <span class='ocr_line' id='line_1_185' title="bbox 1089 2389 1887 2425; baseline -0.001 -9"><span class='ocrx_word' id='word_1_776' title='bbox 1089 2391 1188 2418; x_wconf 85' lang='lat' dir='ltr'><strong>dictum</strong></span> <span class='ocrx_word' id='word_1_777' title='bbox 1213 2397 1251 2418; x_wconf 61' lang='lat' dir='ltr'><strong>est</strong></span> <span class='ocrx_word' id='word_1_778' title='bbox 1276 2400 1289 2417; x_wconf 69' lang='grc' dir='ltr'><strong>ει</strong></span> <span class='ocrx_word' id='word_1_779' title='bbox 1317 2390 1426 2417; x_wconf 84' lang='lat' dir='ltr'><strong>Danielo</strong></span> <span class='ocrx_word' id='word_1_780' title='bbox 1452 2392 1591 2424; x_wconf 72' lang='lat' dir='ltr'><strong>propheta.</strong></span> <span class='ocrx_word' id='word_1_781' title='bbox 1630 2396 1718 2417; x_wconf 76' lang='lat' dir='ltr'><strong>stante</strong></span> <span class='ocrx_word' id='word_1_782' title='bbox 1738 2389 1758 2425; x_wconf 63' lang='grc' dir='ltr'><strong>’ξ-</strong></span> <span class='ocrx_word' id='word_1_783' title='bbox 1785 2390 1887 2416; x_wconf 80' lang='lat' dir='ltr'><strong>inloco</strong></span> 
     </span>
    </p>
   </div>
   <div class='ocr_carea' id='block_1_184' title="bbox 1088 2426 1887 2462">
    <p class='ocr_par' dir='ltr' id='par_1_184' title="bbox 1088 2426 1887 2462">
     <span class='ocr_line' id='line_1_186' title="bbox 1088 2426 1887 2462; baseline 0 -10"><span class='ocrx_word' id='word_1_784' title='bbox 1088 2433 1191 2453; x_wconf 78' lang='lat' dir='ltr'><strong>sancto.</strong></span> <span class='ocrx_word' id='word_1_785' title='bbox 1217 2428 1260 2461; x_wconf 90' lang='lat' dir='ltr'><strong>qui</strong></span> <span class='ocrx_word' id='word_1_786' title='bbox 1277 2427 1339 2461; x_wconf 68' lang='lat' dir='ltr'><strong>legit</strong></span> <span class='ocrx_word' id='word_1_787' title='bbox 1360 2427 1505 2459; x_wconf 74' lang='lat' dir='ltr'><strong>intellegat.</strong></span> <span class='ocrx_word' id='word_1_788' title='bbox 1531 2432 1593 2453; x_wconf 88' lang='lat' dir='ltr'><strong>tttnc</strong></span> <span class='ocrx_word' id='word_1_789' title='bbox 1608 2427 1691 2462; x_wconf 82' lang='lat' dir='ltr'><strong>quiin</strong></span> <span class='ocrx_word' id='word_1_790' title='bbox 1707 2426 1809 2453; x_wconf 67' lang='lat' dir='ltr'><strong>Iudaea</strong></span> <span class='ocrx_word' id='word_1_791' title='bbox 1822 2430 1887 2452; x_wconf 78' lang='lat' dir='ltr'><strong>sunt</strong></span> 
     </span>
    </p>
   </div>
   <div class='ocr_carea' id='block_1_185' title="bbox 1088 2461 1887 2496">
    <p class='ocr_par' dir='ltr' id='par_1_185' title="bbox 1088 2461 1887 2496">
     <span class='ocr_line' id='line_1_187' title="bbox 1088 2461 1887 2496; baseline 0 -8"><span class='ocrx_word' id='word_1_792' title='bbox 1088 2461 1193 2496; x_wconf 71' lang='lat' dir='ltr'><strong>fugiant</strong></span> <span class='ocrx_word' id='word_1_793' title='bbox 1207 2463 1238 2489; x_wconf 83' lang='lat' dir='ltr'><strong>ad</strong></span> <span class='ocrx_word' id='word_1_794' title='bbox 1254 2468 1369 2493; x_wconf 77' lang='lat' dir='ltr'><strong>montes,</strong></span> <span class='ocrx_word' id='word_1_795' title='bbox 1385 2467 1411 2488; x_wconf 80' lang='lat' dir='ltr'><strong>et</strong></span> <span class='ocrx_word' id='word_1_796' title='bbox 1422 2462 1466 2495; x_wconf 88' lang='lat' dir='ltr'><strong>qtti</strong></span> <span class='ocrx_word' id='word_1_797' title='bbox 1479 2463 1503 2488; x_wconf 89' lang='lat' dir='ltr'><strong>itt</strong></span> <span class='ocrx_word' id='word_1_798' title='bbox 1517 2467 1647 2494; x_wconf 80' lang='lat' dir='ltr'><strong>tectoest,</strong></span> <span class='ocrx_word' id='word_1_799' title='bbox 1666 2472 1718 2488; x_wconf 83' lang='lat' dir='ltr'><strong>non</strong></span> <span class='ocrx_word' id='word_1_800' title='bbox 1735 2461 1887 2488; x_wconf 79' lang='lat' dir='ltr'><strong>descendat</strong></span> 
     </span>
    </p>
   </div>
   <div class='ocr_carea' id='block_1_186' title="bbox 1089 2498 1886 2533">
    <p class='ocr_par' dir='ltr' id='par_1_186' title="bbox 1089 2498 1886 2533">
     <span class='ocr_line' id='line_1_188' title="bbox 1089 2498 1886 2533; baseline -0.001 -10"><span class='ocrx_word' id='word_1_801' title='bbox 1089 2499 1183 2525; x_wconf 50' lang='lat' dir='ltr'><strong>tollere</strong></span> <span class='ocrx_word' id='word_1_802' title='bbox 1199 2498 1297 2533; x_wconf 83' lang='lat' dir='ltr'><strong>aliquid</strong></span> <span class='ocrx_word' id='word_1_803' title='bbox 1314 2498 1346 2523; x_wconf 82' lang='lat' dir='ltr'><strong>de</strong></span> <span class='ocrx_word' id='word_1_804' title='bbox 1360 2498 1439 2524; x_wconf 79' lang='lat' dir='ltr'><strong>domu</strong></span> <span class='ocrx_word' id='word_1_805' title='bbox 1455 2505 1512 2524; x_wconf 87' lang='lat' dir='ltr'><strong>sua.</strong></span> <span class='ocrx_word' id='word_1_806' title='bbox 1540 2504 1565 2524; x_wconf 86' lang='lat' dir='ltr'><strong>et</strong></span> <span class='ocrx_word' id='word_1_807' title='bbox 1589 2499 1633 2532; x_wconf 89' lang='lat' dir='ltr'><strong>qtti</strong></span> <span class='ocrx_word' id='word_1_808' title='bbox 1654 2499 1679 2524; x_wconf 92' lang='lat' dir='ltr'><strong>in</strong></span> <span class='ocrx_word' id='word_1_809' title='bbox 1694 2505 1758 2531; x_wconf 81' lang='lat' dir='ltr'><strong>agro</strong></span> <span class='ocrx_word' id='word_1_810' title='bbox 1772 2502 1816 2523; x_wconf 69' lang='lat' dir='ltr'><strong>est</strong></span> <span class='ocrx_word' id='word_1_811' title='bbox 1833 2504 1886 2523; x_wconf 79' lang='lat' dir='ltr'><strong>non</strong></span> 
     </span>
    </p>
   </div>
   <div class='ocr_carea' id='block_1_187' title="bbox 1089 2533 1886 2565">
    <p class='ocr_par' dir='ltr' id='par_1_187' title="bbox 1089 2533 1886 2565">
     <span class='ocr_line' id='line_1_189' title="bbox 1089 2533 1886 2565; baseline -0.003 -5"><span class='ocrx_word' id='word_1_812' title='bbox 1089 2539 1240 2560; x_wconf 60' lang='lat' dir='ltr'><strong>revortatur</strong></span> <span class='ocrx_word' id='word_1_813' title='bbox 1256 2534 1350 2560; x_wconf 85' lang='lat' dir='ltr'><strong>tollere</strong></span> <span class='ocrx_word' id='word_1_814' title='bbox 1366 2534 1526 2560; x_wconf 68' lang='lat' dir='ltr'><strong>\’e&gt;litl|ellttt</strong></span> <span class='ocrx_word' id='word_1_815' title='bbox 1540 2541 1599 2560; x_wconf 87' lang='lat' dir='ltr'><strong>sna.</strong></span> <span class='ocrx_word' id='word_1_816' title='bbox 1624 2533 1678 2560; x_wconf 86' lang='lat' dir='ltr'><strong>Vae</strong></span> <span class='ocrx_word' id='word_1_817' title='bbox 1701 2537 1793 2559; x_wconf 82' lang='lat' dir='ltr'><strong>autem</strong></span> <span class='ocrx_word' id='word_1_818' title='bbox 1808 2540 1886 2565; x_wconf 77' lang='lat' dir='ltr'><strong>prae-</strong></span> 
     </span>
    </p>
   </div>
   <div class='ocr_carea' id='block_1_188' title="bbox 1087 2568 1885 2603">
    <p class='ocr_par' dir='ltr' id='par_1_188' title="bbox 1087 2568 1885 2603">
     <span class='ocr_line' id='line_1_190' title="bbox 1087 2568 1885 2603; baseline -0.003 -8"><span class='ocrx_word' id='word_1_819' title='bbox 1087 2570 1229 2603; x_wconf 80' lang='lat' dir='ltr'><strong>gnantibus</strong></span> <span class='ocrx_word' id='word_1_820' title='bbox 1244 2574 1270 2595; x_wconf 85' lang='lat' dir='ltr'><strong>et</strong></span> <span class='ocrx_word' id='word_1_821' title='bbox 1293 2569 1476 2595; x_wconf 87' lang='lat' dir='ltr'><strong>nutrientibus</strong></span> <span class='ocrx_word' id='word_1_822' title='bbox 1492 2571 1516 2596; x_wconf 86' lang='lat' dir='ltr'><strong>in</strong></span> <span class='ocrx_word' id='word_1_823' title='bbox 1534 2569 1586 2596; x_wconf 83' lang='lat' dir='ltr'><strong>illis</strong></span> <span class='ocrx_word' id='word_1_824' title='bbox 1608 2569 1712 2596; x_wconf 89' lang='lat' dir='ltr'><strong>diebus.</strong></span> <span class='ocrx_word' id='word_1_825' title='bbox 1736 2568 1821 2595; x_wconf 82' lang='lat' dir='ltr'><strong>Orate</strong></span> <span class='ocrx_word' id='word_1_826' title='bbox 1836 2575 1885 2593; x_wconf 87' lang='lat' dir='ltr'><strong>au-</strong></span> 
     </span>
    </p>
   </div>
   <div class='ocr_carea' id='block_1_189' title="bbox 1089 2603 1887 2640">
    <p class='ocr_par' dir='ltr' id='par_1_189' title="bbox 1089 2603 1887 2640">
     <span class='ocr_line' id='line_1_191' title="bbox 1089 2603 1887 2640; baseline -0.003 -9"><span class='ocrx_word' id='word_1_827' title='bbox 1089 2609 1151 2631; x_wconf 86' lang='lat' dir='ltr'><strong>tem.</strong></span> <span class='ocrx_word' id='word_1_828' title='bbox 1170 2610 1198 2631; x_wconf 91' lang='lat' dir='ltr'><strong>ttt</strong></span> <span class='ocrx_word' id='word_1_829' title='bbox 1214 2613 1267 2632; x_wconf 84' lang='lat' dir='ltr'><strong>nou</strong></span> <span class='ocrx_word' id='word_1_830' title='bbox 1284 2605 1328 2631; x_wconf 88' lang='lat' dir='ltr'><strong>liat</strong></span> <span class='ocrx_word' id='word_1_831' title='bbox 1343 2604 1401 2640; x_wconf 83' lang='lat' dir='ltr'><strong>luga</strong></span> <span class='ocrx_word' id='word_1_832' title='bbox 1419 2611 1507 2631; x_wconf 78' lang='lat' dir='ltr'><strong>vestra</strong></span> <span class='ocrx_word' id='word_1_833' title='bbox 1522 2604 1610 2632; x_wconf 87' lang='lat' dir='ltr'><strong>ltietuc</strong></span> <span class='ocrx_word' id='word_1_834' title='bbox 1624 2605 1664 2633; x_wconf 86' lang='lat' dir='ltr'><strong>vel</strong></span> <span class='ocrx_word' id='word_1_835' title='bbox 1678 2604 1805 2632; x_wconf 81' lang='lat' dir='ltr'><strong>sabbato.</strong></span> <span class='ocrx_word' id='word_1_836' title='bbox 1829 2603 1887 2630; x_wconf 80' lang='lat' dir='ltr'><strong>Erit</strong></span> 
     </span>
    </p>
   </div>
   <div class='ocr_carea' id='block_1_190' title="bbox 591 2642 1541 2678">
    <p class='ocr_par' dir='ltr' id='par_1_190' title="bbox 591 2642 1541 2678">
     <span class='ocr_line' id='line_1_192' title="bbox 591 2642 1541 2678; baseline 0.004 -4"><span class='ocrx_word' id='word_1_837' title='bbox 591 2642 788 2676; x_wconf 78' lang='lat' dir='ltr'><strong>VARIANTES</strong></span> <span class='ocrx_word' id='word_1_838' title='bbox 806 2642 1000 2676; x_wconf 85' lang='lat' dir='ltr'><strong>LECTlONES</strong></span> <span class='ocrx_word' id='word_1_839' title='bbox 1018 2647 1149 2678; x_wconf 83' lang='lat' dir='ltr'><strong>CODlClS</strong></span> <span class='ocrx_word' id='word_1_840' title='bbox 1170 2651 1223 2678; x_wconf 80' lang='lat' dir='ltr'><strong>MS.</strong></span> <span class='ocrx_word' id='word_1_841' title='bbox 1240 2651 1269 2678; x_wconf 84' lang='lat' dir='ltr'><strong>s.</strong></span> <span class='ocrx_word' id='word_1_842' title='bbox 1290 2650 1541 2678; x_wconf 66' lang='lat' dir='ltr'><strong>GElitlANENSlS.</strong></span> 
     </span>
    </p>
   </div>
   <div class='ocr_carea' id='block_1_191' title="bbox 267 2689 492 2723">
    <p class='ocr_par' dir='ltr' id='par_1_191' title="bbox 267 2689 492 2723">
     <span class='ocr_line' id='line_1_193' title="bbox 267 2689 492 2723; baseline 0.009 -9"><span class='ocrx_word' id='word_1_843' title='bbox 267 2690 276 2723; x_wconf 59' lang='grc' dir='ltr'><strong>ξ</strong></span> <span class='ocrx_word' id='word_1_844' title='bbox 294 2689 456 2723; x_wconf 81' lang='lat' dir='ltr'><strong>Evangelium</strong></span> <span class='ocrx_word' id='word_1_845' title='bbox 466 2691 492 2716; x_wconf 90' lang='lat' dir='ltr'><strong>in</strong></span> 
     </span>
    </p>
   </div>
   <div class='ocr_carea' id='block_1_192' title="bbox 268 2722 364 2747">
    <p class='ocr_par' dir='ltr' id='par_1_192' title="bbox 268 2722 364 2747">
     <span class='ocr_line' id='line_1_194' title="bbox 268 2722 364 2747; baseline 0.01 -1"><span class='ocrx_word' id='word_1_846' title='bbox 268 2722 279 2737; x_wconf 74' lang='grc'><strong><em>³</em></strong></span> <span class='ocrx_word' id='word_1_847' title='bbox 296 2722 364 2747; x_wconf 89' lang='lat' dir='ltr'><strong>venit</strong></span> 
     </span>
    </p>
   </div>
   <div class='ocr_carea' id='block_1_193' title="bbox 1118 2697 1278 2723">
    <p class='ocr_par' dir='ltr' id='par_1_193' title="bbox 1118 2697 1278 2723">
     <span class='ocr_line' id='line_1_195' title="bbox 1118 2697 1278 2723; baseline -0.006 0"><span class='ocrx_word' id='word_1_848' title='bbox 1118 2697 1129 2714; x_wconf 90' lang='grc'><strong><em>³</em></strong></span> <span class='ocrx_word' id='word_1_849' title='bbox 1143 2697 1278 2723; x_wconf 78' lang='lat' dir='ltr'><strong>descendat</strong></span> 
     </span>
    </p>
   </div>
   <div class='ocr_carea' id='block_1_194' title="bbox 908 2756 1225 2790">
    <p class='ocr_par' dir='ltr' id='par_1_194' title="bbox 908 2756 1225 2790">
     <span class='ocr_line' id='line_1_196' title="bbox 908 2756 1225 2790; baseline 0.003 -2"><span class='ocrx_word' id='word_1_850' title='bbox 908 2756 1090 2789; x_wconf 76' lang='lat' dir='ltr'><strong>BLANCHINI</strong></span> <span class='ocrx_word' id='word_1_851' title='bbox 1109 2760 1225 2790; x_wconf 64' lang='lat' dir='ltr'><strong>NOTAE.</strong></span> 
     </span>
    </p>
   </div>
   <div class='ocr_carea' id='block_1_195' title="bbox 272 2802 1887 2844">
    <p class='ocr_par' dir='ltr' id='par_1_195' title="bbox 272 2802 1887 2844">
     <span class='ocr_line' id='line_1_197' title="bbox 272 2802 1887 2844; baseline 0.004 -15"><span class='ocrx_word' id='word_1_852' title='bbox 272 2802 312 2844; x_wconf 66' lang='grc' dir='ltr'><strong>ςᾳ)</strong></span> <span class='ocrx_word' id='word_1_853' title='bbox 326 2803 407 2844; x_wconf 61' lang='grc' dir='ltr'>ρεβει</span> <span class='ocrx_word' id='word_1_854' title='bbox 420 2805 629 2844; x_wconf 20' lang='grc' dir='ltr'><strong>ειᾼῃειιὶιεηιίαε.</strong></span> <span class='ocrx_word' id='word_1_855' title='bbox 642 2807 723 2834; x_wconf 84' lang='lat' dir='ltr'><strong>etiam</strong></span> <span class='ocrx_word' id='word_1_856' title='bbox 737 2807 763 2844; x_wconf 82' lang='lat' dir='ltr'><strong>in</strong></span> <span class='ocrx_word' id='word_1_857' title='bbox 779 2805 857 2834; x_wconf 85' lang='lat' dir='ltr'><strong>Cant.</strong></span> <span class='ocrx_word' id='word_1_858' title='bbox 872 2806 930 2835; x_wconf 88' lang='lat' dir='ltr'><strong>Lat.</strong></span> <span class='ocrx_word' id='word_1_859' title='bbox 945 2812 972 2835; x_wconf 92' lang='lat' dir='ltr'><strong>et</strong></span> <span class='ocrx_word' id='word_1_860' title='bbox 982 2807 1032 2844; x_wconf 64' lang='grc' dir='ltr'><strong>βτ.</strong></span> <span class='ocrx_word' id='word_1_861' title='bbox 1045 2822 1083 2844; x_wconf 69' lang='lat'><strong>;——</strong></span> <span class='ocrx_word' id='word_1_862' title='bbox 1102 2808 1139 2844; x_wconf 73' lang='grc' dir='ltr'><strong>(ο)</strong></span> <span class='ocrx_word' id='word_1_863' title='bbox 1152 2808 1266 2836; x_wconf 85' lang='lat' dir='ltr'><strong>Vertunt</strong></span> <span class='ocrx_word' id='word_1_864' title='bbox 1279 2816 1333 2836; x_wconf 89' lang='lat' dir='ltr'><strong>non</strong></span> <span class='ocrx_word' id='word_1_865' title='bbox 1348 2809 1412 2836; x_wconf 83' lang='lat' dir='ltr'><strong>satis</strong></span> <span class='ocrx_word' id='word_1_866' title='bbox 1425 2808 1566 2836; x_wconf 83' lang='lat' dir='ltr'><strong>commode</strong></span> <span class='ocrx_word' id='word_1_867' title='bbox 1579 2808 1731 2844; x_wconf 17' lang='lat' dir='ltr'><strong>istarlextus</strong></span> <span class='ocrx_word' id='word_1_868' title='bbox 1744 2808 1840 2843; x_wconf 63' lang='lat' dir='ltr'><strong>graeci,</strong></span> <span class='ocrx_word' id='word_1_869' title='bbox 1856 2808 1887 2836; x_wconf 81' lang='grc' dir='ltr'><strong>τὸ</strong></span> 
     </span>
    </p>
   </div>
   <div class='ocr_carea' id='block_1_196' title="bbox 235 2838 1033 2885">
    <p class='ocr_par' dir='ltr' id='par_1_196' title="bbox 235 2838 1033 2885">
     <span class='ocr_line' id='line_1_198' title="bbox 235 2838 1033 2885; baseline 0.008 -19"><span class='ocrx_word' id='word_1_870' title='bbox 235 2838 481 2885; x_wconf 44' lang='grc' dir='ltr'><strong>ἐῖιξξν-Ξιά-Δαξίἠξι</strong></span> <span class='ocrx_word' id='word_1_871' title='bbox 502 2845 547 2882; x_wconf 64' lang='grc' dir='ltr'>τῷ</span> <span class='ocrx_word' id='word_1_872' title='bbox 567 2844 699 2885; x_wconf 48' lang='grc' dir='ltr'><strong>προφήτου.</strong></span> <span class='ocrx_word' id='word_1_873' title='bbox 710 2863 717 2874; x_wconf 84' lang='grc'>,</span> <span class='ocrx_word' id='word_1_874' title='bbox 731 2842 823 2885; x_wconf 47' lang='grc' dir='ltr'><strong>ὅς’-τώς.</strong></span> <span class='ocrx_word' id='word_1_875' title='bbox 838 2851 900 2870; x_wconf 84' lang='lat' dir='ltr'><strong>tiam</strong></span> <span class='ocrx_word' id='word_1_876' title='bbox 914 2844 942 2871; x_wconf 69' lang='grc' dir='ltr'>ει</span> <span class='ocrx_word' id='word_1_877' title='bbox 962 2838 991 2871; x_wconf 76' lang='grc' dir='ltr'><strong>τὸ</strong></span> <span class='ocrx_word' id='word_1_878' title='bbox 1005 2843 1033 2883; x_wconf 64' lang='grc' dir='ltr'><strong>βπ</strong></span> 
     </span>
    </p>
   </div>
   <div class='ocr_carea' id='block_1_197' title="bbox 1089 2838 1887 2885">
    <p class='ocr_par' dir='ltr' id='par_1_197' title="bbox 1100 2838 1887 2884">
     <span class='ocr_line' id='line_1_199' title="bbox 1100 2838 1887 2884; baseline 0.001 -11"><span class='ocrx_word' id='word_1_879' title='bbox 1100 2838 1233 2878; x_wconf 75' lang='grc' dir='ltr'><strong>ὲιἐστώς,</strong></span> <span class='ocrx_word' id='word_1_880' title='bbox 1247 2845 1364 2873; x_wconf 85' lang='lat' dir='ltr'><strong>refertur</strong></span> <span class='ocrx_word' id='word_1_881' title='bbox 1383 2845 1415 2872; x_wconf 92' lang='lat' dir='ltr'><strong>ad</strong></span> <span class='ocrx_word' id='word_1_882' title='bbox 1435 2844 1592 2882; x_wconf 67' lang='lat' dir='ltr'><strong>praecedens</strong></span> <span class='ocrx_word' id='word_1_883' title='bbox 1611 2838 1887 2884; x_wconf 56' lang='grc' dir='ltr'><strong>βδέλυγμίηθυιέἱιιε</strong></span> 
     </span>
    </p>
   </div>
   <div class='ocr_carea' id='block_1_198' title="bbox 235 2874 824 2915">
    <p class='ocr_par' dir='ltr' id='par_1_198' title="bbox 235 2874 824 2915">
     <span class='ocr_line' id='line_1_200' title="bbox 235 2874 824 2915; baseline 0.014 -16"><span class='ocrx_word' id='word_1_884' title='bbox 235 2874 352 2909; x_wconf 73' lang='lat' dir='ltr'><strong>generis,</strong></span> <span class='ocrx_word' id='word_1_885' title='bbox 369 2875 441 2910; x_wconf 89' lang='lat' dir='ltr'><strong>quod</strong></span> <span class='ocrx_word' id='word_1_886' title='bbox 451 2874 666 2906; x_wconf 71' lang='lat' dir='ltr'><strong>abotttinatt’an&#39;em</strong></span> <span class='ocrx_word' id='word_1_887' title='bbox 678 2877 824 2915; x_wconf 80' lang='lat' dir='ltr'><strong>signiﬁcat.</strong></span> 
     </span>
    </p>
   </div>
  </div>
