  <div class='ocr_page' id='page_1' title='image "/cluster/home/n/w/nwhite01/storage/ocr_20150623/12/uva.x000826551/160.png"; bbox 0 0 3980 6192; ppageno 0'>
   <div class='ocr_carea' id='block_1_1' title="bbox 181 262 276 319">
    <p class='ocr_par' dir='ltr' id='par_1_1' title="bbox 181 262 276 319">
     <span class='ocr_line' id='line_1_1' title="bbox 181 262 276 319; baseline -0.011 0"><span class='ocrx_word' id='word_1_1' title='bbox 181 262 276 319; x_wconf 80' lang='lat'><strong>309</strong></span> 
     </span>
    </p>
   </div>
   <div class='ocr_carea' id='block_1_2' title="bbox 557 373 1368 449">
    <p class='ocr_par' dir='ltr' id='par_1_2' title="bbox 557 373 1368 449">
     <span class='ocr_line' id='line_1_2' title="bbox 557 373 1368 449; baseline 0.009 -8"><span class='ocrx_word' id='word_1_2' title='bbox 557 373 788 444; x_wconf 81' lang='lat' dir='ltr'><strong>CODEX</strong></span> <span class='ocrx_word' id='word_1_3' title='bbox 833 386 1368 449; x_wconf 82' lang='lat' dir='ltr'><strong>VERCELLENSIS.</strong></span> 
     </span>
    </p>
   </div>
   <div class='ocr_carea' id='block_1_3' title="bbox 999 485 1446 543">
    <p class='ocr_par' dir='ltr' id='par_1_3' title="bbox 999 485 1446 543">
     <span class='ocr_line' id='line_1_3' title="bbox 999 485 1446 543; baseline 0.009 -4"><span class='ocrx_word' id='word_1_4' title='bbox 999 485 1053 539; x_wconf 93' lang='lat' dir='ltr'><strong>in</strong></span> <span class='ocrx_word' id='word_1_5' title='bbox 1078 486 1446 543; x_wconf 75' lang='lat' dir='ltr'><strong>occidentem:</strong></span> 
     </span>
    </p>
   </div>
   <div class='ocr_carea' id='block_1_4' title="bbox 997 555 1424 614">
    <p class='ocr_par' dir='ltr' id='par_1_4' title="bbox 997 555 1424 614">
     <span class='ocr_line' id='line_1_4' title="bbox 997 555 1424 614; baseline 0.005 -4"><span class='ocrx_word' id='word_1_6' title='bbox 997 555 1070 610; x_wconf 89' lang='lat' dir='ltr'><strong>ita</strong></span> <span class='ocrx_word' id='word_1_7' title='bbox 1099 556 1205 611; x_wconf 90' lang='lat' dir='ltr'><strong>erit</strong></span> <span class='ocrx_word' id='word_1_8' title='bbox 1224 556 1424 614; x_wconf 81' lang='lat' dir='ltr'><strong>adven-</strong></span> 
     </span>
    </p>
   </div>
   <div class='ocr_carea' id='block_1_5' title="bbox 995 628 1570 690">
    <p class='ocr_par' dir='ltr' id='par_1_5' title="bbox 995 628 1570 690">
     <span class='ocr_line' id='line_1_5' title="bbox 995 628 1570 690; baseline 0.005 -9"><span class='ocrx_word' id='word_1_9' title='bbox 995 635 1080 682; x_wconf 91' lang='lat' dir='ltr'><strong>tus</strong></span> <span class='ocrx_word' id='word_1_10' title='bbox 1114 628 1209 690; x_wconf 79' lang='lat' dir='ltr'><strong>lilii</strong></span> <span class='ocrx_word' id='word_1_11' title='bbox 1237 631 1413 686; x_wconf 88' lang='lat' dir='ltr'><strong>homi—</strong></span> <span class='ocrx_word' id='word_1_12' title='bbox 1563 673 1570 684; x_wconf 87' lang='lat'>,</span> 
     </span>
    </p>
   </div>
   <div class='ocr_carea' id='block_1_6' title="bbox 993 697 1588 758">
    <p class='ocr_par' dir='ltr' id='par_1_6' title="bbox 993 697 1588 758">
     <span class='ocr_line' id='line_1_6' title="bbox 993 697 1588 758; baseline 0.007 -6"><span class='ocrx_word' id='word_1_13' title='bbox 993 697 1086 753; x_wconf 90' lang='lat'><strong>28.</strong></span> <span class='ocrx_word' id='word_1_14' title='bbox 1113 700 1214 754; x_wconf 89' lang='lat' dir='ltr'><strong>nis.</strong></span> <span class='ocrx_word' id='word_1_15' title='bbox 1243 699 1416 758; x_wconf 87' lang='lat' dir='ltr'><strong>Ubic.</strong></span> <span class='ocrx_word' id='word_1_16' title='bbox 1450 743 1463 756; x_wconf 95' lang='lat'><strong>.</strong></span> <span class='ocrx_word' id='word_1_17' title='bbox 1491 741 1505 756; x_wconf 92' lang='lat'><strong>.</strong></span> <span class='ocrx_word' id='word_1_18' title='bbox 1533 745 1588 757; x_wconf 95' lang='lat'><strong>..</strong></span> 
     </span>
    </p>
   </div>
   <div class='ocr_carea' id='block_1_7' title="bbox 996 770 1284 840">
    <p class='ocr_par' dir='ltr' id='par_1_7' title="bbox 996 770 1284 840">
     <span class='ocr_line' id='line_1_7' title="bbox 996 770 1284 840; baseline 0.01 -17"><span class='ocrx_word' id='word_1_19' title='bbox 996 783 1099 840; x_wconf 87' lang='lat' dir='ltr'><strong>que</strong></span> <span class='ocrx_word' id='word_1_20' title='bbox 1127 770 1284 826; x_wconf 80' lang='lat' dir='ltr'><strong>fuerit</strong></span> 
     </span>
    </p>
   </div>
   <div class='ocr_carea' id='block_1_8' title="bbox 183 478 533 534">
    <p class='ocr_par' dir='ltr' id='par_1_8' title="bbox 183 478 533 534">
     <span class='ocr_line' id='line_1_8' title="bbox 183 478 533 534; baseline 0.02 -6"><span class='ocrx_word' id='word_1_21' title='bbox 183 483 297 532; x_wconf 90' lang='lat' dir='ltr'><strong>tunc</strong></span> <span class='ocrx_word' id='word_1_22' title='bbox 317 478 533 534; x_wconf 76' lang='lat' dir='ltr'><strong>tribula-</strong></span> 
     </span>
    </p>
   </div>
   <div class='ocr_carea' id='block_1_9' title="bbox 182 547 631 676">
    <p class='ocr_par' dir='ltr' id='par_1_9' title="bbox 182 547 631 676">
     <span class='ocr_line' id='line_1_9' title="bbox 182 547 631 676; baseline 0.013 -4"><span class='ocrx_word' id='word_1_23' title='bbox 182 547 254 673; x_wconf 73' lang='grc' dir='ltr'><em>ἷὲἓ</em></span> <span class='ocrx_word' id='word_1_24' title='bbox 267 565 485 676; x_wconf 47' lang='lat' dir='ltr'><strong>mihi</strong></span> <span class='ocrx_word' id='word_1_25' title='bbox 499 564 631 622; x_wconf 66' lang='lat' dir='ltr'><strong>q“&quot;</strong></span> 
     </span>
    </p>
   </div>
   <div class='ocr_carea' id='block_1_10' title="bbox 181 690 560 749">
    <p class='ocr_par' dir='ltr' id='par_1_10' title="bbox 181 690 560 749">
     <span class='ocr_line' id='line_1_10' title="bbox 181 690 560 749; baseline 0.016 -7"><span class='ocrx_word' id='word_1_26' title='bbox 181 691 243 742; x_wconf 82' lang='lat' dir='ltr'><strong>ab</strong></span> <span class='ocrx_word' id='word_1_27' title='bbox 269 690 415 746; x_wconf 87' lang='lat' dir='ltr'><strong>initio</strong></span> <span class='ocrx_word' id='word_1_28' title='bbox 441 707 560 749; x_wconf 61' lang='lat' dir='ltr'><strong>sae.</strong></span> 
     </span>
    </p>
   </div>
   <div class='ocr_carea' id='block_1_11' title="bbox 178 761 611 832">
    <p class='ocr_par' dir='ltr' id='par_1_11' title="bbox 178 761 611 832">
     <span class='ocr_line' id='line_1_11' title="bbox 178 761 611 832; baseline 0.009 -16"><span class='ocrx_word' id='word_1_29' title='bbox 178 761 271 816; x_wconf 90' lang='lat' dir='ltr'><strong>culi</strong></span> <span class='ocrx_word' id='word_1_30' title='bbox 298 777 466 832; x_wconf 88' lang='lat' dir='ltr'><strong>usque</strong></span> <span class='ocrx_word' id='word_1_31' title='bbox 493 771 611 820; x_wconf 64' lang='lat' dir='ltr'><strong>mo&#39;o</strong></span> 
     </span>
    </p>
   </div>
   <div class='ocr_carea' id='block_1_12' title="bbox 179 832 1518 910">
    <p class='ocr_par' dir='ltr' id='par_1_12' title="bbox 179 832 1518 910">
     <span class='ocr_line' id='line_1_12' title="bbox 179 832 1518 910; baseline 0.01 -25"><span class='ocrx_word' id='word_1_32' title='bbox 179 832 260 910; x_wconf 69' lang='lat' dir='ltr'><strong>do,</strong></span> <span class='ocrx_word' id='word_1_33' title='bbox 287 836 595 910; x_wconf 24' lang='lat' dir='ltr'><strong>nequ‘eli‘et.</strong></span> <span class='ocrx_word' id='word_1_34' title='bbox 649 908 659 910; x_wconf 19' lang='grc' dir='ltr'><em>ᾼ</em></span> <span class='ocrx_word' id='word_1_35' title='bbox 995 832 1215 910; x_wconf 76' lang='lat' dir='ltr'><strong>corpus,</strong></span> <span class='ocrx_word' id='word_1_36' title='bbox 1247 843 1356 899; x_wconf 90' lang='lat' dir='ltr'><strong>illic</strong></span> <span class='ocrx_word' id='word_1_37' title='bbox 1383 858 1518 901; x_wconf 84' lang='lat' dir='ltr'><strong>con-</strong></span> 
     </span>
    </p>
   </div>
   <div class='ocr_carea' id='block_1_13' title="bbox 180 901 1358 983">
    <p class='ocr_par' dir='ltr' id='par_1_13' title="bbox 180 901 1358 983">
     <span class='ocr_line' id='line_1_13' title="bbox 180 901 1358 983; baseline 0.011 -28"><span class='ocrx_word' id='word_1_38' title='bbox 180 901 258 983; x_wconf 76' lang='lat'><strong>22.</strong></span> <span class='ocrx_word' id='word_1_39' title='bbox 286 903 349 958; x_wconf 84' lang='lat' dir='ltr'><strong>Et</strong></span> <span class='ocrx_word' id='word_1_40' title='bbox 370 901 488 983; x_wconf 73' lang='lat' dir='ltr'><strong>nisi</strong></span> <span class='ocrx_word' id='word_1_41' title='bbox 508 906 727 964; x_wconf 82' lang='lat' dir='ltr'><strong>brevia-</strong></span> <span class='ocrx_word' id='word_1_42' title='bbox 994 901 1358 983; x_wconf 63' lang='lat' dir='ltr'><strong>gre&#39;gabnntur</strong></span> 
     </span>
    </p>
   </div>
   <div class='ocr_carea' id='block_1_14' title="bbox 181 974 1407 1107">
    <p class='ocr_par' dir='ltr' id='par_1_14' title="bbox 181 974 1407 1107">
     <span class='ocr_line' id='line_1_14' title="bbox 181 974 1407 1107; baseline 0.011 -81"><span class='ocrx_word' id='word_1_43' title='bbox 181 974 214 1055; x_wconf 73' lang='lat' dir='ltr'><strong>ti</strong></span> <span class='ocrx_word' id='word_1_44' title='bbox 238 983 412 1056; x_wconf 75' lang='lat' dir='ltr'><strong>essent</strong></span> <span class='ocrx_word' id='word_1_45' title='bbox 434 975 556 1032; x_wconf 84' lang='lat' dir='ltr'><strong>dies</strong></span> <span class='ocrx_word' id='word_1_46' title='bbox 997 974 1322 1107; x_wconf 49' lang='lat' dir='ltr'><strong>gbfaquilae</strong></span> <span class='ocrx_word' id='word_1_47' title='bbox 1350 985 1407 1056; x_wconf 58' lang='lat'><strong>1‘.</strong></span> 
     </span>
     <span class='ocr_line' id='line_1_15' title="bbox 181 1045 1385 1107; baseline 0.007 -9"><span class='ocrx_word' id='word_1_48' title='bbox 181 1045 269 1107; x_wconf 84' lang='lat' dir='ltr'><strong>IIII,</strong></span> <span class='ocrx_word' id='word_1_49' title='bbox 294 1062 398 1101; x_wconf 89' lang='lat' dir='ltr'><strong>non</strong></span> <span class='ocrx_word' id='word_1_50' title='bbox 420 1057 567 1104; x_wconf 86' lang='lat' dir='ltr'><strong>esset</strong></span> <span class='ocrx_word' id='word_1_51' title='bbox 1035 1052 1086 1107; x_wconf 89' lang='lat'><strong>9.</strong></span> <span class='ocrx_word' id='word_1_52' title='bbox 1120 1054 1214 1107; x_wconf 88' lang='lat' dir='ltr'><strong>Sta</strong></span> <span class='ocrx_word' id='word_1_53' title='bbox 1256 1095 1271 1107; x_wconf 89' lang='lat'><strong>.</strong></span> <span class='ocrx_word' id='word_1_54' title='bbox 1315 1096 1329 1107; x_wconf 94' lang='lat'><strong>.</strong></span> <span class='ocrx_word' id='word_1_55' title='bbox 1375 1099 1385 1107; x_wconf 93' lang='lat'><strong>.</strong></span> 
     </span>
    </p>
   </div>
   <div class='ocr_carea' id='block_1_15' title="bbox 179 1045 1687 1114">
    <p class='ocr_par' dir='ltr' id='par_1_15' title="bbox 179 1045 1687 1114">
     <span class='ocr_line' id='line_1_16' title="bbox 179 1045 1687 1114; baseline 0.011 -16"><span class='ocrx_word' id='word_1_56' title='bbox 179 1045 269 1110; x_wconf 91' lang='lat' dir='ltr'><strong>illi,</strong></span> <span class='ocrx_word' id='word_1_57' title='bbox 294 1062 398 1101; x_wconf 89' lang='lat' dir='ltr'><strong>non</strong></span> <span class='ocrx_word' id='word_1_58' title='bbox 420 1057 567 1104; x_wconf 86' lang='lat' dir='ltr'><strong>esset</strong></span> <span class='ocrx_word' id='word_1_59' title='bbox 997 1045 1086 1107; x_wconf 77' lang='lat'><strong>29.</strong></span> <span class='ocrx_word' id='word_1_60' title='bbox 1120 1045 1214 1110; x_wconf 82' lang='lat' dir='ltr'><strong>Sla</strong></span> <span class='ocrx_word' id='word_1_61' title='bbox 1256 1095 1271 1110; x_wconf 94' lang='lat'><strong>.</strong></span> <span class='ocrx_word' id='word_1_62' title='bbox 1315 1096 1329 1110; x_wconf 95' lang='lat'><strong>.</strong></span> <span class='ocrx_word' id='word_1_63' title='bbox 1363 1045 1385 1110; x_wconf 81' lang='grc'><strong>’.</strong></span> <span class='ocrx_word' id='word_1_64' title='bbox 1433 1097 1447 1111; x_wconf 93' lang='grc'><strong>.</strong></span> <span class='ocrx_word' id='word_1_65' title='bbox 1493 1099 1508 1112; x_wconf 94' lang='grc'><strong>.</strong></span> <span class='ocrx_word' id='word_1_66' title='bbox 1552 1098 1566 1113; x_wconf 93' lang='grc'><strong>.</strong></span> <span class='ocrx_word' id='word_1_67' title='bbox 1613 1098 1626 1113; x_wconf 93' lang='grc'><strong>.</strong></span> <span class='ocrx_word' id='word_1_68' title='bbox 1671 1097 1687 1114; x_wconf 91' lang='grc'><strong>.</strong></span> 
     </span>
    </p>
   </div>
   <div class='ocr_carea' id='block_1_16' title="bbox 177 1119 1235 1194">
    <p class='ocr_par' dir='ltr' id='par_1_16' title="bbox 177 1119 1235 1194">
     <span class='ocr_line' id='line_1_17' title="bbox 177 1119 1235 1194; baseline 0.008 -24"><span class='ocrx_word' id='word_1_69' title='bbox 177 1119 310 1170; x_wconf 81' lang='lat' dir='ltr'><strong>salva</strong></span> <span class='ocrx_word' id='word_1_70' title='bbox 338 1120 514 1194; x_wconf 84' lang='lat' dir='ltr'><strong>omnis</strong></span> <span class='ocrx_word' id='word_1_71' title='bbox 997 1133 1120 1194; x_wconf 89' lang='lat' dir='ltr'><strong>post</strong></span> <span class='ocrx_word' id='word_1_72' title='bbox 1164 1165 1176 1180; x_wconf 93' lang='lat'><strong>.</strong></span> <span class='ocrx_word' id='word_1_73' title='bbox 1223 1165 1235 1178; x_wconf 93' lang='lat'><strong>.</strong></span> 
     </span>
    </p>
   </div>
   <div class='ocr_carea' id='block_1_17' title="bbox 177 1190 646 1262">
    <p class='ocr_par' dir='ltr' id='par_1_17' title="bbox 177 1190 646 1262">
     <span class='ocr_line' id='line_1_18' title="bbox 177 1190 646 1262; baseline 0.011 -20"><span class='ocrx_word' id='word_1_74' title='bbox 177 1201 326 1262; x_wconf 73' lang='lat' dir='ltr'><strong>caro;</strong></span> <span class='ocrx_word' id='word_1_75' title='bbox 355 1190 450 1244; x_wconf 90' lang='lat' dir='ltr'><strong>sed</strong></span> <span class='ocrx_word' id='word_1_76' title='bbox 485 1204 646 1262; x_wconf 90' lang='lat' dir='ltr'><strong>prop-</strong></span> 
     </span>
    </p>
   </div>
   <div class='ocr_carea' id='block_1_18' title="bbox 178 1260 470 1315">
    <p class='ocr_par' dir='ltr' id='par_1_18' title="bbox 178 1260 470 1315">
     <span class='ocr_line' id='line_1_19' title="bbox 178 1260 470 1315; baseline 0.014 -4"><span class='ocrx_word' id='word_1_77' title='bbox 178 1268 251 1312; x_wconf 83' lang='lat' dir='ltr'><strong>ter</strong></span> <span class='ocrx_word' id='word_1_78' title='bbox 273 1260 470 1315; x_wconf 91' lang='lat' dir='ltr'><strong>electos</strong></span> 
     </span>
    </p>
   </div>
   <div class='ocr_carea' id='block_1_19' title="bbox 175 1329 518 1386">
    <p class='ocr_par' dir='ltr' id='par_1_19' title="bbox 175 1329 518 1386">
     <span class='ocr_line' id='line_1_20' title="bbox 175 1329 518 1386; baseline 0.015 -4"><span class='ocrx_word' id='word_1_79' title='bbox 175 1329 518 1386; x_wconf 82' lang='lat' dir='ltr'><strong>braeviabun-</strong></span> 
     </span>
    </p>
   </div>
   <div class='ocr_carea' id='block_1_20' title="bbox 173 1401 521 1458">
    <p class='ocr_par' dir='ltr' id='par_1_20' title="bbox 173 1401 521 1458">
     <span class='ocr_line' id='line_1_21' title="bbox 173 1401 521 1458; baseline 0.006 -4"><span class='ocrx_word' id='word_1_80' title='bbox 173 1409 255 1454; x_wconf 87' lang='lat' dir='ltr'><strong>tur</strong></span> <span class='ocrx_word' id='word_1_81' title='bbox 283 1401 395 1456; x_wconf 89' lang='lat' dir='ltr'><strong>dies</strong></span> <span class='ocrx_word' id='word_1_82' title='bbox 423 1403 521 1458; x_wconf 87' lang='lat' dir='ltr'><strong>illi.</strong></span> 
     </span>
    </p>
   </div>
   <div class='ocr_carea' id='block_1_21' title="bbox 173 1471 782 1544">
    <p class='ocr_par' dir='ltr' id='par_1_21' title="bbox 173 1471 782 1544">
     <span class='ocr_line' id='line_1_22' title="bbox 173 1471 782 1544; baseline 0.016 -19"><span class='ocrx_word' id='word_1_83' title='bbox 173 1471 254 1544; x_wconf 75' lang='lat'><strong>23.</strong></span> <span class='ocrx_word' id='word_1_84' title='bbox 283 1472 432 1529; x_wconf 83' lang='lat' dir='ltr'><strong>Tunc</strong></span> <span class='ocrx_word' id='word_1_85' title='bbox 459 1475 506 1528; x_wconf 84' lang='lat' dir='ltr'><strong>si</strong></span> <span class='ocrx_word' id='word_1_86' title='bbox 536 1475 659 1544; x_wconf 85' lang='lat' dir='ltr'><strong>quis</strong></span> <span class='ocrx_word' id='word_1_87' title='bbox 683 1491 782 1535; x_wconf 83' lang='lat' dir='ltr'><strong>vo-</strong></span> 
     </span>
    </p>
   </div>
   <div class='ocr_carea' id='block_1_22' title="bbox 170 1543 637 1602">
    <p class='ocr_par' dir='ltr' id='par_1_22' title="bbox 170 1543 637 1602">
     <span class='ocr_line' id='line_1_23' title="bbox 170 1543 637 1602; baseline 0.011 -5"><span class='ocrx_word' id='word_1_88' title='bbox 170 1543 247 1598; x_wconf 86' lang='lat' dir='ltr'><strong>bis</strong></span> <span class='ocrx_word' id='word_1_89' title='bbox 274 1544 470 1599; x_wconf 90' lang='lat' dir='ltr'><strong>dixerit</strong></span> <span class='ocrx_word' id='word_1_90' title='bbox 491 1563 504 1600; x_wconf 93' lang='lat'><strong>:</strong></span> <span class='ocrx_word' id='word_1_91' title='bbox 538 1547 637 1602; x_wconf 81' lang='lat' dir='ltr'><strong>Eo-</strong></span> 
     </span>
    </p>
   </div>
   <div class='ocr_carea' id='block_1_23' title="bbox 169 1614 926 1693">
    <p class='ocr_par' dir='ltr' id='par_1_23' title="bbox 169 1614 926 1693">
     <span class='ocr_line' id='line_1_24' title="bbox 169 1614 926 1693; baseline 0.016 -26"><span class='ocrx_word' id='word_1_92' title='bbox 169 1629 228 1669; x_wconf 88' lang='lat' dir='ltr'><strong>ce</strong></span> <span class='ocrx_word' id='word_1_93' title='bbox 253 1614 438 1693; x_wconf 51' lang='lat' dir='ltr'><strong>bigla)</strong></span> <span class='ocrx_word' id='word_1_94' title='bbox 470 1616 721 1676; x_wconf 75' lang='lat' dir='ltr'><strong>Christus</strong></span> <span class='ocrx_word' id='word_1_95' title='bbox 743 1621 814 1693; x_wconf 69' lang='grc' dir='ltr'><strong>τ,</strong></span> <span class='ocrx_word' id='word_1_96' title='bbox 832 1631 926 1679; x_wconf 85' lang='lat' dir='ltr'><strong>aut</strong></span> 
     </span>
    </p>
   </div>
   <div class='ocr_carea' id='block_1_24' title="bbox 169 1687 593 1744">
    <p class='ocr_par' dir='ltr' id='par_1_24' title="bbox 169 1687 593 1744">
     <span class='ocr_line' id='line_1_25' title="bbox 169 1687 593 1744; baseline 0.012 -4"><span class='ocrx_word' id='word_1_97' title='bbox 169 1701 288 1742; x_wconf 87' lang='lat' dir='ltr'><strong>ecce</strong></span> <span class='ocrx_word' id='word_1_98' title='bbox 315 1687 452 1741; x_wconf 90' lang='lat' dir='ltr'><strong>illic:</strong></span> <span class='ocrx_word' id='word_1_99' title='bbox 491 1704 593 1744; x_wconf 88' lang='lat' dir='ltr'><strong>no-</strong></span> 
     </span>
    </p>
   </div>
   <div class='ocr_carea' id='block_1_25' title="bbox 171 1757 524 1814">
    <p class='ocr_par' dir='ltr' id='par_1_25' title="bbox 171 1757 524 1814">
     <span class='ocr_line' id='line_1_26' title="bbox 171 1757 524 1814; baseline 0.011 -4"><span class='ocrx_word' id='word_1_100' title='bbox 171 1757 256 1811; x_wconf 87' lang='lat' dir='ltr'><strong>lite</strong></span> <span class='ocrx_word' id='word_1_101' title='bbox 280 1759 524 1814; x_wconf 82' lang='lat' dir='ltr'><strong>credere.</strong></span> 
     </span>
    </p>
   </div>
   <div class='ocr_carea' id='block_1_26' title="bbox 165 1827 563 1900">
    <p class='ocr_par' dir='ltr' id='par_1_26' title="bbox 165 1827 563 1900">
     <span class='ocr_line' id='line_1_27' title="bbox 165 1827 563 1900; baseline 0.01 -18"><span class='ocrx_word' id='word_1_102' title='bbox 165 1827 248 1900; x_wconf 63' lang='lat'><strong>24.</strong></span> <span class='ocrx_word' id='word_1_103' title='bbox 283 1827 563 1900; x_wconf 75' lang='lat' dir='ltr'><strong>Exurgent</strong></span> 
     </span>
    </p>
   </div>
   <div class='ocr_carea' id='block_1_27' title="bbox 1285 1127 1556 1184">
    <p class='ocr_par' dir='ltr' id='par_1_27' title="bbox 1285 1127 1556 1184">
     <span class='ocr_line' id='line_1_28' title="bbox 1285 1127 1556 1184; baseline 0.018 -4"><span class='ocrx_word' id='word_1_104' title='bbox 1285 1167 1298 1180; x_wconf 92' lang='lat'><strong>.</strong></span> <span class='ocrx_word' id='word_1_105' title='bbox 1346 1169 1357 1181; x_wconf 94' lang='lat'><strong>.</strong></span> <span class='ocrx_word' id='word_1_106' title='bbox 1399 1127 1556 1184; x_wconf 84' lang='lat' dir='ltr'><strong>bula-</strong></span> 
     </span>
    </p>
   </div>
   <div class='ocr_carea' id='block_1_28' title="bbox 997 1196 1343 1254">
    <p class='ocr_par' dir='ltr' id='par_1_28' title="bbox 997 1196 1343 1254">
     <span class='ocr_line' id='line_1_29' title="bbox 997 1196 1343 1254; baseline 0.017 -6"><span class='ocrx_word' id='word_1_107' title='bbox 997 1196 1198 1252; x_wconf 91' lang='lat' dir='ltr'><strong>tionem</strong></span> <span class='ocrx_word' id='word_1_108' title='bbox 1230 1197 1343 1254; x_wconf 88' lang='lat' dir='ltr'><strong>die-</strong></span> 
     </span>
    </p>
   </div>
   <div class='ocr_carea' id='block_1_29' title="bbox 996 1269 1379 1336">
    <p class='ocr_par' dir='ltr' id='par_1_29' title="bbox 996 1269 1379 1336">
     <span class='ocr_line' id='line_1_30' title="bbox 996 1269 1379 1336; baseline 0.008 -15"><span class='ocrx_word' id='word_1_109' title='bbox 996 1281 1115 1321; x_wconf 89' lang='lat' dir='ltr'><strong>rum</strong></span> <span class='ocrx_word' id='word_1_110' title='bbox 1144 1269 1379 1336; x_wconf 91' lang='lat' dir='ltr'><strong>illorum,</strong></span> 
     </span>
    </p>
   </div>
   <div class='ocr_carea' id='block_1_30' title="bbox 1001 1339 1374 1396">
    <p class='ocr_par' dir='ltr' id='par_1_30' title="bbox 1001 1339 1374 1396">
     <span class='ocr_line' id='line_1_31' title="bbox 1001 1339 1374 1396; baseline 0.013 -5"><span class='ocrx_word' id='word_1_111' title='bbox 1001 1339 1083 1392; x_wconf 93' lang='lat' dir='ltr'><strong>sol</strong></span> <span class='ocrx_word' id='word_1_112' title='bbox 1115 1339 1374 1396; x_wconf 87' lang='lat' dir='ltr'><strong>obscura-</strong></span> 
     </span>
    </p>
   </div>
   <div class='ocr_carea' id='block_1_31' title="bbox 1000 1407 1405 1472">
    <p class='ocr_par' dir='ltr' id='par_1_31' title="bbox 1000 1407 1405 1472">
     <span class='ocr_line' id='line_1_32' title="bbox 1000 1407 1405 1472; baseline 0.012 -10"><span class='ocrx_word' id='word_1_113' title='bbox 1000 1407 1164 1472; x_wconf 89' lang='lat' dir='ltr'><strong>bitnr,</strong></span> <span class='ocrx_word' id='word_1_114' title='bbox 1194 1419 1250 1466; x_wconf 90' lang='lat' dir='ltr'><strong>et</strong></span> <span class='ocrx_word' id='word_1_115' title='bbox 1279 1411 1405 1467; x_wconf 84' lang='lat' dir='ltr'><strong>luna</strong></span> 
     </span>
    </p>
   </div>
   <div class='ocr_carea' id='block_1_32' title="bbox 998 1481 1389 1538">
    <p class='ocr_par' dir='ltr' id='par_1_32' title="bbox 998 1481 1389 1538">
     <span class='ocr_line' id='line_1_33' title="bbox 998 1481 1389 1538; baseline 0.015 -5"><span class='ocrx_word' id='word_1_116' title='bbox 998 1494 1104 1534; x_wconf 89' lang='lat' dir='ltr'><strong>non</strong></span> <span class='ocrx_word' id='word_1_117' title='bbox 1135 1481 1281 1536; x_wconf 92' lang='lat' dir='ltr'><strong>dabit</strong></span> <span class='ocrx_word' id='word_1_118' title='bbox 1309 1484 1389 1538; x_wconf 86' lang='lat' dir='ltr'><strong>lu-</strong></span> 
     </span>
    </p>
   </div>
   <div class='ocr_carea' id='block_1_33' title="bbox 996 1566 1328 1620">
    <p class='ocr_par' dir='ltr' id='par_1_33' title="bbox 996 1566 1328 1620">
     <span class='ocr_line' id='line_1_34' title="bbox 996 1566 1328 1620; baseline 0.006 -16"><span class='ocrx_word' id='word_1_119' title='bbox 996 1566 1120 1606; x_wconf 88' lang='lat' dir='ltr'><strong>men</strong></span> <span class='ocrx_word' id='word_1_120' title='bbox 1147 1567 1328 1620; x_wconf 92' lang='lat' dir='ltr'><strong>suum,</strong></span> 
     </span>
    </p>
   </div>
   <div class='ocr_carea' id='block_1_34' title="bbox 996 1624 1396 1682">
    <p class='ocr_par' dir='ltr' id='par_1_34' title="bbox 996 1624 1396 1682">
     <span class='ocr_line' id='line_1_35' title="bbox 996 1624 1396 1682; baseline 0.005 -5"><span class='ocrx_word' id='word_1_121' title='bbox 996 1630 1052 1677; x_wconf 93' lang='lat' dir='ltr'><strong>et</strong></span> <span class='ocrx_word' id='word_1_122' title='bbox 1079 1624 1200 1676; x_wconf 89' lang='lat' dir='ltr'><strong>stell</strong></span> <span class='ocrx_word' id='word_1_123' title='bbox 1229 1664 1240 1676; x_wconf 93' lang='lat'><strong>.</strong></span> <span class='ocrx_word' id='word_1_124' title='bbox 1271 1665 1284 1678; x_wconf 94' lang='lat'><strong>.</strong></span> <span class='ocrx_word' id='word_1_125' title='bbox 1313 1639 1396 1682; x_wconf 55' lang='lat' dir='ltr'><strong>cae</strong></span> 
     </span>
    </p>
   </div>
   <div class='ocr_carea' id='block_1_35' title="bbox 996 1692 1383 1752">
    <p class='ocr_par' dir='ltr' id='par_1_35' title="bbox 996 1692 1383 1752">
     <span class='ocr_line' id='line_1_36' title="bbox 996 1692 1383 1752; baseline 0.013 -5"><span class='ocrx_word' id='word_1_126' title='bbox 996 1692 1126 1748; x_wconf 82' lang='lat' dir='ltr'><strong>dent</strong></span> <span class='ocrx_word' id='word_1_127' title='bbox 1153 1694 1221 1748; x_wconf 88' lang='lat' dir='ltr'><strong>de</strong></span> <span class='ocrx_word' id='word_1_128' title='bbox 1258 1709 1383 1752; x_wconf 88' lang='lat' dir='ltr'><strong>cae-</strong></span> 
     </span>
    </p>
   </div>
   <div class='ocr_carea' id='block_1_36' title="bbox 997 1764 1344 1834">
    <p class='ocr_par' dir='ltr' id='par_1_36' title="bbox 997 1764 1344 1834">
     <span class='ocr_line' id='line_1_37' title="bbox 997 1764 1344 1834; baseline 0.009 -15"><span class='ocrx_word' id='word_1_129' title='bbox 997 1764 1074 1834; x_wconf 90' lang='lat' dir='ltr'><strong>lo,</strong></span> <span class='ocrx_word' id='word_1_130' title='bbox 1099 1775 1152 1820; x_wconf 90' lang='lat' dir='ltr'><strong>et</strong></span> <span class='ocrx_word' id='word_1_131' title='bbox 1171 1765 1344 1822; x_wconf 86' lang='lat' dir='ltr'><strong>virtu-</strong></span> 
     </span>
    </p>
   </div>
   <div class='ocr_carea' id='block_1_37' title="bbox 167 1898 1592 1983">
    <p class='ocr_par' dir='ltr' id='par_1_37' title="bbox 167 1898 1592 1983">
     <span class='ocr_line' id='line_1_38' title="bbox 167 1898 1592 1983; baseline 0.008 -31"><span class='ocrx_word' id='word_1_132' title='bbox 167 1898 563 1983; x_wconf 74' lang='lat' dir='ltr'><strong>enimpseudo-</strong></span> <span class='ocrx_word' id='word_1_133' title='bbox 626 1972 643 1983; x_wconf 43' lang='lat'><em>.</em></span> <span class='ocrx_word' id='word_1_134' title='bbox 999 1947 1014 1983; x_wconf 54' lang='grc' dir='ltr'><em>ε</em></span> <span class='ocrx_word' id='word_1_135' title='bbox 1098 1947 1110 1960; x_wconf 95' lang='grc'><strong>.</strong></span> <span class='ocrx_word' id='word_1_136' title='bbox 1193 1948 1208 1962; x_wconf 93' lang='grc'><strong>.</strong></span> <span class='ocrx_word' id='word_1_137' title='bbox 1289 1946 1303 1961; x_wconf 95' lang='grc'><strong>.</strong></span> <span class='ocrx_word' id='word_1_138' title='bbox 1384 1951 1396 1962; x_wconf 95' lang='grc'><strong>.</strong></span> <span class='ocrx_word' id='word_1_139' title='bbox 1481 1951 1494 1964; x_wconf 94' lang='grc'><strong>.</strong></span> <span class='ocrx_word' id='word_1_140' title='bbox 1577 1949 1592 1965; x_wconf 92' lang='grc'><strong>.</strong></span> 
     </span>
    </p>
   </div>
   <div class='ocr_carea' id='block_1_38' title="bbox 166 1971 1547 2041">
    <p class='ocr_par' dir='ltr' id='par_1_38' title="bbox 166 1971 1547 2041">
     <span class='ocr_line' id='line_1_39' title="bbox 166 1971 1547 2041; baseline 0.009 -18"><span class='ocrx_word' id='word_1_141' title='bbox 166 1971 368 2035; x_wconf 88' lang='lat' dir='ltr'><strong>cbristi,</strong></span> <span class='ocrx_word' id='word_1_142' title='bbox 393 1982 447 2028; x_wconf 91' lang='lat' dir='ltr'><strong>et</strong></span> <span class='ocrx_word' id='word_1_143' title='bbox 480 1972 710 2041; x_wconf 85' lang='lat' dir='ltr'><strong>pseudo-</strong></span> <span class='ocrx_word' id='word_1_144' title='bbox 998 1977 1132 2033; x_wconf 90' lang='lat' dir='ltr'><strong>bunt</strong></span> <span class='ocrx_word' id='word_1_145' title='bbox 1176 2019 1189 2032; x_wconf 94' lang='lat'><strong>.</strong></span> <span class='ocrx_word' id='word_1_146' title='bbox 1235 2019 1246 2031; x_wconf 95' lang='lat'><strong>.</strong></span> <span class='ocrx_word' id='word_1_147' title='bbox 1294 2017 1307 2031; x_wconf 92' lang='lat'><strong>.</strong></span> <span class='ocrx_word' id='word_1_148' title='bbox 1356 2022 1369 2033; x_wconf 94' lang='lat'><strong>.</strong></span> <span class='ocrx_word' id='word_1_149' title='bbox 1416 2021 1429 2034; x_wconf 94' lang='lat'><strong>.</strong></span> <span class='ocrx_word' id='word_1_150' title='bbox 1475 2020 1489 2034; x_wconf 95' lang='lat'><strong>.</strong></span> <span class='ocrx_word' id='word_1_151' title='bbox 1531 2022 1547 2036; x_wconf 90' lang='lat'><strong>.</strong></span> 
     </span>
    </p>
   </div>
   <div class='ocr_carea' id='block_1_39' title="bbox 170 2041 1432 2121">
    <p class='ocr_par' dir='ltr' id='par_1_39' title="bbox 170 2041 1432 2121">
     <span class='ocr_line' id='line_1_40' title="bbox 170 2041 1432 2121; baseline 0.01 -27"><span class='ocrx_word' id='word_1_152' title='bbox 170 2041 401 2121; x_wconf 80' lang='lat' dir='ltr'><strong>proletae</strong></span> <span class='ocrx_word' id='word_1_153' title='bbox 422 2062 436 2098; x_wconf 91' lang='lat'><strong>:</strong></span> <span class='ocrx_word' id='word_1_154' title='bbox 459 2053 514 2099; x_wconf 87' lang='lat' dir='ltr'><strong>et</strong></span> <span class='ocrx_word' id='word_1_155' title='bbox 539 2045 639 2101; x_wconf 89' lang='lat' dir='ltr'><strong>da-</strong></span> <span class='ocrx_word' id='word_1_156' title='bbox 996 2049 1086 2121; x_wconf 76' lang='lat'><strong>30.</strong></span> <span class='ocrx_word' id='word_1_157' title='bbox 1119 2059 1247 2106; x_wconf 90' lang='lat' dir='ltr'><strong>tunc</strong></span> <span class='ocrx_word' id='word_1_158' title='bbox 1271 2065 1432 2121; x_wconf 88' lang='lat' dir='ltr'><strong>pare-</strong></span> 
     </span>
    </p>
   </div>
   <div class='ocr_carea' id='block_1_40' title="bbox 168 2113 1457 2190">
    <p class='ocr_par' dir='ltr' id='par_1_40' title="bbox 168 2113 1457 2190">
     <span class='ocr_line' id='line_1_41' title="bbox 168 2113 1457 2190; baseline 0.008 -23"><span class='ocrx_word' id='word_1_159' title='bbox 168 2113 294 2167; x_wconf 93' lang='lat' dir='ltr'><strong>bunt</strong></span> <span class='ocrx_word' id='word_1_160' title='bbox 314 2114 466 2185; x_wconf 75' lang='lat' dir='ltr'><strong>signa</strong></span> <span class='ocrx_word' id='word_1_161' title='bbox 1001 2120 1082 2176; x_wconf 88' lang='lat' dir='ltr'><strong>bit</strong></span> <span class='ocrx_word' id='word_1_162' title='bbox 1122 2162 1135 2174; x_wconf 95' lang='lat'><strong>.</strong></span> <span class='ocrx_word' id='word_1_163' title='bbox 1179 2157 1194 2174; x_wconf 91' lang='lat'><strong>.</strong></span> <span class='ocrx_word' id='word_1_164' title='bbox 1239 2113 1457 2190; x_wconf 39' lang='lat' dir='ltr'><strong>fgnum</strong></span> 
     </span>
    </p>
   </div>
   <div class='ocr_carea' id='block_1_41' title="bbox 166 2191 1477 2320">
    <p class='ocr_par' dir='ltr' id='par_1_41' title="bbox 166 2191 1477 2320">
     <span class='ocr_line' id='line_1_42' title="bbox 166 2191 1369 2258; baseline 0.007 -21"><span class='ocrx_word' id='word_1_165' title='bbox 166 2198 319 2254; x_wconf 77' lang='lat' dir='ltr'><strong>magn</strong></span> <span class='ocrx_word' id='word_1_166' title='bbox 343 2224 358 2238; x_wconf 95' lang='lat'><strong>.</strong></span> <span class='ocrx_word' id='word_1_167' title='bbox 375 2222 390 2237; x_wconf 95' lang='lat'><strong>.</strong></span> <span class='ocrx_word' id='word_1_168' title='bbox 415 2227 431 2251; x_wconf 93' lang='lat'><strong>,</strong></span> <span class='ocrx_word' id='word_1_169' title='bbox 456 2195 510 2242; x_wconf 90' lang='lat' dir='ltr'><strong>et</strong></span> <span class='ocrx_word' id='word_1_170' title='bbox 536 2202 635 2258; x_wconf 92' lang='lat' dir='ltr'><strong>pro</strong></span> <span class='ocrx_word' id='word_1_171' title='bbox 1003 2191 1102 2247; x_wconf 85' lang='lat' dir='ltr'><strong>lilii</strong></span> <span class='ocrx_word' id='word_1_172' title='bbox 1135 2191 1369 2248; x_wconf 87' lang='lat' dir='ltr'><strong>hominis</strong></span> 
     </span>
     <span class='ocr_line' id='line_1_43' title="bbox 167 2254 1477 2320; baseline 0.01 -12"><span class='ocrx_word' id='word_1_173' title='bbox 167 2254 543 2313; x_wconf 90' lang='lat' dir='ltr'><strong>d.......ut</strong></span> <span class='ocrx_word' id='word_1_174' title='bbox 1006 2263 1477 2320; x_wconf 75' lang='lat' dir='ltr'><strong>incaelozetnla</strong></span> 
     </span>
    </p>
   </div>
   <div class='ocr_carea' id='block_1_42' title="bbox 223 2279 1502 2319">
    <p class='ocr_par' dir='ltr' id='par_1_42' title="bbox 223 2279 1502 2319">
     <span class='ocr_line' id='line_1_44' title="bbox 223 2279 1502 2319; baseline 0.01 -12"><span class='ocrx_word' id='word_1_175' title='bbox 223 2279 543 2313; x_wconf 85' lang='grc' dir='ltr'><strong>.......υι</strong></span> <span class='ocrx_word' id='word_1_176' title='bbox 1006 2279 1502 2319; x_wconf 77' lang='lat' dir='ltr'><strong>incaelozetnta-</strong></span> 
     </span>
    </p>
   </div>
   <div class='ocr_carea' id='block_1_43' title="bbox 171 2279 1487 2411">
    <p class='ocr_par' dir='ltr' id='par_1_43' title="bbox 171 2279 1487 2411">
     <span class='ocr_line' id='line_1_45' title="bbox 171 2279 1477 2335; baseline 0.009 -27"><span class='ocrx_word' id='word_1_177' title='bbox 171 2279 543 2313; x_wconf 77' lang='lat' dir='ltr'><strong>u.......ut</strong></span> <span class='ocrx_word' id='word_1_178' title='bbox 1006 2279 1477 2335; x_wconf 78' lang='lat' dir='ltr'><strong>incaeiozetpta</strong></span> 
     </span>
     <span class='ocr_line' id='line_1_46' title="bbox 171 2325 1487 2411; baseline 0.01 -32"><span class='ocrx_word' id='word_1_179' title='bbox 171 2325 567 2411; x_wconf 81' lang='lat' dir='ltr'><strong>in....._ndu-</strong></span> <span class='ocrx_word' id='word_1_180' title='bbox 1006 2372 1022 2388; x_wconf 93' lang='lat'><strong>.</strong></span> <span class='ocrx_word' id='word_1_181' title='bbox 1071 2344 1487 2411; x_wconf 79' lang='lat' dir='ltr'><strong>..ntsetunc</strong></span> 
     </span>
    </p>
   </div>
   <div class='ocr_carea' id='block_1_44' title="bbox 169 2408 1443 2558">
    <p class='ocr_par' dir='ltr' id='par_1_44' title="bbox 169 2408 1443 2558">
     <span class='ocr_line' id='line_1_47' title="bbox 173 2408 1405 2461; baseline 0.008 -10"><span class='ocrx_word' id='word_1_182' title='bbox 173 2408 546 2454; x_wconf 79' lang='lat' dir='ltr'><strong>......etiam</strong></span> <span class='ocrx_word' id='word_1_183' title='bbox 1006 2444 1021 2458; x_wconf 94' lang='lat'><strong>.</strong></span> <span class='ocrx_word' id='word_1_184' title='bbox 1068 2444 1081 2458; x_wconf 93' lang='lat'><strong>.</strong></span> <span class='ocrx_word' id='word_1_185' title='bbox 1128 2443 1142 2457; x_wconf 94' lang='lat'><strong>.</strong></span> <span class='ocrx_word' id='word_1_186' title='bbox 1185 2408 1405 2461; x_wconf 64' lang='lat' dir='ltr'><strong>nestrl—</strong></span> 
     </span>
     <span class='ocr_line' id='line_1_48' title="bbox 169 2468 1443 2558; baseline 0.009 -36"><span class='ocrx_word' id='word_1_187' title='bbox 169 2468 254 2523; x_wconf 84' lang='lat'><strong>25.</strong></span> <span class='ocrx_word' id='word_1_188' title='bbox 282 2508 409 2558; x_wconf 39' lang='grc' dir='ltr'><strong>,ἓξ</strong></span> <span class='ocrx_word' id='word_1_189' title='bbox 429 2471 648 2558; x_wconf 82' lang='lat' dir='ltr'><strong>Ecce</strong></span> <span class='ocrx_word' id='word_1_190' title='bbox 1004 2475 1104 2558; x_wconf 72' lang='lat' dir='ltr'><strong>bus</strong></span> <span class='ocrx_word' id='word_1_191' title='bbox 1129 2485 1354 2558; x_wconf 67' lang='lat' dir='ltr'><strong>terrae:</strong></span> <span class='ocrx_word' id='word_1_192' title='bbox 1387 2487 1443 2535; x_wconf 90' lang='lat' dir='ltr'><strong>et</strong></span> 
     </span>
    </p>
   </div>
   <div class='ocr_carea' id='block_1_45' title="bbox 172 2539 1349 2608">
    <p class='ocr_par' dir='ltr' id='par_1_45' title="bbox 172 2539 1349 2608">
     <span class='ocr_line' id='line_1_49' title="bbox 172 2539 1349 2608; baseline 0.008 -16"><span class='ocrx_word' id='word_1_193' title='bbox 172 2539 408 2608; x_wconf 83' lang='lat' dir='ltr'><strong>praedixi</strong></span> <span class='ocrx_word' id='word_1_194' title='bbox 433 2557 518 2597; x_wconf 86' lang='lat' dir='ltr'><strong>vo-</strong></span> <span class='ocrx_word' id='word_1_195' title='bbox 1001 2546 1259 2602; x_wconf 89' lang='lat' dir='ltr'><strong>videbunt</strong></span> <span class='ocrx_word' id='word_1_196' title='bbox 1287 2546 1349 2602; x_wconf 85' lang='lat' dir='ltr'><strong>ll-</strong></span> 
     </span>
    </p>
   </div>
   <div class='ocr_carea' id='block_1_46' title="bbox 169 2610 1330 2674">
    <p class='ocr_par' dir='ltr' id='par_1_46' title="bbox 169 2610 1330 2674">
     <span class='ocr_line' id='line_1_50' title="bbox 169 2610 1330 2674; baseline 0.009 -11"><span class='ocrx_word' id='word_1_197' title='bbox 169 2610 254 2665; x_wconf 78' lang='lat'><strong>26.</strong></span> <span class='ocrx_word' id='word_1_198' title='bbox 283 2610 389 2665; x_wconf 91' lang='lat' dir='ltr'><strong>bis.</strong></span> <span class='ocrx_word' id='word_1_199' title='bbox 421 2612 478 2669; x_wconf 91' lang='lat' dir='ltr'><strong>Si</strong></span> <span class='ocrx_word' id='word_1_200' title='bbox 503 2623 684 2671; x_wconf 83' lang='lat' dir='ltr'><strong>autem</strong></span> <span class='ocrx_word' id='word_1_201' title='bbox 1000 2617 1132 2672; x_wconf 90' lang='lat' dir='ltr'><strong>lium</strong></span> <span class='ocrx_word' id='word_1_202' title='bbox 1155 2616 1330 2674; x_wconf 84' lang='lat' dir='ltr'><strong>homi-</strong></span> 
     </span>
    </p>
   </div>
   <div class='ocr_carea' id='block_1_47' title="bbox 169 2681 1566 2748">
    <p class='ocr_par' dir='ltr' id='par_1_47' title="bbox 169 2681 1566 2748">
     <span class='ocr_line' id='line_1_51' title="bbox 169 2681 1566 2748; baseline 0.011 -14"><span class='ocrx_word' id='word_1_203' title='bbox 169 2681 415 2748; x_wconf 85' lang='lat' dir='ltr'><strong>dixerint,</strong></span> <span class='ocrx_word' id='word_1_204' title='bbox 446 2685 544 2740; x_wconf 86' lang='lat' dir='ltr'><strong>Ec-</strong></span> <span class='ocrx_word' id='word_1_205' title='bbox 1001 2705 1034 2744; x_wconf 91' lang='lat' dir='ltr'><strong>n</strong></span> <span class='ocrx_word' id='word_1_206' title='bbox 1078 2729 1092 2742; x_wconf 94' lang='lat'><strong>.</strong></span> <span class='ocrx_word' id='word_1_207' title='bbox 1137 2730 1149 2743; x_wconf 96' lang='lat'><strong>.</strong></span> <span class='ocrx_word' id='word_1_208' title='bbox 1200 2730 1212 2742; x_wconf 93' lang='lat'><strong>.</strong></span> <span class='ocrx_word' id='word_1_209' title='bbox 1259 2731 1273 2745; x_wconf 92' lang='lat'><strong>.</strong></span> <span class='ocrx_word' id='word_1_210' title='bbox 1319 2732 1332 2745; x_wconf 95' lang='lat'><strong>.</strong></span> <span class='ocrx_word' id='word_1_211' title='bbox 1372 2691 1566 2748; x_wconf 86' lang='lat' dir='ltr'><strong>dveni-</strong></span> 
     </span>
    </p>
   </div>
   <div class='ocr_carea' id='block_1_48' title="bbox 167 2753 1380 2817">
    <p class='ocr_par' dir='ltr' id='par_1_48' title="bbox 167 2753 1380 2817">
     <span class='ocr_line' id='line_1_52' title="bbox 167 2753 1380 2817; baseline 0.009 -12"><span class='ocrx_word' id='word_1_212' title='bbox 167 2766 227 2806; x_wconf 90' lang='lat' dir='ltr'><strong>ce</strong></span> <span class='ocrx_word' id='word_1_213' title='bbox 256 2754 306 2807; x_wconf 93' lang='lat' dir='ltr'><strong>in</strong></span> <span class='ocrx_word' id='word_1_214' title='bbox 328 2753 546 2812; x_wconf 87' lang='lat' dir='ltr'><strong>deserto</strong></span> <span class='ocrx_word' id='word_1_215' title='bbox 1001 2769 1182 2815; x_wconf 91' lang='lat' dir='ltr'><strong>entem</strong></span> <span class='ocrx_word' id='word_1_216' title='bbox 1205 2761 1257 2815; x_wconf 91' lang='lat' dir='ltr'><strong>in</strong></span> <span class='ocrx_word' id='word_1_217' title='bbox 1285 2779 1380 2817; x_wconf 76' lang='lat' dir='ltr'><strong>nu~</strong></span> 
     </span>
    </p>
   </div>
   <div class='ocr_carea' id='block_1_49' title="bbox 1001 2832 1327 2886">
    <p class='ocr_par' dir='ltr' id='par_1_49' title="bbox 1001 2832 1327 2886">
     <span class='ocr_line' id='line_1_53' title="bbox 1001 2832 1327 2886; baseline 0 0"><span class='ocrx_word' id='word_1_218' title='bbox 1001 2832 1161 2886; x_wconf 87' lang='lat' dir='ltr'><strong>bibus</strong></span> <span class='ocrx_word' id='word_1_219' title='bbox 1189 2832 1327 2886; x_wconf 88' lang='lat' dir='ltr'><strong>caeli</strong></span> 
     </span>
    </p>
   </div>
   <div class='ocr_carea' id='block_1_50' title="bbox 1002 2903 1357 2958">
    <p class='ocr_par' dir='ltr' id='par_1_50' title="bbox 1002 2903 1357 2958">
     <span class='ocr_line' id='line_1_54' title="bbox 1002 2903 1357 2958; baseline 0.003 -1"><span class='ocrx_word' id='word_1_220' title='bbox 1002 2917 1125 2957; x_wconf 91' lang='lat' dir='ltr'><strong>cum</strong></span> <span class='ocrx_word' id='word_1_221' title='bbox 1156 2903 1357 2958; x_wconf 87' lang='lat' dir='ltr'><strong>virtute</strong></span> 
     </span>
    </p>
   </div>
   <div class='ocr_carea' id='block_1_51' title="bbox 1004 2973 1422 3035">
    <p class='ocr_par' dir='ltr' id='par_1_51' title="bbox 1004 2973 1422 3035">
     <span class='ocr_line' id='line_1_55' title="bbox 1004 2973 1422 3035; baseline 0.002 -8"><span class='ocrx_word' id='word_1_222' title='bbox 1004 2973 1190 3035; x_wconf 87' lang='lat' dir='ltr'><strong>multa,</strong></span> <span class='ocrx_word' id='word_1_223' title='bbox 1225 2983 1277 3027; x_wconf 92' lang='lat' dir='ltr'><strong>et</strong></span> <span class='ocrx_word' id='word_1_224' title='bbox 1308 2988 1422 3028; x_wconf 84' lang='lat' dir='ltr'><strong>ma-</strong></span> 
     </span>
    </p>
   </div>
   <div class='ocr_carea' id='block_1_52' title="bbox 1001 3043 1590 3114">
    <p class='ocr_par' dir='ltr' id='par_1_52' title="bbox 1001 3043 1590 3114">
     <span class='ocr_line' id='line_1_56' title="bbox 1001 3043 1590 3114; baseline -0.002 -14"><span class='ocrx_word' id='word_1_225' title='bbox 1001 3043 1093 3100; x_wconf 79' lang='grc'><strong>51.</strong></span> <span class='ocrx_word' id='word_1_226' title='bbox 1115 3044 1338 3114; x_wconf 86' lang='lat' dir='ltr'><strong>jestate.</strong></span> <span class='ocrx_word' id='word_1_227' title='bbox 1372 3045 1436 3101; x_wconf 89' lang='lat' dir='ltr'><strong>Et</strong></span> <span class='ocrx_word' id='word_1_228' title='bbox 1464 3044 1590 3101; x_wconf 89' lang='lat' dir='ltr'><strong>mit-</strong></span> 
     </span>
    </p>
   </div>
   <div class='ocr_carea' id='block_1_53' title="bbox 1004 3116 1406 3184">
    <p class='ocr_par' dir='ltr' id='par_1_53' title="bbox 1004 3116 1406 3184">
     <span class='ocr_line' id='line_1_57' title="bbox 1004 3116 1406 3184; baseline -0.002 -14"><span class='ocrx_word' id='word_1_229' title='bbox 1004 3123 1084 3171; x_wconf 91' lang='lat' dir='ltr'><strong>tet</strong></span> <span class='ocrx_word' id='word_1_230' title='bbox 1106 3116 1328 3184; x_wconf 81' lang='lat' dir='ltr'><strong>angelos</strong></span> <span class='ocrx_word' id='word_1_231' title='bbox 1403 3137 1406 3139; x_wconf 54' lang='grc' dir='ltr'>λ</span> 
     </span>
    </p>
   </div>
   <div class='ocr_carea' id='block_1_54' title="bbox 1000 3195 1392 3242">
    <p class='ocr_par' dir='ltr' id='par_1_54' title="bbox 1000 3195 1392 3242">
     <span class='ocr_line' id='line_1_58' title="bbox 1000 3195 1392 3242; baseline 0 -1"><span class='ocrx_word' id='word_1_232' title='bbox 1000 3201 1128 3241; x_wconf 79' lang='lat' dir='ltr'><strong>SUOS</strong></span> <span class='ocrx_word' id='word_1_233' title='bbox 1154 3202 1276 3241; x_wconf 80' lang='lat' dir='ltr'><strong>CIIII]</strong></span> <span class='ocrx_word' id='word_1_234' title='bbox 1309 3195 1392 3242; x_wconf 86' lang='lat' dir='ltr'><strong>tu-</strong></span> 
     </span>
    </p>
   </div>
   <div class='ocr_carea' id='block_1_55' title="bbox 998 3257 1331 3322">
    <p class='ocr_par' dir='ltr' id='par_1_55' title="bbox 998 3257 1331 3322">
     <span class='ocr_line' id='line_1_59' title="bbox 998 3257 1331 3322; baseline 0.003 -10"><span class='ocrx_word' id='word_1_235' title='bbox 998 3257 1086 3322; x_wconf 89' lang='lat' dir='ltr'><strong>ba,</strong></span> <span class='ocrx_word' id='word_1_236' title='bbox 1116 3266 1171 3312; x_wconf 82' lang='lat' dir='ltr'><strong>et</strong></span> <span class='ocrx_word' id='word_1_237' title='bbox 1198 3273 1331 3314; x_wconf 89' lang='lat' dir='ltr'><strong>voce</strong></span> 
     </span>
    </p>
   </div>
   <div class='ocr_carea' id='block_1_56' title="bbox 1001 3340 1463 3399">
    <p class='ocr_par' dir='ltr' id='par_1_56' title="bbox 1001 3340 1463 3399">
     <span class='ocr_line' id='line_1_60' title="bbox 1001 3340 1463 3399; baseline 0.006 -16"><span class='ocrx_word' id='word_1_238' title='bbox 1001 3344 1223 3399; x_wconf 78' lang='lat' dir='ltr'><strong>magna:</strong></span> <span class='ocrx_word' id='word_1_239' title='bbox 1251 3340 1307 3385; x_wconf 87' lang='lat' dir='ltr'><strong>et</strong></span> <span class='ocrx_word' id='word_1_240' title='bbox 1335 3344 1463 3386; x_wconf 89' lang='lat' dir='ltr'><strong>con-</strong></span> 
     </span>
    </p>
   </div>
   <div class='ocr_carea' id='block_1_57' title="bbox 583 3467 1327 3529">
    <p class='ocr_par' dir='ltr' id='par_1_57' title="bbox 583 3467 1327 3529">
     <span class='ocr_line' id='line_1_61' title="bbox 583 3467 1327 3529; baseline 0.003 -5"><span class='ocrx_word' id='word_1_241' title='bbox 583 3467 817 3528; x_wconf 81' lang='lat' dir='ltr'><strong>CODEX</strong></span> <span class='ocrx_word' id='word_1_242' title='bbox 856 3468 1327 3529; x_wconf 84' lang='lat' dir='ltr'><strong>CORBEIENSIS.</strong></span> 
     </span>
    </p>
   </div>
   <div class='ocr_carea' id='block_1_58' title="bbox 169 3560 1758 3631">
    <p class='ocr_par' dir='ltr' id='par_1_58' title="bbox 169 3560 1758 3631">
     <span class='ocr_line' id='line_1_62' title="bbox 169 3560 1758 3631; baseline 0.004 -20"><span class='ocrx_word' id='word_1_243' title='bbox 169 3566 292 3631; x_wconf 88' lang='lat' dir='ltr'><strong>tunc</strong></span> <span class='ocrx_word' id='word_1_244' title='bbox 323 3560 599 3614; x_wconf 83' lang='lat' dir='ltr'><strong>tribulatio</strong></span> <span class='ocrx_word' id='word_1_245' title='bbox 626 3577 841 3631; x_wconf 74' lang='lat' dir='ltr'><strong>magna,</strong></span> <span class='ocrx_word' id='word_1_246' title='bbox 861 3563 1036 3628; x_wconf 86' lang='lat' dir='ltr'><strong>qualis</strong></span> <span class='ocrx_word' id='word_1_247' title='bbox 1065 3578 1170 3617; x_wconf 91' lang='lat' dir='ltr'><strong>non</strong></span> <span class='ocrx_word' id='word_1_248' title='bbox 1201 3562 1300 3617; x_wconf 80' lang='lat' dir='ltr'><strong>fuit</strong></span> <span class='ocrx_word' id='word_1_249' title='bbox 1325 3563 1394 3616; x_wconf 89' lang='lat' dir='ltr'><strong>ah</strong></span> <span class='ocrx_word' id='word_1_250' title='bbox 1417 3563 1574 3618; x_wconf 90' lang='lat' dir='ltr'><strong>initio</strong></span> <span class='ocrx_word' id='word_1_251' title='bbox 1595 3565 1613 3596; x_wconf 85' lang='grc'>¹</span> <span class='ocrx_word' id='word_1_252' title='bbox 1637 3577 1758 3618; x_wconf 86' lang='lat' dir='ltr'><strong>sae-</strong></span> 
     </span>
    </p>
   </div>
   <div class='ocr_carea' id='block_1_59' title="bbox 169 3630 1752 3703">
    <p class='ocr_par' dir='ltr' id='par_1_59' title="bbox 169 3630 1752 3703">
     <span class='ocr_line' id='line_1_63' title="bbox 169 3630 1752 3703; baseline 0.004 -20"><span class='ocrx_word' id='word_1_253' title='bbox 169 3630 271 3683; x_wconf 89' lang='lat' dir='ltr'><strong>culi</strong></span> <span class='ocrx_word' id='word_1_254' title='bbox 304 3645 470 3701; x_wconf 81' lang='lat' dir='ltr'><strong>usque</strong></span> <span class='ocrx_word' id='word_1_255' title='bbox 498 3648 662 3686; x_wconf 90' lang='lat' dir='ltr'><strong>nunc.</strong></span> <span class='ocrx_word' id='word_1_256' title='bbox 701 3630 767 3687; x_wconf 83' lang='lat' dir='ltr'><strong>Et</strong></span> <span class='ocrx_word' id='word_1_257' title='bbox 793 3633 896 3688; x_wconf 87' lang='lat' dir='ltr'><strong>nisi</strong></span> <span class='ocrx_word' id='word_1_258' title='bbox 931 3635 1151 3688; x_wconf 83' lang='lat' dir='ltr'><strong>breviati</strong></span> <span class='ocrx_word' id='word_1_259' title='bbox 1184 3635 1204 3666; x_wconf 79' lang='grc'>¹</span> <span class='ocrx_word' id='word_1_260' title='bbox 1240 3635 1435 3689; x_wconf 80' lang='lat' dir='ltr'><strong>fuerint</strong></span> <span class='ocrx_word' id='word_1_261' title='bbox 1475 3636 1592 3690; x_wconf 87' lang='lat' dir='ltr'><strong>dies</strong></span> <span class='ocrx_word' id='word_1_262' title='bbox 1639 3636 1752 3703; x_wconf 92' lang='lat' dir='ltr'><strong>illi,</strong></span> 
     </span>
    </p>
   </div>
   <div class='ocr_carea' id='block_1_60' title="bbox 168 3705 1756 3775">
    <p class='ocr_par' dir='ltr' id='par_1_60' title="bbox 168 3705 1756 3775">
     <span class='ocr_line' id='line_1_64' title="bbox 168 3705 1756 3775; baseline 0.004 -22"><span class='ocrx_word' id='word_1_263' title='bbox 168 3716 272 3755; x_wconf 87' lang='lat' dir='ltr'><strong>non</strong></span> <span class='ocrx_word' id='word_1_264' title='bbox 299 3712 443 3775; x_wconf 82' lang='lat' dir='ltr'><strong>esset</strong></span> <span class='ocrx_word' id='word_1_265' title='bbox 470 3705 616 3757; x_wconf 85' lang='lat' dir='ltr'><strong>salva</strong></span> <span class='ocrx_word' id='word_1_266' title='bbox 643 3706 819 3758; x_wconf 89' lang='lat' dir='ltr'><strong>omnis</strong></span> <span class='ocrx_word' id='word_1_267' title='bbox 850 3719 1017 3759; x_wconf 85' lang='lat' dir='ltr'><strong>caro:</strong></span> <span class='ocrx_word' id='word_1_268' title='bbox 1070 3706 1164 3760; x_wconf 87' lang='lat' dir='ltr'><strong>sed</strong></span> <span class='ocrx_word' id='word_1_269' title='bbox 1213 3718 1436 3775; x_wconf 85' lang='lat' dir='ltr'><strong>propter</strong></span> <span class='ocrx_word' id='word_1_270' title='bbox 1483 3707 1504 3738; x_wconf 87' lang='grc'><strong><em>⁸</em></strong></span> <span class='ocrx_word' id='word_1_271' title='bbox 1550 3706 1756 3760; x_wconf 89' lang='lat' dir='ltr'><strong>electos</strong></span> 
     </span>
    </p>
   </div>
   <div class='ocr_carea' id='block_1_61' title="bbox 169 3774 1756 3841">
    <p class='ocr_par' dir='ltr' id='par_1_61' title="bbox 169 3774 1756 3841">
     <span class='ocr_line' id='line_1_65' title="bbox 169 3774 1756 3841; baseline 0.005 -18"><span class='ocrx_word' id='word_1_272' title='bbox 169 3787 314 3826; x_wconf 81' lang='lat' dir='ltr'><strong>meos</strong></span> <span class='ocrx_word' id='word_1_273' title='bbox 343 3774 734 3830; x_wconf 86' lang='lat' dir='ltr'><strong>breviabuntnr</strong></span> <span class='ocrx_word' id='word_1_274' title='bbox 759 3775 878 3830; x_wconf 89' lang='lat' dir='ltr'><strong>dies</strong></span> <span class='ocrx_word' id='word_1_275' title='bbox 905 3776 1001 3831; x_wconf 91' lang='lat' dir='ltr'><strong>illi.</strong></span> <span class='ocrx_word' id='word_1_276' title='bbox 1044 3774 1283 3832; x_wconf 33' lang='lat' dir='ltr'><strong>Tunc&#39;si</strong></span> <span class='ocrx_word' id='word_1_277' title='bbox 1324 3779 1444 3841; x_wconf 86' lang='lat' dir='ltr'><strong>quis</strong></span> <span class='ocrx_word' id='word_1_278' title='bbox 1491 3778 1644 3831; x_wconf 84' lang='lat' dir='ltr'><strong>vobis</strong></span> <span class='ocrx_word' id='word_1_279' title='bbox 1675 3777 1756 3832; x_wconf 86' lang='lat' dir='ltr'><strong>di-</strong></span> 
     </span>
    </p>
   </div>
   <div class='ocr_carea' id='block_1_62' title="bbox 165 3844 1750 3908">
    <p class='ocr_par' dir='ltr' id='par_1_62' title="bbox 165 3844 1750 3908">
     <span class='ocr_line' id='line_1_66' title="bbox 165 3844 1750 3908; baseline 0.002 -11"><span class='ocrx_word' id='word_1_280' title='bbox 165 3844 336 3898; x_wconf 80' lang='lat' dir='ltr'><strong>xerit:</strong></span> <span class='ocrx_word' id='word_1_281' title='bbox 376 3847 514 3900; x_wconf 85' lang='lat' dir='ltr'><strong>Ecce</strong></span> <span class='ocrx_word' id='word_1_282' title='bbox 543 3845 630 3900; x_wconf 90' lang='lat' dir='ltr'><strong>hic</strong></span> <span class='ocrx_word' id='word_1_283' title='bbox 654 3859 738 3900; x_wconf 89' lang='lat' dir='ltr'><strong>est</strong></span> <span class='ocrx_word' id='word_1_284' title='bbox 766 3845 1013 3902; x_wconf 87' lang='lat' dir='ltr'><strong>Christus</strong></span> <span class='ocrx_word' id='word_1_285' title='bbox 1035 3889 1049 3908; x_wconf 83' lang='lat'><strong>.</strong></span> <span class='ocrx_word' id='word_1_286' title='bbox 1084 3857 1177 3901; x_wconf 86' lang='lat' dir='ltr'><strong>ant</strong></span> <span class='ocrx_word' id='word_1_287' title='bbox 1201 3847 1220 3878; x_wconf 58' lang='grc' dir='ltr'>δ</span> <span class='ocrx_word' id='word_1_288' title='bbox 1253 3849 1394 3902; x_wconf 89' lang='lat' dir='ltr'><strong>illic:</strong></span> <span class='ocrx_word' id='word_1_289' title='bbox 1437 3850 1604 3904; x_wconf 89' lang='lat' dir='ltr'><strong>nolite</strong></span> <span class='ocrx_word' id='word_1_290' title='bbox 1634 3865 1750 3903; x_wconf 89' lang='lat' dir='ltr'><strong>cre-</strong></span> 
     </span>
    </p>
   </div>
   <div class='ocr_carea' id='block_1_63' title="bbox 163 3914 1760 3990">
    <p class='ocr_par' dir='ltr' id='par_1_63' title="bbox 163 3914 1760 3990">
     <span class='ocr_line' id='line_1_67' title="bbox 163 3914 1760 3990; baseline 0.004 -23"><span class='ocrx_word' id='word_1_291' title='bbox 163 3914 313 3990; x_wconf 74' lang='lat' dir='ltr'><strong>dere.</strong></span> <span class='ocrx_word' id='word_1_292' title='bbox 342 3917 364 3947; x_wconf 85' lang='grc'>⁸</span> <span class='ocrx_word' id='word_1_293' title='bbox 389 3917 701 3990; x_wconf 72' lang='lat' dir='ltr'><strong>Exsurgent</strong></span> <span class='ocrx_word' id='word_1_294' title='bbox 725 3919 868 3973; x_wconf 90' lang='lat' dir='ltr'><strong>enim</strong></span> <span class='ocrx_word' id='word_1_295' title='bbox 902 3918 1324 3987; x_wconf 75' lang='lat' dir='ltr'><strong>pseudochristi,</strong></span> <span class='ocrx_word' id='word_1_296' title='bbox 1345 3930 1399 3974; x_wconf 85' lang='lat' dir='ltr'><strong>et</strong></span> <span class='ocrx_word' id='word_1_297' title='bbox 1425 3919 1760 3990; x_wconf 83' lang='lat' dir='ltr'><strong>pseudopro-</strong></span> 
     </span>
    </p>
   </div>
   <div class='ocr_carea' id='block_1_64' title="bbox 165 3986 1759 4060">
    <p class='ocr_par' dir='ltr' id='par_1_64' title="bbox 165 3986 1759 4060">
     <span class='ocr_line' id='line_1_68' title="bbox 165 3986 1759 4060; baseline 0.004 -22"><span class='ocrx_word' id='word_1_298' title='bbox 165 3986 360 4060; x_wconf 82' lang='lat' dir='ltr'><strong>phetae</strong></span> <span class='ocrx_word' id='word_1_299' title='bbox 387 4005 402 4040; x_wconf 89' lang='lat'><strong>:</strong></span> <span class='ocrx_word' id='word_1_300' title='bbox 434 3997 491 4042; x_wconf 76' lang='lat' dir='ltr'><strong>ct</strong></span> <span class='ocrx_word' id='word_1_301' title='bbox 519 3986 724 4042; x_wconf 52' lang='lat' dir='ltr'><strong>da&#39;hunt</strong></span> <span class='ocrx_word' id='word_1_302' title='bbox 752 3986 910 4057; x_wconf 81' lang='lat' dir='ltr'><strong>signa</strong></span> <span class='ocrx_word' id='word_1_303' title='bbox 935 4005 1126 4060; x_wconf 82' lang='lat' dir='ltr'><strong>magna</strong></span> <span class='ocrx_word' id='word_1_304' title='bbox 1147 4031 1161 4054; x_wconf 95' lang='lat'><strong>,</strong></span> <span class='ocrx_word' id='word_1_305' title='bbox 1207 4001 1261 4044; x_wconf 87' lang='lat' dir='ltr'><strong>et</strong></span> <span class='ocrx_word' id='word_1_306' title='bbox 1292 3986 1529 4060; x_wconf 79' lang='lat' dir='ltr'><strong>prodigia</strong></span> <span class='ocrx_word' id='word_1_307' title='bbox 1557 4033 1571 4055; x_wconf 91' lang='lat'><strong>,</strong></span> <span class='ocrx_word' id='word_1_308' title='bbox 1602 3986 1671 4044; x_wconf 78' lang='lat' dir='ltr'><strong>ita</strong></span> <span class='ocrx_word' id='word_1_309' title='bbox 1704 4001 1759 4044; x_wconf 94' lang='lat' dir='ltr'><strong>ut</strong></span> 
     </span>
    </p>
   </div>
   <div class='ocr_carea' id='block_1_65' title="bbox 163 4058 1760 4133">
    <p class='ocr_par' dir='ltr' id='par_1_65' title="bbox 163 4058 1760 4133">
     <span class='ocr_line' id='line_1_69' title="bbox 163 4058 1760 4133; baseline 0.004 -23"><span class='ocrx_word' id='word_1_310' title='bbox 163 4058 216 4110; x_wconf 86' lang='lat' dir='ltr'><strong>iu</strong></span> <span class='ocrx_word' id='word_1_311' title='bbox 244 4074 486 4133; x_wconf 90' lang='lat' dir='ltr'><strong>error_em</strong></span> <span class='ocrx_word' id='word_1_312' title='bbox 519 4060 541 4091; x_wconf 77' lang='grc'>⁸</span> <span class='ocrx_word' id='word_1_313' title='bbox 575 4064 792 4133; x_wconf 76' lang='lat' dir='ltr'><strong>mittant</strong></span> <span class='ocrx_word' id='word_1_314' title='bbox 833 4062 994 4133; x_wconf 79' lang='lat' dir='ltr'><strong>etiam</strong></span> <span class='ocrx_word' id='word_1_315' title='bbox 1029 4058 1116 4129; x_wconf 62' lang='lat' dir='ltr'><strong>(si</strong></span> <span class='ocrx_word' id='word_1_316' title='bbox 1166 4058 1524 4133; x_wconf 26' lang='lat' dir='ltr'><strong>licri‘pmes—t)</strong></span> <span class='ocrx_word' id='word_1_317' title='bbox 1557 4064 1760 4116; x_wconf 70' lang='lat' dir='ltr'><strong>electos</strong></span> 
     </span>
    </p>
   </div>
   <div class='ocr_carea' id='block_1_66' title="bbox 163 4131 1758 4200">
    <p class='ocr_par' dir='ltr' id='par_1_66' title="bbox 163 4131 1758 4200">
     <span class='ocr_line' id='line_1_70' title="bbox 163 4131 1758 4200; baseline 0.004 -20"><span class='ocrx_word' id='word_1_318' title='bbox 163 4144 334 4200; x_wconf 81' lang='lat' dir='ltr'><strong>meos.</strong></span> <span class='ocrx_word' id='word_1_319' title='bbox 386 4131 525 4186; x_wconf 85' lang='lat' dir='ltr'><strong>Ecce</strong></span> <span class='ocrx_word' id='word_1_320' title='bbox 555 4132 792 4200; x_wconf 87' lang='lat' dir='ltr'><strong>praedixi</strong></span> <span class='ocrx_word' id='word_1_321' title='bbox 823 4132 992 4186; x_wconf 67' lang='lat' dir='ltr'><strong>vobis.</strong></span> <span class='ocrx_word' id='word_1_322' title='bbox 1047 4133 1101 4188; x_wconf 91' lang='lat' dir='ltr'><strong>Si</strong></span> <span class='ocrx_word' id='word_1_323' title='bbox 1134 4147 1265 4200; x_wconf 73' lang='lat' dir='ltr'><strong>ergo</strong></span> <span class='ocrx_word' id='word_1_324' title='bbox 1293 4131 1532 4188; x_wconf 74' lang='lat' dir='ltr'><strong>dixerint</strong></span> <span class='ocrx_word' id='word_1_325' title='bbox 1568 4134 1718 4188; x_wconf 77' lang='lat' dir='ltr'><strong>vobis</strong></span> <span class='ocrx_word' id='word_1_326' title='bbox 1743 4173 1758 4198; x_wconf 90' lang='lat'><strong>,</strong></span> 
     </span>
    </p>
   </div>
   <div class='ocr_carea' id='block_1_67' title="bbox 165 4199 1760 4268">
    <p class='ocr_par' dir='ltr' id='par_1_67' title="bbox 165 4199 1760 4268">
     <span class='ocr_line' id='line_1_71' title="bbox 165 4199 1760 4268; baseline 0.003 -16"><span class='ocrx_word' id='word_1_327' title='bbox 165 4199 304 4255; x_wconf 76' lang='lat' dir='ltr'><strong>Ecce</strong></span> <span class='ocrx_word' id='word_1_328' title='bbox 339 4203 390 4255; x_wconf 93' lang='lat' dir='ltr'><strong>in</strong></span> <span class='ocrx_word' id='word_1_329' title='bbox 419 4202 641 4257; x_wconf 85' lang='lat' dir='ltr'><strong>deserto</strong></span> <span class='ocrx_word' id='word_1_330' title='bbox 672 4204 812 4258; x_wconf 82' lang='lat' dir='ltr'><strong>est.7</strong></span> <span class='ocrx_word' id='word_1_331' title='bbox 842 4204 1005 4258; x_wconf 90' lang='lat' dir='ltr'><strong>nolite</strong></span> <span class='ocrx_word' id='word_1_332' title='bbox 1032 4199 1294 4268; x_wconf 83' lang='lat' dir='ltr'><strong>credere;</strong></span> <span class='ocrx_word' id='word_1_333' title='bbox 1323 4206 1405 4259; x_wconf 92' lang='lat' dir='ltr'><strong>vel</strong></span> <span class='ocrx_word' id='word_1_334' title='bbox 1433 4220 1560 4260; x_wconf 89' lang='lat' dir='ltr'><strong>ecce</strong></span> <span class='ocrx_word' id='word_1_335' title='bbox 1588 4205 1640 4258; x_wconf 91' lang='lat' dir='ltr'><strong>in</strong></span> <span class='ocrx_word' id='word_1_336' title='bbox 1666 4205 1760 4256; x_wconf 82' lang='lat' dir='ltr'><strong>ho-</strong></span> 
     </span>
    </p>
   </div>
   <div class='ocr_carea' id='block_1_68' title="bbox 164 4274 1760 4344">
    <p class='ocr_par' dir='ltr' id='par_1_68' title="bbox 164 4274 1760 4344">
     <span class='ocr_line' id='line_1_72' title="bbox 164 4274 1760 4344; baseline 0.004 -21"><span class='ocrx_word' id='word_1_337' title='bbox 164 4275 352 4339; x_wconf 82' lang='lat' dir='ltr'><strong>spitio,</strong></span> <span class='ocrx_word' id='word_1_338' title='bbox 385 4275 556 4328; x_wconf 84' lang='lat' dir='ltr'><strong>nolite</strong></span> <span class='ocrx_word' id='word_1_339' title='bbox 582 4274 751 4328; x_wconf 85' lang='lat' dir='ltr'><strong>exire.</strong></span> <span class='ocrx_word' id='word_1_340' title='bbox 784 4274 939 4330; x_wconf 91' lang='lat' dir='ltr'><strong>Sicut</strong></span> <span class='ocrx_word' id='word_1_341' title='bbox 966 4277 1108 4328; x_wconf 89' lang='lat' dir='ltr'><strong>enim</strong></span> <span class='ocrx_word' id='word_1_342' title='bbox 1141 4275 1319 4344; x_wconf 75' lang='lat' dir='ltr'><strong>fulgur</strong></span> <span class='ocrx_word' id='word_1_343' title='bbox 1347 4278 1458 4329; x_wconf 95' lang='lat' dir='ltr'><strong>exit</strong></span> <span class='ocrx_word' id='word_1_344' title='bbox 1485 4276 1553 4329; x_wconf 89' lang='lat' dir='ltr'><strong>ab</strong></span> <span class='ocrx_word' id='word_1_345' title='bbox 1579 4277 1760 4329; x_wconf 89' lang='lat' dir='ltr'><strong>orien-</strong></span> 
     </span>
    </p>
   </div>
   <div class='ocr_carea' id='block_1_69' title="bbox 164 4346 1759 4414">
    <p class='ocr_par' dir='ltr' id='par_1_69' title="bbox 164 4346 1759 4414">
     <span class='ocr_line' id='line_1_73' title="bbox 164 4346 1759 4414; baseline 0.003 -19"><span class='ocrx_word' id='word_1_346' title='bbox 164 4351 218 4395; x_wconf 83' lang='lat' dir='ltr'><strong>te</strong></span> <span class='ocrx_word' id='word_1_347' title='bbox 241 4385 256 4408; x_wconf 86' lang='lat'><strong>,</strong></span> <span class='ocrx_word' id='word_1_348' title='bbox 302 4353 359 4398; x_wconf 75' lang='lat' dir='ltr'><strong>et</strong></span> <span class='ocrx_word' id='word_1_349' title='bbox 384 4355 536 4414; x_wconf 86' lang='lat' dir='ltr'><strong>paret</strong></span> <span class='ocrx_word' id='word_1_350' title='bbox 567 4359 736 4414; x_wconf 89' lang='lat' dir='ltr'><strong>usque</strong></span> <span class='ocrx_word' id='word_1_351' title='bbox 766 4347 830 4399; x_wconf 85' lang='lat' dir='ltr'><strong>ad</strong></span> <span class='ocrx_word' id='word_1_352' title='bbox 859 4346 1193 4401; x_wconf 85' lang='lat' dir='ltr'><strong>occidentem</strong></span> <span class='ocrx_word' id='word_1_353' title='bbox 1233 4363 1246 4398; x_wconf 89' lang='lat'><strong>:</strong></span> <span class='ocrx_word' id='word_1_354' title='bbox 1277 4348 1298 4378; x_wconf 80' lang='lat'>&quot;</span> <span class='ocrx_word' id='word_1_355' title='bbox 1328 4349 1409 4401; x_wconf 89' lang='lat' dir='ltr'><strong>sic</strong></span> <span class='ocrx_word' id='word_1_356' title='bbox 1431 4348 1531 4401; x_wconf 82' lang='lat' dir='ltr'><strong>erit</strong></span> <span class='ocrx_word' id='word_1_357' title='bbox 1557 4347 1759 4400; x_wconf 77' lang='lat' dir='ltr'><strong>adven-</strong></span> 
     </span>
    </p>
   </div>
   <div class='ocr_carea' id='block_1_70' title="bbox 169 4415 1764 4487">
    <p class='ocr_par' dir='ltr' id='par_1_70' title="bbox 169 4415 1764 4487">
     <span class='ocr_line' id='line_1_74' title="bbox 169 4415 1764 4487; baseline 0.003 -21"><span class='ocrx_word' id='word_1_358' title='bbox 169 4423 252 4466; x_wconf 83' lang='lat' dir='ltr'><strong>tus</strong></span> <span class='ocrx_word' id='word_1_359' title='bbox 273 4415 366 4468; x_wconf 80' lang='lat' dir='ltr'><strong>ﬁlii</strong></span> <span class='ocrx_word' id='word_1_360' title='bbox 387 4415 644 4470; x_wconf 88' lang='lat' dir='ltr'><strong>hominis.</strong></span> <span class='ocrx_word' id='word_1_361' title='bbox 678 4417 1050 4482; x_wconf 86' lang='lat' dir='ltr'><strong>Ubiqnumqne</strong></span> <span class='ocrx_word' id='word_1_362' title='bbox 1071 4417 1230 4471; x_wconf 79' lang='lat' dir='ltr'><strong>fuerit</strong></span> <span class='ocrx_word' id='word_1_363' title='bbox 1253 4433 1470 4487; x_wconf 80' lang='lat' dir='ltr'><strong>corpus,</strong></span> <span class='ocrx_word' id='word_1_364' title='bbox 1502 4418 1609 4472; x_wconf 93' lang='lat' dir='ltr'><strong>illic</strong></span> <span class='ocrx_word' id='word_1_365' title='bbox 1633 4433 1764 4470; x_wconf 87' lang='lat' dir='ltr'><strong>con-</strong></span> 
     </span>
    </p>
   </div>
   <div class='ocr_carea' id='block_1_71' title="bbox 164 4487 1764 4559">
    <p class='ocr_par' dir='ltr' id='par_1_71' title="bbox 164 4487 1764 4559">
     <span class='ocr_line' id='line_1_75' title="bbox 164 4487 1764 4559; baseline 0.002 -22"><span class='ocrx_word' id='word_1_366' title='bbox 164 4487 806 4556; x_wconf 61' lang='lat' dir='ltr'><strong>gres:buntnraquilae.9</strong></span> <span class='ocrx_word' id='word_1_367' title='bbox 825 4487 1117 4544; x_wconf 78' lang='lat' dir='ltr'><strong>Confestim</strong></span> <span class='ocrx_word' id='word_1_368' title='bbox 1133 4500 1253 4559; x_wconf 80' lang='lat' dir='ltr'><strong>post</strong></span> <span class='ocrx_word' id='word_1_369' title='bbox 1271 4489 1392 4543; x_wconf 83' lang='lat' dir='ltr'><strong>illus</strong></span> <span class='ocrx_word' id='word_1_370' title='bbox 1413 4490 1527 4542; x_wconf 81' lang='lat' dir='ltr'><strong>dies</strong></span> <span class='ocrx_word' id='word_1_371' title='bbox 1544 4488 1764 4542; x_wconf 90' lang='lat' dir='ltr'><strong>tribula-</strong></span> 
     </span>
    </p>
   </div>
   <div class='ocr_carea' id='block_1_72' title="bbox 167 4559 1766 4622">
    <p class='ocr_par' dir='ltr' id='par_1_72' title="bbox 167 4559 1766 4622">
     <span class='ocr_line' id='line_1_76' title="bbox 167 4559 1766 4622; baseline 0.003 -15"><span class='ocrx_word' id='word_1_372' title='bbox 167 4559 496 4622; x_wconf 80' lang='lat' dir='ltr'><strong>tionum,sol</strong></span> <span class='ocrx_word' id='word_1_373' title='bbox 515 4569 866 4613; x_wconf 85' lang='lat' dir='ltr'><strong>convertetnr</strong></span> <span class='ocrx_word' id='word_1_374' title='bbox 891 4561 941 4612; x_wconf 91' lang='lat' dir='ltr'><strong>in</strong></span> <span class='ocrx_word' id='word_1_375' title='bbox 968 4561 1240 4622; x_wconf 83' lang='lat' dir='ltr'><strong>tenebras,</strong></span> <span class='ocrx_word' id='word_1_376' title='bbox 1258 4571 1311 4614; x_wconf 84' lang='lat' dir='ltr'><strong>et</strong></span> <span class='ocrx_word' id='word_1_377' title='bbox 1340 4562 1466 4614; x_wconf 85' lang='lat' dir='ltr'><strong>luna</strong></span> <span class='ocrx_word' id='word_1_378' title='bbox 1496 4575 1598 4614; x_wconf 91' lang='lat' dir='ltr'><strong>non</strong></span> <span class='ocrx_word' id='word_1_379' title='bbox 1617 4560 1766 4613; x_wconf 85' lang='lat' dir='ltr'><strong>dabit</strong></span> 
     </span>
    </p>
   </div>
   <div class='ocr_carea' id='block_1_73' title="bbox 169 4626 1767 4695">
    <p class='ocr_par' dir='ltr' id='par_1_73' title="bbox 169 4626 1767 4695">
     <span class='ocr_line' id='line_1_77' title="bbox 169 4626 1767 4695; baseline 0.002 -15"><span class='ocrx_word' id='word_1_380' title='bbox 169 4626 354 4682; x_wconf 81' lang='lat' dir='ltr'><strong>lumen</strong></span> <span class='ocrx_word' id='word_1_381' title='bbox 380 4645 535 4683; x_wconf 89' lang='lat' dir='ltr'><strong>suum</strong></span> <span class='ocrx_word' id='word_1_382' title='bbox 567 4673 580 4693; x_wconf 89' lang='lat'><strong>,</strong></span> <span class='ocrx_word' id='word_1_383' title='bbox 611 4639 665 4683; x_wconf 88' lang='lat' dir='ltr'><strong>et</strong></span> <span class='ocrx_word' id='word_1_384' title='bbox 693 4632 883 4684; x_wconf 87' lang='lat' dir='ltr'><strong>stellae</strong></span> <span class='ocrx_word' id='word_1_385' title='bbox 914 4631 1107 4686; x_wconf 83' lang='lat' dir='ltr'><strong>cadent</strong></span> <span class='ocrx_word' id='word_1_386' title='bbox 1133 4630 1200 4686; x_wconf 92' lang='lat' dir='ltr'><strong>de</strong></span> <span class='ocrx_word' id='word_1_387' title='bbox 1225 4632 1380 4686; x_wconf 86' lang='lat' dir='ltr'><strong>coelo</strong></span> <span class='ocrx_word' id='word_1_388' title='bbox 1409 4673 1422 4695; x_wconf 92' lang='lat'><strong>,</strong></span> <span class='ocrx_word' id='word_1_389' title='bbox 1453 4643 1506 4686; x_wconf 86' lang='lat' dir='ltr'><strong>et</strong></span> <span class='ocrx_word' id='word_1_390' title='bbox 1537 4633 1767 4684; x_wconf 68' lang='lat' dir='ltr'><strong>virtutes</strong></span> 
     </span>
    </p>
   </div>
   <div class='ocr_carea' id='block_1_74' title="bbox 163 4699 1769 4772">
    <p class='ocr_par' dir='ltr' id='par_1_74' title="bbox 163 4699 1769 4772">
     <span class='ocr_line' id='line_1_78' title="bbox 163 4699 1769 4772; baseline 0.002 -20"><span class='ocrx_word' id='word_1_391' title='bbox 163 4699 444 4772; x_wconf 79' lang='lat' dir='ltr'><strong>coeloruin</strong></span> <span class='ocrx_word' id='word_1_392' title='bbox 459 4703 979 4756; x_wconf 90' lang='lat' dir='ltr'><strong>commovebuntur:</strong></span> <span class='ocrx_word' id='word_1_393' title='bbox 1001 4713 1195 4757; x_wconf 90' lang='lat' dir='ltr'><strong>ettunc</strong></span> <span class='ocrx_word' id='word_1_394' title='bbox 1219 4704 1428 4771; x_wconf 80' lang='lat' dir='ltr'><strong>parebit</strong></span> <span class='ocrx_word' id='word_1_395' title='bbox 1449 4705 1659 4772; x_wconf 84' lang='lat' dir='ltr'><strong>signum</strong></span> <span class='ocrx_word' id='word_1_396' title='bbox 1676 4702 1769 4756; x_wconf 90' lang='lat' dir='ltr'><strong>lilii</strong></span> 
     </span>
    </p>
   </div>
   <div class='ocr_carea' id='block_1_75' title="bbox 168 4769 1772 4844">
    <p class='ocr_par' dir='ltr' id='par_1_75' title="bbox 168 4769 1772 4844">
     <span class='ocr_line' id='line_1_79' title="bbox 168 4769 1772 4844; baseline 0.003 -23"><span class='ocrx_word' id='word_1_397' title='bbox 168 4769 403 4825; x_wconf 83' lang='lat' dir='ltr'><strong>hominis</strong></span> <span class='ocrx_word' id='word_1_398' title='bbox 433 4773 486 4826; x_wconf 92' lang='lat' dir='ltr'><strong>in</strong></span> <span class='ocrx_word' id='word_1_399' title='bbox 518 4774 712 4827; x_wconf 89' lang='lat' dir='ltr'><strong>coelo:</strong></span> <span class='ocrx_word' id='word_1_400' title='bbox 743 4781 799 4827; x_wconf 87' lang='lat' dir='ltr'><strong>ct</strong></span> <span class='ocrx_word' id='word_1_401' title='bbox 823 4782 949 4828; x_wconf 90' lang='lat' dir='ltr'><strong>tunc</strong></span> <span class='ocrx_word' id='word_1_402' title='bbox 974 4769 1229 4844; x_wconf 79' lang='lat' dir='ltr'><strong>plangent</strong></span> <span class='ocrx_word' id='word_1_403' title='bbox 1258 4789 1447 4828; x_wconf 83' lang='lat' dir='ltr'><strong>omnes</strong></span> <span class='ocrx_word' id='word_1_404' title='bbox 1471 4769 1641 4829; x_wconf 72' lang='lat' dir='ltr'><strong>tribus</strong></span> <span class='ocrx_word' id='word_1_405' title='bbox 1663 4782 1772 4827; x_wconf 85' lang='lat' dir='ltr'><strong>ter-</strong></span> 
     </span>
    </p>
   </div>
   <div class='ocr_carea' id='block_1_76' title="bbox 167 4844 1770 4900">
    <p class='ocr_par' dir='ltr' id='par_1_76' title="bbox 167 4844 1770 4900">
     <span class='ocr_line' id='line_1_80' title="bbox 167 4844 1770 4900; baseline 0.003 -8"><span class='ocrx_word' id='word_1_406' title='bbox 167 4857 300 4895; x_wconf 85' lang='lat' dir='ltr'><strong>rae:</strong></span> <span class='ocrx_word' id='word_1_407' title='bbox 336 4852 390 4897; x_wconf 90' lang='lat' dir='ltr'><strong>et</strong></span> <span class='ocrx_word' id='word_1_408' title='bbox 418 4844 683 4899; x_wconf 85' lang='lat' dir='ltr'><strong>videbunt</strong></span> <span class='ocrx_word' id='word_1_409' title='bbox 714 4845 880 4898; x_wconf 87' lang='lat' dir='ltr'><strong>lilimn</strong></span> <span class='ocrx_word' id='word_1_410' title='bbox 924 4845 1161 4899; x_wconf 87' lang='lat' dir='ltr'><strong>hominis</strong></span> <span class='ocrx_word' id='word_1_411' title='bbox 1193 4846 1500 4900; x_wconf 79' lang='lat' dir='ltr'><strong>venientem</strong></span> <span class='ocrx_word' id='word_1_412' title='bbox 1530 4847 1580 4898; x_wconf 92' lang='lat' dir='ltr'><strong>in</strong></span> <span class='ocrx_word' id='word_1_413' title='bbox 1612 4845 1770 4899; x_wconf 84' lang='lat' dir='ltr'><strong>nubi-</strong></span> 
     </span>
    </p>
   </div>
   <div class='ocr_carea' id='block_1_77' title="bbox 168 4913 1772 4986">
    <p class='ocr_par' dir='ltr' id='par_1_77' title="bbox 168 4913 1772 4986">
     <span class='ocr_line' id='line_1_81' title="bbox 168 4913 1772 4986; baseline 0.004 -23"><span class='ocrx_word' id='word_1_414' title='bbox 168 4913 269 4986; x_wconf 85' lang='lat' dir='ltr'><strong>bus</strong></span> <span class='ocrx_word' id='word_1_415' title='bbox 298 4916 440 4971; x_wconf 91' lang='lat' dir='ltr'><strong>coeli</strong></span> <span class='ocrx_word' id='word_1_416' title='bbox 481 4931 602 4970; x_wconf 88' lang='lat' dir='ltr'><strong>cuin</strong></span> <span class='ocrx_word' id='word_1_417' title='bbox 634 4918 834 4970; x_wconf 89' lang='lat' dir='ltr'><strong>virtute</strong></span> <span class='ocrx_word' id='word_1_418' title='bbox 862 4916 1066 4984; x_wconf 89' lang='lat' dir='ltr'><strong>multa,</strong></span> <span class='ocrx_word' id='word_1_419' title='bbox 1112 4927 1165 4970; x_wconf 90' lang='lat' dir='ltr'><strong>et</strong></span> <span class='ocrx_word' id='word_1_420' title='bbox 1208 4918 1493 4986; x_wconf 75' lang='lat' dir='ltr'><strong>majestate</strong></span> <span class='ocrx_word' id='word_1_421' title='bbox 1534 4931 1653 4971; x_wconf 84' lang='lat' dir='ltr'><strong>sua.</strong></span> <span class='ocrx_word' id='word_1_422' title='bbox 1705 4917 1772 4970; x_wconf 83' lang='lat' dir='ltr'><strong>Et</strong></span> 
     </span>
    </p>
   </div>
   <div class='ocr_carea' id='block_1_78' title="bbox 165 4985 1768 5059">
    <p class='ocr_par' dir='ltr' id='par_1_78' title="bbox 165 4985 1768 5059">
     <span class='ocr_line' id='line_1_82' title="bbox 165 4985 1768 5059; baseline 0.002 -21"><span class='ocrx_word' id='word_1_423' title='bbox 165 4985 349 5042; x_wconf 86' lang='lat' dir='ltr'><strong>mittet</strong></span> <span class='ocrx_word' id='word_1_424' title='bbox 364 4987 587 5059; x_wconf 73' lang='lat' dir='ltr'><strong>angelos</strong></span> <span class='ocrx_word' id='word_1_425' title='bbox 604 5001 736 5043; x_wconf 90' lang='lat' dir='ltr'><strong>suos</strong></span> <span class='ocrx_word' id='word_1_426' title='bbox 753 5001 875 5043; x_wconf 91' lang='lat' dir='ltr'><strong>cum</strong></span> <span class='ocrx_word' id='word_1_427' title='bbox 901 4987 1048 5056; x_wconf 89' lang='lat' dir='ltr'><strong>tuba,</strong></span> <span class='ocrx_word' id='word_1_428' title='bbox 1075 4996 1131 5042; x_wconf 91' lang='lat' dir='ltr'><strong>et</strong></span> <span class='ocrx_word' id='word_1_429' title='bbox 1153 5004 1286 5043; x_wconf 90' lang='lat' dir='ltr'><strong>voce</strong></span> <span class='ocrx_word' id='word_1_430' title='bbox 1302 4985 1504 5059; x_wconf 79' lang='lat' dir='ltr'><strong>magna</strong></span> <span class='ocrx_word' id='word_1_431' title='bbox 1529 5006 1543 5044; x_wconf 87' lang='lat'><strong>:</strong></span> <span class='ocrx_word' id='word_1_432' title='bbox 1566 4996 1621 5043; x_wconf 88' lang='lat' dir='ltr'><strong>et</strong></span> <span class='ocrx_word' id='word_1_433' title='bbox 1639 5001 1768 5043; x_wconf 88' lang='lat' dir='ltr'><strong>con-</strong></span> 
     </span>
    </p>
   </div>
   <div class='ocr_carea' id='block_1_79' title="bbox 169 2827 654 2888">
    <p class='ocr_par' dir='ltr' id='par_1_79' title="bbox 169 2827 654 2888">
     <span class='ocr_line' id='line_1_83' title="bbox 169 2827 654 2888; baseline 0.014 -11"><span class='ocrx_word' id='word_1_434' title='bbox 169 2833 266 2888; x_wconf 84' lang='lat' dir='ltr'><strong>est,</strong></span> <span class='ocrx_word' id='word_1_435' title='bbox 292 2827 384 2880; x_wconf 87' lang='lat' dir='ltr'><strong>nol</strong></span> <span class='ocrx_word' id='word_1_436' title='bbox 408 2865 422 2879; x_wconf 91' lang='lat'><strong>.</strong></span> <span class='ocrx_word' id='word_1_437' title='bbox 452 2866 466 2880; x_wconf 95' lang='lat'><strong>.</strong></span> <span class='ocrx_word' id='word_1_438' title='bbox 495 2866 508 2881; x_wconf 93' lang='lat'><strong>.</strong></span> <span class='ocrx_word' id='word_1_439' title='bbox 539 2828 654 2884; x_wconf 84' lang='lat' dir='ltr'><strong>exi-</strong></span> 
     </span>
    </p>
   </div>
   <div class='ocr_carea' id='block_1_80' title="bbox 168 2898 609 2970">
    <p class='ocr_par' dir='ltr' id='par_1_80' title="bbox 168 2898 609 2970">
     <span class='ocr_line' id='line_1_84' title="bbox 168 2898 609 2970; baseline 0.018 -23"><span class='ocrx_word' id='word_1_440' title='bbox 168 2909 257 2959; x_wconf 90' lang='lat' dir='ltr'><strong>re;</strong></span> <span class='ocrx_word' id='word_1_441' title='bbox 289 2911 415 2970; x_wconf 83' lang='lat' dir='ltr'><strong>ecce</strong></span> <span class='ocrx_word' id='word_1_442' title='bbox 438 2898 488 2953; x_wconf 94' lang='lat' dir='ltr'><strong>in</strong></span> <span class='ocrx_word' id='word_1_443' title='bbox 516 2913 609 2970; x_wconf 78' lang='lat' dir='ltr'><strong>pe-</strong></span> 
     </span>
    </p>
   </div>
   <div class='ocr_carea' id='block_1_81' title="bbox 170 2967 482 3035">
    <p class='ocr_par' dir='ltr' id='par_1_81' title="bbox 170 2967 482 3035">
     <span class='ocr_line' id='line_1_85' title="bbox 170 2967 482 3035; baseline 0.013 -17"><span class='ocrx_word' id='word_1_444' title='bbox 170 2967 482 3035; x_wconf 82' lang='lat' dir='ltr'><strong>netralibus,</strong></span> 
     </span>
    </p>
   </div>
   <div class='ocr_carea' id='block_1_82' title="bbox 172 3038 544 3096">
    <p class='ocr_par' dir='ltr' id='par_1_82' title="bbox 172 3038 544 3096">
     <span class='ocr_line' id='line_1_86' title="bbox 172 3038 544 3096; baseline 0.022 -7"><span class='ocrx_word' id='word_1_445' title='bbox 172 3038 333 3093; x_wconf 85' lang='lat' dir='ltr'><strong>nolite</strong></span> <span class='ocrx_word' id='word_1_446' title='bbox 355 3039 544 3096; x_wconf 85' lang='lat' dir='ltr'><strong>crede—</strong></span> 
     </span>
    </p>
   </div>
   <div class='ocr_carea' id='block_1_83' title="bbox 169 3105 714 3170">
    <p class='ocr_par' dir='ltr' id='par_1_83' title="bbox 169 3105 714 3170">
     <span class='ocr_line' id='line_1_87' title="bbox 169 3105 714 3170; baseline 0.018 -11"><span class='ocrx_word' id='word_1_447' title='bbox 169 3105 255 3162; x_wconf 87' lang='lat'><strong>27.</strong></span> <span class='ocrx_word' id='word_1_448' title='bbox 284 3125 360 3164; x_wconf 92' lang='lat' dir='ltr'><strong>re.</strong></span> <span class='ocrx_word' id='word_1_449' title='bbox 392 3111 539 3168; x_wconf 92' lang='lat' dir='ltr'><strong>Sicut</strong></span> <span class='ocrx_word' id='word_1_450' title='bbox 568 3113 714 3170; x_wconf 89' lang='lat' dir='ltr'><strong>enim</strong></span> 
     </span>
    </p>
   </div>
   <div class='ocr_carea' id='block_1_84' title="bbox 175 3179 477 3248">
    <p class='ocr_par' dir='ltr' id='par_1_84' title="bbox 175 3179 477 3248">
     <span class='ocr_line' id='line_1_88' title="bbox 175 3179 477 3248; baseline 0.023 -18"><span class='ocrx_word' id='word_1_451' title='bbox 175 3179 343 3248; x_wconf 73' lang='lat' dir='ltr'><strong>lulgur</strong></span> <span class='ocrx_word' id='word_1_452' title='bbox 367 3184 477 3237; x_wconf 91' lang='lat' dir='ltr'><strong>exit</strong></span> 
     </span>
    </p>
   </div>
   <div class='ocr_carea' id='block_1_85' title="bbox 171 3250 492 3322">
    <p class='ocr_par' dir='ltr' id='par_1_85' title="bbox 171 3250 492 3322">
     <span class='ocr_line' id='line_1_89' title="bbox 171 3250 492 3322; baseline 0.028 -22"><span class='ocrx_word' id='word_1_453' title='bbox 171 3250 237 3302; x_wconf 81' lang='lat' dir='ltr'><strong>ab</strong></span> <span class='ocrx_word' id='word_1_454' title='bbox 265 3253 492 3322; x_wconf 85' lang='lat' dir='ltr'><strong>oriente,</strong></span> 
     </span>
    </p>
   </div>
   <div class='ocr_carea' id='block_1_86' title="bbox 173 3330 593 3398">
    <p class='ocr_par' dir='ltr' id='par_1_86' title="bbox 173 3330 593 3398">
     <span class='ocr_line' id='line_1_90' title="bbox 173 3330 593 3398; baseline 0.019 -24"><span class='ocrx_word' id='word_1_455' title='bbox 173 3330 223 3374; x_wconf 87' lang='lat' dir='ltr'><strong>et</strong></span> <span class='ocrx_word' id='word_1_456' title='bbox 248 3334 395 3391; x_wconf 77' lang='lat' dir='ltr'><strong>paret</strong></span> <span class='ocrx_word' id='word_1_457' title='bbox 423 3339 593 3398; x_wconf 89' lang='lat' dir='ltr'><strong>usque</strong></span> 
     </span>
    </p>
   </div>
   <div class='ocr_carea' id='block_1_87' title="bbox 1122 249 2463 334">
    <p class='ocr_par' dir='ltr' id='par_1_87' title="bbox 1122 249 2463 334">
     <span class='ocr_line' id='line_1_91' title="bbox 1122 249 2463 334; baseline 0.006 -11"><span class='ocrx_word' id='word_1_458' title='bbox 1122 249 1576 327; x_wconf 73' lang='lat' dir='ltr'><strong>evANcEuUM</strong></span> <span class='ocrx_word' id='word_1_459' title='bbox 1613 269 1989 329; x_wconf 66' lang='lat' dir='ltr'><strong>SECUNDUM</strong></span> <span class='ocrx_word' id='word_1_460' title='bbox 2029 261 2463 334; x_wconf 71' lang='grc' dir='ltr'><strong>ΜΑττηΑῖυΜ.</strong></span> 
     </span>
    </p>
   </div>
   <div class='ocr_carea' id='block_1_88' title="bbox 1858 562 2189 631">
    <p class='ocr_par' dir='ltr' id='par_1_88' title="bbox 1858 562 2189 631">
     <span class='ocr_line' id='line_1_92' title="bbox 1858 562 2189 631; baseline 0.012 -17"><span class='ocrx_word' id='word_1_461' title='bbox 1858 575 1984 631; x_wconf 77' lang='lat' dir='ltr'><strong>gna,</strong></span> <span class='ocrx_word' id='word_1_462' title='bbox 2015 562 2189 631; x_wconf 88' lang='lat' dir='ltr'><strong>qualis</strong></span> 
     </span>
    </p>
   </div>
   <div class='ocr_carea' id='block_1_89' title="bbox 3355 281 3460 336">
    <p class='ocr_par' dir='ltr' id='par_1_89' title="bbox 3355 281 3460 336">
     <span class='ocr_line' id='line_1_93' title="bbox 3355 281 3460 336; baseline 0 -1"><span class='ocrx_word' id='word_1_463' title='bbox 3355 281 3460 336; x_wconf 76' lang='lat'><strong>510</strong></span> 
     </span>
    </p>
   </div>
   <div class='ocr_carea' id='block_1_90' title="bbox 2295 385 3022 461">
    <p class='ocr_par' dir='ltr' id='par_1_90' title="bbox 2295 385 3022 461">
     <span class='ocr_line' id='line_1_94' title="bbox 2295 385 3022 461; baseline 0.008 -7"><span class='ocrx_word' id='word_1_464' title='bbox 2295 398 2527 458; x_wconf 74' lang='lat' dir='ltr'><strong>conex</strong></span> <span class='ocrx_word' id='word_1_465' title='bbox 2569 385 3022 461; x_wconf 79' lang='lat' dir='ltr'><strong>VERONENSIS.</strong></span> 
     </span>
    </p>
   </div>
   <div class='ocr_carea' id='block_1_91' title="bbox 2698 497 3035 565">
    <p class='ocr_par' dir='ltr' id='par_1_91' title="bbox 2698 497 3035 565">
     <span class='ocr_line' id='line_1_95' title="bbox 2698 497 3035 565; baseline 0.006 -15"><span class='ocrx_word' id='word_1_466' title='bbox 2698 510 2868 565; x_wconf 90' lang='lat' dir='ltr'><strong>usque</strong></span> <span class='ocrx_word' id='word_1_467' title='bbox 2889 497 3035 552; x_wconf 86' lang='lat' dir='ltr'><strong>occi-</strong></span> 
     </span>
    </p>
   </div>
   <div class='ocr_carea' id='block_1_92' title="bbox 2697 565 3061 624">
    <p class='ocr_par' dir='ltr' id='par_1_92' title="bbox 2697 565 3061 624">
     <span class='ocr_line' id='line_1_96' title="bbox 2697 565 3061 624; baseline 0 -2"><span class='ocrx_word' id='word_1_468' title='bbox 2697 565 2914 622; x_wconf 90' lang='lat' dir='ltr'><strong>dentem</strong></span> <span class='ocrx_word' id='word_1_469' title='bbox 2947 585 2960 624; x_wconf 86' lang='lat'><strong>:</strong></span> <span class='ocrx_word' id='word_1_470' title='bbox 2988 569 3061 623; x_wconf 86' lang='lat' dir='ltr'><strong>ita</strong></span> 
     </span>
    </p>
   </div>
   <div class='ocr_carea' id='block_1_93' title="bbox 2694 638 3103 694">
    <p class='ocr_par' dir='ltr' id='par_1_93' title="bbox 2694 638 3103 694">
     <span class='ocr_line' id='line_1_97' title="bbox 2694 638 3103 694; baseline 0.005 -1"><span class='ocrx_word' id='word_1_471' title='bbox 2694 639 2800 693; x_wconf 91' lang='lat' dir='ltr'><strong>erit</strong></span> <span class='ocrx_word' id='word_1_472' title='bbox 2821 649 2875 692; x_wconf 92' lang='lat' dir='ltr'><strong>et</strong></span> <span class='ocrx_word' id='word_1_473' title='bbox 2900 638 3103 694; x_wconf 84' lang='lat' dir='ltr'><strong>adven-</strong></span> 
     </span>
    </p>
   </div>
   <div class='ocr_carea' id='block_1_94' title="bbox 2695 708 3163 767">
    <p class='ocr_par' dir='ltr' id='par_1_94' title="bbox 2695 708 3163 767">
     <span class='ocr_line' id='line_1_98' title="bbox 2695 708 3163 767; baseline 0.004 -5"><span class='ocrx_word' id='word_1_474' title='bbox 2695 717 2781 763; x_wconf 90' lang='lat' dir='ltr'><strong>tus</strong></span> <span class='ocrx_word' id='word_1_475' title='bbox 2809 708 2888 763; x_wconf 85' lang='lat' dir='ltr'><strong>ﬁli</strong></span> <span class='ocrx_word' id='word_1_476' title='bbox 2910 709 3163 767; x_wconf 79' lang='lat' dir='ltr'><strong>hominis.</strong></span> 
     </span>
    </p>
   </div>
   <div class='ocr_carea' id='block_1_95' title="bbox 1865 776 3154 850">
    <p class='ocr_par' dir='ltr' id='par_1_95' title="bbox 1865 776 3154 850">
     <span class='ocr_line' id='line_1_99' title="bbox 1865 776 3154 850; baseline 0.008 -23"><span class='ocrx_word' id='word_1_477' title='bbox 1865 789 2034 844; x_wconf 88' lang='lat' dir='ltr'><strong>usque</strong></span> <span class='ocrx_word' id='word_1_478' title='bbox 2061 776 2240 850; x_wconf 80' lang='lat' dir='ltr'><strong>modo,</strong></span> <span class='ocrx_word' id='word_1_479' title='bbox 2694 778 2784 835; x_wconf 93' lang='lat'><strong>28.</strong></span> <span class='ocrx_word' id='word_1_480' title='bbox 2816 779 3154 850; x_wconf 85' lang='lat' dir='ltr'><strong>Ubicumque</strong></span> 
     </span>
    </p>
   </div>
   <div class='ocr_carea' id='block_1_96' title="bbox 1863 848 3183 920">
    <p class='ocr_par' dir='ltr' id='par_1_96' title="bbox 1863 848 3183 920">
     <span class='ocr_line' id='line_1_100' title="bbox 1863 848 3183 920; baseline 0.009 -23"><span class='ocrx_word' id='word_1_481' title='bbox 1863 860 2039 920; x_wconf 44' lang='lat' dir='ltr'><strong>nequa:</strong></span> <span class='ocrx_word' id='word_1_482' title='bbox 2075 848 2186 920; x_wconf 69' lang='lat' dir='ltr'><strong>liet.</strong></span> <span class='ocrx_word' id='word_1_483' title='bbox 2213 917 2226 920; x_wconf 92' lang='lat'><em>_</em></span> <span class='ocrx_word' id='word_1_484' title='bbox 2696 850 2800 905; x_wconf 84' lang='lat' dir='ltr'><strong>erit</strong></span> <span class='ocrx_word' id='word_1_485' title='bbox 2825 867 3044 920; x_wconf 90' lang='lat' dir='ltr'><strong>corpus,</strong></span> <span class='ocrx_word' id='word_1_486' title='bbox 3067 848 3183 909; x_wconf 86' lang='lat' dir='ltr'><strong>illic</strong></span> 
     </span>
    </p>
   </div>
   <div class='ocr_carea' id='block_1_97' title="bbox 1863 915 3174 991">
    <p class='ocr_par' dir='ltr' id='par_1_97' title="bbox 1863 915 3174 991">
     <span class='ocr_line' id='line_1_101' title="bbox 1863 915 3174 991; baseline 0.009 -23"><span class='ocrx_word' id='word_1_487' title='bbox 1863 915 1954 991; x_wconf 82' lang='lat'><strong>22.</strong></span> <span class='ocrx_word' id='word_1_488' title='bbox 1983 917 2058 991; x_wconf 72' lang='lat' dir='ltr'><strong>Et</strong></span> <span class='ocrx_word' id='word_1_489' title='bbox 2083 918 2185 991; x_wconf 85' lang='lat' dir='ltr'><strong>nisi</strong></span> <span class='ocrx_word' id='word_1_490' title='bbox 2213 917 2334 991; x_wconf 46' lang='lat' dir='ltr'><strong>brej</strong></span> <span class='ocrx_word' id='word_1_491' title='bbox 2699 915 3174 991; x_wconf 65' lang='lat' dir='ltr'><strong>congretiabuntur</strong></span> 
     </span>
    </p>
   </div>
   <div class='ocr_carea' id='block_1_98' title="bbox 1865 985 3066 1117">
    <p class='ocr_par' dir='ltr' id='par_1_98' title="bbox 1865 985 3066 1117">
     <span class='ocr_line' id='line_1_102' title="bbox 1865 985 3066 1117; baseline 0.007 -77"><span class='ocrx_word' id='word_1_492' title='bbox 1865 985 1992 1068; x_wconf 78' lang='lat' dir='ltr'><strong>biati</strong></span> <span class='ocrx_word' id='word_1_493' title='bbox 2021 986 2247 1041; x_wconf 83' lang='lat' dir='ltr'><strong>fuissent</strong></span> <span class='ocrx_word' id='word_1_494' title='bbox 2271 989 2388 1046; x_wconf 89' lang='lat' dir='ltr'><strong>dies</strong></span> <span class='ocrx_word' id='word_1_495' title='bbox 2704 991 2780 1117; x_wconf 42' lang='lat' dir='ltr'><strong>ab)</strong></span> <span class='ocrx_word' id='word_1_496' title='bbox 2809 985 2990 1076; x_wconf 76' lang='lat' dir='ltr'><strong>aquile</strong></span> <span class='ocrx_word' id='word_1_497' title='bbox 3009 994 3066 1066; x_wconf 66' lang='lat'><strong>1-.</strong></span> 
     </span>
     <span class='ocr_line' id='line_1_103' title="bbox 1865 1057 3036 1117; baseline 0.006 -7"><span class='ocrx_word' id='word_1_498' title='bbox 1865 1057 1966 1117; x_wconf 86' lang='lat' dir='ltr'><strong>tlli.</strong></span> <span class='ocrx_word' id='word_1_499' title='bbox 1993 1073 2100 1112; x_wconf 90' lang='lat' dir='ltr'><strong>non</strong></span> <span class='ocrx_word' id='word_1_500' title='bbox 2132 1059 2288 1115; x_wconf 88' lang='lat' dir='ltr'><strong>ﬁeret</strong></span> <span class='ocrx_word' id='word_1_501' title='bbox 2743 1065 2797 1117; x_wconf 85' lang='lat'><strong>9.</strong></span> <span class='ocrx_word' id='word_1_502' title='bbox 2843 1064 3036 1117; x_wconf 85' lang='lat' dir='ltr'><strong>Statim</strong></span> 
     </span>
    </p>
   </div>
   <div class='ocr_carea' id='block_1_99' title="bbox 1865 1057 3036 1124">
    <p class='ocr_par' dir='ltr' id='par_1_99' title="bbox 1865 1057 3036 1124">
     <span class='ocr_line' id='line_1_104' title="bbox 1865 1057 3036 1124; baseline 0.009 -14"><span class='ocrx_word' id='word_1_503' title='bbox 1865 1057 1966 1124; x_wconf 90' lang='lat' dir='ltr'><strong>illi,</strong></span> <span class='ocrx_word' id='word_1_504' title='bbox 1993 1073 2100 1112; x_wconf 91' lang='lat' dir='ltr'><strong>non</strong></span> <span class='ocrx_word' id='word_1_505' title='bbox 2132 1059 2288 1115; x_wconf 87' lang='lat' dir='ltr'><strong>ﬁeret</strong></span> <span class='ocrx_word' id='word_1_506' title='bbox 2704 1057 2797 1117; x_wconf 78' lang='lat'><strong>29.</strong></span> <span class='ocrx_word' id='word_1_507' title='bbox 2843 1057 3036 1120; x_wconf 76' lang='lat' dir='ltr'><strong>Statim</strong></span> 
     </span>
    </p>
   </div>
   <div class='ocr_carea' id='block_1_100' title="bbox 1866 1129 2896 1190">
    <p class='ocr_par' dir='ltr' id='par_1_100' title="bbox 1866 1129 2896 1190">
     <span class='ocr_line' id='line_1_105' title="bbox 1866 1129 2896 1190; baseline 0.009 -9"><span class='ocrx_word' id='word_1_508' title='bbox 1866 1130 2017 1182; x_wconf 86' lang='lat' dir='ltr'><strong>salva</strong></span> <span class='ocrx_word' id='word_1_509' title='bbox 2040 1129 2220 1184; x_wconf 85' lang='lat' dir='ltr'><strong>omnis</strong></span> <span class='ocrx_word' id='word_1_510' title='bbox 2711 1143 2896 1190; x_wconf 87' lang='lat' dir='ltr'><strong>autem</strong></span> 
     </span>
    </p>
   </div>
   <div class='ocr_carea' id='block_1_101' title="bbox 1866 1201 2320 1270">
    <p class='ocr_par' dir='ltr' id='par_1_101' title="bbox 1866 1201 2320 1270">
     <span class='ocr_line' id='line_1_106' title="bbox 1866 1201 2320 1270; baseline 0.004 -17"><span class='ocrx_word' id='word_1_511' title='bbox 1866 1212 1994 1254; x_wconf 82' lang='lat' dir='ltr'><strong>caro</strong></span> <span class='ocrx_word' id='word_1_512' title='bbox 2029 1219 2041 1255; x_wconf 94' lang='lat'>:</span> <span class='ocrx_word' id='word_1_513' title='bbox 2070 1201 2164 1254; x_wconf 91' lang='lat' dir='ltr'><strong>sed</strong></span> <span class='ocrx_word' id='word_1_514' title='bbox 2196 1216 2320 1270; x_wconf 88' lang='lat' dir='ltr'><strong>pro-</strong></span> 
     </span>
    </p>
   </div>
   <div class='ocr_carea' id='block_1_102' title="bbox 1907 1272 2350 1328">
    <p class='ocr_par' dir='ltr' id='par_1_102' title="bbox 1907 1272 2350 1328">
     <span class='ocr_line' id='line_1_107' title="bbox 1907 1272 2350 1328; baseline 0.011 -5"><span class='ocrx_word' id='word_1_515' title='bbox 1907 1278 1988 1325; x_wconf 90' lang='lat' dir='ltr'><strong>ter</strong></span> <span class='ocrx_word' id='word_1_516' title='bbox 2008 1272 2209 1326; x_wconf 87' lang='lat' dir='ltr'><strong>electos</strong></span> <span class='ocrx_word' id='word_1_517' title='bbox 2229 1272 2350 1328; x_wconf 90' lang='lat' dir='ltr'><strong>bre-</strong></span> 
     </span>
    </p>
   </div>
   <div class='ocr_carea' id='block_1_103' title="bbox 1868 1341 2300 1464">
    <p class='ocr_par' dir='ltr' id='par_1_103' title="bbox 1868 1341 2300 1464">
     <span class='ocr_line' id='line_1_108' title="bbox 1868 1341 2300 1464; baseline 0.007 -69"><span class='ocrx_word' id='word_1_518' title='bbox 1868 1341 2155 1464; x_wconf 63' lang='lat' dir='ltr'><strong>blilabuntur</strong></span> <span class='ocrx_word' id='word_1_519' title='bbox 2182 1343 2300 1398; x_wconf 90' lang='lat' dir='ltr'><strong>dies</strong></span> 
     </span>
     <span class='ocr_line' id='line_1_109' title="bbox 1868 1427 1970 1464; baseline 0 0"><span class='ocrx_word' id='word_1_520' title='bbox 1868 1427 1880 1464; x_wconf 94' lang='lat' dir='ltr'><strong>I</strong></span> <span class='ocrx_word' id='word_1_521' title='bbox 1936 1429 1970 1464; x_wconf 89' lang='grc' dir='ltr'><strong>ι.</strong></span> 
     </span>
    </p>
   </div>
   <div class='ocr_carea' id='block_1_104' title="bbox 1867 1427 1970 1467">
    <p class='ocr_par' dir='ltr' id='par_1_104' title="bbox 1867 1427 1970 1467">
     <span class='ocr_line' id='line_1_110' title="bbox 1867 1427 1970 1467; baseline 0.019 -2"><span class='ocrx_word' id='word_1_522' title='bbox 1867 1427 1970 1467; x_wconf 84' lang='lat' dir='ltr'><strong>IIII.</strong></span> 
     </span>
    </p>
   </div>
   <div class='ocr_carea' id='block_1_105' title="bbox 1864 1481 2369 1555">
    <p class='ocr_par' dir='ltr' id='par_1_105' title="bbox 1864 1481 2369 1555">
     <span class='ocr_line' id='line_1_111' title="bbox 1864 1481 2369 1555; baseline 0.008 -19"><span class='ocrx_word' id='word_1_523' title='bbox 1864 1481 1955 1555; x_wconf 77' lang='lat'><strong>23.</strong></span> <span class='ocrx_word' id='word_1_524' title='bbox 1980 1483 2143 1555; x_wconf 15' lang='lat' dir='ltr'><strong>rTunc</strong></span> <span class='ocrx_word' id='word_1_525' title='bbox 2173 1484 2216 1539; x_wconf 94' lang='lat' dir='ltr'><strong>si</strong></span> <span class='ocrx_word' id='word_1_526' title='bbox 2247 1485 2369 1555; x_wconf 91' lang='lat' dir='ltr'><strong>quis</strong></span> 
     </span>
    </p>
   </div>
   <div class='ocr_carea' id='block_1_106' title="bbox 1865 1554 2210 1610">
    <p class='ocr_par' dir='ltr' id='par_1_106' title="bbox 1865 1554 2210 1610">
     <span class='ocr_line' id='line_1_112' title="bbox 1865 1554 2210 1610; baseline 0.009 -3"><span class='ocrx_word' id='word_1_527' title='bbox 1865 1554 2022 1609; x_wconf 87' lang='lat' dir='ltr'><strong>vobis</strong></span> <span class='ocrx_word' id='word_1_528' title='bbox 2059 1555 2210 1610; x_wconf 85' lang='lat' dir='ltr'><strong>dixe-</strong></span> 
     </span>
    </p>
   </div>
   <div class='ocr_carea' id='block_1_107' title="bbox 1871 1625 2274 1681">
    <p class='ocr_par' dir='ltr' id='par_1_107' title="bbox 1871 1625 2274 1681">
     <span class='ocr_line' id='line_1_113' title="bbox 1871 1625 2274 1681; baseline 0.007 -4"><span class='ocrx_word' id='word_1_529' title='bbox 1871 1625 1938 1678; x_wconf 88' lang='lat' dir='ltr'><strong>rit</strong></span> <span class='ocrx_word' id='word_1_530' title='bbox 1970 1643 1984 1680; x_wconf 90' lang='lat'><strong>:</strong></span> <span class='ocrx_word' id='word_1_531' title='bbox 2018 1626 2157 1680; x_wconf 87' lang='lat' dir='ltr'><strong>Ecce</strong></span> <span class='ocrx_word' id='word_1_532' title='bbox 2187 1627 2274 1681; x_wconf 90' lang='lat' dir='ltr'><strong>hic</strong></span> 
     </span>
    </p>
   </div>
   <div class='ocr_carea' id='block_1_108' title="bbox 1868 1695 2318 1768">
    <p class='ocr_par' dir='ltr' id='par_1_108' title="bbox 1868 1695 2318 1768">
     <span class='ocr_line' id='line_1_114' title="bbox 1868 1695 2318 1768; baseline 0.016 -21"><span class='ocrx_word' id='word_1_533' title='bbox 1868 1695 1946 1766; x_wconf 88' lang='lat' dir='ltr'><strong>(a)</strong></span> <span class='ocrx_word' id='word_1_534' title='bbox 1978 1695 2224 1753; x_wconf 77' lang='lat' dir='ltr'><strong>Christus</strong></span> <span class='ocrx_word' id='word_1_535' title='bbox 2254 1697 2318 1768; x_wconf 73' lang='lat'><strong>1&#39;,</strong></span> 
     </span>
    </p>
   </div>
   <div class='ocr_carea' id='block_1_109' title="bbox 1867 1768 2172 1822">
    <p class='ocr_par' dir='ltr' id='par_1_109' title="bbox 1867 1768 2172 1822">
     <span class='ocr_line' id='line_1_115' title="bbox 1867 1768 2172 1822; baseline -0.003 -2"><span class='ocrx_word' id='word_1_536' title='bbox 1867 1781 1995 1822; x_wconf 88' lang='lat' dir='ltr'><strong>ecce</strong></span> <span class='ocrx_word' id='word_1_537' title='bbox 2027 1768 2134 1822; x_wconf 91' lang='lat' dir='ltr'><strong>illic</strong></span> <span class='ocrx_word' id='word_1_538' title='bbox 2158 1785 2172 1819; x_wconf 88' lang='lat'><strong>:</strong></span> 
     </span>
    </p>
   </div>
   <div class='ocr_carea' id='block_1_110' title="bbox 1869 1838 2304 1894">
    <p class='ocr_par' dir='ltr' id='par_1_110' title="bbox 1869 1838 2304 1894">
     <span class='ocr_line' id='line_1_116' title="bbox 1869 1838 2304 1894; baseline 0.007 -4"><span class='ocrx_word' id='word_1_539' title='bbox 1869 1838 2032 1892; x_wconf 89' lang='lat' dir='ltr'><strong>nolite</strong></span> <span class='ocrx_word' id='word_1_540' title='bbox 2061 1839 2304 1894; x_wconf 88' lang='lat' dir='ltr'><strong>credere.</strong></span> 
     </span>
    </p>
   </div>
   <div class='ocr_carea' id='block_1_111' title="bbox 1867 1906 2394 1980">
    <p class='ocr_par' dir='ltr' id='par_1_111' title="bbox 1867 1906 2394 1980">
     <span class='ocr_line' id='line_1_117' title="bbox 1867 1906 2394 1980; baseline 0.013 -20"><span class='ocrx_word' id='word_1_541' title='bbox 1867 1906 1959 1964; x_wconf 72' lang='lat'><strong>24.</strong></span> <span class='ocrx_word' id='word_1_542' title='bbox 1979 1909 2230 1980; x_wconf 66' lang='lat' dir='ltr'><strong>,Surgent</strong></span> <span class='ocrx_word' id='word_1_543' title='bbox 2249 1911 2394 1967; x_wconf 90' lang='lat' dir='ltr'><strong>enim</strong></span> 
     </span>
    </p>
   </div>
   <div class='ocr_carea' id='block_1_112' title="bbox 1869 1981 2377 2048">
    <p class='ocr_par' dir='ltr' id='par_1_112' title="bbox 1869 1981 2377 2048">
     <span class='ocr_line' id='line_1_118' title="bbox 1869 1981 2377 2048; baseline 0.008 -15"><span class='ocrx_word' id='word_1_544' title='bbox 1869 1981 2287 2048; x_wconf 88' lang='lat' dir='ltr'><strong>pseudochristi,</strong></span> <span class='ocrx_word' id='word_1_545' title='bbox 2323 1993 2377 2037; x_wconf 91' lang='lat' dir='ltr'><strong>et</strong></span> 
     </span>
    </p>
   </div>
   <div class='ocr_carea' id='block_1_113' title="bbox 1871 2051 2409 2120">
    <p class='ocr_par' dir='ltr' id='par_1_113' title="bbox 1871 2051 2409 2120">
     <span class='ocr_line' id='line_1_119' title="bbox 1871 2051 2409 2120; baseline 0.011 -19"><span class='ocrx_word' id='word_1_546' title='bbox 1871 2051 2372 2120; x_wconf 80' lang='lat' dir='ltr'><strong>psendOprOphetae</strong></span> <span class='ocrx_word' id='word_1_547' title='bbox 2395 2070 2409 2107; x_wconf 90' lang='lat'><strong>:</strong></span> 
     </span>
    </p>
   </div>
   <div class='ocr_carea' id='block_1_114' title="bbox 1866 2121 2338 2192">
    <p class='ocr_par' dir='ltr' id='par_1_114' title="bbox 1866 2121 2338 2192">
     <span class='ocr_line' id='line_1_120' title="bbox 1866 2121 2338 2192; baseline 0.006 -18"><span class='ocrx_word' id='word_1_548' title='bbox 1866 2132 1922 2174; x_wconf 91' lang='lat' dir='ltr'><strong>et</strong></span> <span class='ocrx_word' id='word_1_549' title='bbox 1952 2121 2158 2175; x_wconf 89' lang='lat' dir='ltr'><strong>dabunt</strong></span> <span class='ocrx_word' id='word_1_550' title='bbox 2187 2123 2338 2192; x_wconf 73' lang='lat' dir='ltr'><strong>signa</strong></span> 
     </span>
    </p>
   </div>
   <div class='ocr_carea' id='block_1_115' title="bbox 1861 489 2280 547">
    <p class='ocr_par' dir='ltr' id='par_1_115' title="bbox 1861 489 2280 547">
     <span class='ocr_line' id='line_1_121' title="bbox 1861 489 2280 547; baseline 0.007 -3"><span class='ocrx_word' id='word_1_551' title='bbox 1861 489 2136 545; x_wconf 88' lang='lat' dir='ltr'><strong>tribulatio</strong></span> <span class='ocrx_word' id='word_1_552' title='bbox 2165 503 2280 547; x_wconf 82' lang='lat' dir='ltr'><strong>ma-</strong></span> 
     </span>
    </p>
   </div>
   <div class='ocr_carea' id='block_1_116' title="bbox 1862 633 2186 688">
    <p class='ocr_par' dir='ltr' id='par_1_116' title="bbox 1862 633 2186 688">
     <span class='ocr_line' id='line_1_122' title="bbox 1862 633 2186 688; baseline 0.009 -3"><span class='ocrx_word' id='word_1_553' title='bbox 1862 647 1968 685; x_wconf 87' lang='lat' dir='ltr'><strong>non</strong></span> <span class='ocrx_word' id='word_1_554' title='bbox 1996 633 2095 687; x_wconf 79' lang='lat' dir='ltr'><strong>fuit</strong></span> <span class='ocrx_word' id='word_1_555' title='bbox 2119 633 2186 688; x_wconf 85' lang='lat' dir='ltr'><strong>al)</strong></span> 
     </span>
    </p>
   </div>
   <div class='ocr_carea' id='block_1_117' title="bbox 1861 702 2236 760">
    <p class='ocr_par' dir='ltr' id='par_1_117' title="bbox 1861 702 2236 760">
     <span class='ocr_line' id='line_1_123' title="bbox 1861 702 2236 760; baseline 0.003 -3"><span class='ocrx_word' id='word_1_556' title='bbox 1861 702 2016 757; x_wconf 90' lang='lat' dir='ltr'><strong>initio</strong></span> <span class='ocrx_word' id='word_1_557' title='bbox 2041 706 2236 760; x_wconf 87' lang='lat' dir='ltr'><strong>saeculi</strong></span> 
     </span>
    </p>
   </div>
   <div class='ocr_carea' id='block_1_118' title="bbox 2714 1205 3174 1274">
    <p class='ocr_par' dir='ltr' id='par_1_118' title="bbox 2714 1205 3174 1274">
     <span class='ocr_line' id='line_1_124' title="bbox 2714 1205 3174 1274; baseline 0.013 -15"><span class='ocrx_word' id='word_1_558' title='bbox 2714 1213 2837 1274; x_wconf 91' lang='lat' dir='ltr'><strong>post</strong></span> <span class='ocrx_word' id='word_1_559' title='bbox 2869 1205 3174 1265; x_wconf 85' lang='lat' dir='ltr'><strong>tribulatio-</strong></span> 
     </span>
    </p>
   </div>
   <div class='ocr_carea' id='block_1_119' title="bbox 2713 1276 3078 1334">
    <p class='ocr_par' dir='ltr' id='par_1_119' title="bbox 2713 1276 3078 1334">
     <span class='ocr_line' id='line_1_125' title="bbox 2713 1276 3078 1334; baseline 0.014 -5"><span class='ocrx_word' id='word_1_560' title='bbox 2713 1291 2836 1330; x_wconf 93' lang='lat' dir='ltr'><strong>nem</strong></span> <span class='ocrx_word' id='word_1_561' title='bbox 2869 1276 3078 1334; x_wconf 90' lang='lat' dir='ltr'><strong>dierum</strong></span> 
     </span>
    </p>
   </div>
   <div class='ocr_carea' id='block_1_120' title="bbox 2713 1347 3076 1407">
    <p class='ocr_par' dir='ltr' id='par_1_120' title="bbox 2713 1347 3076 1407">
     <span class='ocr_line' id='line_1_126' title="bbox 2713 1347 3076 1407; baseline 0.011 -7"><span class='ocrx_word' id='word_1_562' title='bbox 2713 1347 2928 1402; x_wconf 90' lang='lat' dir='ltr'><strong>illorum</strong></span> <span class='ocrx_word' id='word_1_563' title='bbox 2947 1389 2962 1407; x_wconf 83' lang='lat'><strong><em>.</em></strong></span> <span class='ocrx_word' id='word_1_564' title='bbox 2995 1350 3076 1404; x_wconf 90' lang='lat' dir='ltr'><strong>sol</strong></span> 
     </span>
    </p>
   </div>
   <div class='ocr_carea' id='block_1_121' title="bbox 2709 1419 3128 1491">
    <p class='ocr_par' dir='ltr' id='par_1_121' title="bbox 2709 1419 3128 1491">
     <span class='ocr_line' id='line_1_127' title="bbox 2709 1419 3128 1491; baseline 0.01 -20"><span class='ocrx_word' id='word_1_565' title='bbox 2709 1419 3092 1475; x_wconf 88' lang='lat' dir='ltr'><strong>obscurabitur</strong></span> <span class='ocrx_word' id='word_1_566' title='bbox 3110 1464 3128 1491; x_wconf 89' lang='lat'><strong>,</strong></span> 
     </span>
    </p>
   </div>
   <div class='ocr_carea' id='block_1_122' title="bbox 2708 1491 3066 1546">
    <p class='ocr_par' dir='ltr' id='par_1_122' title="bbox 2708 1491 3066 1546">
     <span class='ocr_line' id='line_1_128' title="bbox 2708 1491 3066 1546; baseline 0.006 -2"><span class='ocrx_word' id='word_1_567' title='bbox 2708 1491 2917 1544; x_wconf 86' lang='lat' dir='ltr'><strong>etlnna</strong></span> <span class='ocrx_word' id='word_1_568' title='bbox 2960 1505 3066 1546; x_wconf 92' lang='lat' dir='ltr'><strong>non</strong></span> 
     </span>
    </p>
   </div>
   <div class='ocr_carea' id='block_1_123' title="bbox 2708 1560 3076 1618">
    <p class='ocr_par' dir='ltr' id='par_1_123' title="bbox 2708 1560 3076 1618">
     <span class='ocr_line' id='line_1_129' title="bbox 2708 1560 3076 1618; baseline 0.008 -3"><span class='ocrx_word' id='word_1_569' title='bbox 2708 1560 2858 1615; x_wconf 88' lang='lat' dir='ltr'><strong>dabit</strong></span> <span class='ocrx_word' id='word_1_570' title='bbox 2896 1562 3076 1618; x_wconf 91' lang='lat' dir='ltr'><strong>lumen</strong></span> 
     </span>
    </p>
   </div>
   <div class='ocr_carea' id='block_1_124' title="bbox 2707 1633 3202 1695">
    <p class='ocr_par' dir='ltr' id='par_1_124' title="bbox 2707 1633 3202 1695">
     <span class='ocr_line' id='line_1_130' title="bbox 2707 1633 3202 1695; baseline 0.012 -11"><span class='ocrx_word' id='word_1_571' title='bbox 2707 1645 2862 1685; x_wconf 90' lang='lat' dir='ltr'><strong>suum</strong></span> <span class='ocrx_word' id='word_1_572' title='bbox 2882 1674 2894 1695; x_wconf 93' lang='lat'><strong>,</strong></span> <span class='ocrx_word' id='word_1_573' title='bbox 2926 1643 2981 1686; x_wconf 91' lang='lat' dir='ltr'><strong>et</strong></span> <span class='ocrx_word' id='word_1_574' title='bbox 3009 1633 3202 1690; x_wconf 84' lang='lat' dir='ltr'><strong>stellae</strong></span> 
     </span>
    </p>
   </div>
   <div class='ocr_carea' id='block_1_125' title="bbox 2706 1703 3275 1772">
    <p class='ocr_par' dir='ltr' id='par_1_125' title="bbox 2706 1703 3275 1772">
     <span class='ocr_line' id='line_1_131' title="bbox 2706 1703 3275 1772; baseline 0.009 -16"><span class='ocrx_word' id='word_1_575' title='bbox 2706 1703 2899 1756; x_wconf 75' lang='lat' dir='ltr'><strong>cadent</strong></span> <span class='ocrx_word' id='word_1_576' title='bbox 2934 1703 3002 1757; x_wconf 92' lang='lat' dir='ltr'><strong>de</strong></span> <span class='ocrx_word' id='word_1_577' title='bbox 3028 1705 3180 1760; x_wconf 88' lang='lat' dir='ltr'><strong>caelo</strong></span> <span class='ocrx_word' id='word_1_578' title='bbox 3205 1747 3221 1772; x_wconf 96' lang='lat'><strong>,</strong></span> <span class='ocrx_word' id='word_1_579' title='bbox 3273 1769 3275 1772; x_wconf 24' lang='lat'><strong>,</strong></span> 
     </span>
    </p>
   </div>
   <div class='ocr_carea' id='block_1_126' title="bbox 2705 1772 3172 1831">
    <p class='ocr_par' dir='ltr' id='par_1_126' title="bbox 2705 1772 3172 1831">
     <span class='ocr_line' id='line_1_132' title="bbox 2705 1772 3172 1831; baseline 0.006 -3"><span class='ocrx_word' id='word_1_580' title='bbox 2705 1785 2760 1828; x_wconf 89' lang='lat' dir='ltr'><strong>et</strong></span> <span class='ocrx_word' id='word_1_581' title='bbox 2791 1772 3015 1828; x_wconf 81' lang='lat' dir='ltr'><strong>\irlutes</strong></span> <span class='ocrx_word' id='word_1_582' title='bbox 3043 1789 3172 1831; x_wconf 89' lang='lat' dir='ltr'><strong>cae-</strong></span> 
     </span>
    </p>
   </div>
   <div class='ocr_carea' id='block_1_127' title="bbox 2706 1844 3154 1902">
    <p class='ocr_par' dir='ltr' id='par_1_127' title="bbox 2706 1844 3154 1902">
     <span class='ocr_line' id='line_1_133' title="bbox 2706 1844 3154 1902; baseline 0.011 -5"><span class='ocrx_word' id='word_1_583' title='bbox 2706 1844 2880 1899; x_wconf 87' lang='lat' dir='ltr'><strong>lorum</strong></span> <span class='ocrx_word' id='word_1_584' title='bbox 2914 1859 3154 1902; x_wconf 83' lang='lat' dir='ltr'><strong>commo-</strong></span> 
     </span>
    </p>
   </div>
   <div class='ocr_carea' id='block_1_128' title="bbox 2703 1915 3148 1971">
    <p class='ocr_par' dir='ltr' id='par_1_128' title="bbox 2703 1915 3148 1971">
     <span class='ocr_line' id='line_1_134' title="bbox 2703 1915 3148 1971; baseline -0.002 0"><span class='ocrx_word' id='word_1_585' title='bbox 2703 1915 2792 1971; x_wconf 77' lang='lat'><strong>30.</strong></span> <span class='ocrx_word' id='word_1_586' title='bbox 2836 1917 3105 1971; x_wconf 87' lang='lat' dir='ltr'><strong>vehuntur</strong></span> <span class='ocrx_word' id='word_1_587' title='bbox 3135 1933 3148 1970; x_wconf 90' lang='lat'>:</span> 
     </span>
    </p>
   </div>
   <div class='ocr_carea' id='block_1_129' title="bbox 2702 1986 3156 2057">
    <p class='ocr_par' dir='ltr' id='par_1_129' title="bbox 2702 1986 3156 2057">
     <span class='ocr_line' id='line_1_135' title="bbox 2702 1986 3156 2057; baseline 0.011 -19"><span class='ocrx_word' id='word_1_588' title='bbox 2702 1995 2756 2039; x_wconf 90' lang='lat' dir='ltr'><strong>et</strong></span> <span class='ocrx_word' id='word_1_589' title='bbox 2786 1995 2911 2041; x_wconf 91' lang='lat' dir='ltr'><strong>tunc</strong></span> <span class='ocrx_word' id='word_1_590' title='bbox 2942 1986 3156 2057; x_wconf 86' lang='lat' dir='ltr'><strong>parebit</strong></span> 
     </span>
    </p>
   </div>
   <div class='ocr_carea' id='block_1_130' title="bbox 2701 2057 3030 2126">
    <p class='ocr_par' dir='ltr' id='par_1_130' title="bbox 2701 2057 3030 2126">
     <span class='ocr_line' id='line_1_136' title="bbox 2701 2057 3030 2126; baseline 0.006 -16"><span class='ocrx_word' id='word_1_591' title='bbox 2701 2057 2919 2126; x_wconf 80' lang='lat' dir='ltr'><strong>signum</strong></span> <span class='ocrx_word' id='word_1_592' title='bbox 2959 2058 3030 2112; x_wconf 79' lang='lat' dir='ltr'><strong>illi</strong></span> 
     </span>
    </p>
   </div>
   <div class='ocr_carea' id='block_1_131' title="bbox 2702 2127 2938 2182">
    <p class='ocr_par' dir='ltr' id='par_1_131' title="bbox 2702 2127 2938 2182">
     <span class='ocr_line' id='line_1_137' title="bbox 2702 2127 2938 2182; baseline 0.004 -1"><span class='ocrx_word' id='word_1_593' title='bbox 2702 2127 2938 2182; x_wconf 88' lang='lat' dir='ltr'><strong>hominis</strong></span> 
     </span>
    </p>
   </div>
   <div class='ocr_carea' id='block_1_132' title="bbox 1866 2199 3073 2262">
    <p class='ocr_par' dir='ltr' id='par_1_132' title="bbox 1866 2199 3073 2262">
     <span class='ocr_line' id='line_1_138' title="bbox 1866 2199 3073 2262; baseline 0.007 -17"><span class='ocrx_word' id='word_1_594' title='bbox 1866 2207 2081 2262; x_wconf 78' lang='lat' dir='ltr'><strong>magna,</strong></span> <span class='ocrx_word' id='word_1_595' title='bbox 2114 2201 2170 2246; x_wconf 89' lang='lat' dir='ltr'><strong>et</strong></span> <span class='ocrx_word' id='word_1_596' title='bbox 2201 2205 2323 2262; x_wconf 89' lang='lat' dir='ltr'><strong>pro-</strong></span> <span class='ocrx_word' id='word_1_597' title='bbox 2704 2199 2757 2252; x_wconf 94' lang='lat' dir='ltr'><strong>in</strong></span> <span class='ocrx_word' id='word_1_598' title='bbox 2786 2199 2939 2255; x_wconf 91' lang='lat' dir='ltr'><strong>caelo</strong></span> <span class='ocrx_word' id='word_1_599' title='bbox 2973 2217 2987 2254; x_wconf 93' lang='lat'><strong>:</strong></span> <span class='ocrx_word' id='word_1_600' title='bbox 3017 2209 3073 2256; x_wconf 87' lang='lat' dir='ltr'><strong>et</strong></span> 
     </span>
    </p>
   </div>
   <div class='ocr_carea' id='block_1_133' title="bbox 1866 2262 3048 2334">
    <p class='ocr_par' dir='ltr' id='par_1_133' title="bbox 1866 2262 3048 2334">
     <span class='ocr_line' id='line_1_139' title="bbox 1866 2262 3048 2334; baseline 0.008 -17"><span class='ocrx_word' id='word_1_601' title='bbox 1866 2262 2032 2334; x_wconf 77' lang='lat' dir='ltr'><strong>digia,</strong></span> <span class='ocrx_word' id='word_1_602' title='bbox 2064 2264 2137 2318; x_wconf 87' lang='lat' dir='ltr'><strong>ita</strong></span> <span class='ocrx_word' id='word_1_603' title='bbox 2164 2273 2223 2319; x_wconf 92' lang='lat' dir='ltr'><strong>ut</strong></span> <span class='ocrx_word' id='word_1_604' title='bbox 2705 2277 2834 2323; x_wconf 92' lang='lat' dir='ltr'><strong>tunc</strong></span> <span class='ocrx_word' id='word_1_605' title='bbox 2864 2272 3048 2326; x_wconf 87' lang='lat' dir='ltr'><strong>conci-</strong></span> 
     </span>
    </p>
   </div>
   <div class='ocr_carea' id='block_1_134' title="bbox 1867 2334 3204 2404">
    <p class='ocr_par' dir='ltr' id='par_1_134' title="bbox 1867 2334 3204 2404">
     <span class='ocr_line' id='line_1_140' title="bbox 1867 2334 3204 2404; baseline 0.008 -16"><span class='ocrx_word' id='word_1_606' title='bbox 1867 2334 1920 2388; x_wconf 90' lang='lat' dir='ltr'><strong>in</strong></span> <span class='ocrx_word' id='word_1_607' title='bbox 1949 2350 2188 2389; x_wconf 91' lang='lat' dir='ltr'><strong>errorem</strong></span> <span class='ocrx_word' id='word_1_608' title='bbox 2705 2339 2833 2396; x_wconf 90' lang='lat' dir='ltr'><strong>dent</strong></span> <span class='ocrx_word' id='word_1_609' title='bbox 2868 2357 2926 2396; x_wconf 90' lang='lat' dir='ltr'><strong>se</strong></span> <span class='ocrx_word' id='word_1_610' title='bbox 3201 2401 3204 2404; x_wconf 67' lang='grc'>,</span> 
     </span>
    </p>
   </div>
   <div class='ocr_carea' id='block_1_135' title="bbox 1868 2405 3104 2470">
    <p class='ocr_par' dir='ltr' id='par_1_135' title="bbox 1868 2405 3104 2470">
     <span class='ocr_line' id='line_1_141' title="bbox 1868 2405 3104 2470; baseline 0.008 -11"><span class='ocrx_word' id='word_1_611' title='bbox 1868 2405 2207 2470; x_wconf 89' lang='lat' dir='ltr'><strong>inducantur,</strong></span> <span class='ocrx_word' id='word_1_612' title='bbox 2704 2427 2894 2466; x_wconf 92' lang='lat' dir='ltr'><strong>omnes</strong></span> <span class='ocrx_word' id='word_1_613' title='bbox 2934 2413 3104 2469; x_wconf 88' lang='lat' dir='ltr'><strong>tribus</strong></span> 
     </span>
    </p>
   </div>
   <div class='ocr_carea' id='block_1_136' title="bbox 1867 2475 2942 2548">
    <p class='ocr_par' dir='ltr' id='par_1_136' title="bbox 1867 2475 2942 2548">
     <span class='ocr_line' id='line_1_142' title="bbox 1867 2475 2942 2548; baseline 0.007 -18"><span class='ocrx_word' id='word_1_614' title='bbox 1867 2477 1912 2530; x_wconf 91' lang='lat' dir='ltr'><strong>si</strong></span> <span class='ocrx_word' id='word_1_615' title='bbox 1944 2475 2060 2531; x_wconf 87' lang='lat' dir='ltr'><strong>ﬁeri</strong></span> <span class='ocrx_word' id='word_1_616' title='bbox 2089 2487 2288 2548; x_wconf 87' lang='lat' dir='ltr'><strong>potest,</strong></span> <span class='ocrx_word' id='word_1_617' title='bbox 2706 2490 2883 2538; x_wconf 83' lang='lat' dir='ltr'><strong>terrae</strong></span> <span class='ocrx_word' id='word_1_618' title='bbox 2929 2501 2942 2537; x_wconf 89' lang='lat'><strong>:</strong></span> 
     </span>
    </p>
   </div>
   <div class='ocr_carea' id='block_1_137' title="bbox 1869 2549 2238 2602">
    <p class='ocr_par' dir='ltr' id='par_1_137' title="bbox 1869 2549 2238 2602">
     <span class='ocr_line' id='line_1_143' title="bbox 1869 2549 2238 2602; baseline 0 0"><span class='ocrx_word' id='word_1_619' title='bbox 1869 2549 2030 2602; x_wconf 89' lang='lat' dir='ltr'><strong>etiam</strong></span> <span class='ocrx_word' id='word_1_620' title='bbox 2060 2549 2238 2602; x_wconf 91' lang='lat' dir='ltr'><strong>electi.</strong></span> 
     </span>
    </p>
   </div>
   <div class='ocr_carea' id='block_1_138' title="bbox 1866 2617 2322 2689">
    <p class='ocr_par' dir='ltr' id='par_1_138' title="bbox 1866 2617 2322 2689">
     <span class='ocr_line' id='line_1_144' title="bbox 1866 2617 2322 2689; baseline 0.007 -17"><span class='ocrx_word' id='word_1_621' title='bbox 1866 2617 1959 2674; x_wconf 86' lang='lat'><strong>25.</strong></span> <span class='ocrx_word' id='word_1_622' title='bbox 1994 2618 2135 2673; x_wconf 75' lang='lat' dir='ltr'><strong>Ecce</strong></span> <span class='ocrx_word' id='word_1_623' title='bbox 2166 2633 2322 2689; x_wconf 84' lang='lat' dir='ltr'><strong>prae-</strong></span> 
     </span>
    </p>
   </div>
   <div class='ocr_carea' id='block_1_139' title="bbox 1866 2689 2178 2744">
    <p class='ocr_par' dir='ltr' id='par_1_139' title="bbox 1866 2689 2178 2744">
     <span class='ocr_line' id='line_1_145' title="bbox 1866 2689 2178 2744; baseline 0.003 -1"><span class='ocrx_word' id='word_1_624' title='bbox 1866 2689 1976 2744; x_wconf 88' lang='lat' dir='ltr'><strong>dixi</strong></span> <span class='ocrx_word' id='word_1_625' title='bbox 2007 2690 2178 2744; x_wconf 89' lang='lat' dir='ltr'><strong>vobis.</strong></span> 
     </span>
    </p>
   </div>
   <div class='ocr_carea' id='block_1_140' title="bbox 1867 2759 2434 2819">
    <p class='ocr_par' dir='ltr' id='par_1_140' title="bbox 1867 2759 2434 2819">
     <span class='ocr_line' id='line_1_146' title="bbox 1867 2759 2434 2819; baseline 0.009 -5"><span class='ocrx_word' id='word_1_626' title='bbox 1867 2759 1959 2814; x_wconf 84' lang='lat'><strong>26.</strong></span> <span class='ocrx_word' id='word_1_627' title='bbox 1992 2760 2047 2816; x_wconf 93' lang='lat' dir='ltr'><strong>Si</strong></span> <span class='ocrx_word' id='word_1_628' title='bbox 2077 2771 2256 2816; x_wconf 90' lang='lat' dir='ltr'><strong>autem</strong></span> <span class='ocrx_word' id='word_1_629' title='bbox 2285 2761 2434 2819; x_wconf 87' lang='lat' dir='ltr'><strong>dixe-</strong></span> 
     </span>
    </p>
   </div>
   <div class='ocr_carea' id='block_1_141' title="bbox 1868 2831 2358 2894">
    <p class='ocr_par' dir='ltr' id='par_1_141' title="bbox 1868 2831 2358 2894">
     <span class='ocr_line' id='line_1_147' title="bbox 1868 2831 2358 2894; baseline 0.01 -10"><span class='ocrx_word' id='word_1_630' title='bbox 1868 2831 1980 2885; x_wconf 90' lang='lat' dir='ltr'><strong>rint</strong></span> <span class='ocrx_word' id='word_1_631' title='bbox 2008 2833 2185 2894; x_wconf 87' lang='lat' dir='ltr'><strong>vobis,</strong></span> <span class='ocrx_word' id='word_1_632' title='bbox 2223 2835 2358 2889; x_wconf 82' lang='lat' dir='ltr'><strong>Ecce</strong></span> 
     </span>
    </p>
   </div>
   <div class='ocr_carea' id='block_1_142' title="bbox 1869 2901 2296 2964">
    <p class='ocr_par' dir='ltr' id='par_1_142' title="bbox 1869 2901 2296 2964">
     <span class='ocr_line' id='line_1_148' title="bbox 1869 2901 2296 2964; baseline 0.002 -10"><span class='ocrx_word' id='word_1_633' title='bbox 1869 2901 1920 2954; x_wconf 91' lang='lat' dir='ltr'><strong>in</strong></span> <span class='ocrx_word' id='word_1_634' title='bbox 1952 2902 2170 2956; x_wconf 85' lang='lat' dir='ltr'><strong>deserto</strong></span> <span class='ocrx_word' id='word_1_635' title='bbox 2194 2913 2296 2964; x_wconf 87' lang='lat' dir='ltr'><strong>est,</strong></span> 
     </span>
    </p>
   </div>
   <div class='ocr_carea' id='block_1_143' title="bbox 1867 2972 2385 3040">
    <p class='ocr_par' dir='ltr' id='par_1_143' title="bbox 1867 2972 2385 3040">
     <span class='ocr_line' id='line_1_149' title="bbox 1867 2972 2385 3040; baseline 0.01 -15"><span class='ocrx_word' id='word_1_636' title='bbox 1867 2972 1951 3026; x_wconf 89' lang='lat' dir='ltr'><strong>vel</strong></span> <span class='ocrx_word' id='word_1_637' title='bbox 1982 2987 2108 3026; x_wconf 91' lang='lat' dir='ltr'><strong>ecce</strong></span> <span class='ocrx_word' id='word_1_638' title='bbox 2138 2974 2190 3026; x_wconf 89' lang='lat' dir='ltr'><strong>in</strong></span> <span class='ocrx_word' id='word_1_639' title='bbox 2221 2988 2385 3040; x_wconf 84' lang='lat' dir='ltr'><strong>pene-</strong></span> 
     </span>
    </p>
   </div>
   <div class='ocr_carea' id='block_1_144' title="bbox 1869 3043 2304 3106">
    <p class='ocr_par' dir='ltr' id='par_1_144' title="bbox 1869 3043 2304 3106">
     <span class='ocr_line' id='line_1_150' title="bbox 1869 3043 2304 3106; baseline 0.007 -10"><span class='ocrx_word' id='word_1_640' title='bbox 1869 3043 2113 3106; x_wconf 81' lang='lat' dir='ltr'><strong>tralibus,</strong></span> <span class='ocrx_word' id='word_1_641' title='bbox 2138 3044 2304 3099; x_wconf 78' lang='lat' dir='ltr'><strong>nolite</strong></span> 
     </span>
    </p>
   </div>
   <div class='ocr_carea' id='block_1_145' title="bbox 2704 2555 3057 2610">
    <p class='ocr_par' dir='ltr' id='par_1_145' title="bbox 2704 2555 3057 2610">
     <span class='ocr_line' id='line_1_151' title="bbox 2704 2555 3057 2610; baseline 0.008 -2"><span class='ocrx_word' id='word_1_642' title='bbox 2704 2563 2757 2608; x_wconf 87' lang='lat' dir='ltr'><strong>et</strong></span> <span class='ocrx_word' id='word_1_643' title='bbox 2792 2555 3057 2610; x_wconf 76' lang='lat' dir='ltr'><strong>videbunt</strong></span> 
     </span>
    </p>
   </div>
   <div class='ocr_carea' id='block_1_146' title="bbox 2705 2624 3139 2683">
    <p class='ocr_par' dir='ltr' id='par_1_146' title="bbox 2705 2624 3139 2683">
     <span class='ocr_line' id='line_1_152' title="bbox 2705 2624 3139 2683; baseline 0.012 -6"><span class='ocrx_word' id='word_1_644' title='bbox 2705 2624 2873 2678; x_wconf 80' lang='lat' dir='ltr'><strong>lilium</strong></span> <span class='ocrx_word' id='word_1_645' title='bbox 2904 2625 3139 2683; x_wconf 87' lang='lat' dir='ltr'><strong>hominis</strong></span> 
     </span>
    </p>
   </div>
   <div class='ocr_carea' id='block_1_147' title="bbox 2703 2697 3097 2752">
    <p class='ocr_par' dir='ltr' id='par_1_147' title="bbox 2703 2697 3097 2752">
     <span class='ocr_line' id='line_1_153' title="bbox 2703 2697 3097 2752; baseline 0.003 -2"><span class='ocrx_word' id='word_1_646' title='bbox 2703 2697 3007 2751; x_wconf 83' lang='lat' dir='ltr'><strong>venientem</strong></span> <span class='ocrx_word' id='word_1_647' title='bbox 3041 2699 3097 2752; x_wconf 90' lang='lat' dir='ltr'><strong>in</strong></span> 
     </span>
    </p>
   </div>
   <div class='ocr_carea' id='block_1_148' title="bbox 2705 2767 3099 2823">
    <p class='ocr_par' dir='ltr' id='par_1_148' title="bbox 2705 2767 3099 2823">
     <span class='ocr_line' id='line_1_154' title="bbox 2705 2767 3099 2823; baseline 0.008 -4"><span class='ocrx_word' id='word_1_648' title='bbox 2705 2767 2935 2822; x_wconf 88' lang='lat' dir='ltr'><strong>nubibus</strong></span> <span class='ocrx_word' id='word_1_649' title='bbox 2965 2769 3099 2823; x_wconf 89' lang='lat' dir='ltr'><strong>caeli</strong></span> 
     </span>
    </p>
   </div>
   <div class='ocr_carea' id='block_1_149' title="bbox 2703 2840 3062 2893">
    <p class='ocr_par' dir='ltr' id='par_1_149' title="bbox 2703 2840 3062 2893">
     <span class='ocr_line' id='line_1_155' title="bbox 2703 2840 3062 2893; baseline 0.008 -3"><span class='ocrx_word' id='word_1_650' title='bbox 2703 2851 2827 2891; x_wconf 91' lang='lat' dir='ltr'><strong>cum</strong></span> <span class='ocrx_word' id='word_1_651' title='bbox 2865 2840 3062 2893; x_wconf 89' lang='lat' dir='ltr'><strong>virtute</strong></span> 
     </span>
    </p>
   </div>
   <div class='ocr_carea' id='block_1_150' title="bbox 2703 2910 3137 2970">
    <p class='ocr_par' dir='ltr' id='par_1_150' title="bbox 2703 2910 3137 2970">
     <span class='ocr_line' id='line_1_156' title="bbox 2703 2910 3137 2970; baseline 0.009 -11"><span class='ocrx_word' id='word_1_652' title='bbox 2703 2910 2900 2970; x_wconf 81' lang='lat' dir='ltr'><strong>multa.</strong></span> <span class='ocrx_word' id='word_1_653' title='bbox 2931 2918 2986 2963; x_wconf 88' lang='lat' dir='ltr'><strong>et</strong></span> <span class='ocrx_word' id='word_1_654' title='bbox 3022 2923 3137 2963; x_wconf 82' lang='lat' dir='ltr'><strong>ma-</strong></span> 
     </span>
    </p>
   </div>
   <div class='ocr_carea' id='block_1_151' title="bbox 2702 2977 3150 3045">
    <p class='ocr_par' dir='ltr' id='par_1_151' title="bbox 2702 2977 3150 3045">
     <span class='ocr_line' id='line_1_157' title="bbox 2702 2977 3150 3045; baseline 0.007 -16"><span class='ocrx_word' id='word_1_655' title='bbox 2702 2977 2791 3030; x_wconf 79' lang='grc'><strong>51.</strong></span> <span class='ocrx_word' id='word_1_656' title='bbox 2829 2979 3048 3045; x_wconf 85' lang='lat' dir='ltr'><strong>jestate.</strong></span> <span class='ocrx_word' id='word_1_657' title='bbox 3084 2979 3150 3032; x_wconf 87' lang='lat' dir='ltr'><strong>Et</strong></span> 
     </span>
    </p>
   </div>
   <div class='ocr_carea' id='block_1_152' title="bbox 2703 3048 3143 3118">
    <p class='ocr_par' dir='ltr' id='par_1_152' title="bbox 2703 3048 3143 3118">
     <span class='ocr_line' id='line_1_158' title="bbox 2703 3048 3143 3118; baseline 0.009 -19"><span class='ocrx_word' id='word_1_658' title='bbox 2703 3048 2880 3101; x_wconf 85' lang='lat' dir='ltr'><strong>mittet</strong></span> <span class='ocrx_word' id='word_1_659' title='bbox 2919 3049 3143 3118; x_wconf 76' lang='lat' dir='ltr'><strong>angelos</strong></span> 
     </span>
    </p>
   </div>
   <div class='ocr_carea' id='block_1_153' title="bbox 1869 3114 2980 3172">
    <p class='ocr_par' dir='ltr' id='par_1_153' title="bbox 1869 3114 2980 3172">
     <span class='ocr_line' id='line_1_159' title="bbox 1869 3114 2980 3172; baseline 0.005 -5"><span class='ocrx_word' id='word_1_660' title='bbox 1869 3114 2113 3168; x_wconf 87' lang='lat' dir='ltr'><strong>credere.</strong></span> <span class='ocrx_word' id='word_1_661' title='bbox 2703 3133 2830 3171; x_wconf 89' lang='lat' dir='ltr'><strong>suos</strong></span> <span class='ocrx_word' id='word_1_662' title='bbox 2858 3133 2980 3172; x_wconf 89' lang='lat' dir='ltr'><strong>cum</strong></span> 
     </span>
    </p>
   </div>
   <div class='ocr_carea' id='block_1_154' title="bbox 1868 3184 3074 3256">
    <p class='ocr_par' dir='ltr' id='par_1_154' title="bbox 1868 3184 3074 3256">
     <span class='ocr_line' id='line_1_160' title="bbox 1868 3184 3074 3256; baseline 0.007 -18"><span class='ocrx_word' id='word_1_663' title='bbox 1868 3185 1958 3256; x_wconf 9' lang='lat' dir='ltr'><strong>27V.</strong></span> <span class='ocrx_word' id='word_1_664' title='bbox 1993 3184 2146 3238; x_wconf 89' lang='lat' dir='ltr'><strong>Sicut</strong></span> <span class='ocrx_word' id='word_1_665' title='bbox 2171 3184 2315 3240; x_wconf 90' lang='lat' dir='ltr'><strong>enim</strong></span> <span class='ocrx_word' id='word_1_666' title='bbox 2346 3184 2522 3256; x_wconf 74' lang='lat' dir='ltr'><strong>lulgur</strong></span> <span class='ocrx_word' id='word_1_667' title='bbox 2703 3189 2827 3243; x_wconf 89' lang='lat' dir='ltr'><strong>tuba</strong></span> <span class='ocrx_word' id='word_1_668' title='bbox 2859 3199 2912 3244; x_wconf 89' lang='lat' dir='ltr'><strong>et</strong></span> <span class='ocrx_word' id='word_1_669' title='bbox 2942 3204 3074 3246; x_wconf 86' lang='lat' dir='ltr'><strong>voce</strong></span> 
     </span>
    </p>
   </div>
   <div class='ocr_carea' id='block_1_155' title="bbox 1868 3255 2950 3330">
    <p class='ocr_par' dir='ltr' id='par_1_155' title="bbox 1868 3255 2950 3330">
     <span class='ocr_line' id='line_1_161' title="bbox 1868 3255 2950 3330; baseline 0.004 -20"><span class='ocrx_word' id='word_1_670' title='bbox 1868 3255 1977 3310; x_wconf 90' lang='lat' dir='ltr'><strong>exit</strong></span> <span class='ocrx_word' id='word_1_671' title='bbox 2009 3256 2076 3308; x_wconf 88' lang='lat' dir='ltr'><strong>ab</strong></span> <span class='ocrx_word' id='word_1_672' title='bbox 2101 3257 2277 3312; x_wconf 87' lang='lat' dir='ltr'><strong>orien-</strong></span> <span class='ocrx_word' id='word_1_673' title='bbox 2430 3255 2443 3256; x_wconf 29' lang='grc' dir='ltr'>ί</span> <span class='ocrx_word' id='word_1_674' title='bbox 2703 3275 2892 3330; x_wconf 79' lang='lat' dir='ltr'><strong>magna</strong></span> <span class='ocrx_word' id='word_1_675' title='bbox 2937 3278 2950 3314; x_wconf 92' lang='lat'>:</span> 
     </span>
    </p>
   </div>
   <div class='ocr_carea' id='block_1_156' title="bbox 1870 3335 3015 3403">
    <p class='ocr_par' dir='ltr' id='par_1_156' title="bbox 1870 3335 3015 3403">
     <span class='ocr_line' id='line_1_162' title="bbox 1870 3335 3015 3403; baseline 0.005 -21"><span class='ocrx_word' id='word_1_676' title='bbox 1870 3335 1944 3394; x_wconf 91' lang='lat' dir='ltr'><strong>te,</strong></span> <span class='ocrx_word' id='word_1_677' title='bbox 1975 3335 2030 3382; x_wconf 90' lang='lat' dir='ltr'><strong>et</strong></span> <span class='ocrx_word' id='word_1_678' title='bbox 2057 3338 2213 3397; x_wconf 88' lang='lat' dir='ltr'><strong>paret</strong></span> <span class='ocrx_word' id='word_1_679' title='bbox 2703 3340 2759 3385; x_wconf 91' lang='lat' dir='ltr'><strong>et</strong></span> <span class='ocrx_word' id='word_1_680' title='bbox 2785 3345 3015 3403; x_wconf 81' lang='lat' dir='ltr'><strong>congre-</strong></span> 
     </span>
    </p>
   </div>
   <div class='ocr_carea' id='block_1_157' title="bbox 2329 3467 2989 3526">
    <p class='ocr_par' dir='ltr' id='par_1_157' title="bbox 2329 3467 2989 3526">
     <span class='ocr_line' id='line_1_163' title="bbox 2329 3467 2989 3526; baseline -0.002 -1"><span class='ocrx_word' id='word_1_681' title='bbox 2329 3467 2558 3525; x_wconf 84' lang='lat' dir='ltr'><strong>CODEX</strong></span> <span class='ocrx_word' id='word_1_682' title='bbox 2596 3467 2989 3526; x_wconf 77' lang='lat' dir='ltr'><strong>BRIXIANUS.</strong></span> 
     </span>
    </p>
   </div>
   <div class='ocr_carea' id='block_1_158' title="bbox 1861 3561 3462 3634">
    <p class='ocr_par' dir='ltr' id='par_1_158' title="bbox 1861 3561 3462 3634">
     <span class='ocr_line' id='line_1_164' title="bbox 1861 3561 3462 3634; baseline 0.001 -17"><span class='ocrx_word' id='word_1_683' title='bbox 1861 3563 2006 3617; x_wconf 90' lang='lat' dir='ltr'><strong>enim</strong></span> <span class='ocrx_word' id='word_1_684' title='bbox 2037 3571 2165 3617; x_wconf 90' lang='lat' dir='ltr'><strong>tunc</strong></span> <span class='ocrx_word' id='word_1_685' title='bbox 2196 3561 2476 3618; x_wconf 85' lang='lat' dir='ltr'><strong>tribulatio</strong></span> <span class='ocrx_word' id='word_1_686' title='bbox 2501 3579 2717 3634; x_wconf 85' lang='lat' dir='ltr'><strong>magna.</strong></span> <span class='ocrx_word' id='word_1_687' title='bbox 2743 3565 2919 3634; x_wconf 77' lang='lat' dir='ltr'><strong>qualis</strong></span> <span class='ocrx_word' id='word_1_688' title='bbox 2949 3579 3058 3619; x_wconf 92' lang='lat' dir='ltr'><strong>non</strong></span> <span class='ocrx_word' id='word_1_689' title='bbox 3091 3561 3195 3618; x_wconf 87' lang='lat' dir='ltr'><strong>fuit</strong></span> <span class='ocrx_word' id='word_1_690' title='bbox 3217 3561 3286 3617; x_wconf 88' lang='lat' dir='ltr'><strong>ab</strong></span> <span class='ocrx_word' id='word_1_691' title='bbox 3305 3562 3462 3634; x_wconf 86' lang='lat' dir='ltr'><strong>initio</strong></span> 
     </span>
    </p>
   </div>
   <div class='ocr_carea' id='block_1_159' title="bbox 1863 3633 3459 3704">
    <p class='ocr_par' dir='ltr' id='par_1_159' title="bbox 1863 3633 3459 3704">
     <span class='ocr_line' id='line_1_165' title="bbox 1863 3633 3459 3704; baseline 0.001 -16"><span class='ocrx_word' id='word_1_692' title='bbox 1863 3635 2048 3689; x_wconf 87' lang='lat' dir='ltr'><strong>mundi</strong></span> <span class='ocrx_word' id='word_1_693' title='bbox 2079 3650 2249 3704; x_wconf 89' lang='lat' dir='ltr'><strong>usque</strong></span> <span class='ocrx_word' id='word_1_694' title='bbox 2277 3636 2460 3689; x_wconf 83' lang='lat' dir='ltr'><strong>modo.</strong></span> <span class='ocrx_word' id='word_1_695' title='bbox 2495 3633 2669 3704; x_wconf 80' lang='lat' dir='ltr'><strong>neque</strong></span> <span class='ocrx_word' id='word_1_696' title='bbox 2699 3633 2808 3690; x_wconf 84' lang='lat' dir='ltr'><strong>lict.</strong></span> <span class='ocrx_word' id='word_1_697' title='bbox 2850 3637 2913 3690; x_wconf 88' lang='lat' dir='ltr'><strong>Et</strong></span> <span class='ocrx_word' id='word_1_698' title='bbox 2941 3636 3040 3691; x_wconf 90' lang='lat' dir='ltr'><strong>nisi</strong></span> <span class='ocrx_word' id='word_1_699' title='bbox 3072 3635 3297 3690; x_wconf 88' lang='lat' dir='ltr'><strong>breviali</strong></span> <span class='ocrx_word' id='word_1_700' title='bbox 3329 3633 3459 3689; x_wconf 80' lang='lat' dir='ltr'><strong>fuis-</strong></span> 
     </span>
    </p>
   </div>
   <div class='ocr_carea' id='block_1_160' title="bbox 1861 3705 3460 3774">
    <p class='ocr_par' dir='ltr' id='par_1_160' title="bbox 1861 3705 3460 3774">
     <span class='ocr_line' id='line_1_166' title="bbox 1861 3705 3460 3774; baseline -0.002 -14"><span class='ocrx_word' id='word_1_701' title='bbox 1861 3717 1983 3760; x_wconf 90' lang='lat' dir='ltr'><strong>sent</strong></span> <span class='ocrx_word' id='word_1_702' title='bbox 2011 3705 2127 3760; x_wconf 87' lang='lat' dir='ltr'><strong>dies</strong></span> <span class='ocrx_word' id='word_1_703' title='bbox 2159 3707 2254 3760; x_wconf 93' lang='lat' dir='ltr'><strong>illi.</strong></span> <span class='ocrx_word' id='word_1_704' title='bbox 2286 3721 2391 3760; x_wconf 88' lang='lat' dir='ltr'><strong>non</strong></span> <span class='ocrx_word' id='word_1_705' title='bbox 2420 3709 2572 3762; x_wconf 89' lang='lat' dir='ltr'><strong>lieret</strong></span> <span class='ocrx_word' id='word_1_706' title='bbox 2593 3708 2740 3761; x_wconf 88' lang='lat' dir='ltr'><strong>salva</strong></span> <span class='ocrx_word' id='word_1_707' title='bbox 2763 3710 2942 3762; x_wconf 88' lang='lat' dir='ltr'><strong>omnis</strong></span> <span class='ocrx_word' id='word_1_708' title='bbox 2972 3722 3122 3762; x_wconf 86' lang='lat' dir='ltr'><strong>caro.</strong></span> <span class='ocrx_word' id='word_1_709' title='bbox 3173 3705 3268 3760; x_wconf 90' lang='lat' dir='ltr'><strong>sed</strong></span> <span class='ocrx_word' id='word_1_710' title='bbox 3299 3721 3460 3774; x_wconf 84' lang='lat' dir='ltr'><strong>prop-</strong></span> 
     </span>
    </p>
   </div>
   <div class='ocr_carea' id='block_1_161' title="bbox 1863 3776 3459 3845">
    <p class='ocr_par' dir='ltr' id='par_1_161' title="bbox 1863 3776 3459 3845">
     <span class='ocr_line' id='line_1_167' title="bbox 1863 3776 3459 3845; baseline 0 -14"><span class='ocrx_word' id='word_1_711' title='bbox 1863 3788 1944 3831; x_wconf 87' lang='lat' dir='ltr'><strong>ter</strong></span> <span class='ocrx_word' id='word_1_712' title='bbox 1971 3779 2195 3831; x_wconf 89' lang='lat' dir='ltr'><strong>electos.</strong></span> <span class='ocrx_word' id='word_1_713' title='bbox 2231 3777 2620 3832; x_wconf 86' lang='lat' dir='ltr'><strong>breviabuntnr</strong></span> <span class='ocrx_word' id='word_1_714' title='bbox 2647 3778 2762 3832; x_wconf 89' lang='lat' dir='ltr'><strong>dies</strong></span> <span class='ocrx_word' id='word_1_715' title='bbox 2795 3777 2892 3833; x_wconf 92' lang='lat' dir='ltr'><strong>illi.</strong></span> <span class='ocrx_word' id='word_1_716' title='bbox 2917 3778 3068 3833; x_wconf 89' lang='lat' dir='ltr'><strong>Tunc</strong></span> <span class='ocrx_word' id='word_1_717' title='bbox 3095 3781 3138 3830; x_wconf 91' lang='lat' dir='ltr'><strong>si</strong></span> <span class='ocrx_word' id='word_1_718' title='bbox 3166 3776 3287 3845; x_wconf 83' lang='lat' dir='ltr'><strong>quis</strong></span> <span class='ocrx_word' id='word_1_719' title='bbox 3307 3776 3459 3831; x_wconf 91' lang='lat' dir='ltr'><strong>vobis</strong></span> 
     </span>
    </p>
   </div>
   <div class='ocr_carea' id='block_1_162' title="bbox 1863 3847 3464 3903">
    <p class='ocr_par' dir='ltr' id='par_1_162' title="bbox 1863 3847 3464 3903">
     <span class='ocr_line' id='line_1_168' title="bbox 1863 3847 3464 3903; baseline -0.001 -1"><span class='ocrx_word' id='word_1_720' title='bbox 1863 3849 2081 3902; x_wconf 80' lang='lat' dir='ltr'><strong>dixerit.</strong></span> <span class='ocrx_word' id='word_1_721' title='bbox 2114 3849 2253 3902; x_wconf 90' lang='lat' dir='ltr'><strong>Ecce</strong></span> <span class='ocrx_word' id='word_1_722' title='bbox 2283 3850 2368 3902; x_wconf 90' lang='lat' dir='ltr'><strong>hic</strong></span> <span class='ocrx_word' id='word_1_723' title='bbox 2398 3858 2480 3903; x_wconf 77' lang='lat' dir='ltr'><strong>est</strong></span> <span class='ocrx_word' id='word_1_724' title='bbox 2508 3847 2754 3903; x_wconf 87' lang='lat' dir='ltr'><strong>Christus</strong></span> <span class='ocrx_word' id='word_1_725' title='bbox 2779 3860 2871 3902; x_wconf 85' lang='lat' dir='ltr'><strong>aut</strong></span> <span class='ocrx_word' id='word_1_726' title='bbox 2899 3849 3024 3903; x_wconf 90' lang='lat' dir='ltr'><strong>illic.</strong></span> <span class='ocrx_word' id='word_1_727' title='bbox 3077 3847 3243 3902; x_wconf 88' lang='lat' dir='ltr'><strong>nolite</strong></span> <span class='ocrx_word' id='word_1_728' title='bbox 3272 3847 3464 3901; x_wconf 89' lang='lat' dir='ltr'><strong>crede-</strong></span> 
     </span>
    </p>
   </div>
   <div class='ocr_carea' id='block_1_163' title="bbox 1865 3917 3460 3988">
    <p class='ocr_par' dir='ltr' id='par_1_163' title="bbox 1865 3917 3460 3988">
     <span class='ocr_line' id='line_1_169' title="bbox 1865 3917 3460 3988; baseline -0.003 -14"><span class='ocrx_word' id='word_1_729' title='bbox 1865 3936 1944 3974; x_wconf 88' lang='lat' dir='ltr'><strong>re.</strong></span> <span class='ocrx_word' id='word_1_730' title='bbox 1997 3920 2267 3988; x_wconf 82' lang='lat' dir='ltr'><strong>Exurgent</strong></span> <span class='ocrx_word' id='word_1_731' title='bbox 2299 3921 2443 3974; x_wconf 90' lang='lat' dir='ltr'><strong>enim</strong></span> <span class='ocrx_word' id='word_1_732' title='bbox 2475 3921 2871 3988; x_wconf 89' lang='lat' dir='ltr'><strong>pseudochristi</strong></span> <span class='ocrx_word' id='word_1_733' title='bbox 2917 3929 2973 3973; x_wconf 90' lang='lat' dir='ltr'><strong>et</strong></span> <span class='ocrx_word' id='word_1_734' title='bbox 3018 3917 3460 3988; x_wconf 81' lang='lat' dir='ltr'><strong>pseudoprophe-</strong></span> 
     </span>
    </p>
   </div>
   <div class='ocr_carea' id='block_1_164' title="bbox 1866 3989 3458 4060">
    <p class='ocr_par' dir='ltr' id='par_1_164' title="bbox 1866 3989 3458 4060">
     <span class='ocr_line' id='line_1_170' title="bbox 1866 3989 3458 4060; baseline -0.002 -16"><span class='ocrx_word' id='word_1_735' title='bbox 1866 4000 1972 4045; x_wconf 89' lang='lat' dir='ltr'><strong>tae.</strong></span> <span class='ocrx_word' id='word_1_736' title='bbox 2002 4001 2052 4043; x_wconf 90' lang='lat' dir='ltr'><strong>et</strong></span> <span class='ocrx_word' id='word_1_737' title='bbox 2084 3991 2284 4044; x_wconf 86' lang='lat' dir='ltr'><strong>dabunt</strong></span> <span class='ocrx_word' id='word_1_738' title='bbox 2314 3991 2462 4060; x_wconf 81' lang='lat' dir='ltr'><strong>signa</strong></span> <span class='ocrx_word' id='word_1_739' title='bbox 2498 4007 2685 4059; x_wconf 77' lang='lat' dir='ltr'><strong>magna</strong></span> <span class='ocrx_word' id='word_1_740' title='bbox 2712 4002 2765 4044; x_wconf 90' lang='lat' dir='ltr'><strong>et</strong></span> <span class='ocrx_word' id='word_1_741' title='bbox 2800 3990 3058 4057; x_wconf 79' lang='lat' dir='ltr'><strong>prodigia.</strong></span> <span class='ocrx_word' id='word_1_742' title='bbox 3104 3991 3173 4042; x_wconf 88' lang='lat' dir='ltr'><strong>ita</strong></span> <span class='ocrx_word' id='word_1_743' title='bbox 3203 3997 3261 4043; x_wconf 92' lang='lat' dir='ltr'><strong>ut</strong></span> <span class='ocrx_word' id='word_1_744' title='bbox 3287 3989 3336 4041; x_wconf 92' lang='lat' dir='ltr'><strong>in</strong></span> <span class='ocrx_word' id='word_1_745' title='bbox 3369 4004 3458 4042; x_wconf 84' lang='lat' dir='ltr'><strong>er-</strong></span> 
     </span>
    </p>
   </div>
   <div class='ocr_carea' id='block_1_165' title="bbox 1867 4060 3462 4140">
    <p class='ocr_par' dir='ltr' id='par_1_165' title="bbox 1867 4060 3462 4140">
     <span class='ocr_line' id='line_1_171' title="bbox 1867 4060 3462 4140; baseline -0.003 -24"><span class='ocrx_word' id='word_1_746' title='bbox 1867 4078 2045 4116; x_wconf 91' lang='lat' dir='ltr'><strong>rorem</strong></span> <span class='ocrx_word' id='word_1_747' title='bbox 2077 4063 2351 4115; x_wconf 79' lang='lat' dir='ltr'><strong>inducant.</strong></span> <span class='ocrx_word' id='word_1_748' title='bbox 2380 4063 2441 4140; x_wconf 55' lang='lat' dir='ltr'><strong>si</strong></span> <span class='ocrx_word' id='word_1_749' title='bbox 2473 4063 2586 4116; x_wconf 90' lang='lat' dir='ltr'><strong>lieri</strong></span> <span class='ocrx_word' id='word_1_750' title='bbox 2622 4073 2819 4140; x_wconf 63' lang='lat' dir='ltr'><strong>potest.</strong></span> <span class='ocrx_word' id='word_1_751' title='bbox 2869 4064 3032 4140; x_wconf 82' lang='lat' dir='ltr'><strong>etiam</strong></span> <span class='ocrx_word' id='word_1_752' title='bbox 3061 4060 3285 4140; x_wconf 48' lang='lat' dir='ltr'><strong>electo-5.</strong></span> <span class='ocrx_word' id='word_1_753' title='bbox 3323 4060 3462 4140; x_wconf 77' lang='lat' dir='ltr'><strong>Ecce</strong></span> 
     </span>
    </p>
   </div>
   <div class='ocr_carea' id='block_1_166' title="bbox 1869 4131 3461 4208">
    <p class='ocr_par' dir='ltr' id='par_1_166' title="bbox 1869 4131 3461 4208">
     <span class='ocr_line' id='line_1_172' title="bbox 1869 4131 3461 4208; baseline -0.002 -23"><span class='ocrx_word' id='word_1_754' title='bbox 1869 4133 2109 4201; x_wconf 75' lang='lat' dir='ltr'><strong>praedixi</strong></span> <span class='ocrx_word' id='word_1_755' title='bbox 2155 4134 2343 4208; x_wconf 27' lang='lat' dir='ltr'><strong>vobis,</strong></span> <span class='ocrx_word' id='word_1_756' title='bbox 2377 4131 2434 4187; x_wconf 91' lang='lat' dir='ltr'><strong>Si</strong></span> <span class='ocrx_word' id='word_1_757' title='bbox 2481 4143 2664 4186; x_wconf 81' lang='lat' dir='ltr'><strong>autem</strong></span> <span class='ocrx_word' id='word_1_758' title='bbox 2713 4133 2952 4208; x_wconf 79' lang='lat' dir='ltr'><strong>dixerint</strong></span> <span class='ocrx_word' id='word_1_759' title='bbox 2996 4133 3180 4208; x_wconf 45' lang='lat' dir='ltr'><strong>vobis.</strong></span> <span class='ocrx_word' id='word_1_760' title='bbox 3223 4131 3461 4208; x_wconf 86' lang='lat' dir='ltr'><strong>Ecce__in</strong></span> 
     </span>
    </p>
   </div>
   <div class='ocr_carea' id='block_1_167' title="bbox 1867 4200 3464 4271">
    <p class='ocr_par' dir='ltr' id='par_1_167' title="bbox 1867 4200 3464 4271">
     <span class='ocr_line' id='line_1_173' title="bbox 1867 4200 3464 4271; baseline -0.003 -13"><span class='ocrx_word' id='word_1_761' title='bbox 1867 4205 2087 4259; x_wconf 91' lang='lat' dir='ltr'><strong>deserto</strong></span> <span class='ocrx_word' id='word_1_762' title='bbox 2109 4213 2211 4266; x_wconf 86' lang='lat' dir='ltr'><strong>est,</strong></span> <span class='ocrx_word' id='word_1_763' title='bbox 2239 4203 2404 4258; x_wconf 87' lang='lat' dir='ltr'><strong>nolite</strong></span> <span class='ocrx_word' id='word_1_764' title='bbox 2429 4206 2599 4258; x_wconf 77' lang='lat' dir='ltr'><strong>exire.</strong></span> <span class='ocrx_word' id='word_1_765' title='bbox 2619 4219 2747 4258; x_wconf 88' lang='lat' dir='ltr'><strong>ecce</strong></span> <span class='ocrx_word' id='word_1_766' title='bbox 2771 4204 2820 4256; x_wconf 91' lang='lat' dir='ltr'><strong>in</strong></span> <span class='ocrx_word' id='word_1_767' title='bbox 2846 4201 3267 4271; x_wconf 90' lang='lat' dir='ltr'><strong>penetrabilibus</strong></span> <span class='ocrx_word' id='word_1_768' title='bbox 3295 4200 3464 4254; x_wconf 87' lang='lat' dir='ltr'><strong>nolite</strong></span> 
     </span>
    </p>
   </div>
   <div class='ocr_carea' id='block_1_168' title="bbox 1868 4273 3466 4340">
    <p class='ocr_par' dir='ltr' id='par_1_168' title="bbox 1868 4273 3466 4340">
     <span class='ocr_line' id='line_1_174' title="bbox 1868 4273 3466 4340; baseline -0.003 -11"><span class='ocrx_word' id='word_1_769' title='bbox 1868 4276 2110 4330; x_wconf 87' lang='lat' dir='ltr'><strong>credere.</strong></span> <span class='ocrx_word' id='word_1_770' title='bbox 2132 4276 2283 4329; x_wconf 83' lang='lat' dir='ltr'><strong>Sicut</strong></span> <span class='ocrx_word' id='word_1_771' title='bbox 2310 4277 2452 4328; x_wconf 89' lang='lat' dir='ltr'><strong>enim</strong></span> <span class='ocrx_word' id='word_1_772' title='bbox 2482 4274 2678 4339; x_wconf 57' lang='lat' dir='ltr'><strong>fulgur.</strong></span> <span class='ocrx_word' id='word_1_773' title='bbox 2709 4273 2818 4327; x_wconf 85' lang='lat' dir='ltr'><strong>exit</strong></span> <span class='ocrx_word' id='word_1_774' title='bbox 2846 4275 2912 4328; x_wconf 90' lang='lat' dir='ltr'><strong>ab</strong></span> <span class='ocrx_word' id='word_1_775' title='bbox 2939 4273 3180 4338; x_wconf 83' lang='lat' dir='ltr'><strong>oriente,</strong></span> <span class='ocrx_word' id='word_1_776' title='bbox 3210 4281 3264 4325; x_wconf 92' lang='lat' dir='ltr'><strong>et</strong></span> <span class='ocrx_word' id='word_1_777' title='bbox 3313 4279 3466 4340; x_wconf 88' lang='lat' dir='ltr'><strong>paret</strong></span> 
     </span>
    </p>
   </div>
   <div class='ocr_carea' id='block_1_169' title="bbox 1872 4342 3460 4416">
    <p class='ocr_par' dir='ltr' id='par_1_169' title="bbox 1872 4342 3460 4416">
     <span class='ocr_line' id='line_1_175' title="bbox 1872 4342 3460 4416; baseline -0.001 -19"><span class='ocrx_word' id='word_1_778' title='bbox 1872 4362 2042 4416; x_wconf 83' lang='lat' dir='ltr'><strong>usque</strong></span> <span class='ocrx_word' id='word_1_779' title='bbox 2070 4347 2136 4400; x_wconf 87' lang='lat' dir='ltr'><strong>ad</strong></span> <span class='ocrx_word' id='word_1_780' title='bbox 2163 4345 2464 4401; x_wconf 79' lang='lat' dir='ltr'><strong>occidente.</strong></span> <span class='ocrx_word' id='word_1_781' title='bbox 2495 4346 2564 4399; x_wconf 89' lang='lat' dir='ltr'><strong>ita</strong></span> <span class='ocrx_word' id='word_1_782' title='bbox 2593 4346 2698 4400; x_wconf 90' lang='lat' dir='ltr'><strong>erit</strong></span> <span class='ocrx_word' id='word_1_783' title='bbox 2725 4355 2774 4398; x_wconf 91' lang='lat' dir='ltr'><strong>et</strong></span> <span class='ocrx_word' id='word_1_784' title='bbox 2799 4344 3182 4416; x_wconf 17' lang='lat' dir='ltr'><strong>:ltIVt‘lIllla‘iIllll</strong></span> <span class='ocrx_word' id='word_1_785' title='bbox 3203 4342 3460 4397; x_wconf 88' lang='lat' dir='ltr'><strong>hominis.</strong></span> 
     </span>
    </p>
   </div>
   <div class='ocr_carea' id='block_1_170' title="bbox 1871 4415 3295 4486">
    <p class='ocr_par' dir='ltr' id='par_1_170' title="bbox 1871 4415 3295 4486">
     <span class='ocr_line' id='line_1_176' title="bbox 1871 4415 3295 4486; baseline -0.004 -13"><span class='ocrx_word' id='word_1_786' title='bbox 1871 4415 2191 4486; x_wconf 89' lang='lat' dir='ltr'><strong>Ubicunque</strong></span> <span class='ocrx_word' id='word_1_787' title='bbox 2239 4417 2396 4472; x_wconf 82' lang='lat' dir='ltr'><strong>fuerit</strong></span> <span class='ocrx_word' id='word_1_788' title='bbox 2425 4432 2624 4486; x_wconf 83' lang='lat' dir='ltr'><strong>Corpus</strong></span> <span class='ocrx_word' id='word_1_789' title='bbox 2656 4416 2764 4470; x_wconf 92' lang='lat' dir='ltr'><strong>illic</strong></span> <span class='ocrx_word' id='word_1_790' title='bbox 2803 4415 3295 4484; x_wconf 78' lang='lat' dir='ltr'><strong>congregabuntur.</strong></span> 
     </span>
    </p>
   </div>
   <div class='ocr_carea' id='block_1_171' title="bbox 1947 4486 3465 4559">
    <p class='ocr_par' dir='ltr' id='par_1_171' title="bbox 1947 4486 3465 4559">
     <span class='ocr_line' id='line_1_177' title="bbox 1947 4486 3465 4559; baseline -0.001 -19"><span class='ocrx_word' id='word_1_791' title='bbox 1947 4488 2022 4558; x_wconf 72' lang='grc' dir='ltr'><strong>(ὁ)</strong></span> <span class='ocrx_word' id='word_1_792' title='bbox 2063 4489 2292 4554; x_wconf 85' lang='lat' dir='ltr'><strong>aquilae.</strong></span> <span class='ocrx_word' id='word_1_793' title='bbox 2345 4488 2385 4559; x_wconf 79' lang='grc' dir='ltr'><strong>-ι-</strong></span> <span class='ocrx_word' id='word_1_794' title='bbox 2429 4490 2619 4544; x_wconf 89' lang='lat' dir='ltr'><strong>Statim</strong></span> <span class='ocrx_word' id='word_1_795' title='bbox 2649 4498 2828 4559; x_wconf 80' lang='lat' dir='ltr'><strong>autem</strong></span> <span class='ocrx_word' id='word_1_796' title='bbox 2895 4486 3465 4559; x_wconf 15' lang='lat' dir='ltr'><strong>postrtribulationem</strong></span> 
     </span>
    </p>
   </div>
   <div class='ocr_carea' id='block_1_172' title="bbox 1876 4555 3473 4613">
    <p class='ocr_par' dir='ltr' id='par_1_172' title="bbox 1876 4555 3473 4613">
     <span class='ocr_line' id='line_1_178' title="bbox 1876 4555 3473 4613; baseline -0.001 -2"><span class='ocrx_word' id='word_1_797' title='bbox 1876 4555 2085 4612; x_wconf 71' lang='lat' dir='ltr'><strong>dierum</strong></span> <span class='ocrx_word' id='word_1_798' title='bbox 2115 4555 2468 4613; x_wconf 51' lang='lat' dir='ltr'><strong>illorumfsol</strong></span> <span class='ocrx_word' id='word_1_799' title='bbox 2503 4555 2906 4612; x_wconf 27' lang='lat' dir='ltr'><strong>obscurahitur.‘</strong></span> <span class='ocrx_word' id='word_1_800' title='bbox 2935 4565 2988 4612; x_wconf 85' lang='lat' dir='ltr'><strong>et</strong></span> <span class='ocrx_word' id='word_1_801' title='bbox 3031 4558 3154 4611; x_wconf 89' lang='lat' dir='ltr'><strong>luna</strong></span> <span class='ocrx_word' id='word_1_802' title='bbox 3187 4573 3293 4612; x_wconf 88' lang='lat' dir='ltr'><strong>non</strong></span> <span class='ocrx_word' id='word_1_803' title='bbox 3321 4555 3473 4610; x_wconf 89' lang='lat' dir='ltr'><strong>dabit</strong></span> 
     </span>
    </p>
   </div>
   <div class='ocr_carea' id='block_1_173' title="bbox 1878 4628 3470 4684">
    <p class='ocr_par' dir='ltr' id='par_1_173' title="bbox 1878 4628 3470 4684">
     <span class='ocr_line' id='line_1_179' title="bbox 1878 4628 3470 4684; baseline -0.001 -2"><span class='ocrx_word' id='word_1_804' title='bbox 1878 4631 2060 4684; x_wconf 90' lang='lat' dir='ltr'><strong>lumen</strong></span> <span class='ocrx_word' id='word_1_805' title='bbox 2085 4645 2257 4683; x_wconf 80' lang='lat' dir='ltr'><strong>suum.</strong></span> <span class='ocrx_word' id='word_1_806' title='bbox 2303 4640 2354 4683; x_wconf 92' lang='lat' dir='ltr'><strong>et</strong></span> <span class='ocrx_word' id='word_1_807' title='bbox 2387 4630 2576 4684; x_wconf 85' lang='lat' dir='ltr'><strong>stellae</strong></span> <span class='ocrx_word' id='word_1_808' title='bbox 2619 4628 2810 4682; x_wconf 89' lang='lat' dir='ltr'><strong>cadent</strong></span> <span class='ocrx_word' id='word_1_809' title='bbox 2839 4629 2906 4682; x_wconf 90' lang='lat' dir='ltr'><strong>de</strong></span> <span class='ocrx_word' id='word_1_810' title='bbox 2940 4629 3110 4683; x_wconf 87' lang='lat' dir='ltr'><strong>caelo.</strong></span> <span class='ocrx_word' id='word_1_811' title='bbox 3152 4637 3208 4680; x_wconf 92' lang='lat' dir='ltr'><strong>et</strong></span> <span class='ocrx_word' id='word_1_812' title='bbox 3243 4632 3470 4681; x_wconf 83' lang='lat' dir='ltr'><strong>virtutes</strong></span> 
     </span>
    </p>
   </div>
   <div class='ocr_carea' id='block_1_174' title="bbox 1876 4697 3467 4768">
    <p class='ocr_par' dir='ltr' id='par_1_174' title="bbox 1876 4697 3467 4768">
     <span class='ocr_line' id='line_1_180' title="bbox 1876 4697 3467 4768; baseline -0.002 -15"><span class='ocrx_word' id='word_1_813' title='bbox 1876 4701 2151 4754; x_wconf 90' lang='lat' dir='ltr'><strong>caelorum</strong></span> <span class='ocrx_word' id='word_1_814' title='bbox 2182 4701 2684 4754; x_wconf 78' lang='lat' dir='ltr'><strong>conuliovebuntur.</strong></span> <span class='ocrx_word' id='word_1_815' title='bbox 2717 4710 2770 4752; x_wconf 88' lang='lat' dir='ltr'><strong>et</strong></span> <span class='ocrx_word' id='word_1_816' title='bbox 2794 4710 2921 4754; x_wconf 91' lang='lat' dir='ltr'><strong>tunc</strong></span> <span class='ocrx_word' id='word_1_817' title='bbox 2947 4697 3230 4768; x_wconf 86' lang='lat' dir='ltr'><strong>apparebit</strong></span> <span class='ocrx_word' id='word_1_818' title='bbox 3256 4700 3467 4768; x_wconf 79' lang='lat' dir='ltr'><strong>signum</strong></span> 
     </span>
    </p>
   </div>
   <div class='ocr_carea' id='block_1_175' title="bbox 1878 4770 3470 4840">
    <p class='ocr_par' dir='ltr' id='par_1_175' title="bbox 1878 4770 3470 4840">
     <span class='ocr_line' id='line_1_181' title="bbox 1878 4770 3470 4840; baseline -0.001 -16"><span class='ocrx_word' id='word_1_819' title='bbox 1878 4772 1950 4824; x_wconf 92' lang='lat' dir='ltr'><strong>lili</strong></span> <span class='ocrx_word' id='word_1_820' title='bbox 1982 4771 2217 4825; x_wconf 80' lang='lat' dir='ltr'><strong>hominis</strong></span> <span class='ocrx_word' id='word_1_821' title='bbox 2250 4771 2301 4823; x_wconf 94' lang='lat' dir='ltr'><strong>in</strong></span> <span class='ocrx_word' id='word_1_822' title='bbox 2331 4773 2503 4824; x_wconf 84' lang='lat' dir='ltr'><strong>caelo.</strong></span> <span class='ocrx_word' id='word_1_823' title='bbox 2537 4783 2590 4826; x_wconf 90' lang='lat' dir='ltr'><strong>et</strong></span> <span class='ocrx_word' id='word_1_824' title='bbox 2622 4782 2746 4824; x_wconf 91' lang='lat' dir='ltr'><strong>tunc</strong></span> <span class='ocrx_word' id='word_1_825' title='bbox 2781 4772 3037 4840; x_wconf 76' lang='lat' dir='ltr'><strong>plangent</strong></span> <span class='ocrx_word' id='word_1_826' title='bbox 3075 4784 3264 4824; x_wconf 69' lang='lat' dir='ltr'><strong>omnes</strong></span> <span class='ocrx_word' id='word_1_827' title='bbox 3299 4770 3470 4822; x_wconf 86' lang='lat' dir='ltr'><strong>tribus</strong></span> 
     </span>
    </p>
   </div>
   <div class='ocr_carea' id='block_1_176' title="bbox 1879 4840 3472 4896">
    <p class='ocr_par' dir='ltr' id='par_1_176' title="bbox 1879 4840 3472 4896">
     <span class='ocr_line' id='line_1_182' title="bbox 1879 4840 3472 4896; baseline -0.002 0"><span class='ocrx_word' id='word_1_828' title='bbox 1879 4854 2073 4896; x_wconf 87' lang='lat' dir='ltr'><strong>terrae.</strong></span> <span class='ocrx_word' id='word_1_829' title='bbox 2134 4851 2187 4895; x_wconf 89' lang='lat' dir='ltr'><strong>et</strong></span> <span class='ocrx_word' id='word_1_830' title='bbox 2228 4841 2484 4896; x_wconf 86' lang='lat' dir='ltr'><strong>videbunt</strong></span> <span class='ocrx_word' id='word_1_831' title='bbox 2532 4841 2699 4894; x_wconf 80' lang='lat' dir='ltr'><strong>lilium</strong></span> <span class='ocrx_word' id='word_1_832' title='bbox 2753 4844 3004 4896; x_wconf 88' lang='lat' dir='ltr'><strong>hominis.</strong></span> <span class='ocrx_word' id='word_1_833' title='bbox 3057 4840 3362 4896; x_wconf 78' lang='lat' dir='ltr'><strong>venientem</strong></span> <span class='ocrx_word' id='word_1_834' title='bbox 3415 4840 3472 4893; x_wconf 88' lang='lat' dir='ltr'><strong>in</strong></span> 
     </span>
    </p>
   </div>
   <div class='ocr_carea' id='block_1_177' title="bbox 1879 4911 3470 4982">
    <p class='ocr_par' dir='ltr' id='par_1_177' title="bbox 1879 4911 3470 4982">
     <span class='ocr_line' id='line_1_183' title="bbox 1879 4911 3470 4982; baseline -0.002 -16"><span class='ocrx_word' id='word_1_835' title='bbox 1879 4913 2045 4967; x_wconf 90' lang='lat' dir='ltr'><strong>nubib</strong></span> <span class='ocrx_word' id='word_1_836' title='bbox 2065 4913 2220 4968; x_wconf 88' lang='lat' dir='ltr'><strong>caeli.</strong></span> <span class='ocrx_word' id='word_1_837' title='bbox 2253 4927 2374 4966; x_wconf 89' lang='lat' dir='ltr'><strong>cum</strong></span> <span class='ocrx_word' id='word_1_838' title='bbox 2403 4914 2600 4968; x_wconf 89' lang='lat' dir='ltr'><strong>virtute</strong></span> <span class='ocrx_word' id='word_1_839' title='bbox 2630 4923 2683 4967; x_wconf 91' lang='lat' dir='ltr'><strong>et</strong></span> <span class='ocrx_word' id='word_1_840' title='bbox 2721 4914 2886 4982; x_wconf 83' lang='lat' dir='ltr'><strong>gloria</strong></span> <span class='ocrx_word' id='word_1_841' title='bbox 2925 4913 3114 4968; x_wconf 88' lang='lat' dir='ltr'><strong>mttlta.</strong></span> <span class='ocrx_word' id='word_1_842' title='bbox 3173 4911 3236 4966; x_wconf 82' lang='lat' dir='ltr'><strong>Et</strong></span> <span class='ocrx_word' id='word_1_843' title='bbox 3291 4912 3470 4964; x_wconf 89' lang='lat' dir='ltr'><strong>mittet</strong></span> 
     </span>
    </p>
   </div>
   <div class='ocr_carea' id='block_1_178' title="bbox 1875 4985 3472 5056">
    <p class='ocr_par' dir='ltr' id='par_1_178' title="bbox 1875 4985 3472 5056">
     <span class='ocr_line' id='line_1_184' title="bbox 1875 4985 3472 5056; baseline -0.002 -18"><span class='ocrx_word' id='word_1_844' title='bbox 1875 4985 2096 5055; x_wconf 81' lang='lat' dir='ltr'><strong>angelos</strong></span> <span class='ocrx_word' id='word_1_845' title='bbox 2151 4998 2280 5040; x_wconf 89' lang='lat' dir='ltr'><strong>suos</strong></span> <span class='ocrx_word' id='word_1_846' title='bbox 2332 5001 2453 5038; x_wconf 88' lang='lat' dir='ltr'><strong>cum</strong></span> <span class='ocrx_word' id='word_1_847' title='bbox 2488 4985 2610 5039; x_wconf 89' lang='lat' dir='ltr'><strong>tuba</strong></span> <span class='ocrx_word' id='word_1_848' title='bbox 2649 4993 2706 5039; x_wconf 87' lang='lat' dir='ltr'><strong>et</strong></span> <span class='ocrx_word' id='word_1_849' title='bbox 2744 5000 2875 5040; x_wconf 85' lang='lat' dir='ltr'><strong>voce</strong></span> <span class='ocrx_word' id='word_1_850' title='bbox 2912 5000 3129 5056; x_wconf 79' lang='lat' dir='ltr'><strong>magna.</strong></span> <span class='ocrx_word' id='word_1_851' title='bbox 3163 4992 3218 5038; x_wconf 88' lang='lat' dir='ltr'><strong>et</strong></span> <span class='ocrx_word' id='word_1_852' title='bbox 3243 4995 3472 5052; x_wconf 81' lang='lat' dir='ltr'><strong>congre-</strong></span> 
     </span>
    </p>
   </div>
   <div class='ocr_carea' id='block_1_179' title="bbox 862 5167 2780 5228">
    <p class='ocr_par' dir='ltr' id='par_1_179' title="bbox 862 5167 2780 5228">
     <span class='ocr_line' id='line_1_185' title="bbox 862 5167 2780 5228; baseline -0.002 -2"><span class='ocrx_word' id='word_1_853' title='bbox 862 5169 1258 5227; x_wconf 74' lang='lat' dir='ltr'><strong>VARIANTES</strong></span> <span class='ocrx_word' id='word_1_854' title='bbox 1297 5169 1676 5227; x_wconf 82' lang='lat' dir='ltr'><strong>LECTIONES</strong></span> <span class='ocrx_word' id='word_1_855' title='bbox 1711 5167 1980 5228; x_wconf 88' lang='lat' dir='ltr'><strong>CODICIS</strong></span> <span class='ocrx_word' id='word_1_856' title='bbox 2017 5169 2130 5228; x_wconf 80' lang='lat' dir='ltr'><strong>MS.</strong></span> <span class='ocrx_word' id='word_1_857' title='bbox 2171 5169 2230 5225; x_wconf 92' lang='lat' dir='ltr'><strong>S.</strong></span> <span class='ocrx_word' id='word_1_858' title='bbox 2273 5167 2780 5227; x_wconf 83' lang='lat' dir='ltr'><strong>GERMANENSIS.</strong></span> 
     </span>
    </p>
   </div>
   <div class='ocr_carea' id='block_1_180' title="bbox 228 5284 1123 5352">
    <p class='ocr_par' dir='ltr' id='par_1_180' title="bbox 228 5284 1123 5352">
     <span class='ocr_line' id='line_1_186' title="bbox 228 5284 1123 5352; baseline 0.002 -17"><span class='ocrx_word' id='word_1_859' title='bbox 228 5289 246 5320; x_wconf 78' lang='grc'>³</span> <span class='ocrx_word' id='word_1_860' title='bbox 284 5287 457 5352; x_wconf 76' lang='lat' dir='ltr'><strong>mundi</strong></span> <span class='ocrx_word' id='word_1_861' title='bbox 483 5299 642 5352; x_wconf 76' lang='lat' dir='ltr'><strong>usque</strong></span> <span class='ocrx_word' id='word_1_862' title='bbox 665 5287 831 5348; x_wconf 91' lang='lat' dir='ltr'><strong>modo,</strong></span> <span class='ocrx_word' id='word_1_863' title='bbox 847 5299 1014 5351; x_wconf 88' lang='lat' dir='ltr'><strong>neque</strong></span> <span class='ocrx_word' id='word_1_864' title='bbox 1036 5284 1123 5337; x_wconf 80' lang='lat' dir='ltr'><strong>ﬂet</strong></span> 
     </span>
    </p>
   </div>
   <div class='ocr_carea' id='block_1_181' title="bbox 228 5350 737 5400">
    <p class='ocr_par' dir='ltr' id='par_1_181' title="bbox 228 5350 737 5400">
     <span class='ocr_line' id='line_1_187' title="bbox 228 5350 737 5400; baseline 0 -2"><span class='ocrx_word' id='word_1_865' title='bbox 228 5352 250 5383; x_wconf 82' lang='grc'>³</span> <span class='ocrx_word' id='word_1_866' title='bbox 285 5350 571 5400; x_wconf 40' lang='lat' dir='ltr'><strong>fuissent...‘</strong></span> <span class='ocrx_word' id='word_1_867' title='bbox 587 5350 737 5398; x_wconf 83' lang='lat' dir='ltr'><strong>ﬂeret</strong></span> 
     </span>
    </p>
   </div>
   <div class='ocr_carea' id='block_1_182' title="bbox 227 5413 858 5463">
    <p class='ocr_par' dir='ltr' id='par_1_182' title="bbox 227 5413 858 5463">
     <span class='ocr_line' id='line_1_188' title="bbox 227 5413 858 5463; baseline -0.006 0"><span class='ocrx_word' id='word_1_868' title='bbox 227 5414 250 5447; x_wconf 83' lang='grc'><em>³</em></span> <span class='ocrx_word' id='word_1_869' title='bbox 287 5413 478 5463; x_wconf 84' lang='lat' dir='ltr'><strong>electos</strong></span> <span class='ocrx_word' id='word_1_870' title='bbox 500 5413 858 5463; x_wconf 80' lang='lat' dir='ltr'><strong>breviabuutur</strong></span> 
     </span>
    </p>
   </div>
   <div class='ocr_carea' id='block_1_183' title="bbox 229 5474 541 5527">
    <p class='ocr_par' dir='ltr' id='par_1_183' title="bbox 229 5474 541 5527">
     <span class='ocr_line' id='line_1_189' title="bbox 229 5474 541 5527; baseline 0.003 -1"><span class='ocrx_word' id='word_1_871' title='bbox 229 5476 254 5506; x_wconf 70' lang='grc'><strong>⁴</strong></span> <span class='ocrx_word' id='word_1_872' title='bbox 292 5488 418 5526; x_wconf 86' lang='lat' dir='ltr'><strong>ecce</strong></span> <span class='ocrx_word' id='word_1_873' title='bbox 443 5474 541 5527; x_wconf 86' lang='lat' dir='ltr'><strong>illic</strong></span> 
     </span>
    </p>
   </div>
   <div class='ocr_carea' id='block_1_184' title="bbox 224 5539 516 5602">
    <p class='ocr_par' dir='ltr' id='par_1_184' title="bbox 224 5539 516 5602">
     <span class='ocr_line' id='line_1_190' title="bbox 224 5539 516 5602; baseline 0 -14"><span class='ocrx_word' id='word_1_874' title='bbox 224 5539 250 5571; x_wconf 82' lang='grc'><strong><em>³</em></strong></span> <span class='ocrx_word' id='word_1_875' title='bbox 288 5539 516 5602; x_wconf 75' lang='lat' dir='ltr'><strong>Surgent</strong></span> 
     </span>
    </p>
   </div>
   <div class='ocr_carea' id='block_1_185' title="bbox 1945 5285 2665 5337">
    <p class='ocr_par' dir='ltr' id='par_1_185' title="bbox 1945 5285 2665 5337">
     <span class='ocr_line' id='line_1_191' title="bbox 1945 5285 2665 5337; baseline 0.006 -6"><span class='ocrx_word' id='word_1_876' title='bbox 1945 5285 1966 5315; x_wconf 75' lang='grc'>⁸</span> <span class='ocrx_word' id='word_1_877' title='bbox 1999 5285 2318 5337; x_wconf 86' lang='lat' dir='ltr'><strong>ducantur....</strong></span> <span class='ocrx_word' id='word_1_878' title='bbox 2343 5288 2491 5336; x_wconf 85' lang='lat' dir='ltr'><strong>etiam</strong></span> <span class='ocrx_word' id='word_1_879' title='bbox 2516 5285 2665 5336; x_wconf 90' lang='lat' dir='ltr'><strong>electi</strong></span> 
     </span>
    </p>
   </div>
   <div class='ocr_carea' id='block_1_186' title="bbox 1944 5347 2244 5413">
    <p class='ocr_par' dir='ltr' id='par_1_186' title="bbox 1944 5347 2244 5413">
     <span class='ocr_line' id='line_1_192' title="bbox 1944 5347 2244 5413; baseline 0 -17"><span class='ocrx_word' id='word_1_880' title='bbox 1944 5347 1963 5413; x_wconf 59' lang='grc' dir='ltr'><strong>ξ’</strong></span> <span class='ocrx_word' id='word_1_881' title='bbox 2001 5348 2066 5413; x_wconf 85' lang='lat' dir='ltr'><strong>_Ut</strong></span> <span class='ocrx_word' id='word_1_882' title='bbox 2100 5347 2244 5413; x_wconf 81' lang='lat' dir='ltr'><strong>Vulg.</strong></span> 
     </span>
    </p>
   </div>
   <div class='ocr_carea' id='block_1_187' title="bbox 1941 5409 2904 5460">
    <p class='ocr_par' dir='ltr' id='par_1_187' title="bbox 1941 5409 2904 5460">
     <span class='ocr_line' id='line_1_193' title="bbox 1941 5409 2904 5460; baseline 0.004 -4"><span class='ocrx_word' id='word_1_883' title='bbox 1941 5409 1964 5441; x_wconf 81' lang='grc'><strong>⁸</strong></span> <span class='ocrx_word' id='word_1_884' title='bbox 1997 5409 2064 5457; x_wconf 84' lang='lat' dir='ltr'><strong>ita</strong></span> <span class='ocrx_word' id='word_1_885' title='bbox 2089 5413 2184 5460; x_wconf 84' lang='lat' dir='ltr'><strong>erit</strong></span> <span class='ocrx_word' id='word_1_886' title='bbox 2197 5409 2259 5460; x_wconf 79' lang='grc' dir='ltr'><strong>’ρι</strong></span> <span class='ocrx_word' id='word_1_887' title='bbox 2899 5456 2904 5460; x_wconf 81' lang='lat'><strong>.</strong></span> 
     </span>
    </p>
   </div>
   <div class='ocr_carea' id='block_1_188' title="bbox 1942 5471 2827 5538">
    <p class='ocr_par' dir='ltr' id='par_1_188' title="bbox 1942 5471 2827 5538">
     <span class='ocr_line' id='line_1_194' title="bbox 1942 5471 2827 5538; baseline 0.003 -18"><span class='ocrx_word' id='word_1_888' title='bbox 1942 5473 1962 5502; x_wconf 79' lang='grc' dir='ltr'><strong><em>ο</em></strong></span> <span class='ocrx_word' id='word_1_889' title='bbox 2005 5471 2068 5521; x_wconf 83' lang='lat' dir='ltr'><strong>Ut</strong></span> <span class='ocrx_word' id='word_1_890' title='bbox 2097 5471 2241 5536; x_wconf 76' lang='lat' dir='ltr'><strong>Vulg.</strong></span> <span class='ocrx_word' id='word_1_891' title='bbox 2267 5485 2434 5538; x_wconf 85' lang='lat' dir='ltr'><strong>usque,</strong></span> <span class='ocrx_word' id='word_1_892' title='bbox 2461 5471 2539 5524; x_wconf 92' lang='lat' dir='ltr'><strong>De</strong></span> <span class='ocrx_word' id='word_1_893' title='bbox 2556 5472 2639 5525; x_wconf 87' lang='lat' dir='ltr'><strong>die</strong></span> <span class='ocrx_word' id='word_1_894' title='bbox 2663 5480 2827 5523; x_wconf 87' lang='lat' dir='ltr'><strong>autem</strong></span> 
     </span>
    </p>
   </div>
   <div class='ocr_carea' id='block_1_189' title="bbox 1497 5639 2133 5701">
    <p class='ocr_par' dir='ltr' id='par_1_189' title="bbox 1497 5639 2133 5701">
     <span class='ocr_line' id='line_1_195' title="bbox 1497 5639 2133 5701; baseline 0 -3"><span class='ocrx_word' id='word_1_895' title='bbox 1497 5639 1861 5700; x_wconf 78' lang='lat' dir='ltr'><strong>BLANCBINI</strong></span> <span class='ocrx_word' id='word_1_896' title='bbox 1901 5641 2133 5701; x_wconf 63' lang='lat' dir='ltr'><strong>NOTIE.</strong></span> 
     </span>
    </p>
   </div>
   <div class='ocr_carea' id='block_1_190' title="bbox 235 5761 3128 5863">
    <p class='ocr_par' dir='ltr' id='par_1_190' title="bbox 235 5761 3128 5863">
     <span class='ocr_line' id='line_1_196' title="bbox 235 5761 3128 5863; baseline -0.01 -17"><span class='ocrx_word' id='word_1_897' title='bbox 235 5784 330 5863; x_wconf 84' lang='lat' dir='ltr'><strong>(a)</strong></span> <span class='ocrx_word' id='word_1_898' title='bbox 355 5784 497 5845; x_wconf 73' lang='lat' dir='ltr'><strong>Ante</strong></span> <span class='ocrx_word' id='word_1_899' title='bbox 523 5781 763 5840; x_wconf 68' lang='lat' dir='ltr'><strong>Christus</strong></span> <span class='ocrx_word' id='word_1_900' title='bbox 791 5779 946 5838; x_wconf 84' lang='lat' dir='ltr'><strong>deest</strong></span> <span class='ocrx_word' id='word_1_901' title='bbox 972 5789 1067 5846; x_wconf 74' lang='lat' dir='ltr'><strong>est,</strong></span> <span class='ocrx_word' id='word_1_902' title='bbox 1106 5774 1354 5834; x_wconf 84' lang='lat' dir='ltr'><strong>etiamin</strong></span> <span class='ocrx_word' id='word_1_903' title='bbox 1403 5784 1513 5834; x_wconf 86' lang='lat' dir='ltr'><strong>tex.</strong></span> <span class='ocrx_word' id='word_1_904' title='bbox 1543 5774 1639 5833; x_wconf 88' lang='lat' dir='ltr'><strong>Gr.</strong></span> <span class='ocrx_word' id='word_1_905' title='bbox 1670 5774 1818 5850; x_wconf 71' lang='lat' dir='ltr'><strong>~(b)</strong></span> <span class='ocrx_word' id='word_1_906' title='bbox 1857 5775 1998 5832; x_wconf 77' lang='lat' dir='ltr'><strong>Ante</strong></span> <span class='ocrx_word' id='word_1_907' title='bbox 2041 5776 2278 5849; x_wconf 81' lang='lat' dir='ltr'><strong>aquilae,</strong></span> <span class='ocrx_word' id='word_1_908' title='bbox 2334 5775 2486 5830; x_wconf 83' lang='lat' dir='ltr'><strong>deest</strong></span> <span class='ocrx_word' id='word_1_909' title='bbox 2529 5784 2575 5830; x_wconf 81' lang='lat' dir='ltr'><strong>et</strong></span> <span class='ocrx_word' id='word_1_910' title='bbox 2602 5772 2761 5828; x_wconf 87' lang='lat' dir='ltr'><strong>etiam</strong></span> <span class='ocrx_word' id='word_1_911' title='bbox 2797 5768 2849 5823; x_wconf 92' lang='lat' dir='ltr'><strong>in</strong></span> <span class='ocrx_word' id='word_1_912' title='bbox 2881 5774 2992 5822; x_wconf 83' lang='lat' dir='ltr'><strong>tex.</strong></span> <span class='ocrx_word' id='word_1_913' title='bbox 3033 5761 3128 5817; x_wconf 79' lang='lat' dir='ltr'><strong>Gr.</strong></span> 
     </span>
    </p>
   </div>
  </div>
