3980 6192
548 225 647 281 3H

942 327 1175 386 CODEX
1211 326 1749 385 VERCELLENSIS.

543 398 849 471 gregabunt
1386 398 1462 471 (b)
1492 413 1675 471 neque
1704 398 1808 453 ﬁli-

547 470 665 528 elec
705 510 721 527 .
766 512 779 526 .
826 512 840 525 .
883 510 899 525 .
942 511 956 525 .
998 471 1116 540 ejus
1385 470 1515 541 us-j-
1541 513 1554 537 ,
1587 470 1689 524 nisi
1717 478 1871 541 pater

544 557 713 613 aqua
755 583 770 598 .
815 580 831 596 .
875 581 891 597 .
935 583 950 597 .
990 556 1117 598 ven-
1385 540 1497 598 37.
1524 540 1889 613 solus._Sicut

547 611 640 680 tis,
669 628 700 668 a
730 615 956 669 summis
1387 621 1569 669 autem
1614 613 1666 666 in
1695 611 1811 666 die-

1384 683 1487 738 bus
1523 682 1636 738 Noe
1661 725 1677 750 ,
1705 684 1777 737 ita
1805 698 1865 739 c-

1386 755 1461 810 rit
1488 763 1544 809 et
1567 753 1771 811 adven.

1386 835 1472 881 tus
1500 826 1572 880 ﬁli
1604 825 1781 880 homi-

1384 898 1474 953 58.
1518 897 1621 952 nis.
1648 896 1781 951 Nam
1814 897 1952 953 sicut

1384 978 1499 1023 erat
1530 968 1583 1022 in
1617 967 1807 1023 diebus

1383 1038 1602 1105 diluvii,
1637 1053 1795 1093 man—

1382 1109 1652 1165 ducabant
1670 1151 1684 1176 ,
1723 1119 1780 1165 et

1381 1180 1639 1236 bibebant
1664 1221 1679 1245 ,
1723 1190 1778 1235 et

549 686 823 740 caelorum
853 698 945 739 us-

547 770 653 827 que
682 758 747 811 ad
777 756 906 810 ulti-

546 841 694 881 mum
722 841 934 882 eorum.

544 897 633 954 52.
668 900 708 951 Α
739 898 874 954 licus
900 905 1079 954 autem

545 969 797 1024 arborem
823 969 935 1025 dis-

549 1039 659 1094 cite
686 1040 915 1109 parabo-

541 1110 649 1166 lam
687 1132 699 1166 :
726 1126 847 1165 cum
872 1111 983 1180 jam

542 1196 730 1237 ramus
761 1182 880 1247 ejus
906 1190 985 1239 te—

542 1268 645 1307 ner
672 1252 858 1316 fuerit,
1382 1266 1582 1307 uxores
1600 1252 1764 1307 duce-

546 1332 601 1379 et
630 1322 755 1404 folia
786 1339 910 1404 na_s-
1380 1321 1510 1404 bant
1539 1338 1707 1404 usque
1736 1324 1789 1378 in

542 1402 762 1459 cuntur,
795 1397 902 1455 sci-
1382 1394 1532 1448 illum
1560 1395 1703 1449 diem
1723 1434 1739 1460 ,

543 1466 614 1537 tis
644 1467 765 1536 quia
798 1482 966 1537 prope
1379 1480 1488 1535 quo
1515 1464 1628 1520 Noe
1660 1466 1741 1519 in-

539 1535 630 1592 55.
664 1535 747 1592 cst
773 1535 977 1604 aestus,
1006 1540 1079 1594 ita

541 1617 596 1661 et
618 1622 716 1664 vos
740 1624 863 1665 cum
889 1612 968 1665 vi-

542 1677 730 1735 deritis
761 1681 896 1735 haec

543 1750 722 1803 omnia
755 1749 855 1804 ﬁe-

540 1820 610 1884 ri,
640 1820 833 1875 scitote
859 1822 983 1891 quia

542 1904 715 1974 prope
740 1900 825 1946 est
849 1892 903 1947 in

538 1976 741 2027 januts.

542 2032 634 2087 54.
666 2032 838 2090 Amen
866 2034 1020 2091 vobis

540 2103 685 2169 dico,
717 2105 837 2175 quia
860 2121 969 2163 non

579 2176 860 2232 raeteribit

581 2260 678 2301 acc
703 2262 927 2316 genera-

540 2317 640 2380 tio,
673 2318 846 2374 donec

542 2388 685 2443 Itaec'
703 2390 884 2445 omnia

536 2459 628 2515 ‘55.
656 2459 809 2515 ﬁant.
838 2460 1058 2517 Caelum

538 2538 596 2586 et
626 2541 769 2586 terra
800 2540 951 2588 tran-

1381 1551 1603 1603 gressus
1632 1545 1715 1591 est

1383 1607 1473 1663 59.
1515 1608 1568 1661 in
1598 1621 1778 1662 arcam
1798 1650 1813 1673 ,
1844 1615 1899 1663 et

1384 1693 1492 1732 non
1521 1692 1791 1747 cognove-

1383 1757 1514 1804 runt
1541 1748 1715 1804 donec

1383 1821 1533 1876 venit
1560 1829 1708 1875 cata-

1382 1893 1621 1963 clysmus
1646 1933 1660 1958 ,
1693 1900 1749 1947 et
1778 1900 1864 1963 tu-

1383 1962 1447 2017 lit
1474 1977 1662 2018 omnes
1696 1980 1708 2015 :
1742 1962 1820 2017 sic

1380 2034 1462 2106 (ά)
1491 2034 1595 2106 erit
1614 2033 1656 2103 λς
1677 2032 1882 2106 adven-

1377 2104 1465 2160 tus
1495 2104 1570 2159 ﬁli
1596 2104 1793 2160 omnis.

1375 2176 1469 2232 40.
1510 2175 1659 2231 Tunc
1678 2176 1786 2231 duo
1807 2185 1986 2233 erunt.

1378 2248 1432 2304 in
1465 2262 1594 2318 agro
1632 2264 1646 2301 :
1676 2262 1818 2303 unus

1378 2320 1695 2375 adsumetur
1713 2360 1729 2384 ,

1374 2400 1431 2447 et
1460 2404 1599 2446 unus
1628 2389 1793 2445 relin-

1376 2464 1466 2520 M.
1509 2471 1723 2531 quetur.
1756 2460 1865 2517 Du-

1380 2574 1396 2590 .
1442 2573 1456 2587 .
1503 2572 1516 2587 .
1562 2571 1576 2585 .
1620 2572 1636 2587 .
1678 2532 1932 2589 olentes:

538 2601 758 2668 sibunt;
800 2617 926 2659 ver-
1376 2619 1485 2662 una
1522 2602 1775 2658 adsume-

539 2671 609 2727 ba
640 2683 822 2729 autem
1378 2714 1395 2731 .
1440 2717 1455 2730 .
1505 2714 1521 2731 .
1560 2689 1626 2742 r,
1655 2683 1710 2728 et
1738 2688 1842 2728 una

540 2758 661 2818 mea
684 2760 797 2801 non
823 2759 979 2818 prae-
1374 2763 1456 2804 re.
1507 2788 1535 2818 ,ί
1577 2787 1589 2798 .
1631 2753 1808 2799 uetur.

540 2815 803 2871 teribunt.
823 2815 840 2818 ⁷
1376 2819 1495 2875 Duo
1525 2817 1581 2872 in
1607 2824 1753 2871 tecto
1787 2834 1799 2869 :

539 2886 632 2942 56.
675 2886 752 2943 De
780 2887 869 2945 die
902 2899 1084 2947 autem
1376 2903 1517 2946 unus
1546 2887 1707 2943 adsu-

541 2956 637 3012 illa
660 2966 715 3012 et
735 2957 871 3016 hora
1374 2968 1557 3017 metur
1576 3000 1592 3027 ,
1621 2969 1677 3014 et

538 3043 703 3084 nemo
731 3030 866 3099 scit,
1374 3046 1517 3087 unus
1541 3030 1709 3086 relin-

538 3114 722 3174 neque
746 3117 910 3173 ange-
1374 3104 1466 3160 42.
1507 3111 1723 3174 quetur.
1762 3102 1857 3158 Vi-

462 3176 465 3179 ‘
544 3170 583 3225 li
608 3170 924 3243 caelorum,
1380 3217 1393 3230 .
1439 3216 1453 3229 .
1622 3216 1634 3228 .
1680 3212 1697 3229 .
1738 3188 1901 3245 ergo,

956 3267 1191 3324 CODEX
1228 3267 1701 3326 CORBEIENSIS.

539 3339 847 3411 gregabunt
900 3340 1104 3411 electos
1150 3341 1269 3409 ejus
1316 3356 1345 3394 a
1382 3350 1641 3411 quattuor
1681 3342 1882 3406 ventis,
1924 3355 1955 3395 a
1993 3354 2139 3395 sum-

540 3409 649 3464 mis
692 3423 860 3478 usque
887 3410 955 3464 ad
984 3426 1195 3465 summa
1223 3409 1432 3466 eorum.
1479 3411 1527 3466 A
1553 3410 1689 3465 facie
1714 3423 1892 3467 autem
1928 3411 2138 3466 arboris

538 3478 677 3534 ﬁcus
701 3480 899 3553 discite
916 3481 1234 3553 parabolam
1260 3498 1274 3547 ;
1298 3497 1460 3551 quum
1485 3482 1596 3552 jam
1620 3498 1805 3541 ramus
1833 3483 1949 3553 ejus
1976 3482 2139 3538 fuerit

538 3561 717 3624 tener,
747 3561 803 3624 et
834 3551 958 3624 folia
992 3554 1361 3621 procreaverit
1388 3594 1403 3618 ,
1450 3551 1788 3622 cngnoscetis
1817 3551 1939 3624 quia
1973 3569 2138 3623 prope

538 3623 704 3697 estin
739 3621 942 3689 januis.
975 3623 1165 3697 _Amen
1193 3624 1312 3697 dico
1340 3624 1494 3679 vobis
1520 3621 1539 3689 ζ
1562 3625 1816 3697 quoniam
1836 3621 1955 3680 non
1975 3621 2135 3697 prac-

540 3692 723 3747 teribit
747 3694 1025 3763 generatio
1068 3696 1232 3759 haec,
1274 3695 1449 3751 donec
1498 3692 1678 3750 omnia
1728 3699 1876 3751 ﬁant.
1910 3692 2131 3752 Co'elum

535 3772 592 3818 et
619 3772 761 3838 terra
794 3766 1131 3838 transibunt;
1175 3780 1299 3820 nam
1341 3780 1622 3838 sermones
1671 3769 1776 3823 mei
1828 3784 1932 3823 non
1981 3784 2130 3838 prae-

538 3834 813 3907 teribunt.
834 3838 905 3891 De
934 3836 1023 3891 die
1055 3838 1070 3867 ¹
1105 3847 1283 3891 autem
1316 3837 1404 3891 illa
1434 3848 1487 3893 et
1519 3838 1646 3891 liora
1680 3854 1838 3895 nemo
1866 3834 2001 3907 scit,
2034 3856 2130 3895 ne-

535 3921 642 3975 que
666 3906 839 3981 angeli
884 3909 904 3939 ²
944 3908 1256 3981 coelornm,
1286 3910 1439 3981 ﬂsed
1479 3924 1579 3965 nec
1622 3910 1791 3973 ﬁlius,
1836 3911 1939 3966 nisi
1983 3906 2129 3968 solus

575 3987 707 4032 ater.
745 3978 895 4033 Sicut
922 3989 1100 4034 autem
1134 3981 1154 4012 ³
1181 3980 1297 4034 dies
1322 3978 1434 4035 Noe
1460 4023 1473 4043 ,
1514 3981 1593 4035 sic
1615 3983 1717 4035 erit
1746 3984 2007 4038 adventus
2038 3982 2127 4037 lilii

574 4049 789 4103 ominis.
824 4048 956 4104 Nam
988 4050 1126 4105 sicut
1153 4060 1271 4105 erat
1309 4051 1360 4105 in
1400 4051 1591 4106 diebus
1628 4053 1812 4107 diluvii
1843 4096 1857 4118 ,
1901 4053 2128 4108 mandu-

530 4120 727 4174 cabant
747 4164 761 4187 ,
797 4121 1054 4176 bibebant
1078 4164 1093 4189 ,
1126 4138 1321 4176 uxores
1351 4122 1649 4190 ducebant,
1678 4134 1860 4179 etnon
1889 4126 2125 4179 scierunt

506 4190 676 4265 ‘qnod
718 4192 879 4265 modo
923 4192 1072 4265 venit
1109 4194 1500 4265 cataclysmus,
1546 4204 1603 4249 et
1640 4196 1760 4249 tulit
1786 4210 1977 4250 omnes
2010 4214 2021 4248 :
2055 4196 2128 4249 ita

532 4262 635 4316 erit
670 4262 933 4337 adventus
980 4264 1080 4337 lilii
1120 4262 1373 4321 hominis.
1413 4264 1563 4337 Tunc
1592 4266 1701 4320 duo
1730 4277 1887 4320 erunt
1918 4268 1969 4320 in
1999 4282 2129 4337 agro

532 4348 669 4405 unus
697 4332 1037 4399 adsumetur,
1070 4335 1091 4365 ³
1121 4345 1175 4390 et
1202 4337 1338 4390 alter
1368 4336 1720 4405 relinquetur.
1755 4337 1781 4375 ιι
1826 4337 1944 4391 Duo
1976 4332 2134 4392 erunt

534 4403 587 4457 in
634 4404 774 4458 lecto
808 4404 1056 4474 jacentes
1110 4425 1123 4460 :
1162 4422 1302 4462 unus
1338 4403 1674 4473 dimittetur,
1705 4419 1759 4463 ct
1788 4408 1928 4464 alius
1972 4407 2133 4465 adsu-

535 4483 732 4531 metur.
760 4474 986 4547 Vigilate
1008 4493 1139 4549 ergo
1163 4521 1178 4547 ,

1079 224 1350 286 EUSEBll
1388 222 1725 283 VERCELL.
1768 221 2221 282 EVANGELIUM
2260 220 2405 281 CUM
2445 220 2678 282 VARUS
2714 221 2869 280 COD.
2909 222 3303 283 COLLATUM.

3726 216 3821 275 δη

2680 324 2770 423 F9.
2778 323 2912 423 .9?"
2955 320 3415 423 νείῖὲξίὲἐὲἓὶδλ.

2247 396 2453 467 gabunt
2489 396 2692 452 electos
2723 396 2839 466 ejus
3080 410 3179 452 nec
3210 394 3351 450 ﬁlius
3374 394 3415 463 ’ξ-
3437 432 3453 458 ,

2249 481 2279 548 a
2310 476 2566 548 quattuor
2591 482 2759 538 angu—
2814 538 2826 548 .
3077 467 3180 548 nisi
3208 477 3358 548 pater
3377 464 3547 548 solus.

2249 538 2332 594 los
2359 539 2539 606 caeli,
2574 553 2603 592 a
2633 538 2859 596 summis
3077 538 3168 593 57.
3207 538 3359 593 Sicut
3384 543 3563 589 autem

2251 610 2524 663 caelorum
2555 624 2726 663 usuue
3076 609 3131 663 in
3159 607 3349 663 diebus
3379 605 3493 661 Noe
3513 648 3529 663 .

2251 610 2524 665 caelorum
2555 624 2726 681 usque
3076 609 3131 664 in
3159 608 3349 665 diebus
3379 608 3493 661 Noe
3513 648 3529 672 ,

2253 680 2321 735 ad
2356 682 2645 738 terminum
2672 696 2764 739 eo-
2920 736 2923 739 λ
3077 681 3149 735 ita
3177 681 3282 736 erit
3305 688 3359 733 et
3386 676 3483 732 ad-

2248 767 2391 806 rum.
2426 752 2503 824 (α)
2534 751 2668 807 Cum
3076 760 3270 824 ventus
3302 748 3376 804 ﬁli
3406 747 3504 805 ho-

2243 823 2525 892 coeperint
2553 833 2735 879 autem
3077 823 3261 880 minis.

2243 890 2380 972 haec
2410 895 2527 972 ﬁeri
2554 934 2568 959 ,
2607 894 2782 966 reSpi-
3076 896 3180 972 1’38.
3209 894 3363 972 Sicut
3386 899 3503 972 erat
3524 890 3583 972 .in

2242 964 2348 1020 cite
2372 1008 2387 1032 ,
2420 974 2476 1020 et
2510 960 2714 1022 levate'
3076 966 3267 1022 diebus
3290 963 3361 1034 (c)
3386 962 3489 1016 illis
3510 960 3548 1032 ἰ-

2246 1036 2419 1105 capita
2451 1046 2625 1093 vestra
2649 1078 2664 1103 ,
3076 1046 3201 1092 ante
3229 1034 3493 1090 dilubium
3514 1074 3529 1100 ,

2248 1106 2503 1175 quoniam
2538 1107 2742 1178 adpro-
3076 1108 3495 1171 manducantcs,

2246 1178 2358 1245 piat
2396 1178 2699 1250 redemptio
3076 1188 3131 1235 et
3156 1178 3404 1234 bibentes
3422 1217 3437 1241 ,

3076 1250 3345 1305 nubentes
3364 1288 3378 1311 ,
3406 1256 3463 1303 et

3078 1330 3246 1391 nupto
3274 1318 3489 1375 traden-

3079 1402 3160 1448 tes
3188 1406 3358 1461 usque
3385 1403 3450 1445 eo

3075 1463 3165 1519 die
3186 1504 3201 1528 ,
3228 1477 3336 1533 quo
3362 1461 3527 1516 intra-

3074 1533 3154 1589 bit
3183 1535 3235 1589 in
3266 1548 3450 1589 arcam
3467 1573 3483 1599 ,

3068 1606 3162 1663 59.
3202 1614 3256 1660 et
3286 1619 3391 1659 non
3420 1617 3623 1675 cogno-

3070 1685 3265 1732 verunt
3289 1676 3464 1730 donec

3074 1748 3224 1803 venit
3249 1747 3507 1803 diluvium
3524 1789 3537 1813 ,

3076 1829 3130 1874 et
3156 1818 3280 1873 tulit
3306 1833 3493 1874 omnes
3520 1837 3533 1872 :

3076 1889 3148 1944 ita
3181 1890 3283 1946 erit
3308 1888 3518 1961 (ἀμᾶ-

3075 1971 3269 2016 ventus
3294 1959 3371 2015 ﬁli
3399 1959 3501 2015 ho-

3078 2033 3261 2087 minis.

3076 2102 3166 2159 40.
3210 2103 3362 2159 Tunc
3390 2102 3499 2158 duo

3076 2182 3236 2229 erunt
3258 2176 3310 2230 in
3340 2188 3471 2245 agro
3496 2190 3509 2226 :

3075 2259 3214 2300 unus
3237 2245 3401 2302 adsu-

3076 2326 3257 2371 metur
3274 2359 3290 2385 ,
3318 2326 3376 2373 et

3075 2388 3515 2460 unus_relinque-

3077 2468 3184 2513 tur.
3214 2458 3361 2515 Duae
3385 2458 3501 2516 mo-

3074 2530 3247 2586 lentes
3272 2530 3341 2586 ad
3371 2546 3491 2597 mo:

3082 2601 3190 2656 lam
3218 2619 3229 2655 :
3261 2617 3363 2659 una
3386 2603 3483 2659 ad-

3080 2682 3359 2741 sumetur,
3387 2684 3443 2731 et

3081 2758 3185 2799 una
3208 2745 3479 2816 relinque-

3076 2816 3138 2891 41
3155 2857 3177 2891 ._
3206 2824 3313 2871 tur.
3349 2817 3421 2891 (ε)
3448 2819 3570 2876 Duo

3076 2886 3131 2942 in
3166 2887 3303 2943 lecto
3337 2886 3519 2948 :‘tinus

2242 1257 2422 1320 vestra
2453 1250 2515 1320 1-.

2245 1318 2334 1374 32.
2378 1319 2423 1373 A
2461 1318 2547 1375 ﬁci
2577 1330 2757 1377 autem

2242 1391 2441 1446 arbore
2468 1390 2659 1448 discite

2244 1462 2554 1544 parabolam
2590 1480 2603 1517 :
2630 1478 2767 1546 .cum

2239 1548 2352 1602 jam
2377 1549 2559 1588 ramus
2595 1550 2715 1605 ejus

2241 1612 2395 1659 tener
2430 1605 2621 1671 fuerit,
2653 1614 2708 1662 et

2238 1673 2369 1730 folia
2401 1686 2696 1732 nascuntur
2714 1720 2729 1747 ,

2238 1746 2405 1802 scitis
2418 1747 2543 1817 quia
2584 1762 2712 1816 pro-

2238 1830 2307 1883 pe
2336 1826 2420 1873 est
2446 1827 2626 1874 aestas
2650 1859 2667 1885 ,

2239 1888 2330 1943 55.
2363 1896 2417 1943 et
2446 1902 2541 1943 vos
2570 1904 2694 1944 cum

2245 1958 2492 2018 videritis
2521 1959 2654 2015 haec

2244 2030 2423 2086 omnia
2452 2071 2467 2094 ,
2499 2031 2691 2087 scitote

2244 2101 2367 2171 quia
2401 2116 2572 2172 prope
2608 2112 2691 2158 est

2245 2172 2301 2228 in
2328 2173 2531 2243 januis.

2244 2243 2333 2300 '54.
2376 2244 2551 2302 Amen
2580 2244 2703 2301 dico
2733 2245 2859 2303 vobi
2910 2288 2926 2314 ,

2285 2316 2369 2370 uia
2398 2329 2507 2371 non
2537 2325 2782 2385 praeter-

2239 2385 2340 2458 ibit
2365 2385 2498 2458 baec
2523 2402 2691 2458 gene-

2238 2457 2377 2512 ratio
2398 2498 2412 2523 ,
2440 2456 2615 2512 donec
2639 2473 2762 2514 om-

2236 2528 2327 2584 55.
2370 2528 2458 2582 nia
2486 2527 2637 2583 ﬁant.
2665 2528 2805 2585 Cae-

2237 2597 2349 2653 lum
2378 2607 2433 2654 et
2463 2607 2607 2655 terra
2633 2609 2808 2658 trans-

2237 2668 2393 2725 ibunt
2417 2686 2431 2735 ;
2461 2670 2629 2727 verba

2237 2754 2370 2796 vero
2398 2756 2516 2796 mea
2548 2757 2657 2797 non

2284 2812 2637 2867 raeteribunt.

2279 2884 2333 2937 6.
2377 2883 2453 2939 De
2478 2883 2568 2939 die
2592 2894 2773 2943 autem

2243 2955 2336 3009 illa
2363 2954 2446 3010 vel
2474 2954 2574 3009 ho-
3077 2957 3415 3023 adsumetur.

2240 3041 2301 3081 ra
2331 3040 2491 3080 nemo
2519 3026 2651 3096 scit,
3078 3038 3134 3085 et
3160 3044 3297 3086 unus
3328 3032 3492 3090 relin-

3077 3109 3277 3171 quetur
3300 3102 3358 3172 οἰκ

2244 3111 2422 3224 neque
2446 3099 2624 3169 angeli
3077 3109 3277 3185 quetur

2244 3182 2340 3224 cae
2364 3184 2517 3224 orum
2536 3208 2552 3224 .
2588 3169 2666 3224 (bl
3076 3173 3169 3224 42.
3211 3173 3329 3224 Vm

2243 3169 2517 3224 caelorum
2536 3208 2552 3237 ,
2588 3169 2666 3242 (b)
3076 3169 3169 3228 42.
3211 3169 3445 3245 Vigilate

2707 3261 2938 3319 CODEX
2975 3263 3255 3321 BRIXIAN
3264 3266 3368 3324 US.

2241 3332 2447 3404 gabunt
2474 3333 2681 3390 electos
2702 3336 2821 3404 ejus
2849 3352 2878 3390 a
2903 3345 3157 3403 quattuor
3178 3340 3375 3403 ventis,
3404 3354 3435 3395 a
3463 3341 3702 3397 summis
3727 3355 3849 3397 cae-

2242 3405 2415 3476 lorum
2454 3420 2624 3476 usque
2668 3406 2734 3461 ad
2783 3411 3044 3463 terminos
3073 3423 3283 3465 eorum.
3321 3410 3405 3467 Ab
3434 3412 3637 3467 arbore
3667 3425 3851 3469 autem

2244 3475 2330 3552 ﬁci
2369 3475 2571 3552 discite
2599 3478 2956 3552 parabolam.
3008 3494 3130 3534 cum
3176 3480 3287 3551 jam
3325 3498 3507 3538 ramus
3534 3482 3663 3552 ejus
3693 3493 3851 3540 tener

2242 3545 2425 3601 fuerit.
2455 3557 2512 3602 et
2543 3545 2842 3622 folianata.
2872 3552 3023 3606 scitis
3057 3545 3193 3620 quia
3224 3568 3391 3622 prope
3418 3564 3503 3610 est
3530 3545 3746 3611 acstas.
3778 3558 3847 3609 ita

2243 3626 2298 3672 et
2325 3632 2422 3674 vos
2448 3633 2571 3674 cum
2602 3620 2853 3697 vi_de_ritis_
2885 3622 3019 3697 haec
3069 3620 3252 3697 omnia
3297 3620 3415 3681 ﬁeri
3458 3626 3683 3681 scitote.
3724 3627 3851 3697 quia

2242 3704 2409 3760 prope
2456 3691 2665 3764 estad
2707 3692 2905 3762 januis.
2962 3696 3133 3749 Amen
3179 3694 3301 3750 dico
3350 3696 3503 3752 vobis
3548 3697 3684 3764 quia
3740 3691 3850 3752 non

2240 3762 2549 3829 praeteribit
2563 3763 2692 3817 haec
2702 3765 2975 3833 generatio
2988 3764 3160 3820 donec
3175 3768 3353 3822 omnia
3370 3768 3516 3822 ﬁant.
3540 3762 3777 3823 Caelum
3793 3780 3847 3823 et

2238 3840 2380 3909 terra
2414 3834 2754 3909 transibunt.
2809 3836 2969 3909 verba
3025 3846 3205 3891 autem
3264 3854 3381 3894 mea
3434 3856 3542 3894 non
3575 3842 3854 3909 praeteri-

2236 3900 2490 3981 bunt._Dc
2517 3906 2606 3981 die
2653 3915 2831 3981 autem
2862 3907 2954 3961 illa
2996 3918 3051 3962 et
3097 3909 3244 3981 liora.
3299 3925 3461 3966 nemo
3488 3900 3615 3966 scit.
3669 3927 3853 3981 neque

2234 3975 2411 4051 angeli
2442 3976 2721 4051 caelorum
2768 3977 2841 4050 (b)
2884 3994 3058 4051 neque
3096 3980 3237 4035 ﬁlius
3272 3981 3311 4051 ἦ*
3345 3984 3446 4036 nisi
3493 3992 3652 4050 pater
3694 3975 3853 4038 meus

2233 4046 2405 4101 solus.
2438 4046 2591 4102 Sicut
2616 4046 2795 4104 autem
2823 4046 2877 4103 in
2906 4046 3095 4105 diebus
3125 4051 3238 4107 Noe
3267 4046 3336 4106 ita
3362 4055 3465 4108 erit
3489 4046 3543 4107 et
3568 4054 3854 4109 adventus

2237 4115 2312 4196 ﬁli
2343 4116 2600 4196 lioininis.
2628 4118 2779 4174 Sicut
2801 4123 2948 4196 enim
2976 4131 3133 4176 erant
3154 4122 3426 4196 indiebus
3451 4123 3520 4195 (c)
3547 4126 3660 4179 illis
3682 4126 3725 4196 δι’
3746 4141 3819 4179 an
3842 4155 3853 4163 -

2238 4195 2291 4241 te
2343 4188 2601 4243 diluvium
2654 4191 3046 4248 tuandncantes
3068 4202 3123 4248 et
3154 4193 3419 4250 bibentes.
3454 4188 3763 4252 nubentes.
3798 4207 3857 4252 et

2238 4270 2463 4337 nuptum
2494 4260 2789 4317 tradentes.
2824 4278 2995 4333 usque
3040 4265 3093 4319 in
3123 4264 3268 4337 diem
3301 4282 3408 4337 quo
3448 4267 3705 4321 introivit
3735 4268 3855 4323 Noe

2238 4329 2292 4383 in
2319 4344 2459 4403 arca
2483 4340 2538 4387 et
2578 4348 2681 4389 non
2715 4329 3102 4403 cognoverunt.
3157 4329 3333 4392 donec
3361 4339 3511 4392 venit
3539 4338 3851 4394 dilluvium

2238 4410 2294 4455 et
2335 4402 2569 4471 perdidit
2612 4402 2823 4461 omnes.
2876 4406 2947 4460 ita
2976 4407 3082 4461 erit
3127 4417 3183 4462 et
3224 4408 3489 4463 adventus
3520 4408 3618 4463 ﬁlii
3656 4410 3853 4466 homi-

2238 4471 2344 4526 nis.
2369 4513 2382 4525 .
2408 4515 2420 4526 .
2444 4514 2457 4527 .
2484 4513 2498 4527 .
2542 4474 2712 4550 '_l_‘unc.
2746 4476 2854 4532 duo
2870 4486 3047 4550 _erunt
3086 4478 3140 4533 in
3186 4494 3317 4550 agro
3349 4496 3485 4535 unus
3515 4482 3857 4538 adsumetur

2237 4552 2294 4597 et
2320 4559 2457 4599 unus
2483 4547 2841 4616 relinquetur.
2868 4548 3015 4604 Duae
3044 4547 3311 4605 molcntes
3341 4551 3395 4605 in
3426 4552 3568 4606 mola
3600 4568 3720 4607 una
3754 4554 3855 4607 ad-

2237 4627 2484 4693 sumetu_r
2508 4627 2563 4673 et
2597 4619 2701 4673 alia
2748 4618 3107 4693 relinquetur.
3151 4619 3223 4693 (e)
3261 4622 3377 4678 Duo
3418 4624 3471 4677 in
3516 4624 3663 4679 lecto
3708 4641 3852 4679 uno.

2236 4700 2373 4743 unus
2396 4687 2713 4745 adsumetur
2738 4700 2792 4746 ct
2812 4687 2950 4746 alius
2978 4687 3331 4765 relinquetur.
3358 4696 3396 4767 οξ·
3422 4693 3657 4766 Vigilate
3683 4711 3853 4767 ergo.

1220 4764 1618 4824 VARIANTES
1652 4764 2034 4827 LECTIONES
2070 4771 2339 4834 CODICIS
2377 4780 2484 4836 MS.
2525 4780 2583 4837 S.
2617 4782 3130 4840 GERMANENSIS.

586 4844 605 4873 ι
643 4846 807 4891 autem
832 4848 883 4892 et
906 4842 1023 4891 hora

590 4906 611 4935 ’
646 4903 916 4955 coelorum.
944 4906 989 4967 ⁸,
1011 4906 1105 4955 nisi

2236 4904 2248 4917 .
2293 4858 2315 4926 ἒ
2354 4859 2416 4908 Ut
2444 4858 2590 4923 Vulg.
2616 4872 2783 4926 usque,
2813 4870 3051 4914 venturus
3076 4870 3154 4915 est

2289 4918 2312 4949 ⁸
2347 4930 2399 4973 et
2420 4918 2564 4988 unus;
2591 4918 2710 4986 etcf,
2735 4918 2785 4975 td
2816 4925 2960 4988 Vulg.

1874 4993 2239 5055 BLANCHINI
2274 5002 2505 5061 NOTAE.

574 5077 622 5105 ιιι
658 5067 737 5144 _lta
762 5068 967 5144 lectum
995 5067 1162 5124 fuisse
1195 5069 1684 5144 i_n_antiquissimis
1720 5075 2120 5144 exemplaribus

519 5139 775 5214 Matthaei
824 5149 989 5214 testes
1038 5147 1164 5214 sunt
1204 5139 1472 5206 Hilarius,
1519 5144 1840 5200 Ambrosius
1861 5139 1896 5214 ,’
1928 5146 2117 5204 lliero-

520 5211 751 5283 nymus,
783 5221 839 5268 et
866 5211 957 5266 alii
985 5213 1277 5283 scriptores
1317 5214 1755 5271 nominatissitni.

2302 5086 2350 5172 ξ.
2371 5088 2447 5172 De
2473 5088 2577 5172 boc
2600 5089 2977 5172 additamenta
2996 5106 3096 5149 seu
3126 5094 3368 5172 variante
3392 5094 3623 5172 lectione
3650 5140 3669 5167 ,
3719 5116 3857 5172 qua:

2230 5158 2285 5243 in
2311 5160 2625 5243 Corbeiensi
2656 5178 2758 5243 ius:
2800 5165 3274 5243 reperit_u_r,__vide
3326 5167 3487 5243 Lucae
3533 5158 3859 5243 Brugensis

2227 5229 2542 5288 Notationes
2556 5229 2900 5303 prolixiores,
2920 5245 2975 5291 et
2991 5229 3102 5290 Th.
3118 5236 3380 5303 Maresch.
3403 5229 3856 5300 Observationes

2216 5302 2271 5357 in
2298 5305 2538 5359 version.
2560 5302 2720 5375 Angl.
2746 5302 2891 5362 Sax.
2912 5322 3032 5377 pag.
3049 5307 3175 5364 500.

519 5382 1083 5475 —.-(a).LAssumcntum
1117 5387 1641 5475 isltud‘ex‘statetiam
1675 5391 1726 5475 in
1755 5392 1876 5475 cod.
1906 5393 2063 5475 (lant.
2089 5393 2130 5448 L

2240 5403 2294 5449 et
2324 5395 2751 5475 Graépzoju'va
2858 5401 3052 5475 rot'rraw
3085 5402 3310 5475 γίνεσθᾳι
3336 5400 3515 5471 (Cant.
3549 5402 3673 5459 Lat.
3712 5407 3859 5461 inci.

512 5456 769 5527 pientibus
795 5467 963 5511 autem
1012 5459 1091 5511 his
1139 5460 1278 5529 ﬁeri)
1324 5461 1807 5587 ἀναϐλέὲατεῷῖκαὶ
1850 5467 2072 5539 ἐπάρατε
2112 5489 2130 5521 1

512 5527 589 5587 (b)
618 5528 780 5581 Addit
802 5545 891 5583 nec
932 5527 1103 5582 Filius
1129 5572 1142 5587 .
1170 5532 1331 5585 etiam
1362 5534 1485 5587 cod.
1558 5534 1789 5587 θυμω)δέ
1817 5536 1842 5587 ὁ
1870 5537 1991 5587 υἱός-
2022 5536 2130 5587 exh

2251 5456 2493 5541 κεφαλὰςΙ
2518 5456 2679 5542 ιῖαξῦν
2719 5469 2849 5526 διότι
2890 5472 3073 5544 ἐγγίζει
3175 5456 3529 5549 ἀπολίύῘε-ρωσις

2240 5553 2309 5587 30-
2332 5568 2397 5579 —-
2418 5541 2490 5587 (εὶ
2518 5541 2672 5587 Addit
2697 5541 2820 5587 illis-
2847 5542 2968 5587 (eod.
2990 5558 3206 5587 mmmm
3222 5542 3376 5587 Cant,
3405 5548 3626 5587 ἔνι-ἔνην-
3663 5578 3744 5587 _
3764 5551 3857 5587 nn

535 5527 589 5597 ὁ)
618 5528 780 5581 Addit
802 5545 891 5583 nec
932 5527 1103 5582 Filius
1129 5527 1147 5591 ,⁷
1170 5527 1331 5585 etiatu
1362 5534 1485 5588 cod.

1558 5526 1789 5623 antood'é
1816 5536 1842 5623 ‘6
1870 5526 1991 5623 ϊξόξ,
2022 5551 2087 5589 ex
2110 5536 2130 5589 ﬂ

2240 5526 2397 5623 to.'—-
2418 5526 2490 5611 (c)
2516 5526 2672 5596 A'ddit
2697 5541 2821 5623 illis,
2838 5526 2969 5623 cod:
2990 5526 3744 5623 quaquetjaniféisiga'é.";
3764 5551 3857 5623 (ά)

559 5608 643 5681 ost
672 5600 787 5681 erit,
812 5601 965 5681 deest
985 5609 1051 5663 et,
1078 5604 1252 5681 etiam
1270 5603 1326 5681 in
1359 5604 1480 5657 cod.
1504 5603 1738 5681 (laute
1764 5604 1834 5681 (ε)
1878 5600 1990 5660 Hoc
2016 5618 2383 5681 assumentum
2412 5600 2589 5667 cx'stat
2612 5600 2819 5681 pariter
2838 5615 2887 5667 in
2916 5600 3041 5669 cod.
3065 5600 3222 5670 Cant.
3246 5615 3364 5671 Lat.
3400 5600 3721 5675 etiGrfaoo
3758 5600 3859 5679 2%

506 5670 675 5749 illan;
696 5678 842 5749 Etéc,
873 5670 941 5749 si;
970 5674 1563 5749 παραλαμᾷάγετα-ιηκαί
1590 5672 1665 5749 εἷς
1688 5670 1902 5749 ciuicam,
1929 5693 1996 5733 ex
2015 5677 2178 5733 Luca.

2206 5680 2361 5747 Quod
2390 5682 2572 5757 legunt
2592 5686 2754 5757 etiam
2777 5683 3062 5757 Chrysost.
3086 5728 3100 5751 ,
3129 5686 3430 5756 Juvencus,
3464 5689 3739 5757 Hilarius,
3784 5710 3859 5750 ac

502 5741 991 5809 versioSaxonica,
1017 5741 1072 5797 e't
1103 5741 1270 5800 Codd.
1298 5746 1474 5802 Latini
1512 5747 1669 5804 inulti
1692 5741 1831 5819 apud
1856 5741 2054 5808 Lucam
2079 5741 2338 5824 Brttgcii.,
2372 5741 2623 5813 ct‘Gracci
2674 5756 2877 5827 aliquot
2893 5741 3048 5829 "apud
3076 5741 3430 5830 Stephano}
3464 5741 3855 5821 veitW—Mil‘lium'.
