1990 3096
111 115 170 147 515

313 176 429 205 οοῦΕΧ
447 177 715 207 VERCELLENSIS.

118 244 127 252 .
150 244 158 250 .
182 245 189 251 .
212 224 239 252 ia
253 224 361 251 nescitis

118 279 126 286 .
149 279 159 287 .
180 281 188 287 .
210 260 274 287 hora
288 260 418 288 Dominus

118 300 212 323 vester
224 303 289 323 ven-

116 335 195 359 turus
208 335 259 359 est.

114 366 161 394 I5.
181 367 247 395 Illud
258 371 347 395 autem

116 403 209 430 scitote
216 424 224 436 ,
245 409 313 437 quo-

116 438 185 466 niam
198 439 221 466 si
234 439 288 466 sci-

116 479 155 502 ret
169 479 246 507 pater
263 474 302 501 ta-

116 509 202 537 milias
217 517 269 544 qua

115 544 458 582 horai.....(a)e-

116 582 174 613 nit,
191 582 210 615 ’ᾗ
223 581 346 615 vigilaret

114 617 219 650 tuique,
239 622 264 644 et
280 624 332 644 non

114 652 212 679 sineret
232 660 292 686 per-

112 688 190 714 fodiri
206 688 313 715 domum

111 723 158 750 44.
179 730 263 752 suam.
280 723 342 752 Ideo

112 763 286 786 etvosesto—

111 799 138 821 te
151 794 238 830 parati
254 803 261 821 :
274 795 339 830 quia

110 830 223 858 nescitis
235 837 288 865 qua

109 865 178 893 hora
191 865 263 893 filius

108 901 230 929 hominis
239 909 303 929 ven-

110 942 188 964 IIII'IIS
202 941 255 964 est.

106 973 156 1000 45.
176 972 244 1006 Quis
257 980 319 1001 nam
336 977 379 1002 est

107 1007 200 1036 ﬁdelis
213 1015 271 1035 ser-

107 1051 179 1076 vus,
193 1048 221 1071 et
233 1051 297 1079 pru-

105 1079 181 1107 dens
188 1100 199 1120 ,_
208 1087 289 1120 quem

105 1116 253 1143 constituit

105 1150 238 1188 dominus
250 1159 333 1188 super

104 1185 241 1214 familiam

104 1229 188 1249 suam
198 1243 206 1255 ,
221 1226 250 1250 ut
262 1223 310 1252 det

530 482 678 504 conservos

530 519 595 539 suos
602 532 611 545 ,
627 511 736 540 mandu-

530 554 594 576 care
606 553 696 576 autem

530 711 538 719 ο
577 711 584 717 ι
624 710 632 719 ο
674 712 679 718 .
721 711 728 718 ο
769 710 777 719 δ
816 709 824 718 ι
863 708 871 717 ι

530 818 537 825 ε
578 818 585 825 ι
625 819 633 826 ο
674 819 680 826 ι
721 818 728 826 ο
769 816 776 824 ι
816 819 823 826 .
863 815 871 823 α

531 1283 537 1290 ι
576 1282 585 1290 ο
626 1283 634 1292 σ
675 1284 680 1290 .
720 1283 728 1291 ο
768 1282 776 1289 Α
816 1282 823 1290 ι
863 1282 871 1290 ο

609 1388 723 1418 CAPUT
742 1389 826 1418 XXV.

530 1436 557 1464 1.
577 1441 657 1464 erunt
672 1436 778 1464 obviam

529 1479 631 1507 sponso
641 1492 648 1505 ,
665 1476 692 1499 et
705 1479 788 1507 spon—

528 1515 794 1536 sae........

530 1564 537 1571 1
577 1564 584 1572 ι
627 1564 633 1571 ο
674 1564 681 1571 ο
721 1562 729 1570 ο
770 1563 777 1569 ο
817 1563 824 1571 ο
865 1563 871 1570 ι

104 1456 173 1500 inet
184 1474 203 1509 ἢ
209 1458 249 1502 sic
257 1439 372 1502 ’ἰδέ-(ι)

103 1513 213 1537 enlem.

102 1543 157 1572 47.
180 1546 262 1575 Amen
276 1546 339 1575 dico
353 1553 401 1574 vo-

104 1579 153 1607 bis
165 1603 175 1613 ,
187 1582 313 1616 quoniam

103 1623 194 1651 super
207 1618 297 1645 omnia

105 1652 182 1679 bona
195 1660 242 1681 sua
256 1661 339 1681 eous-

106 1688 190 1716 Iituet
205 1697 277 1717 eum.

106 1723 370 1752 48.....dixe-

106 1760 146 1787 tit
158 1760 223 1789 mal.
244 1781 251 1789 .
276 1782 283 1789 .
305 1781 313 1788 .
334 1761 380 1788 ille

321 1806 439 1836 CODEX
458 1805 694 1834 CORBEIENSIS.

110 1856 173 1890 quia
187 1856 298 1884 nescitis
314 1862 366 1890 qua
383 1855 446 1882 liora
459 1854 597 1890 Dominus
608 1858 698 1881 vester
711 1858 839 1882 venturus
858 1859 909 1882 est.

109 1890 176 1919 Illud
192 1897 283 1920 autem
310 1889 422 1923 scitote,
439 1890 565 1925 quoniam
578 1889 599 1916 si
613 1889 693 1917 sciret
720 1890 912 1924 paterfamilias

111 1935 162 1962 qua
193 1929 259 1955 liora
294 1926 338 1954 fur
365 1931 494 1962 venturus
530 1930 617 1962 esset.
655 1925 776 1960 vigilaret
804 1926 909 1962 utique,

112 1960 138 1989 et
166 1971 217 1991 non
238 1964 342 1991 sineret
366 1963 374 1978 ¹
403 1960 545 1996 perfodere
560 1961 669 1987 domum
691 1968 776 1987 suam.
804 1961 866 1988 Ideo
885 1966 912 1988 ct

113 2006 158 2026 vos
180 2002 270 2026 estote
292 1998 377 2034 parati
403 1995 409 2024 ἐ
432 1998 441 2012 ²
455 1997 516 2034 quia
536 1996 646 2034 nescitis
670 2004 732 2034 qua
750 1995 814 2034 liora
845 1996 913 2024 filius

114 2033 228 2062 hominis
243 2031 376 2062 ven'turus
398 2036 449 2061 est.
467 2032 477 2047 '
494 2031 622 2066 Quisnam
642 2036 683 2059 est
699 2031 786 2059 ﬁdelis
809 2039 913 2064 servus,

115 2076 140 2097 et
163 2070 300 2105 prudens,
332 2077 411 2103 quem
435 2068 576 2105 constituit
589 2067 733 2105 dominus
749 2075 813 2094 suus
833 2075 914 2101 super

116 2102 241 2133 familiam
262 2102 351 2136 suam,
374 2109 403 2131 ut
426 2104 472 2131 det
498 2102 552 2130 illis
571 2103 701 2130 cibarium
728 2104 753 2129 in
780 2108 912 2135 tempore.

117 2141 208 2169 Beatus
220 2146 263 2169 est
276 2147 374 2168 servus
389 2140 434 2167 ille
448 2161 455 2173 ,
471 2146 551 2174 quem
566 2140 677 2175 veniens
692 2139 818 2166 dominus
831 2138 889 2173 ejus
904 2159 911 2170 .

117 2177 245 2205 invenerit
259 2177 296 2204 ita
312 2176 466 2203 facientem.
484 2177 569 2201 Amen
581 2195 588 2206 .
603 2174 665 2201 dico
680 2175 767 2204 vobis,
784 2175 911 2208 quoniam

115 2221 190 2248 super
217 2220 327 2240 omnem
346 2211 544 2248 VsubSlantiam
568 2218 645 2248 suam
667 2210 910 2248 constituet_eum.

114 2244 242 2276 Siautem
264 2247 366 2275 dixerit
388 2253 483 2274 servus
505 2246 549 2273 ille
572 2246 600 2273 in
621 2245 704 2273 corde
727 2253 796 2272 suo:
813 2244 914 2272 Tardat

115 2285 238 2311 dominus
265 2290 344 2311 meus
363 2284 476 2313 venire;
508 2286 533 2308 et
559 2281 669 2316 incipiet
688 2285 832 2316 percutere
848 2288 913 2308 cott-

113 2327 206 2348 servos
226 2326 308 2351 suos,
323 2318 468 2346 manducet
488 2322 576 2344 autem
599 2322 625 2344 et
638 2316 715 2343 bibat
734 2324 795 2343 cum
807 2317 889 2344 ebriis
904 2326 911 2345 :

114 2356 186 2384 venit
207 2355 335 2382 dominus
348 2354 420 2382 servi
445 2353 537 2385 illius,
558 2352 603 2380 die
626 2359 678 2387 qua
693 2352 789 2383 nescit,
806 2356 833 2379 et
847 2352 912 2380 liora

112 2399 164 2427 qua
175 2399 229 2418 non
243 2395 355 2427 sperat,
375 2394 407 2427 _et
421 2388 505 2427 findet
519 2395 581 2427 eum
593 2409 601 2420 ,
620 2391 776 2427 partemque
788 2387 911 2427 _ejus_po-

112 2423 161 2456 net
170 2435 232 2454 cunt
245 2423 408 2460 publicanis,
424 2424 479 2452 illic
499 2423 644 2460 eritrﬂetus
657 2444 664 2455 ,
687 2428 714 2450 et
729 2423 829 2460 stridor
843 2423 909 2450 den-

112 2467 190 2492 tium.
208 2458 285 2489 Tunc
306 2461 398 2488 simile
411 2460 422 2475 ⁸
438 2459 628 2487 aestimabitur
638 2466 750 2494 regnum
764 2458 908 2494 rcoelorum

111 2500 207 2527 decem
222 2496 371 2532 virginibus
387 2505 393 2522 :
409 2503 478 2530 quae
491 2495 502 2510 ⁵
515 2495 633 2530 acceptis
645 2493 814 2532 lampadibus
830 2494 908 2532 suis,

80 2535 83 2538 ’
111 2536 239 2564 exierunt
264 2530 289 2560 in
316 2532 423 2560 obviam
438 2538 555 2566 sponso,
580 2535 608 2557 et
633 2537 764 2566 sponsae.
785 2530 910 2564 Quinque

115 2575 208 2600 autem
231 2576 262 2596 cx
278 2568 318 2596 eis
342 2568 353 2583 ⁶
375 2565 475 2599 fatuae.
500 2570 528 2594 et
554 2566 673 2601 quinque
699 2565 846 2600 prudentes
870 2575 877 2593 :
900 2566 910 2581 ⁷

112 2606 213 2635 stultae
224 2608 327 2637 autem,
352 2603 472 2638 acceptis
492 2601 660 2636 lampadibus
675 2621 683 2633 ,
699 2608 753 2628 non

529 1599 536 1606 ο
576 1599 584 1607 ο
625 1599 632 1606 ι
671 1600 679 1608 ο
721 1601 727 1606 .
769 1600 775 1606 ι
817 1599 824 1607 ο
864 1599 871 1608 ι

531 1672 537 1678 ι
578 1672 586 1678 ι
626 1672 632 1678 .
673 1671 680 1678 1
720 1671 727 1679 ι
768 1670 776 1677 ι
817 1671 823 1677 ι
863 1672 871 1678 .

531 1709 538 1715 .
577 1706 585 1714 ι
626 1708 632 1714 ι
673 1706 680 1714 ο
722 1706 729 1714 ι
768 1705 776 1714 ο
816 1706 824 1713 ι
863 1707 871 1714 ι

606 117 831 148 ΕνΑΝοειιυΜ
848 117 1034 148 SECUNDUM
1052 117 1273 149 MATTBEUM.

1708 121 1761 150 3H

1182 179 1299 209 CODEX
1318 180 1544 210 VERONENSIS.

1376 228 1413 257 rit
1426 229 1514 256 malus
1525 229 1571 257 ille

1378 273 1471 293 servus
1484 266 1510 291 in

1379 300 1461 327 corde
1475 307 1523 327 suo
1537 309 1543 327 :

1380 337 1481 364 Moram
1495 336 1533 362 fa-

1379 374 1415 399 cit
1425 372 1550 399 dominus

962 234 1044 262 ergo.
1058 227 1122 262 quia

962 262 1074 299 nescitis
1087 271 1139 299 qua

962 297 1029 325 liora
1044 297 1174 327 Dominus

961 338 1053 361 vester
1066 341 1133 362 V0“-

961 372 1039 396 tnrus
1051 374 1102 397 est.

961 404 1007 433 43.
1028 405 1092 433 Illut
1104 409 1194 434 autem

960 441 1057 468 scitote
1066 461 1074 473 ,
1087 448 1154 476 quo-

961 476 1033 504 niam
1048 477 1071 504 si
1086 476 1142 504 sci-

960 516 1004 539 ret
1018 511 1135 547 paterfa-

960 547 1050 583 milias
1059 569 1067 581 ,
1083 555 1135 583 qua

961 581 1027 619 hora
1043 581 1140 619 furta)
1151 591 1199 612 ve-

961 619 1001 644 nit
1012 618 1032 653 ’ξ-
1042 639 1050 651 ,
1063 618 1186 654 vigilaret

960 654 1054 694 utique
1064 675 1072 687 .
1088 659 1116 682 et
1129 662 1183 682 non

960 694 1064 718 smeret
1078 697 1141 725 per-

959 724 1039 752 fodiri
1053 724 1162 753 domum

959 759 1004 787 44.
1017 768 1104 788 suam.
1119 760 1183 789 Ideo

959 801 986 823 et
999 804 1048 824 vos
1061 797 1171 824 nescitis

962 839 1014 864 qua
1026 832 1091 859 hora

1379 416 1455 435 meus
1464 409 1572 439 venire;

1378 443 1423 470 49.
1445 448 1472 470 et
1488 443 1597 477 incipiet

1379 484 1520 514 percutere
1531 486 1595 506 C0“-

1378 522 1475 542 εει-νος
1489 521 1564 547 SUOS,

1377 550 1524 578 manducet
1534 553 1624 577 autem

1376 590 1404 614 et
1417 586 1489 613 bibat

1376 629 1438 649 eum
1449 621 1531 649 ebriis
1542 629 1549 647 :

1376 657 1422 685 50.
1443 657 1535 684 veniet
1547 655 1673 684 dominus

1376 693 1448 721 servi
1462 692 1534 721 illius

1377 729 1404 757 in
1417 729 1472 762 die,

1377 772 1429 800 qua
1440 771 1494 791 non

1376 799 1479 835 sperat,
1494 803 1522 827 et
1535 799 1615 831 hora,

993 835 1091 874 εειιρη
1113 867 1119 874 .
1141 867 1148 874 .
1377 835 1564 874 ιιυελςμρηιςι

962 866 1032 895 ﬁlius
1047 867 1164 895 hominis
1377 866 1405 900 ét
1419 866 1521 898 dividet
1534 866 1609 902 eum,

959 907 1089 942 venturus
1099 908 1151 931 est.
1379 907 1424 934 51.
1445 910 1604 942 partemque
1613 904 1673 940 ejus

959 937 1004 965 45.
1017 939 1146 972 Quisnam
1158 943 1200 967 est
1376 937 1454 972 ponii
1464 949 1525 969 cum

961 950 1004 965 eo.
1017 950 1146 972 unlsnatll
1158 950 1200 967 est
1414 950 1454 969 IIII
1464 950 1525 969 cum

961 973 1047 1002 fidelis
1059 982 1116 1002 ser-
1376 950 1539 1013 mpocritis,

959 1016 1020 1046 vus,
1034 1015 1061 1038 et
1075 1018 1139 1046 pru—
1378 1014 1435 1041 illic
1443 1014 1495 1041 erit

960 1045 1039 1078 ἀθηεο
1056 1045 1137 1081 (ιίιεω
1376 1049 1465 1082 fletus,
1478 1054 1506 1077 et

960 1081 1103 1109 constituit
1377 1081 1478 1114 stridor
1490 1083 1623 1112 dentium.

960 1115 1159 1171 istim-ei“
1458 1141 1574 1171 CAPUT
1592 1139 1665 1169 xxv

960 1159 1042 1187 supra
1459 1159 1570 1171 υιπυ·
1594 1160 1600 1169 ί

960 1186 1092 1217 familiam
1379 1191 1405 1218 I.
1420 1189 1497 1217 Tunc
1510 1188 1600 1215 simile

959 1229 1048 1258 suam,
1377 1224 1564 1254 aestimabitur
1575 1230 1619 1251 re-

960 1263 990 1287 ut
1004 1259 1050 1287 det

959 1295 1014 1337 illis
1026 1296 1116 1324 cibum

959 1335 1013 1395 Isne}
1014 1339 1125 1396 $235.”
1128 1352 1174 1396 ille

1377 1269 1459 1297 gnum
1473 1260 1610 1297 caelorum

1377 1296 1472 1325 decem
1481 1296 1564 1331 virgi-
1662 1297 1665 1300 ‘

1377 1333 1457 1361 nibus
1472 1340 1480 1359 :
1496 1338 1566 1367 quae

1377 1371 1543 1403 acceperunt
1555 1367 1623 1394 lam-

1377 1404 1461 1439 pades
1476 1410 1551 1436 suas,

1377 1445 1405 1467 et
1419 1443 1552 1467 venerunt

1378 1475 1485 1502 obviam
1500 1480 1582 1508 spon-

959 1408 1066 1436 servus,
1082 1411 1164 1438 quem

959 1439 1072 1466 veniens
1086 1439 1135 1466 do—

959 1474 1050 1511 minus
1059 1474 1128 1511 eius.
1145 1475 1184 1511 (ὑ)

959 1508 1080 1545 inveniet
1091 1509 1112 1545 «ι-
1128 1508 1167 1538 sic

960 1543 1114 1572 facientem.

959 1578 1005 1607 47.
1025 1580 1111 1608 Amen
1125 1580 1187 1609 dico
1199 1588 1247 1609 vo-

960 1615 1013 1649 bis,
1029 1617 1157 1650 quoniam

959 1657 1042 1686 super
1054 1652 1146 1680 omnia

959 1688 1104 1716 constituet

1378 1517 1421 1543 so,
1434 1514 1462 1537 et
1475 1517 1557 1544 spon-

1377 1546 1405 1573 2.
1427 1552 1484 1572 sae.
1496 1544 1620 1585 Quinque

1378 1585 1467 1609 autem
1483 1588 1517 1607 ex
1529 1586 1570 1607 ets

1379 1622 1457 1645 erant
1472 1616 1559 1643 fatuae
1567 1636 1575 1649 ,

1378 1658 1403 1680 et
1418 1653 1534 1687 quinque
1549 1649 1696 1686 prudentes
1709 1656 1716 1674 :

1379 1689 1406 1716 3.
1428 1688 1476 1715 sed
1487 1688 1605 1722 quinque

959 1729 1033 1750 eum.
1379 1724 1479 1756 fatuae,
1491 1721 1607 1755 acceptis
1621 1721 1688 1748 lam-

959 1758 1004 1786 48.
1026 1759 1153 1788 Siautem
1167 1759 1244 1788 dixe-
1380 1760 1492 1795 padibus
1508 1758 1546 1795 (ιι)
1559 1757 1615 1785 suis
1633 1757 1665 1792 ῒ,

1192 1808 1309 1836 CODEX
1327 1808 1523 1837 BRIXIANUS.

962 1857 1026 1893 quia
1040 1856 1161 1884 nescitis.
1178 1864 1230 1891 qua
1244 1856 1288 1884 die
1304 1855 1434 1893 Dominus
1449 1860 1539 1883 vester
1554 1858 1684 1893 venturus
1707 1855 1759 1878 est.

963 1889 1029 1928 Illud
1044 1896 1133 1920 autem
1154 1889 1252 1919 scitote
1271 1892 1332 1926 quia
1351 1892 1373 1918 si
1387 1892 1470 1928 sciret
1492 1895 1566 1925 pater
1582 1889 1695 1928 faunli'as
1709 1893 1761 1928 qua

964 1927 1029 1955 hora
1042 1928 1083 1955 fur
1098 1928 1137 1962 (a)
1159 1928 1232 1955 venit
1245 1927 1264 1962 ἰε
1278 1927 1399 1962 vigilaret
1417 1926 1510 1960 utique
1524 1930 1551 1953 et
1572 1932 1624 1951 non
1648 1926 1760 1962 sineret.

966 1963 1092 1998 perfodiri
1108 1964 1217 1990 domum
1230 1970 1316 1989 suam.
1335 1962 1450 1997 Ideoque
1465 1966 1492 1989 et
1504 1968 1552 1988 vos
1564 1963 1651 1987 estote
1663 1962 1760 1998 parati.

965 1992 1028 2033 quia
1038 1998 1104 2026 hora
1111 2007 1162 2034 qua
1171 1999 1290 2026 nescitis.
1300 1998 1371 2024 Illius
1380 1992 1497 2035 nominis
1506 1992 1762 2035 venturusestﬂnis

966 2027 1026 2061 nam
1036 2041 1076 2062 est
1086 2027 1173 2061 fltl'elis
1184 2041 1278 2062 servus
1290 2039 1317 2070 et
1327 2033 1544 2070 prutlens.qucm
1559 2029 1698 2070 constituit
1713 2027 1760 2068 do-

966 2071 1056 2097 minus
1067 2071 1125 2104 ejus
1132 2077 1212 2104 supra
1230 2066 1357 2096 familiam
1372 2076 1449 2096 suam
1460 2066 1489 2095 ut
1503 2068 1547 2095 det
1562 2067 1616 2105 illis
1630 2066 1721 2105 cibum
1733 2066 1761 2090 in

967 2100 1097 2140 tempore.
1107 2100 1205 2133 Beatus
1215 2106 1258 2132 ille
1266 2112 1371 2131 servus.
1379 2112 1459 2138 quem
1467 2111 1517 2131 c0n
1526 2100 1762 2141 reneritdotuiuus

965 2137 1030 2174 ejus'
1046 2141 1180 2168 invenerit
1194 2141 1337 2169 facientem
1350 2137 1399 2167 sic.
1417 2141 1501 2166 Amen
1527 2138 1587 2165 (lico
1601 2137 1688 2174 vobis.
1699 2137 1762 2169 quia

965 2173 1048 2211 super
1071 2177 1160 2204 omnia
1183 2177 1252 2204 bona
1279 2184 1327 2202 sua
1351 2176 1498 2203 constituet
1520 2181 1603 2211 etnn_._
1617 2173 1644 2200 Si
1673 2175 1762 2211 autem

966 2207 1069 2239 dist-rit
1085 2213 1170 2239 malus
1182 2219 1278 2239 servus
1300 2212 1346 2239 ille
1362 2212 1387 2238 iu
1408 2211 1489 2238 corde
1506 2218 1565 2237 suo.
1580 2208 1681 2236 Moram
1699 2207 1762 2233 facit

965 2247 1091 2275 dominus
1104 2254 1180 2275 meus
1192 2248 1300 2284 venire.
1316 2252 1344 2275 et
1359 2247 1470 2284 incipiet
1486 2249 1632 2284 percutere
1651 2249 1762 2284 conser-

965 2291 1013 2310 νος
1028 2291 1101 2310 suos.
1119 2283 1263 2318 mandycet
1274 2288 1362 2309 autent
1378 2287 1405 2310 et
1415 2283 1494 2318 rbibat
1503 2288 1563 2309 cum
1577 2281 1703 2307 ebriosis.
1717 2285 1763 2305 ves

966 2319 1022 2346 niet
1034 2318 1160 2346 dominus
1175 2317 1246 2345 servi
1270 2318 1344 2346 illius
1358 2321 1385 2345 in
1405 2317 1450 2344 die
1463 2325 1513 2353 qua
1531 2324 1585 2343 non
1607 2318 1709 2353 sperat.
1735 2318 1763 2340 ct

965 2354 1030 2381 liora
1047 2362 1098 2389 qua
1113 2354 1219 2388 ignorat
1232 2359 1259 2381 et
1273 2354 1374 2381 dividet
1388 2361 1449 2381 eum
1465 2351 1611 2388 partesque
1623 2351 1691 2389 ejus.
1705 2356 1763 2389 _p0-

965 2394 1011 2417 net
1021 2384 1082 2426 cu'm
1097 2384 1255 2426 ltfpocritis.
1279 2389 1333 2416 illic
1353 2390 1405 2416 erit
1429 2384 1507 2426 fletus
1532 2384 1681 2426 et‘stridor
1696 2384 1762 2426 den-

962 2426 1040 2452 tium.
1055 2423 1140 2452 Tune
1151 2425 1240 2452 simile
1254 2425 1306 2453 erit
1319 2432 1430 2461 regnum
1447 2424 1585 2461 caelorqu
1605 2423 1698 2461 decem
1709 2423 1762 2447 vir-

963 2461 1070 2496 ginibus
1103 2468 1174 2496 quae
1194 2458 1362 2496 accipientes
1387 2460 1527 2495 lampadas
1549 2466 1613 2486 suas
1637 2458 1762 2497 exierunt

962 2497 1070 2524 obviam
1085 2503 1197 2534 sponso.
1213 2501 1241 2524 et
1268 2504 1393 2534 sponsae.
1422 2497 1548 2534 Quinque
1561 2499 1649 2534 autem
1664 2501 1697 2534 ex
1721 2499 1760 2518 eis

962 2537 1042 2568 erant
1070 2530 1227 2568 prudentes.
1254 2530 1289 2559 et?
1305 2533 1423 2568 quinque
1446 2530 1545 2568 fatuae.
1569 2530 1617 2559 sed
1642 2530 1760 2564 quinque

963 2567 1200 2604 fatuae.'aeceptis
1218 2567 1386 2604 lampadibus
1404 2568 1442 2605 (α)
1454 2568 1510 2596 suis
1524 2567 1553 2603 ’r.

452 2648 649 2679 VARIANTES
667 2648 858 2678 LECTIONES
871 2648 1003 2678 CODICIS
1023 2649 1079 2677 MS.
1098 2649 1128 2677 S.
1149 2649 1401 2678 GERMANENSIS.

145 2703 154 2717 ¹
172 2699 267 2732 perfodi
435 2728 458 2733 ..

146 2733 156 2748 '
172 2733 230 2762 quia
241 2736 289 2762 qua
301 2729 361 2755 hora
372 2732 473 2762 nescrtns

144 2765 156 2811 ς
242 2755 319 2794 putat,
333 2765 395 2793 ete.,
407 2763 432 2787 ut
443 2755 553 2792 inVulg.
563 2764 649 2791 usque,
659 2758 749 2784 stridor
759 2758 870 2785 dentium

990 2695 1001 2712 ⁸
1022 2695 1052 2720 Ut
1064 2693 1089 2719 in
1103 2694 1208 2726 Vulgata

993 2726 1003 2742 ⁸
1021 2729 1093 2751 erant

991 2757 1002 2774 ⁷
1022 2758 1053 2783 Ut
1068 2757 1140 2790 Vulg.

789 2831 972 2861 BLANCHINI
989 2832 1106 2862 NOTE.

149 2889 187 2924 (α)
197 2887 233 2916 Ila
246 2890 275 2916 et
284 2889 340 2916 (Ex.
353 2884 400 2914 Gr.
416 2882 536 2922 ἴρχσξαιδ
550 2897 586 2905 -—
600 2881 638 2919 (ὸ)
647 2881 686 2911 lla
701 2886 729 2911 et
743 2886 800 2913 lex.
812 2882 859 2912 Gr.
876 2883 991 2921 εὑρήσει.
