1990 3096
309 124 323 139 με

272 122 324 152 515
534 122 670 152 EUSEBII
692 122 861 151 VERGELL.

466 169 581 198 CODEX
602 169 870 198 VERCELLENSIS.

271 688 612 733 ἐς.ἑιιιιὲωῖ.’..’.”
688 688 1030 733 ἶῖζῖῖῖῖῖ

687 794 1029 805 ........

272 831 280 874 ί
687 830 980 889 ξὸ..ν‹ιξ.ἐγίέί1ειῖθ’
1020 833 1026 840 .

273 901 279 908 .
320 902 327 909 .
368 902 375 910 .
415 901 422 910 .
463 901 470 909 .
511 900 518 909 .
559 901 566 908 .
604 902 611 910 ,
686 888 791 918 Itaque,
807 888 869 918 quia

273 1222 281 1228 -
321 1223 327 1230 .
368 1223 375 1230 .
416 1222 423 1231 ο
463 1223 470 1229 ι
511 1223 518 1230 -
559 1222 567 1231 ι
606 1222 614 1231 ι
689 1224 697 1232 .
736 1223 745 1233 σ
785 1223 792 1230 α
833 1224 840 1231 ι
880 1223 887 1231 ι
928 1222 934 1229 -
976 1225 982 1231 .
1023 1226 1030 1234 .

273 1256 281 1264 ι
320 1259 328 1266 .
368 1259 375 1266 .
416 1257 424 1266 ο
464 1259 471 1265 .
511 1257 519 1265 ι
559 1259 566 1265 ι
606 1259 614 1266 ρ
690 1258 698 1266 ο
739 1260 745 1266 .
785 1259 792 1266 ο
831 1258 840 1267 ο
880 1260 886 1267 .
927 1259 935 1266 ο
975 1261 981 1267 ι
1023 1261 1032 1275 ,

271 1542 329 1587 9.2
369 1543 614 1602 Ciénbn'surl'
691 1544 1033 1589 Ῑζζῖῖῖῖἶ

274 1603 443 1623 .....ts

274 1638 440 1666 ....po-

274 1685 281 1692 .
321 1685 330 1693 .
369 1686 376 1693 .
417 1686 426 1693 .
465 1686 472 1693 .
512 1687 520 1695 .
559 1686 567 1694 .
608 1686 615 1694 .
690 1667 735 1695 16.
755 1674 808 1702 que
822 1667 923 1695 talenta

273 1719 282 1728 .
322 1720 330 1728 .
369 1722 378 1730 .
417 1719 425 1728 .
465 1721 472 1728 .
513 1721 520 1729 .
560 1721 567 1729 .
607 1721 615 1730 .
689 1706 894 1738 acceperat,et

274 1757 282 1764 .
321 1756 329 1764 .
369 1756 378 1764 .
419 1758 426 1765 .
465 1755 474 1764 .
514 1757 521 1764 .
560 1755 568 1763 .
609 1758 616 1765 .
690 1743 875 1773 operatusest

485 1782 603 1811 CODEX
621 1783 856 1813 CORBEIENSIS.

273 1833 429 1866 sumserunt
442 1829 531 1857 oleum
554 1838 645 1858 secum
661 1830 687 1858 in
704 1831 795 1859 vasis:
812 1831 977 1866 prudentes'
1003 1840 1069 1860 vero

273 1864 395 1902 tulerunt
407 1865 494 1892 oleum
504 1866 757 1902 secum.Tardante
771 1864 860 1895 autem
873 1875 972 1902 sponso
987 1867 1067 1895 fatue

273 1899 490 1928 obdormierunt.
502 1901 586 1929 Media
601 1907 690 1929 autem
704 1909 781 1930 nocte
793 1899 895 1930 clamor
909 1902 994 1930 factus
1008 1909 1064 1931 est:

273 1935 343 1963 Ecce
355 1943 470 1970 sponsus
485 1938 568 1969 venit,
581 1937 618 1964 ite
632 1939 658 1965 in
679 1938 785 1965 obviam
802 1938 837 1966 ei.
853 1939 927 1966 Tunc
940 1947 1067 1966 surrexe-

273 1976 337 1999 runt
347 1979 442 2009 omnes
456 1972 518 2000 illae
527 1973 689 2009 virgines,et
703 1979 914 2008 composuerunt
928 1975 1065 2008 lampades

274 2015 347 2044 suas.
361 2008 465 2035 Slultae
481 2012 570 2036 autem
585 2009 711 2036 dixerunt
726 2011 902 2044 prudentibus
916 2019 922 2037 :
939 2011 1004 2037 Date
1020 2019 1067 2038 no-

273 2043 314 2070 bis
325 2043 358 2081 de
369 2043 429 2071 oleo
441 2049 547 2081 vestro:
561 2046 621 2080 quia
636 2043 773 2080 lampades
789 2050 897 2073 nostrae
908 2047 1069 2081 extinguunt-

274 2082 327 2106 tur.
340 2079 549 2115 Responderunt
561 2079 716 2115 prudentes.
732 2085 758 2108 et
770 2082 896 2109 dixerunt
913 2091 919 2109 :
936 2079 1067 2109 Ne‘lnrte

274 2121 327 2141 non
343 2114 458 2142 sulliciat
472 2115 548 2142 nobis
560 2114 587 2143 et
601 2117 689 2149 vobis,
705 2117 741 2144 ite
755 2117 843 2150 potius
857 2117 890 2144 ad
903 2118 1066 2150 vendentes,

273 2154 299 2177 et
311 2151 392 2177 emite
405 2150 510 2178 vobis.’
526 2151 684 2179 lllaeantem
701 2152 763 2179 dum
780 2153 880 2179 vadunt
903 2160 1005 2185 emere,
1023 2161 1068 2179 ve-

274 2184 313 2212 llit
323 2193 456 2220 sponsus:
476 2189 503 2213 ct
517 2194 585 2221 quae
595 2192 703 2221 paratae
713 2193 801 2218 erant.
818 2188 987 2216 intraverunt
1004 2195 1066 2215 cum

274 2228 307 2248 eo
322 2222 354 2248 ad
377 2222 539 2258 nuptiaspet
557 2222 567 2237 ³
582 2223 691 2250 clausae
712 2227 774 2250 sunt
798 2224 907 2258 januae.
920 2223 1071 2251 Nnvissime

274 2263 340 2293 vero
348 2258 459 2284 veniunt
469 2257 513 2284 et‘
525 2262 648 2286 caeterae
664 2259 790 2293 virgines.
799 2257 934 2286 dicentes:
948 2259 1071 2291 Domine,

276 2291 399 2330 Domine.
408 2293 481 2330 aperi
492 2293 578 2320 nobis.
586 2291 893 2330 Atillerre‘spondenSait
905 2303 912 2321 :
922 2296 1005 2322 Amen
1013 2295 1073 2322 dico

274 2327 361 2365 vobis,
402 2325 463 2362 quia
476 2329 567 2355 nescio
586 2337 642 2356 vos.
660 2325 773 2365 Vigilate
801 2331 889 2365 itaque
901 2351 909 2364 ,
936 2332 998 2365 quia
1027 2338 1076 2357 ne-

274 2362 349 2401 scitis
364 2361 447 2396 diem,
463 2371 550 2398 neque
566 2364 670 2392 horam.
684 2361 760 2392 Sicut
772 2361 933 2393 enim'linmo
944 2361 1075 2401 IIperegre

275 2398 422 2433 profectus,
437 2401 542 2426 vocavit
560 2407 653 2428 servos
668 2408 746 2433 suos,
759 2407 787 2429 et
807 2401 918 2429 tradidit
941 2398 993 2430 iliis
1012 2398 1076 2429 sub-

275 2434 401 2473 stantiam
416 2441 492 2461 suam
505 2443 510 2460 :
526 2434 577 2463 Uni
589 2436 663 2463 dedit
675 2437 775 2464 talenta
787 2438 916 2473 quinque,
929 2437 975 2465 alii
986 2443 1075 2464 autent

274 2468 339 2501 duo,
352 2470 437 2496 altero
448 2477 512 2508 vero
524 2479 615 2503 unum,
632 2472 776 2508 unicuique
786 2468 935 2500 secundum
947 2474 1075 2500 virtutem

275 2510 406 2544 suam,_et
421 2505 557 2540 profectus
571 2512 622 2535 est.
637 2508 647 2523 ⁷
663 2507 695 2535 Ει
711 2505 840 2536 continuo
853 2508 919 2536 abiit
939 2509 984 2544 qui
999 2510 1079 2543 quin-

273 2548 326 2576 que
339 2540 439 2569 talenta
453 2546 604 2577 acceperat,
619 2549 748 2579 operatus

534 122 670 152 EUSEBII
692 116 861 151 VERCELL.
884 114 1114 152 inuictum“
1132 116 1202 152 CUM
1223 116 1337 153 vanas
1355 120 1433 153 con.
1452 122 1651 154 COLLATUM.

1339 170 1456 200 CDDEX
1478 170 1699 201 VERONENSIS.

1120 214 1174 234 non
1188 214 1311 243 sumpse-
1536 213 1622 240 erant,
1639 209 1807 236 intraverunt

1119 247 1183 269 runt
1197 243 1285 270 oleum
1535 251 1595 271 cum
1611 251 1643 272 eo
1657 244 1684 271 in

1119 285 1210 306 secum
1228 287 1235 305 τ
1535 281 1640 314 nuptias
1650 301 1658 312 .
1670 284 1697 307 et

1118 315 1146 341 4.
1167 314 1314 349 prudentes
1328 321 1391 343 vero
1534 315 1607 343 clusa
1623 319 1664 343 est

1119 354 1282 383 acceperunt
1533 350 1625 385 janua.

1119 385 1209 412 oleum
1224 385 1250 412 in
1535 387 1580 414 ll.
1600 386 1768 414 Nohissimae
1778 392 1827 413 vc-

1118 421 1196 457 vasis
1204 421 1260 447 suis
1291 456 1305 457 η
1535 422 1611 449 niunt
1626 422 1662 457 (ὁ)
1676 422 1778 456 relique
1792 421 1813 456 -ι-
1828 436 1831 442 ι

1118 463 1179 483 cum
1191 456 1321 490 lampadi-

1119 491 1169 528 bus
1181 491 1217 527 (α)
1233 492 1288 519 suis
1301 491 1328 528 1-.

1119 527 1146 554 5.
1168 527 1239 554 Mora
1251 533 1341 555 autem

1119 569 1220 598 sponso
1233 562 1350 591 faciente

1535 457 1665 493 virgines,
1678 457 1797 484 dit-entes
1811 465 1818 483 :

1538 492 1659 535 Domine.
1668 492 1788 535 pomine

1536 528 1773 592 ἳὲῗτλιῗῗξῖξὶες-

1119 598 1333 626 dormitaverunt
1536 600 1658 634 pondens
1670 599 1709 627 ait
1723 607 1731 626 :

1119 641 1223 667 omnes,
1239 634 1266 661 et
1535 635 1620 662 Amen
1634 635 1694 662 dico

1119 668 1297 697 dormierunt.
1534 671 1622 703 vobis,
1634 669 1705 705 quod

1120 705 1147 733 6.
1168 705 1253 732 Media
1267 707 1357 733 autem

1119 745 1200 768 nocte
1210 741 1315 768 clamor

1120 776 1207 803 lactus
1219 781 1261 804 est
1273 785 1279 803 :

1120 811 1191 839 Ecre
1206 819 1321 847 sponsus

1119 848 1193 874 venit
1206 868 1212 880 ,
1229 848 1331 882 surgite

1119 883 1226 910 obviam
1241 882 1275 910 ei.

1121 918 1146 945 7.
1167 918 1246 946 Tunc
1258 925 1382 946 surrexe-

1535 707 1627 734 nescio
1640 713 1700 732 vos.
1745 736 1748 739 Α

1536 742 1580 770 15.
1603 741 1716 776 Vigilate
1732 740 1783 768 ita-

1536 785 1589 813 que
1599 798 1607 810 ,
1623 777 1684 811 quia

1536 812 1646 841 nescitis
1662 812 1744 844 diem,

1536 856 1624 877 neque
1638 848 1743 875 horam.

1537 884 1582 912 14.
1604 883 1680 912 Sicut
1692 883 1764 910 enim

1538 919 1619 947 homo
1633 927 1714 953 pere-

1538 963 1586 991 gre
1601 954 1735 987 afuturus,

1537 990 1643 1018 vocabit
1657 998 1715 1018 ser-

1536 1034 1585 1054 vos
1600 1033 1675 1058 suos.

1536 1067 1563 1090 et
1577 1061 1687 1089 tradidit

1537 1097 1591 1125 illis
1601 1097 1672 1125 bona

1537 1140 1584 1160 sua
1598 1141 1604 1159 Ζ

1538 1169 1583 1196 15.
1603 1167 1638 1195 Ει
1650 1167 1696 1195 uni
1710 1165 1757 1195 de-

1537 1205 1575 1231 dit
1590 1204 1708 1238 quinque

1538 1240 1651 1271 talenta.
1665 1238 1709 1267 alii

1538 1280 1627 1302 autem
1640 1274 1703 1307 duo,

1537 1311 1583 1338 alii
1601 1317 1666 1338 vero

1539 1354 1631 1377 unum.
1647 1344 1707 1373 uni-

1538 1384 1633 1416 cuique
1651 1388 1745 1407 secun-

1539 1418 1601 1444 dum
1622 1417 1757 1451 propriam

1539 1454 1663 1479 virtutem
1679 1451 1714 1486 (ε)

1539 1496 1614 1515 Suam
1629 1488 1647 1522 ’ζ’
1658 1508 1664 1520 ,
1680 1491 1707 1514 et

1540 1524 1676 1558 profectus
1688 1526 1738 1549 est.

1542 1560 1584 1586 16.
1607 1559 1742 1586 Continuo

1540 1595 1604 1621 abiit
1618 1595 1663 1629 qui

1540 1633 1657 1665 quinque
1672 1633 1711 1656 la-

1541 1666 1613 1693 lenta
1627 1672 1704 1693 acce-

1120 958 1183 981 runt
1193 962 1236 981 om
1240 962 1286 981 nes

1119 989 1181 1017 illae
1192 989 1310 1024 virgines
1322 1010 1330 1021 ,

1119 1031 1147 1053 et
1160 1029 1322 1059 acceperunt

1119 1060 1257 1088 lampades
1265 1067 1337 1088 suas.

1119 1096 1147 1124 8.
1169 1096 1269 1123 Fatuae
1285 1101 1375 1123 autem

1120 1132 1287 1167 sapientibus
1299 1132 1374 1159 dixe-

1119 1173 1182 1194 runt
1196 1176 1202 1194 :
1220 1167 1285 1194 Date
1297 1167 1374 1194 nobis

1119 1203 1154 1230 de
1167 1203 1227 1230 oleo

1120 1242 1210 1266 vestro
1226 1246 1233 1264 :
1250 1238 1311 1272 quia

1120 1273 1258 1308 lampades
1273 1276 1383 1301 nostrae

1120 1309 1322 1344 extinguuntur.

1121 1345 1147 1373 9.
1169 1344 1376 1380 Responderunt
1386 1351 1449 1379 pru-

1120 1381 1216 1408 dentes
1229 1400 1236 1411 .
1249 1380 1369 1408 dicentes
1386 1389 1393 1408 :

1120 1416 1179 1444 Non
1194 1425 1201 1443 :
1217 1424 1251 1443 ne
1267 1415 1335 1443 forte

1122 1460 1175 1479 non
1192 1452 1308 1479 sulliciat

1122 1488 1200 1515 nobis
1214 1493 1241 1515 et
1255 1495 1301 1513 vo-

1120 1523 1173 1556 bis,
1188 1524 1224 1550 ite
1235 1523 1324 1558 potius

1121 1560 1154 1586 ad
1169 1559 1316 1586 vendentes
1328 1578 1335 1591 ,

1122 1599 1150 1622 et
1161 1594 1243 1622 emite
1256 1593 1342 1621 vobis.

1122 1630 1165 1658 10.
1188 1630 1256 1657 Dum
1267 1634 1333 1658 eunt

1121 1673 1213 1694 emere
1226 1686 1234 1697 .

1122 1703 1196 1729 venit
1208 1709 1344 1735 sponsus:

1542 1705 1628 1736 perat.
1643 1705 1672 1728 et

1124 1742 1151 1765 et
1161 1745 1230 1773 quae
1243 1737 1352 1772 paratae

1541 1742 1668 1771 operatus
1683 1738 1724 1763 est

1355 1781 1472 1811 CODEX
1491 1782 1689 1811 BRIXIANUS.

1123 1839 1174 1857 non
1199 1835 1353 1857 sumserunt
1377 1830 1464 1856 oleum
1490 1837 1592 1856 secum.
1616 1828 1761 1864 prudentes
1786 1832 1930 1864 VCFQJSC-

1120 1872 1249 1899 rvpvrunt
1281 1867 1369 1891 oleum
1394 1866 1419 1891 in
1450 1866 1519 1891 vasis
1554 1861 1622 1891 suis'
1645 1872 1705 1891 cum
1742 1861 1930 1896 lampadibus.

1121 1898 1222 1929 eram
1255 1907 1343 1927 autem
1380 1901 1521 1927 facientem
1561 1908 1671 1934 Sponsa.
1708 1898 1931 1925 dormitaverttnt

1119 1946 1224 1963 omnes.
1245 1942 1270 1963 et
1297 1937 1474 1963 dormierunt.
1494 1936 1578 1963 Media
1602 1942 1691 1963 autem
1720 1938 1798 1961 nocte
1824 1934 1933 1960 clamor

1124 1974 1209 2000 fartus
1221 1978 1270 1998 est.
1285 1972 1354 1999 Ecce
1367 1980 1482 2004 sponsus
1492 1973 1575 1999 venit.
1588 1973 1661 1998 exite
1673 1970 1776 1997 obviam
1787 1970 1826 1996 ei.
1841 1967 1930 1995 Tunc.

1123 2015 1296 2035 summ-inm
1313 2016 1408 2035 omnes
1423 2008 1539 2042 virgines
1556 2008 1627 2033 illae.
1640 2012 1666 2033 cl
1678 2009 1852 2033 ornaverunt
1863 2005 1934 2042 [am-

1123 2046 1204 2078 padas
1218 2053 1289 2069 snas.
1305 2044 1403 2070 Fatuae
1415 2040 1514 2069 autum.
1529 2042 1695 2079 sapientibus
1707 2042 1849 2067 dixerunt.
1867 2040 1935 2079 Date

1123 2080 1201 2107 limitis
1220 2081 1253 2106 de
1272 2080 1330 2105 oleo
1348 2083 1446 2105 \‘estro.
1469 2079 1529 2111 quia
1543 2078 1683 2112 lainpadae
1700 2082 1822 2112 nostrae.
1839 2078 1936 2112 extin-

1121 2121 1229 2150 guatur.
1255 2115 1459 2148 R0>|l0lltivrlllll
1479 2110 1624 2147 prudentes
1645 2113 1775 2150 dicentes.
1792 2110 1937 2150 Ne_iortc

1123 2146 1174 2178 itm]
1190 2146 1396 2177 suillciat'nobis
1411 2156 1436 2176 et
1458 2146 1533 2176 vobis
1551 2153 1586 2175 Iti‘.
1610 2150 1698 2182 potius
1723 2147 1754 2174 ad
1776 2146 1938 2173 vendentcs

1123 2192 1150 2214 ct
1171 2187 1252 2213 emite
1269 2187 1355 2212 vobis.
1372 2187 1437 2211 Dum
1453 2190 1541 2212 ιιιιιι-ιιι
1555 2185 1634 2211 irent.
1650 2191 1740 2211 emere
1757 2185 1832 2208 venit
1848 2189 1938 2216 spon-

1123 2231 1180 2249 sus.
1203 2228 1229 2249 et
1251 2230 1317 2256 quae
1343 2226 1451 2256 paratae
1476 2226 1562 2247 crant.
1587 2221 1753 2256 intraverunt
1776 2215 1892 2244 cuch
1903 2215 1938 2243 ad

1126 2260 1241 2292 nuptias.
1266 2261 1292 2284 (ιι
1319 2258 1408 2284 clama
1431 2260 1472 2283 est
1493 2256 1583 2290 janua.
1617 2255 1711 2292 Postea
1735 2259 1833 2292 auten:
1852 2260 1940 2292 vepe-

1127 2288 1187 2321 runt
1200 2294 1236 2328 (li)
1253 2294 1352 2328 relique
1365 2292 1384 2327 ’ξ-
1407 2288 1522 2327 virgines
1534 2290 1789 2328 dicentes._t)omit_te
1815 2288 1940 2328 Domine

1127 2322 1209 2362 ειμιξιῖ
1229 2322 1317 2355 nobis:
1342 2322 1636 2364 Quilmsvrespondens
1654 2326 1729 2352 dixit.
1753 2323 1845 2351 Amen
1874 2322 1941 2364 dico

1129 2367 1204 2391 vobis
1229 2373 1290 2399 quia
1316 2372 1367 2391 IItIll
1394 2363 1454 2391 novi
1484 2371 1540 2389 vos.
1570 2362 1771 2399 Yigilate‘crgn
1795 2362 1941 2394 quoniam

1130 2395 1245 2428 nescitis
1257 2401 1326 2427 diem
1344 2408 1430 2434 neque
1447 2401 1552 2426 lioram.
1569 2395 1643 2425 Sicut
1661 2397 1732 2423 enim
1747 2395 1945 2436 liompnperf-

1129 2444 1176 2471 gre
1190 2436 1374 2470 proﬁciscens.
1388 2429 1494 2462 't-ocavit
1509 2441 1603 2471 servos
1620 2440 1692 2471 suos.
1709 2436 1735 2459 et
1748 2429 1870 2471 tradidit
1888 2430 1945 2471 illis

1129 2465 1307 2499 substantiam
1321 2479 1407 2497 suam.
1424 2471 1456 2497 Et
1470 2470 1514 2497 nni
1531 2469 1603 2497 dedit
1620 2469 1737 2503 quinque
1753 2466 1875 2493 talenta.
1894 2465 1944 2492 alii

1130 2512 1220 2534 autem
1234 2507 1297 2533 duo.
1311 2507 1355 2534 alii
1371 2514 1434 2533 vero
1449 2513 1542 2533 unum.
1559 2505 1702 2538 unicuique
1714 2507 1817 2529 autetn.
1835 2509 1946 2538 §ecurn—

1131 2543 1194 2571 dum
1223 2542 1356 2577 propt'iutlt
1381 2543 1518 2568 virtutem.
1541 2547 1567 2568 et
1593 2537 1729 2574 profectus
1748 2542 1799 2566 est.
1834 2537 1945 2565 Statim

1132 2584 1222 2606 autem
1237 2578 1311 2604 abiit.
1332 2578 1376 2612 qui
1399 2578 1517 2612 quinque
1533 2577 1631 2604 talenta
1647 2577 1797 2610 acceperat.
1824 2577 1857 2600 et
1874 2579 1948 2608 ope-

617 2623 816 2653 VABIANTES
835 2624 1027 2654 LECTIONES
1044 2624 1178 2654 CODICIS
1194 2625 1248 2652 MS.
1270 2625 1298 2652 S.
1319 2622 1570 2652 GERMANENSIS.

306 2665 315 2708 ξ
333 2669 418 2692 autem
429 2672 598 2702 sumpserunt,
612 2673 670 2701 etc.,
680 2673 706 2696 ut
721 2668 794 2703 Vulg.
807 2677 889 2703 usque,
902 2676 929 2698 et
938 2672 1055 2698 dixerunt
1068 2680 1073 2698 :
1159 2671 1171 2708 ξ
1187 2671 1298 2708 reliquae
1340 2702 1345 2707 ,

274 2697 314 2732 Νὲ
333 2728 350 2732 -
485 2697 510 2732 ί
590 2697 597 2702 ’
663 2697 670 2701 ’
770 2697 782 2703 ’
841 2697 848 2703 ’
882 2697 889 2703 ’
908 2697 927 2698 Π
1049 2697 1053 2698 ν
1159 2703 1170 2719 ⁵
1188 2697 1264 2732 vobis,
1278 2702 1363 2727 nescio

305 2729 316 2767 ξ
409 2732 491 2767 autem
504 2731 570 2757 irent
1023 2750 1027 2755 .
1158 2733 1169 2767 ξ
1186 2728 1432 2767 ιιοιιιόρηορςὶεοειιι,
1445 2733 1539 2762 etc..ut
1549 2729 1574 2759 ὺι
1588 2728 1661 2763 Vulg.

306 2760 317 2776 ³
332 2760 414 2786 clausa
426 2766 465 2787 est
472 2761 547 2793 ianua
1157 2765 1167 2780 "
1185 2760 1337 2790 stattm'abiit

953 2806 1137 2836 BLANCHINI
1155 2807 1270 2835 ΝΟΤᾹΖ.

318 2850 361 2921 px}
379 2850 522 2892 Hic-addit
533 2852 678 2895 suisetiam
695 2857 750 2882 lex.
762 2853 920 2889 ϐτλαυτῶν,
937 2859 965 2885 et
978 2854 1059 2883 intrat

333 2894 346 2912 ο
373 2885 455 2915 Addit
464 2893 636 2921 etiametiam
647 2889 708 2919 cod.
717 2890 796 2920 Cant.
808 2892 896 2921 αὐτοῦ.

1125 2853 1236 2891 ιν.-(ὺ)
1252 2854 1321 2882 Ante
1341 2853 1454 2889 reliquae
1466 2873 1473 2886 .
1488 2852 1565 2881 deest
1575 2855 1598 2879 et
1613 2852 1640 2879 tn
1655 2849 1714 2879 cod.
1730 2854 1848 2887 quoque
1860 2848 1954 2880 Cant.

283 2885 357 2921 —(c)
373 2885 455 2915 Addit
464 2895 547 2922 suam,
555 2889 636 2917 etiam
647 2889 708 2919 cod.
717 2890 796 2920 Cant.
808 2892 896 2921 αὐτοῦ.
