3980 6192
129 249 224 313 517

497 371 724 428 coocx
762 357 1303 428 VERCELLENSIS.

131 469 181 525 in
204 469 294 532 eis,
315 475 366 524 et
384 466 557 521 lucra-
932 463 1080 518 fuisti
1110 457 1303 527 ﬁdelis,

132 551 209 596 tus
227 551 300 595 est
325 538 423 593 alia
931 549 1091 604 super
1118 534 1286 588 multa

131 614 207 667 17.
241 612 490 680 quinque.
518 607 692 665 Simi-
934 615 986 661 te
1011 605 1275 680 constitu-

129 684 235 738 liter
256 675 306 737 et
324 675 411 751 qui
933 691 1066 751 am,_
1075 675 1217 751 intra
1245 676 1296 729 iu

128 754 221 808 duo
246 747 452 820 accepe-
931 747 1183 820 gaudium

129 835 219 888 rat,
237 816 459 878 lucratus
682 881 689 888 λ
907 844 914 855 -
931 816 1138 873 domini
1179 816 1274 888 lui.

129 881 219 951 ιιι.⁷
243 895 386 950 estin
415 895 496 950 eis
518 893 626 948 alia
658 881 789 948 duo.
930 889 1022 943 24.
1064 887 1344 944 Accedens
1384 899 1480 940 au-

127 968 214 1036 Qui
233 979 391 1020 autem
935 969 1039 1036 tein
1070 960 1161 1029 qui
1193 971 1357 1014 unum

127 1032 272 1092 unum
298 1036 460 1092 talen;
932 1032 1192 1087 talautum

126 1118 224 1164 tum
252 1122 460 1176 accepe-
931 1117 1187 1176 accepera
1195 1109 1236 1176 t_,

123 1191 217 1245 rat,
243 1180 311 1248 (a)
331 1169 580 1251 fodit-fin
930 1175 1004 1251 ait
1029 1191 1042 1227 :
1064 1169 1319 1251 Domine,
1347 1169 1487 1227 scie-

124 1244 320 1316 ιιι-ἠὼ,
349 1259 401 1305 et
482 1244 494 1251 ’
930 1244 1053 1299 bam
1090 1245 1212 1313 quia
1241 1245 1338 1298 lto-

121 1321 374 1377 abscondit
400 1335 492 1388 pe-
929 1331 1018 1372 mo
1047 1321 1216 1388 durus
1247 1328 1327 1379 es,

121 1396 311 1448 cuniatn
329 1385 531 1447 domini
930 1397 1100 1443 metes
1130 1385 1221 1442 ubi
1245 1400 1355 1442 non

124 1464 202 1519 19.
239 1465 332 1518 sui.
365 1463 491 1518 Post
929 1459 1208 1513 setuinasti
1226 1499 1242 1526 ,

125 1538 322 1591 multum
345 1549 432 1590 ve-
929 1539 984 1584 et
1010 1544 1241 1599 congre-

124 1621 174 1661 ro
200 1606 440 1672 temporis
927 1615 1022 1672 gas
1051 1602 1141 1655 ubi
1171 1613 1278 1672 non

123 1679 246 1734 venit
269 1669 509 1733 dominus
926 1669 1016 1726 25.
1061 1671 1307 1743 sparsisti
1334 1688 1347 1726 :
1380 1669 1434 1727 et
1463 1669 1529 1724 ti-

121 1765 371 1803 servorum
928 1758 1082 1797 mens
1101 1743 1230 1805 abii,
1259 1753 1313 1796 et

122 1820 332 1883 illorum,
360 1829 414 1874 et
926 1813 1183 1869 abscondi
1218 1825 1296 1867 ta-

122 1891 274 1959 posuit
297 1892 456 1945 ratio—
926 1883 1129 1939 lentum
1165 1896 1244 1938 lu-

119 1978 221 2016 nem
240 1977 355 2017 cum
925 1971 1014 2010 um
1048 1960 1098 2009 iu
1130 1965 1238 2011 ter-

117 2033 192 2086 20.
227 2034 319 2088 eis.
347 2031 416 2086 Et
440 2045 596 2088 acce-
922 2042 980 2081 ra
1007 2045 1019 2080 :
1053 2042 1177 2082 ecce
1205 2025 1298 2080 ha-

116 2105 228 2158 deus
247 2106 332 2174 qui
359 2104 516 2174 quin-
928 2098 1024 2154 bes
1049 2099 1192 2169 quod
1216 2105 1300 2152 tu-

112 2191 202 2243 que
227 2177 392 2229 talen-
929 2184 1019 2243 uni
1057 2176 1162 2243 est.

111 2229 153 2299 ὑ
182 2229 475 2317 acceperat,
505 2314 516 2317 _
927 2240 1016 2296 26.
1062 2229 1418 2317 Respondens

106 2320 273 2385 posuit
296 2311 402 2386 alia
431 2314 588 2388 quih-
927 2319 1105 2388 autem
1129 2311 1387 2388 dominus

101 2383 196 2457 que
217 2383 386 2443 talen-
447 2383 463 2388 ’
927 2384 1048 2457 ejus
1067 2422 1082 2446 ,
1111 2383 1248 2437 dixit
1276 2383 1324 2438 ei
1353 2397 1365 2434 :

101 2454 167 2523 ta,
198 2461 381 2514 dicens
412 2477 425 2512 :
454 2457 705 2526 Domine,
929 2454 1098 2510 Serve
1124 2469 1296 2522 nequa
1316 2496 1330 2515 ,

95 2532 322 2602 quinque
354 2540 435 2586 ta-
924 2534 978 2602 _et
1004 2527 1188 2602 piger,_
1206 2526 1339 2579 scie-

92 2595 393 2657 lenta'mihi
924 2595 1022 2651 bas
1051 2596 1192 2666 quod
1229 2610 1341 2652 me-

91 2673 380 2740 tradidisti,
927 2677 1003 2732 to,
1027 2669 1117 2722 ubi
1149 2683 1254 2722 non
1285 2681 1370 2723 se-

88 2759 215 2800 ecce
243 2744 351 2798 alia
379 2743 538 2814 quin-
925 2740 1093 2800 mino,
1121 2747 1332 2814 etcen-

84 2831 187 2885 que
217 2830 361 2884 quae
382 2809 472 2871 su-
922 2825 1088 2935 ἔνθεο
1112 2809 1203 2864 ubi
1228 2825 1332 2864 non

84 2887 365 2935 nerlncra-
963 2883 1013 2935 7.
1057 2895 1252 2935 spargo
1279 2899 1291 2935 :
1320 2897 1332 2935 ι

82 2883 365 2953 perluera-
923 2883 1013 2935 27.
1057 2895 1252 2950 spargo
1279 2899 1291 2936 :
1320 2891 1483 2952 opor-

82 2965 166 3009 tns
197 2972 346 3012 sum.
927 2953 1026 3007 luit
1053 2967 1184 3020 ergo
1222 2961 1274 3008 te
1506 2973 1509 2976 ·

79 3027 171 3083 21.
217 3028 314 3084 Ait
343 3027 421 3082 illi
456 3026 709 3082 dominus
924 3022 1231 3078 committe—

80 3101 203 3167 ejus
230 3118 247 3152 :
282 3100 428 3170 Euge
453 3099 567 3154 bo—
926 3109 986 3149 re
1015 3094 1300 3164 pecuniam

79 3185 147 3224 ne
186 3186 374 3234 serve,
409 3180 462 3225 ει
924 3181 1099 3221 meam
1129 3179 1285 3220 num-

79 3241 287 3308 ﬁdelis,
312 3243 438 3312 quia
925 3237 1169 3312 mulariis
1187 3278 1202 3302 ,
1241 3244 1296 3292 et

81 3327 249 3382 super
286 3310 457 3384 pauca
925 3310 1152 3364 veniens
1177 3323 1276 3379 ego

513 3423 746 3481 CODEX
782 3422 1250 3480 COBBEllsZNSlS.

83 3520 240 3573 estin
276 3520 378 3584 eis,
416 3527 471 3574 et
515 3517 753 3573 lucratus
793 3527 875 3572 εει
916 3517 1018 3570 alia
1050 3517 1306 3586 quinque.
1338 3513 1597 3571 Similiter
1626 3523 1678 3571 et

83 3592 165 3656 qui
199 3590 315 3643 duo
344 3597 660 3660 acceperat.
719 3590 955 3642 lucratus
1000 3587 1015 3618 ¹
1067 3595 1150 3641 est
1181 3589 1232 3640 in
1263 3588 1354 3660 eis
1398 3588 1504 3640 alia
1550 3586 1675 3641 duo.

84 3663 386 3726 Quintilem
419 3657 581 3715 unum
620 3660 880 3712 talentum
921 3665 1222 3728 acceperat,
1256 3657 1409 3711 fodiit
1437 3669 1634 3712 terram
1660 3700 1674 3722 ,

83 3732 452 3787 etabscoudil
496 3732 778 3802 pecuniam
837 3730 1039 3802 domini
1095 3730 1197 3782 sui.
1257 3729 1381 3802 Post
1448 3729 1678 3784 multum

83 3819 206 3856 vero
240 3801 509 3873 temporis
536 3803 682 3856 venit
721 3801 992 3873 dominus_
1027 3815 1303 3873 servorum
1337 3801 1549 3855 illorum
1577 3841 1592 3864 ,
1625 3810 1682 3855 ut

82 3871 374 3944 acciperes
403 3875 472 3929 ab
512 3875 589 3928 eis
619 3875 900 3927 rationem.
938 3871 1267 3944 EtacceSsit
1307 3873 1395 3940 qui
1442 3873 1681 3944 quinque

80 3943 277 4000 talenta
330 3953 645 4013 acceperat,
692 3954 745 3999 et
799 3943 995 3997 obtulit
1041 3943 1143 3996 alia
1183 3944 1420 4013 quinque
1463 3943 1682 4007 talenta,

78 4019 265 4072 dicens
319 4035 335 4070 :
378 4015 650 4081 Domine,
698 4014 934 4084 quinque
1018 4014 1215 4068 talenta
1264 4014 1392 4068 mihi
1444 4013 1686 4080 dedisti,

77 4103 200 4143 ecce
253 4091 362 4143 alia
409 4087 696 4159 quiuque'
727 4085 1019 4159 adquisivi.
1064 4086 1136 4159 _Et
1182 4085 1258 4139 ait
1312 4085 1386 4159 illi
1433 4084 1687 4159 dominus

76 4175 202 4213 ᾕδεις
229 4179 244 4214 :
278 4155 440 4230 Euge
468 4173 625 4212 serve
654 4157 825 4221 boue,
856 4165 910 4210 et
950 4155 1162 4230 ﬁdelis,
1192 4158 1447 4226 quoniam
1495 4157 1554 4230 iu
1581 4157 1685 4208 mi-

74 4233 222 4284 nimo
254 4227 412 4284 fuisti
443 4229 642 4293 lidelis,
672 4241 836 4298 super
858 4227 1061 4297 πιλίοιί
1093 4236 1144 4281 te
1167 4229 1517 4291 constituam,
1543 4227 1682 4283 intra

75 4305 122 4352 in
153 4305 423 4373 gaudium
451 4301 656 4355 domini
684 4301 779 4373 tui.
812 4301 874 4373 Et
897 4315 1018 4373 cum
1043 4301 1369 4373 accessisset
1393 4300 1436 4352 is
1459 4299 1549 4369 qui
1577 4299 1684 4373 duo

73 4367 277 4427 tali-ma
321 4380 652 4441 acceperat,
687 4372 802 4424 ait:
852 4369 1110 4432 Domine,
1151 4367 1503 4441 duotalcuta
1552 4367 1682 4441 mihi

73 4445 316 4504 dedisti.
350 4440 484 4499 ecce
524 4442 631 4496 duo
659 4443 762 4495 alia
797 4444 994 4497 talenta
1026 4440 1310 4510 adquisivi.
1349 4442 1443 4508 Ait
1479 4441 1554 4494 illi
1587 4440 1685 4492 do-

70 4520 258 4569 minus
279 4518 405 4585 ejus
433 4532 445 4568 :
480 4514 630 4580 Euge
654 4528 810 4568 serve
840 4513 995 4576 boue,
1028 4511 1308 4585 ct‘tidelie,
1339 4513 1592 4581 quoniam
1631 4513 1683 4566 ill

72 4588 293 4642 modico
312 4583 475 4639 'tuisti
531 4587 738 4648 lidelis,
789 4595 952 4654 super
997 4583 1199 4654 majora
1248 4593 1299 4636 te
1328 4586 1676 4648 constituant,

69 4661 207 4711 intra
243 4660 298 4712 in
327 4655 590 4722 gaudium
621 4657 822 4709 domini
858 4652 954 4709 tui.
990 4652 1271 4710 Accedens
1300 4665 1480 4708 autem
1505 4663 1558 4707 et
1587 4655 1680 4723 qui

69 4746 246 4783 unum
287 4731 560 4782 talentum
590 4738 896 4796 acceperat,
917 4729 1027 4781 ait:
1075 4725 1330 4791 Domine,
1361 4725 1595 4779 sciebam
1630 4731 1682 4780 te

65 4804 270 4853 durum
305 4800 590 4853 hominem
621 4813 743 4852 esse
765 4841 780 4862 ,
823 4799 986 4853 metis
1014 4797 1100 4850 ubi
1133 4812 1238 4850 non
1276 4797 1554 4851 seminasli
1581 4836 1595 4860 ,
1627 4805 1682 4850 et

63 4873 289 4940 colligis
319 4871 416 4923 ubi
465 4885 568 4923 oon
612 4869 916 4936 diSpersisti
949 4886 962 4922 :
998 4869 1018 4900 ³
1050 4869 1244 4940 timens
1275 4883 1404 4940 ergo
1432 4869 1576 4935 abii,
1627 4879 1680 4940 et

58 4937 336 4997 abscondi
367 4943 632 4994 talentum
669 4951 817 4994 tuum
840 4941 894 4994 in
923 4945 1066 4994 terra
1094 4958 1106 4992 :
1137 4937 1158 4969 ⁸
1189 4943 1316 4994 e‘cCe
1346 4937 1512 4993 babes
1535 4939 1676 5008 quod

59 5028 218 5068 litum
246 5028 358 5068 esu
387 5011 484 5065 Cui
513 5011 1115 5081 respondensd0tuinus
1138 5023 1292 5077 satis,
1312 5010 1445 5064 dixit
1471 5027 1484 5062 :
1516 5009 1682 5066 Serve

57 5104 280 5156 nequa,
309 5097 366 5138 et
404 5087 584 5151 piger,
630 5083 839 5156 sciebas
866 5098 954 5156 me
984 5093 1220 5156 metere,
1251 5082 1342 5136 ubi
1372 5097 1478 5156 non
1512 5082 1677 5136 semi-

59 5154 186 5212 navi
211 5199 230 5218 .
265 5167 323 5210 et
351 5155 616 5224 colligere
643 5154 734 5207 ubi
763 5168 867 5207 nou
898 5155 1128 5220 dispertsi
1157 5171 1168 5205 :
1199 5154 1439 5224 Opot'luil.
1467 5167 1597 5220 ergo
1626 5161 1678 5207 te

60 5232 74 5258 ‘
98 5232 250 5285 dare
273 5223 570 5297 pecuniam
595 5240 769 5280 meam
794 5227 1090 5279 uummutat
1188 5267 1203 5293 ,
1225 5233 1278 5280 et
1299 5223 1319 5254 ⁸
1340 5238 1441 5295 ego
1455 5225 1678 5279 veniens

1057 245 1504 308 EVANGELIUM
1548 243 1918 305 SECUNDUM
1963 231 2395 304 iiATruAiun.

3279 241 3384 298 218

2220 353 2453 419 CUDEX
2489 351 2937 421 VERONENSIS.

1793 457 1846 512 in
1873 457 1953 511 eis
1977 456 2083 511 alia
2112 458 2370 528 quinque.
2625 458 2718 512 22.
2761 456 3006 514 Accessit
3030 459 3212 510 autem

1794 529 1881 583 17.
1926 527 2187 584 Similiter
2264 527 2275 528 ί
2624 529 2713 598 qui
2742 528 2849 584 duo
2879 537 2958 584 ta-

1792 601 1881 669 qui
1909 599 2018 654 duo
2046 614 2140 655 ac-
2624 600 2768 656 lenta
2790 614 3014 670 accepe:

1791 667 1954 740 cepit,
1989 671 2230 727 lucratus
2626 683 2709 727 rat
2729 713 2742 735 ,
2769 680 2825 726 et
2851 667 2967 726 ait":
2993 667 3255 736 Domine',

1789 739 1875 797 est
1905 742 1959 796 in
1989 743 2072 797 eis
2099 739 2205 798 alia
2236 741 2364 799 duo.
2627 742 2895 798 tradidisti
2927 740 3059 798 mihi

1795 813 1884 868 18.
1923 812 2024 881 Qui
2055 823 2235 869 autem
2625 814 2734 870 duo
2763 815 2998 878 talenta,

1791 899 1956 939 unum
1999 881 2257 941 talentum
2625 901 2754 942 ecce
2773 887 2876 940 alia
2909 887 3016 940 duo

1791 956 2020 1026 accepit,
2052 955 2127 1025 (a)
2150 951 2231 1012 to-
2626 956 2863 1013 lucratus
2891 971 3032 1026 sum.
3117 1011 3124 1026 ξ

1791 1027 1872 1080 dit
1903 1023 1942 1097 -ξ
1969 1030 2020 1080 ἰιι
2049 1023 2159 1082 tei-
2626 1027 2717 1084 25.
2759 1030 2848 1084 Ait
2875 1023 2950 1083 illi
2988 1025 3237 1082 dominus

1791 1108 2012 1171 rampet
2040 1099 2138 1152 ab-
2200 1170 2206 1171 ί
2626 1099 2743 1170 ejus
2773 1120 2786 1155 :
2822 1102 2965 1171 Euge
2987 1099 3144 1155 serbe
3169 1097 3342 1162 bone,

1790 1169 2002 1242 scendit
2019 1170 2302 1240 peCuniat’n
2626 1169 2682 1228 et
2713 1169 2925 1238 ﬁdelis,
2953 1172 3076 1242 quia

1795 1239 1997 1294 domini
2023 1239 2128 1296 Sui.

1793 1311 1880 1366 19.
1926 1311 2056 1367 Post
2084 1313 2311 1368 multum

1792 1396 1921 1437 vero
1951 1384 2214 1452 temporis

1790 1454 1939 1508 venit
1962 1454 2142 1509 domi-

1793 1540 1893 1579 nus
1916 1537 2197 1580 servorum

1794 1594 2033 1660 illorum,
2065 1606 2121 1652 et

1788 1668 1968 1736 posuit
1995 1669 2160 1722 ratio-

1789 1749 1910 1793 nem
1940 1749 2061 1794 cum
2089 1739 2188 1795 eis.

1787 1807 1878 1865 20.
1922 1809 1988 1864 Et
2014 1811 2280 1867 accedens

1788 1881 1879 1950 qui
1902 1882 2138 1951 quinque

1793 1953 1992 2007 talenta
2024 1968 2182 2008 acce-

1792 2033 1944 2148 perat
1960 2065 1975 2087 ,
2006 2034 2161 2093 optu-

1813 2096 1856 2148 it
1883 2095 1990 2148 alia
2021 2096 2161 2148 uuiii-

1813 2096 1856 2150 it
1883 2095 1990 2148 alia
2021 2096 2174 2165 quiil-

1790 2181 1897 2236 que
1926 2173 2093 2237 super

1791 2235 2024 2304 talenta,
2055 2235 2137 2293 di-

1789 2324 1922 2364 cens
1945 2325 1959 2362 :
1984 2309 2206 2364 Domine
2222 2349 2238 2376 ,

1788 2380 2026 2451 quinque
2063 2391 2142 2436 ta-

1791 2450 1948 2506 lenta
1966 2452 2095 2520 mihi
2136 2450 2332 2507 dedisti
2353 2491 2369 2518 ,

1790 2537 1920 2578 ecce
1951 2521 2054 2578 alia
2091 2525 2332 2594 quinque

1788 2595 2194 2664 superlucratus
2225 2599 2366 2649 sum.

1787 2667 1878 2720 21.
1922 2668 2012 2720 Ait
2039 2667 2114 2722 illi
2141 2667 2396 2722 dominus

1789 2737 1906 2805 ejus
1937 2755 1950 2792 :
1983 2738 2131 2808 Euge
2163 2739 2304 2794 bene

1789 2809 1950 2864 serbe
1968 2850 1983 2872 ,
2015 2820 2070 2864 et
2101 2811 2230 2866 tide-

1789 2877 1856 2932 lis
1877 2921 1891 2944 ,
1922 2880 2046 2949 quia
2073 2894 2165 2933 su-

1785 2963 1886 3018 per
1915 2957 2082 3016 pauca
2111 2949 2218 3005 fui-

1789 3020 1857 3073 sti
1889 3020 2065 3075 ﬁdelis
2084 3062 2098 3086 ,
2129 3035 2220 3076 su-

1791 3105 1887 3158 per
1913 3093 2078 3146 multa
2105 3100 2155 3148 te

1789 3163 2115 3217 constituam
2136 3205 2152 3229 ,

2625 1260 2790 1313 super
2814 1241 2982 1316 pauca
3013 1241 3116 1296 l’ui-

2625 1316 2694 1370 sti
2723 1316 2927 1381 tidelis,
2956 1317 3118 1384 super

2625 1389 2791 1442 multa
2820 1394 2874 1442 te
2900 1400 3032 1441 con-

2623 1458 2838 1513 stituam
2858 1499 2874 1524 ,
2907 1458 3045 1512 intra
3076 1454 3128 1508 in

2621 1521 2875 1654 gaudium
2906 1525 3109 1582 domini
3139 1521 3238 1578 tui.

2701 1641 2712 1653 .
2753 1599 3034 1654 Accedens
3057 1603 3238 1652 autem

2701 1641 2712 1653 .
2753 1599 3034 1657 Accedens
3057 1603 3238 1652 autem

2622 1673 2714 1743 qui
2736 1686 2900 1726 unum
2925 1670 3097 1743 talen—

2624 1739 2737 1798 tum
2769 1739 3068 1812 acceperat,

2623 1816 2698 1869 ait
2729 1832 2742 1868 :
2777 1813 3038 1879 Domine,

2627 1886 2741 1941 scio
2765 1887 2887 1963 quia
2913 1885 3074 1939 homo
3103 1950 3134 1963 Α

2625 1956 2857 2012 austeris
2885 1971 2944 2011 es
2963 1997 2977 2018 .
3008 1956 3167 2010 metis

2628 2028 2716 2083 ubi
2747 2043 2851 2082 non
2881 2027 3114 2082 semina-

2623 2099 2693 2154 sti
2709 2141 2725 2164 ,
2756 2106 2811 2154 et
2835 2110 3133 2169 congregans

2624 2170 2715 2225 ubi
2748 2185 2854 2226 non
2884 2165 3176 2240 SpHx-sisti“:

2621 2241 2715 2296 25.
2755 2250 2810 2295 et
2839 2235 3034 2295 timens
3060 2235 3201 2301 abii,

2621 2321 2678 2369 et
2701 2313 2960 2368 abscondi
2984 2317 3064 2366 ta-

2627 2385 2830 2439 lentum
2858 2393 3006 2438 tuum

2620 2455 2674 2510 in
2704 2466 2846 2511 terra
2879 2449 3094 2526 :ltabes
3135 2523 3138 2526 ξ

2619 2541 2748 2583 ecce
2776 2525 2919 2596 quod
2948 2535 3100 2580 tuum
3127 2525 3232 2577 est.

2617 2597 2710 2653 26.
2753 2593 3315 2666 Respondeusauteul

2619 2661 2878 2724 dominus
2913 2671 3052 2736 ejus,
3076 2663 3214 2721 dixit
3241 2661 3292 2718 el
3327 2675 3340 2715 :

2619 2740 2790 2796 Serve
2820 2740 2990 2803 male,
3014 2745 3072 2795 et

2621 2813 2803 2882 piger,
2832 2811 3042 2882 sciebas

2621 2879 2765 2953 quod
2789 2891 2932 2936 meto
2954 2921 2968 2946 ,
2997 2879 3092 2936 ubi

2624 2967 2730 3008 DOII
2757 2965 2987 3014 semtno,

2621 3034 2677 3079 et
2697 3037 2967 3094 congrego
2999 3019 3088 3075 ubi
3116 3027 3224 3094 non

2623 3095 2713 3149 27.
2729 3090 2922 3164 sparsi:
2938 3090 3176 3164 oportuit
3187 3099 3316 3157 ergo
3327 3092 3382 3142 te‘

2620 3160 2960 3222 committere
2977 3160 3269 3233 pecuniam

1787 3233 1953 3316 (intra
1975 3234 2041 3316 ,ίη
2069 3249 2201 3316 Sal}-
2251 3306 2263 3316 _
2295 3307 2307 3316 ι
2622 3235 2997 3316 tturntuulariis
3017 3277 3032 3301 ,
3061 3245 3117 3289 et

1787 3305 1932 3360 dium
1956 3305 2160 3362 domini
2191 3306 2313 3379 tui.)
2620 3309 2844 3365 veniens
2879 3321 2982 3379 ego
3007 3320 3129 3362 cum

2244 3423 2479 3479 CODEX
2516 3423 2905 3482 BRIXIANUS.
3000 3483 3002 3487 .

1788 3523 1939 3590 ratus
1965 3527 2048 3573 est
2078 3517 2127 3571 itt
2157 3518 2256 3590 eis.
2289 3519 2340 3590 et
2373 3519 2606 3574 lucratus
2637 3529 2720 3575 est
2748 3521 2850 3574 alia
2881 3519 3116 3590 quinque
3147 3515 3374 3590 talenta.

1788 3588 2068 3660 Similiter.
2097 3598 2151 3644 et
2173 3589 2260 3660 qui
2285 3589 2392 3644 duo
2414 3601 2718 3660 acceperat.
2752 3587 2990 3647 lucratus
3012 3587 3092 3645 est
3120 3589 3222 3642 alia
3245 3587 3374 3660 duo.

1787 3659 1888 3725 Qui
1916 3669 2094 3714 autem
2136 3658 2300 3715 uutlm
2330 3658 2586 3716 talentum
2625 3671 2927 3731 acceperat.
2976 3662 3108 3714 abiit
3147 3666 3202 3713 et
3245 3658 3378 3731 [tulit

1787 3731 1839 3784 itt
1872 3739 2068 3785 terram
2114 3742 2169 3786 et
2209 3734 2492 3787 abscondit
2535 3730 2814 3802 pecuniam
2861 3732 3064 3787 domini
3111 3731 3214 3784 sui.
3251 3730 3378 3802 Post

1789 3802 2016 3856 multum
2044 3818 2174 3856 vero
2219 3813 2429 3872 tempus
2474 3800 2618 3860 venit
2663 3805 2911 3858 dominus
2943 3816 3223 3856 servorum
3254 3800 3375 3872 illo:

1793 3887 1932 3927 rum.
1963 3883 2015 3927 et
2050 3876 2227 3942 posuit
2255 3870 2574 3929 raditioneut
2614 3892 2736 3931 cum
2762 3874 2861 3929 eis.
2893 3875 2959 3930 Et
2988 3872 3251 3928 accedens
3283 3870 3373 3938 qui

1791 3947 2026 4015 quinque
2073 3945 2271 4000 talenta
2318 3955 2621 4015 acceperat.
2657 3947 2850 4002 obtulit
2898 3945 2999 4000 alia
3029 3943 3270 4015 quinque
3297 3952 3373 4015 ta-

1793 4011 2165 4070 lentzt'diceus.
2193 4016 2416 4072 Domine
2443 4011 2679 4086 quinque
2699 4018 2898 4072 talenta
2926 4011 3058 4070 tuilti
3083 4011 3369 4086 tradidisti.

1789 4101 1917 4140 eCCe
1947 4088 2050 4141 alia
2077 4088 2316 4158 quinque
2347 4081 2755 4158 superlucratus
2785 4104 2926 4142 sum.
2965 4086 3033 4141 Et
3059 4087 3140 4158 ait
3164 4083 3240 4138 illi
3271 4081 3372 4135 do-

1789 4159 1966 4211 minus
1997 4157 2134 4229 ejus.
2184 4159 2329 4229 Euge
2373 4157 2528 4214 serve
2561 4162 2698 4215 bone
2736 4169 2789 4215 et
2819 4158 3021 4221 ﬁdelis,
3055 4157 3177 4226 quin
3209 4168 3373 4229 super

1790 4241 1957 4302 pauca
1994 4227 2142 4302 fuisti
2177 4227 2347 4284 [ide-lis
2378 4247 2548 4302 super
2581 4231 2744 4286 multa
2787 4231 2837 4285 te
2867 4232 3190 4284 consutuam
3222 4228 3371 4302 intia

1788 4297 1842 4354 in
1873 4299 2126 4369 gaudium
2153 4302 2357 4356 domini
2391 4297 2485 4356 tui.
2524 4300 2804 4358 Accedens
2841 4310 3017 4355 autem
3046 4311 3099 4353 et
3147 4298 3237 4369 qui
3264 4297 3371 4369 duo

1792 4365 1988 4424 talénln
2015 4381 2296 4441 acceperat
2321 4373 2480 4432 dixit.
2511 4373 2730 4428 Domine
2752 4372 2859 4426 duo
2883 4372 3079 4424 talenta
3105 4365 3371 4441 tradidisti

1787 4441 1938 4514 mihi.
1971 4457 2098 4497 ecce
2133 4437 2233 4496 alio
2267 4443 2373 4498 duo
2417 4445 2614 4500 lalen’tu
2665 4444 3079 4514 suptL-rlucratus
3110 4456 3249 4496 sum.
3283 4437 3374 4514 Ait

1787 4513 1864 4567 illi
1894 4513 2147 4568 dominus
2177 4516 2313 4584 ejus.
2367 4516 2510 4584 Euge
2551 4530 2706 4572 serve.
2737 4512 2889 4570 ‘bone
2934 4523 2988 4569 et
3018 4512 3210 4566 lidelis.
3245 4513 3373 4581 quia

1784 4599 1949 4652 super
1978 4597 2146 4652 pauca
2174 4587 2314 4640 luisti
2347 4587 2538 4641 lidelis.
2565 4601 2726 4651 Super
2755 4589 2917 4639 multa
2943 4593 2994 4640 te
3020 4586 3367 4639 censtituatu.

1784 4656 1921 4709 intra
1963 4657 2014 4709 iu
2061 4657 2314 4725 gaudium
2357 4657 2561 4711 domini
2594 4658 2690 4711 tui.
2738 4655 3020 4711 Accedens
3069 4667 3268 4707 autent.
3317 4656 3372 4706 et

1783 4726 1874 4780 ille
1901 4728 1988 4796 qui
2023 4742 2187 4780 unum
2218 4729 2478 4781 talentum
2524 4739 2808 4796 act-cperat
2836 4728 2930 4782 ait.
2973 4727 3216 4780 Domine.
3258 4725 3370 4778 scio

1785 4806 1860 4852 te.
1887 4799 2008 4866 quia
2040 4798 2205 4851 homo
2233 4799 2400 4852 durus
2426 4814 2504 4854 es.
2534 4802 2711 4854 metis.
2741 4799 2828 4853 ubi
2861 4813 2966 4852 non
2993 4796 3288 4851 sentiuasti.
3315 4803 3373 4850 et

1781 4882 2075 4938 Congregas
2107 4871 2195 4922 ubi
2231 4886 2333 4924 non
2372 4871 2617 4937 sparsisti
2641 4911 2655 4925 .
2711 4881 2764 4925 et
2805 4871 3000 4924 timens
3026 4869 3153 4922 abii.
3187 4877 3240 4922 et
3277 4867 3374 4938 ab+

1780 4937 1968 4993 scondi
2003 4940 2261 4994 talentum
2308 4943 2538 4996 lllllln'ltt
2573 4953 2792 4997 terram.
2837 4955 2966 4997 ecce
3018 4941 3183 4994 habes
3228 4937 3370 5007 quod

1783 5020 1930 5065 tttum
1961 5020 2063 5065 est.
2096 5011 2452 5080 Respondens
2475 5023 2654 5069 autem
2684 5013 2937 5068 dominus
2960 5013 3100 5066 dixit
3127 5013 3175 5066 ei
3204 5011 3372 5065 Serve

1782 5083 1920 5154 male
1944 5092 1997 5137 et
2026 5086 2197 5152 piger.
2233 5083 2441 5139 sciebas
2467 5088 2608 5154 quod
2638 5094 2779 5139 meto
2805 5085 2889 5139 ubi
2923 5098 3026 5137 uoo
3057 5086 3284 5154 semion.
3318 5087 3372 5132 et

1779 5153 1974 5223 Collige
2009 5155 2093 5208 ubi
2127 5171 2228 5208 non
2257 5157 2450 5226 sparsi.
2479 5153 2730 5225 Opot-tuit
2757 5169 2886 5226 ergo
2927 5165 2998 5210 te.
3033 5153 3375 5210 committere

1781 5226 2063 5294 pecuniam
2094 5240 2267 5280 meam
2303 5229 2697 5283 nummulariis.
2731 5236 2786 5283 et
2824 5227 3048 5282 veniens
3074 5238 3198 5294 ego.
3245 5236 3369 5276 cum

761 5338 1158 5396 VARIAN'I‘ES
1194 5337 1579 5395 LECTIONES
1616 5334 1879 5395 CODlClS
1916 5337 2028 5393 MS.
2071 5336 2129 5393 S.
2170 5337 2676 5397 GERMANENSIS.

114 5443 130 5473 ¹
172 5439 263 5490 ed
283 5435 408 5494 alia,
434 5444 550 5497 etc.,
577 5435 631 5485 ut
652 5431 704 5485 in
731 5430 878 5504 Vulg.
903 5444 1074 5547 uagae,
1094 5431 1331 5506 adquisivi

114 5508 132 5537 ι
168 5504 414 5547 hermus
433 5511 562 5547 sum.
589 5499 689 5547 Ait.
715 5505 835 5547 ete..
858 5501 909 5547 ut
986 5493 1087 5547 ιιισ.
1113 5503 1264 5547 usque
1286 5501 1331 5545 ιιι

112 5508 132 5537 ι
168 5493 414 5553 lucratus
433 5493 562 5548 sunt.
589 5499 689 5561 Ait,
715 5493 909 5561 etc.,"ut
938 5493 1087 5561 Vulg.
1113 5493 1264 5560 natiue
1286 5493 1468 5545 timens

117 5569 138 5598 ³
169 5567 379 5616 timens
396 5563 494 5611 abii

1839 5428 1870 5526 ζ
1900 5423 2122 5542 ἓιᾶἓῖιέ,
2149 5435 2272 5494 etc.,
2300 5435 2352 5482 ιιι
2387 5431 2530 5496 Vulg.
2557 5443 2725 5498 usque,
2751 5431 2871 5482 dare
2896 5427 3156 5495 pecuniam

1845 5555 1867 5587 ⁸
1903 5557 2110 5607 veniens
2138 5567 2256 5624 ego,
2279 5561 2382 5628 etc,
2403 5561 2455 5612 ut
2485 5554 2629 5630 Vulg.

1420 5646 1785 5719 BLANCHINI
1823 5657 2048 5720 ΝΟΤιΕ.

133 5771 218 5847 (a)
249 5769 404 5828 Ante
425 5763 559 5842 fodit
579 5804 596 5835 ,
629 5762 784 5824 deest
810 5759 1005 5831 abiens,
1036 5759 1092 5820 ili
1119 5757 1244 5818 cod.
1275 5771 1492 5833 quoque
1515 5756 1687 5831 Ciam.
