3980 6192
159 245 248 306 Sil
1068 241 1517 304 EVANGELIUM
1554 239 1929 318 SECUNDUM
1967 239 2400 300 MATTHEUM.

513 353 745 413 CODEX
781 353 1312 414 VERCELLENSIS.

943 459 1000 508 et
1028 468 1133 507 non
1160 451 1343 508 dedis-

943 525 1016 578 tis
1036 524 1169 578 mihi
1197 534 1382 593 potum
1407 540 1420 576 :

943 595 1035 650 43.
1075 595 1271 664 hospes
1290 609 1440 650 eram
1465 636 1480 662 ,

945 675 1000 721 et
1028 682 1135 721 non
1162 667 1326 722 colle-

943 738 1096 808 gistis
1117 751 1205 792 me
1229 755 1244 790 :
1289 753 1387 792 nu-

943 811 1045 864 dus
1061 849 1077 872 ,
1110 818 1294 864 etnon

944 881 1236 949 operuistis

945 967 1031 1006 me
1054 966 1072 1013 ;
1101 950 1348 1006 inﬁrmus
1364 991 1380 1019 ,

944 1030 1000 1077 et
1029 1024 1082 1077 in
1112 1037 1299 1077 carce-

948 1108 1062 1148 rem
1083 1135 1100 1158 ,
1127 1102 1182 1148 et
1210 1107 1319 1148 non

946 1163 1204 1220 visitastis
1229 1178 1336 1219 me.

153 884 226 941 38.
264 881 503 952 hospitem
529 921 546 948 ,
580 890 642 936 et

153 956 431 1025 suscipimus

154 1039 225 1084 te:
250 1023 325 1082 aut
346 1023 539 1079 nudum

151 1110 195 1155 et
211 1098 491 1154 vestivimus
516 1112 531 1148 :

149 1171 225 1226 39.
261 1179 334 1224 aut
354 1166 567 1238 quando

151 1234 412 1296 tevidimtis
946 1234 1036 1289 Η.
1079 1235 1230 1290 Tunc
1259 1247 1484 1305 respon-

150 1313 399 1378 iuﬁrmum,
947 1305 1155 1378 debunt,
1179 1305 1250 1378 (c)
1278 1315 1334 1361 et
1364 1308 1445 1376 ip-

151 1385 292 1438 autin
315 1375 490 1438 carceo
945 1377 992 1431 si
1013 1375 1056 1447 -ἶο
1081 1418 1096 1442 ,
1130 1375 1411 1432 dicentes:

153 1471 243 1511 rem
266 1497 279 1521 ,
303 1463 350 1508 et
371 1451 520 1508 veni-
947 1447 1216 1521 Domine,
1246 1463 1420 1517 quan-

151 1542 248 1582 mus
269 1518 325 1580 ad
347 1534 394 1579 te
411 1524 436 1576 ἲ
943 1518 1015 1574 do
1037 1527 1091 1574 te
1112 1519 1344 1574 vidimus

151 1599 229 1672 i0.
257 1597 324 1672 Et
333 1593 682 1672 respondens
941 1591 1273 1672 esurientem
1298 1630 1314 1655 ,

151 1671 253 1724 dicit
278 1668 373 1722 illis
395 1682 412 1720 :
942 1668 1340 1727 autsitientem,

147 1745 287 1796 Amen
312 1737 431 1794 dico
941 1741 1035 1788 aut
1053 1731 1254 1787 nudum
1277 1773 1293 1798 ,
1323 1738 1418 1787 aut

147 1813 301 1886 vobis,
327 1825 528 1886 quan-s
944 1806 1176 1886 ospitem
1201 1843 1217 1871 ,
1248 1811 1342 1858 aut

145 1885 231 1938 diiu
255 1883 396 1939 fecis.
431 1923 445 1935 .
480 1894 510 1934 s
944 1883 1213 1930 infirmum
1241 1916 1256 1941 ,

140 1957 210 2010 uni
234 1952 305 2025 (α)
333 1955 532 2025 horum
945 1955 1037 2001 aut
1059 1948 1110 2000 in
1138 1960 1330 2002 carce-

138 2023 360 2081 fratruum
381 2023 448 2100 'j-_
944 2032 1098 2100 rem,
1119 2025 1183 2100 et
1209 2031 1317 2099 non

135 2113 348 2153 meorum
377 2095 480 2150 mi—
944 2095 1289 2144 ministravi-

131 2171 372 2224 nimorum
397 2207 413 2228 .
944 2175 1064 2214 mus
1093 2159 1230 2213 tibi?

126 2237 518 2313 mihi_fecist_i_s._
572 2304 590 2313 -
619 2304 630 2313 _
943 2231 1032 2313 {5.
1054 2229 1230 2313 .fl‘unc
1255 2243 1481 2313 reSpon-

123 2311 200 2366 4i.
239 2311 386 2367 Tunc
416 2307 548 2364 dicit
572 2304 685 2373 his,
943 2301 1093 2357 debit
1118 2301 1234 2357 illis
1252 2301 1335 2355 di-

121 2386 196 2451 qui
216 2383 282 2437 ad
309 2382 474 2438 sinis-
943 2387 1073 2451 cens
1108 2376 1330 2451 :_l_\men

943 2444 1098 2499 vobis
1125 2444 1248 2498 dico
1279 2461 1294 2498 :

941 2515 1188 2582 Quandiu
1218 2528 1323 2570 non

944 2586 1150 2643 fecistis
1181 2586 1274 2640 uni

943 2659 1010 2713 de
1035 2657 1273 2712 minimis

943 2728 1049 2796 bis,
1087 2743 1186 2784 nec
1215 2727 1349 2784 mihi

941 2801 1034 2856 46.
1077 2800 1297 2855 fecistis.
1330 2799 1398 2854 Et

945 2873 1100 2928 ibunt
1122 2871 1175 2924 hi
1204 2871 1257 2925 in

943 2944 1122 3014 ignem
1159 2956 1250 3014 ae—

944 3012 1180 3094 ternum,
1203 3012 1320 3094 jus-

945 3088 983 3141 ti
1002 3094 1179 3140 autem
1207 3088 1262 3139 in

122 2455 207 2510 tris
233 2463 357 2510 sunt
381 2471 394 2506 :
428 2451 543 2506 Dis-

120 2526 279 2580 cedite
302 2541 333 2579 a
351 2537 442 2579 me

118 2597 375 2652 maledicti
409 2595 462 2649 in

119 2669 278 2738 ignem
306 2675 488 2722 aeter-

117 2734 230 2793 num
260 2740 336 2811 (ὁ)
360 2734 504 2808 quod
531 2745 632 2804 pa-

114 2811 240 2864 ravit
265 2811 429 2865 Pate'r

112 2897 257 2936 meus
285 2881 328 2952 -ί-
352 2875 574 2952 diabolo
596 2914 614 2939 ,

110 2961 159 3005 et
186 2950 397 3022 angelis
427 2950 563 3021 ejus.

111 3022 192 3076 42.
223 3023 403 3080 Esurii
433 3023 576 3079 enim
601 3055 619 3083 ,

110 3105 158 3148 et
182 3111 286 3150 non
315 3095 499 3151 dedis-
945 3095 990 3168 ti_

111 3168 170 3218 tis
193 3168 323 3221 mihi
356 3181 510 3221 man-
943 3165 1107 3212 vitam
1137 3165 1316 3212 aeter-

111 3236 304 3294 ducare
331 3256 346 3293 :
393 3238 504 3293 sitii
528 3277 544 3304 ,
945 3243 1091 3283 nam.

532 3345 771 3406 CODEX
810 3339 1286 3399 CORBEIENSIS.

115 3443 373 3502 sitientem
401 3487 417 3510 ,
458 3452 515 3500 et
543 3450 730 3513 potum
759 3439 853 3494 tibi
881 3435 1176 3513 dedimus?
1205 3433 1421 3505 quando
1451 3440 1628 3488 autem
1659 3440 1712 3513 te

120 3517 336 3572 vidimus
375 3505 818 3588 "peregrinum,
849 3508 1308 3588 et_colleximusi
1355 3514 1450 3588 aut
1496 3505 1711 3588 quando

121 3594 162 3639 te
185 3576 672 3642 vidimus'nuditm
699 3625 714 3649 ,
747 3576 810 3638 et
832 3580 1098 3636 teximus:
1133 3576 1347 3647 quando
1380 3587 1430 3630 te
1455 3576 1710 3649 vidimus

122 3655 373 3713 infirmum
403 3701 420 3727 ,
450 3668 506 3714 et
533 3659 585 3712 in
614 3647 860 3730 carcere,
899 3660 952 3706 et
976 3651 1227 3730 venimus
1261 3650 1326 3701 ad
1375 3648 1470 3730 t_c_?
1527 3647 1548 3678 ’
1604 3647 1710 3703 Re-

124 3731 379 3795 Spondens
403 3720 587 3785 autem
614 3727 752 3782 dixit
781 3724 889 3800 illis
913 3741 934 3800 εΔ
959 3723 1136 3800 Amen
1165 3720 1287 3800 dico
1316 3721 1502 3800 vobis,“
1519 3735 1708 3800 quum-

127 3787 198 3852 d'iu
222 3802 430 3857 fecistis
481 3801 574 3854 uni
626 3814 689 3853 ex
739 3807 764 3833 ιι
809 3793 1042 3849 minimis
1099 3792 1254 3858 istis,
1289 3791 1418 3844 mihi
1476 3787 1702 3845 fecistis.

127 3869 251 3927 Tunc
274 3874 423 3928 dicet
448 3881 504 3928 et
531 3872 610 3926 eis
630 3912 646 3935 ,
675 3870 766 3938 qui
791 3868 856 3922 ad
885 3867 1156 3920 sinistram
1188 3874 1311 3918 sunt
1336 3879 1350 3916 :
1383 3860 1650 3942 Discedite
1675 3875 1707 3916 a

129 3957 196 3997 tne
220 3945 492 4000 maledicti
515 3944 568 3996 in
591 3932 768 4009 ignem
799 3950 1078 4014 aeternum
1105 3976 1118 4000 ,
1151 3949 1311 4014 quem
1339 3932 1557 4014 paravit
1603 3932 1704 4014 Pa:

133 4023 194 4066 ter
215 4032 363 4070 meus
420 4006 638 4084 diabolo
661 4053 674 4076 ,
704 4020 757 4066 et
791 4009 994 4084 angelis
1025 4007 1160 4084 ejus.
1181 4006 1407 4084 _Esurivi
1440 4006 1620 4084 enim,
1652 4011 1706 4084 et

131 4100 212 4138 non
238 4088 468 4142 dedistis
499 4083 634 4138 mitti
663 4073 1021 4144 manducare;
1053 4073 1193 4133 sitivi
1221 4121 1235 4144 ,
1271 4084 1324 4131 et
1347 4091 1453 4130 non
1480 4073 1706 4128 dedistis

130 4158 235 4211 mzhi
262 4159 489 4214 bibere:
546 4153 910 4224 ‘peregrinus
963 4165 1160 4224 erant,
1208 4158 1262 4224 et
1314 4162 1433 4224 n_on_
1475 4144 1496 4175 ³
1542 4145 1706 4202 (ξουρτ

126 4231 253 4295 gustis
283 4247 371 4285 me
397 4246 413 4282 ε
441 4217 653 4290 nudus,
701 4217 756 4278 et
799 4237 919 4295 non
962 4221 990 4295 ‘_
1028 4220 1263 4295 vestistis
1278 4234 1320 4295 ;_
1345 4217 1626 4282 inﬁrmus,
1653 4225 1708 4271 et

126 4289 167 4351 in
193 4316 410 4356 carcere
433 4341 447 4366 ,
508 4309 579 4370 et!
607 4289 714 4350 non
753 4295 773 4324 ⁸
802 4292 1024 4370 venistis
1050 4291 1116 4346 ad
1146 4307 1254 4344 me.
1278 4289 1429 4370 'l‘unc
1480 4301 1707 4370 respon-

123 4371 372 4428 debuntet
402 4358 528 4440 ipsi,
550 4368 825 4440 dicentes:
856 4366 1101 4440 Domine,
1135 4360 1347 4440 quando
1379 4371 1429 4414 te
1449 4358 1702 4440 vidimus,

123 4433 442 4500 esurientem
469 4433 527 4497 et
553 4439 852 4513 sitientem,
886 4436 904 4466 ⁷
932 4443 1024 4489 aut
1049 4433 1273 4500 nudum,
1325 4440 1440 4513 aut.
1470 4433 1706 4513 peregri-

121 4527 354 4578 aum,aut
378 4514 677 4575 inﬁrmum,
705 4511 868 4563 autin
897 4520 1135 4578 carcere,
1161 4515 1213 4560 et
1241 4519 1346 4578 non
1371 4511 1701 4578 ministravi-

119 4573 353 4642 ωιιείώὶ
378 4587 404 4637 ?
448 4585 602 4638 'l‘unc
632 4573 983 4649 restiondebit
1017 4577 1122 4631 illis
1153 4578 1173 4608 ⁸
1202 4593 1214 4627 :
1246 4574 1439 4649 Amen
1461 4573 1582 4649 dico
1611 4586 1708 4626 vo-

116 4659 224 4713 Lis:
257 4656 528 4725 Quamdiu
547 4657 568 4687 ’
592 4654 681 4726 uni
711 4644 779 4706 ex
805 4649 1177 4726 minimisistis
1205 4662 1309 4700 non
1341 4644 1542 4699 fecistis
1561 4658 1706 4726 nuce

113 4730 238 4782 mihi
267 4719 498 4783 fecistis.
533 4727 600 4780 Et
629 4725 783 4778 ibunt
806 4722 882 4776 illi
910 4719 967 4776 in
988 4721 1030 4750 ¹⁰
1052 4720 1229 4790 ignem
1244 4726 1545 4784 aeternum,
1571 4719 1704 4785 justi

111 4810 288 4855 autent
313 4803 370 4855 in
401 4798 563 4854 vitam
589 4807 891 4853 aeternam.

3303 242 3416 300 322

2252 354 2489 412 CODEX
2529 353 2976 415 VERONENSIS.

1811 458 1864 506 te
1887 467 1902 505 :
1933 448 2205 507 sitientem
2222 490 2239 517 ,
2647 451 2782 506 mihi
2810 459 2997 520 potum
3021 466 3036 504 :

1809 530 1866 577 et
1888 522 2138 577 dedimus
2646 523 2739 578 43.
2783 521 2982 592 hospes
3010 536 3182 592 eram,

1811 592 1908 647 tibi
1937 593 2164 663 potum?
2649 601 2706 649 et
2725 609 2834 650 non
2856 596 2970 650 col-

1809 664 1897 718 58.
1938 665 2158 734 quando
2184 671 2371 722 autem
2650 664 2861 721 lexistis
2885 680 2975 723 me
3006 681 3024 720 :

1808 743 1864 790 te
1894 736 2134 792 vidimus
2649 737 2848 803 nudus,
2876 746 2934 793 et

1809 804 2077 876 hospitem
2093 848 2109 873 ,
2140 815 2194 862 et

1807 877 2126 948 collegimus
2156 888 2209 934 te
2237 891 2259 932 :

1808 958 1902 1004 aut
1938 949 2142 1004 nudum
2159 990 2176 1014 ,

2651 823 2760 863 non
2796 806 3128 880 operuistis;

2649 879 2920 963 inﬁrmus,
2945 889 3002 937 et

2650 967 2705 1006 111
2727 966 3030 1017 carcerem,

1809 1027 1866 1074 et
1898 1019 2183 1090 coeperui-
2650 1032 2707 1079 et
2734 1038 2840 1078 non
2871 1022 3056 1080 visita-

1807 1090 1898 1146 59.
1929 1105 2049 1146 mus
2074 1102 2124 1146 te
2149 1108 2162 1144 :
2189 1099 2284 1146 aut
2649 1095 2750 1150 stis
2771 1110 2880 1150 me.

1807 1161 2024 1240 quando
2055 1164 2141 1218 in-
2646 1166 2740 1240 μ,
2786 1166 2938 1240 Tum;
2965 1181 3193 1240 νεεροη-

1811 1234 2048 1299 firmum,
2075 1241 2169 1289 aut
2647 1235 2851 1292 debunt
2865 1238 2949 1364 (se)
2975 1250 3030 1295 et

1811 1304 1862 1358 in
1894 1319 2191 1364 carcerem,
2212 1313 2270 1360 et
2648 1305 2750 1364 insi
2771 1308 2832 1364 +.
2902 1308 3030 1364 ieeu-

1809 1304 1862 1358 in
1894 1319 2191 1378 carcerem,
2212 1313 2270 1378 et
2648 1305 2750 1378 ipsi
2771 1308 2832 1378 1-,
2865 1304 3052 1365 dicen-

1806 1376 2058 1450 venimus
2081 1375 2149 1431 ad
2175 1385 2228 1431 te
2249 1375 2274 1428 ?
2648 1375 2731 1434 tes
2755 1375 3021 1437 :Domiue
3039 1422 3056 1450 ,

1806 1444 1902 1520 40.
1944 1447 2014 1502 Et
2042 1461 2271 1520 respon-
2647 1450 2862 1520 quando
2894 1460 2948 1507 te

1808 1517 1946 1573 dens
1967 1533 2061 1573 rex
2107 1519 2240 1572 dicit
2647 1517 2882 1579 vidimus
2906 1537 3036 1578 esu-

1807 1589 1916 1644 illis
1941 1607 1953 1643 :
1982 1592 2157 1644 Amen
2651 1593 2906 1659 rientem,

1811 1659 1933 1715 dico
1955 1661 2113 1732 vobis
2125 1701 2142 1726 ,
2649 1671 2743 1719 aut
2769 1663 3086 1732 sitientem‘,

1808 1731 2072 1806 quamdiu
2092 1731 2177 1806 fe:
2649 1745 2741 1791 aut
2768 1735 3061 1806 hospitem,

1808 1803 1960 1875 cistis
1986 1804 2076 1858 uni
2110 1801 2187 1874 (α)
2650 1815 2744 1862 aut
2765 1801 2990 1875 nudum,
3017 1801 3104 1864 vel

1811 1872 2000 1928 borum
2026 1872 2134 1945 {ra-4
2649 1878 2704 1933 in
2731 1872 3028 1945 carcerem,

1811 1952 1988 2028 tritum
2016 1944 2059 2016 1·
2080 1959 2261 2001 meum

1807 2030 2157 2072 mtntmorum
2180 2057 2195 2083 ,

1809 2087 1943 2141 mihi
1967 2086 2193 2142 fecistis.

1807 2156 1901 2212 41.
1945 2158 2096 2213 Tunc
2130 2157 2263 2214 dicit

1810 2229 1880 2294 is,
1909 2228 2004 2298 qui
2035 2229 2104 2284 ad

1807 2300 2048 2356 sinistris
2077 2300 2197 2370 ejus

1809 2383 1936 2426 sunt
1963 2389 1977 2426 :
2013 2373 2197 2427 Disce-

1810 2443 1921 2498 dite
1950 2457 1980 2497 a
2009 2457 2098 2498 me
2127 2457 2246 2498 ma-

1808 2513 1993 2569 ledicti
2025 2516 2075 2568 in
2109 2515 2286 2586 ignem

1810 2593 2112 2654 aeternum,
2135 2584 2253 2668 1b)..

1809 2671 1970 2728 quem
1998 2669 2210 2728 paravit

1810 2727 2154 2800 Pateri’meus
2179 2729 2222 2800 ’ὶ-

1810 2799 2032 2854 diabulo
2051 2841 2066 2866 ,
2089 2809 2146 2856 et

1811 2871 2020 2940 angelis
2049 2870 2191 2940 ejus.

1810 2939 1905 2993 42.
1947 2939 2124 2996 Esurii
2153 2942 2321 3009 enim,

1811 3020 1868 3066 et
1893 3026 2001 3066 non
2027 3012 2252 3068 dedistis
2273 3012 2406 3069 mihi

1812 3083 2144 3143 manduCare
2165 3100 2178 3136 :

1812 3153 1990 3219 sitivi,
2023 3163 2079 3208 et

1813 3240 1920 3281 non
1947 3225 2176 3282 dedistis

2280 3337 2514 3396 CODEX
2549 3339 2943 3399 BRIXIANUS.

1815 3441 1910 3508 aut
1936 3433 2210 3508 sitientem
2234 3442 2290 3490 et
2310 3434 2632 3508 potavimus.
2662 3436 2878 3508 quando
2900 3445 3076 3493 autem
3101 3444 3155 3494 te
3179 3437 3412 3496 vidimus

1815 3503 2108 3580 hospitem.
2144 3516 2200 3561 et
2225 3503 2548 3580 collieximus
2578 3503 2898 3580 aut'nudum
2924 3517 2977 3564 et
3003 3511 3407 3580 eooperuimus.

1813 3587 1906 3631 aut
1927 3577 2142 3647 quando
2171 3586 2222 3633 te
2254 3579 2486 3634 vidimus
2515 3579 2788 3635 inﬁrmum
2841 3591 2934 3635 aut
2981 3580 3036 3636 in
3079 3577 3321 3638 carcere.
3353 3590 3412 3638 et

1813 3651 2058 3704 venimus
2085 3649 2152 3702 ad
2178 3658 2242 3704 te.
2297 3650 2364 3704 Et
2390 3651 2728 3718 restiondens
2774 3667 2866 3707 rex
2897 3651 3042 3707 dicet
3071 3652 3201 3707 illis.
3230 3653 3406 3709 Amen

1811 3719 1934 3774 dico
1960 3721 2110 3776 vobis
2136 3721 2392 3789 quamdiu
2424 3721 2623 3777 fecistis
2656 3721 2746 3777 uni
2773 3723 2841 3778 de
2868 3725 2953 3778 his
2988 3723 3242 3780 fratribus
3269 3724 3407 3780 meis

1812 3791 2066 3846 minimis.
2099 3792 2228 3864 mihi
2251 3792 2473 3846 fecistis.
2505 3791 2659 3848 Tunc
2685 3793 2848 3864 dicet.
2878 3802 2932 3849 et
2960 3793 3045 3848 his
3071 3796 3160 3864 qui
3185 3810 3215 3849 a
3241 3795 3404 3849 sinis.

1813 3864 1908 3916 tris
1939 3871 2118 3918 erunt.
2158 3863 2426 3919 Discedite
2465 3879 2496 3917 a
2525 3880 2610 3919 me
2639 3863 2910 3919 maledicti
2935 3865 2986 3918 in
3021 3863 3197 3935 ignem
3229 3876 3407 3922 aeter-

1811 3949 1960 3988 num.
1987 3935 2077 4004 qui
2106 3947 2325 4006 paratus
2354 3945 2437 3990 est
2462 3935 2681 3990 diabolo
2706 3943 2763 3990 et
2786 3935 2992 4006 angelis
3019 3938 3158 4005 ejus.
3186 3937 3400 3990 Esurivi

1809 4007 1950 4059 enim
1982 4014 2036 4059 et
2062 4021 2168 4060 non
2197 4005 2420 4061 dedistis
2448 4007 2578 4060 mihi
2627 4005 2972 4061 manducare.
3004 4006 3170 4061 sitivi.
3205 4015 3258 4062 et
3298 4023 3404 4063 non

1809 4076 2032 4131 dedistis
2060 4077 2192 4130 mihi
2225 4084 2430 4146 potum.
2475 4079 2673 4146 hospes
2727 4077 2803 4131 fui
2844 4090 2898 4132 et
2939 4092 3046 4132 non
3091 4079 3406 4147 suscepistis

1811 4162 1918 4201 me.
1972 4147 2147 4202 nudus
2196 4155 2254 4203 et
2311 4164 2417 4202 non
2448 4149 2807 4217 cooperuistis
2855 4164 2959 4202 me.
2993 4148 3237 4204 inﬁrmus
3267 4150 3405 4205 etin

1811 4233 2086 4291 carcerem
2112 4229 2166 4291 et
2195 4234 2304 4291 non
2359 4219 2616 4275 visitastis
2653 4234 2758 4291 me.
2798 4219 2951 4275 Tunc
2981 4220 3410 4291 respondebunt

1809 4289 1860 4344 ei
1909 4297 1966 4344 et
2027 4289 2130 4359 ipsi
2194 4290 2455 4348 dicentes.
2541 4289 2764 4362 Domine
2815 4290 3029 4362 quando
3077 4289 3131 4348 te
3177 4291 3409 4360 vidimus

1810 4362 2139 4416 esurientem
2177 4376 2246 4416 au
2293 4364 2585 4417 sitientem.
2628 4377 2695 4416 au
2738 4361 3027 4432 hospitem.
3083 4378 3150 4417 au
3182 4362 3403 4418 nudum.

1810 4447 1876 4486 an
1927 4433 2220 4487 inﬁrmum.
2281 4448 2351 4488 au
2400 4435 2454 4488 in
2506 4447 2781 4489 carcerem
2833 4443 2888 4489 et
2934 4437 3040 4489 neu
3081 4435 3408 4490 ministravi-

1815 4518 1935 4558 mus
1963 4505 2078 4558 tibi.
2130 4504 2282 4560 Tunc
2316 4504 2669 4575 respondebit
2712 4503 2821 4560 illis
2846 4505 3052 4561 dicens.
3089 4506 3262 4561 Amen
3285 4506 3411 4563 dico

1814 4575 1967 4630 vobis
2004 4575 2267 4643 Quamdiu
2297 4591 2403 4630 non
2433 4576 2637 4631 fecistis
2658 4577 2748 4631 uni
2775 4577 2844 4632 de
2870 4576 3170 4633 minoribus
3197 4577 3280 4634 his
3311 4593 3412 4634 nec

1814 4647 1943 4720 mihi
1979 4647 2213 4720 fecistis._
2234 4657 2291 4702 et
2324 4647 2531 4720 bibunt
2561 4647 2658 4702 hii.
2700 4648 2758 4703 in
2787 4649 3073 4720 suplicium
3103 4657 3408 4706 aeternum.

1808 4718 1940 4788 justi
1979 4725 2159 4774 autem
2203 4717 2258 4772 in
2287 4717 2451 4773 vitam
2477 4726 2785 4775 aeternam.

2643 1959 2740 2004 aut
2764 1949 3036 2005 inﬁrmum
3053 1990 3069 2017 ,

2642 2029 2698 2076 et
2727 2035 2834 2075 non
2865 2020 3204 2078 ministrabi-

2645 2107 2768 2148 mus
2793 2091 2890 2146 tibi
2914 2093 2938 2145 ?

2645 2161 2736 2235 {5.
2758 2162 2932 2235 ATunc
2953 2177 3180 2235 respon-

2646 2233 2796 2289 debit
2820 2234 2927 2290 illis

2646 2303 2836 2360 dicens
2870 2323 2883 2358 :
2908 2307 3082 2362 Amen

2645 2375 2771 2432 dico
2795 2377 2951 2432 vobis
2981 2395 2994 2430 :

2646 2446 2898 2516 Quandiu
2921 2463 3029 2503 non

2647 2520 2857 2575 fecistis
2879 2518 2971 2574 uni

2648 2589 2719 2646 de
2754 2589 3056 2646 minoribus

2648 2659 2756 2728 his,
2786 2676 2886 2718 nec
2919 2661 3021 2716 mi-

2649 2731 2704 2786 hi
2737 2733 2960 2788 fecistis.

2650 2803 2720 2858 Et
2745 2804 2902 2860 ibunt
2922 2803 2980 2859 bi

2649 2875 2704 2928 in
2727 2876 2907 2945 ignem

2646 2953 2954 3010 aeternum,

2643 3014 2775 3086 justi
2805 3025 2985 3071 autem

2648 3087 2704 3141 in
2735 3086 2898 3142 vitam
2917 3093 3094 3143 aeter-

810 4907 1207 4967 VARIANTES
1244 4901 1624 4962 LECTIONES
1661 4897 1928 4958 CODICIS
1965 4895 2080 4953 MS.
2122 4896 2184 4953 S.
2223 4894 2734 4956 GERMANENSIS.

169 5019 183 5047 ³
224 5016 534 5079 hospitem...
557 5019 643 5063 aut
665 5008 867 5071 nudum,
896 5001 1304 5079 etc.,.ttt_}fttlg.“
1544 5062 1556 5079 Β

167 5081 188 5109 ³
223 5077 290 5128 Et
315 5065 621 5138 respondens
643 5087 734 5125 rex
751 5110 766 5134 ,
804 5065 922 5132 ct'c.,
942 5065 1066 5120 utin
1105 5065 1314 5132 Vulgata
1341 5073 1518 5127 usque,
1544 5065 1712 5127 ignem

103 5150 375 5192 aeternum

163 5205 415 5265 ιιιοςρεε

163 5268 185 5296 δ
221 5265 507 5315 collexistis

156 5332 180 5364 ³
217 5328 495 5393 opertustis
513 5340 596 5378 me

169 5522 195 5549 ιι
230 5509 380 5567 Huic
426 5505 644 5564 lectioni
693 5498 1041 5559 Corbeiensis
1083 5496 1289 5555 codicis
1336 5493 1545 5557 favent,
1569 5506 1708 5549 non-

104 5585 248 5639 nulla
275 5579 614 5651 exemplaria
644 5575 991 5642 Graecorum,
1024 5580 1082 5628 ut
1103 5569 1291 5626 videre
1311 5576 1397 5624 est
1433 5569 1575 5622 inter
1612 5579 1708 5619 va-

1884 4994 1906 5024 ⁶
1951 4991 2181 5042 visitastis

1885 5058 1905 5087 ⁷
1941 5062 2027 5106 aut.
2050 5055 2311 5116 hospitem,
2336 5061 2421 5107 aut
2439 5053 2624 5106 nudum

1881 5119 1905 5150 ⁸
1936 5119 2110 5168 dicens

1883 5183 1925 5246 ξ,
1945 5182 2008 5232 Ut
2034 5178 2174 5246 Vulg.

1886 5243 1930 5276 ιο
1967 5243 2172 5307 poenam
2195 5245 2450 5296 aeternam

1447 5389 2089 5468 BLAncuIthnom.

1810 5489 2014 5545 riantes
2054 5486 2314 5544 lectiones
2356 5481 2577 5544 Graecas
2624 5483 2761 5544 Novi
2789 5484 3122 5547 Testameuti
3152 5495 3286 5544 tom.
3346 5488 3414 5546 Vl

1811 5560 2080 5634 Polyglot.
2111 5559 2344 5617 Londin.

165 5701 249 5772 (α)
280 5699 366 5754 ita
399 5706 454 5752 et
479 5704 593 5772 t_ex._
611 5693 708 5750 Gr.
725 5692 937 5772 fautor;
963 5696 1062 5772 ἰῶν
1086 5686 1333 5772 ᾀδελφῶν.
1361 5713 1433 5727 -ι-
1450 5680 1523 5755 (b)
1569 5679 1647 5735 Ita
1699 5697 1706 5730 ι

1811 5676 1914 5734 :od.
1963 5677 2120 5734 Cant.
2163 5673 2217 5733 ὃν
2249 5677 2523 5747 ἡτοίμασεν
2551 5673 2578 5732 ὁ
2604 5677 2776 5750 πατήρ
2821 5693 2942 5744 μου.
2968 5699 3036 5710 —-
3066 5663 3142 5742 (ε)
3178 5665 3326 5729 Ante
3365 5682 3415 5730 et

107 5759 191 5842 ipsi
212 5759 499 5844 {deestei
525 5767 691 5826 etiam
724 5766 778 5821 in
809 5763 931 5820 cod.
963 5759 1122 5818 Cant.
