3980 6192
79 253 182 320 52⁵

83 440 155 494 cit
176 439 227 494 in
258 453 464 495 memo-

81 512 212 565 riam
241 511 346 565 sui.

84 581 170 637 14.
212 580 361 637 Tunc
387 578 514 644 abllt
535 595 676 638 unus

83 653 147 707 de
171 652 451 706 duodecim

83 724 378 793 discipulis.
400 723 491 793 qui

83 792 218 848 dici.
243 834 256 846 .
302 835 314 844 .
352 792 521 850 Juilas

83 865 316 922 Scarioth
335 907 350 933 ,
375 865 444 919 ad

89 939 300 1006 pri...
341 950 553 1006 pessu-

88 1007 168 1062 15.
206 1023 253 1063 c.
297 1046 313 1062 .
357 1047 371 1060 .
418 1045 432 1060 .
475 1016 718 1078 tum,et

89 1093 135 1132 a.
177 1117 191 1132 .
230 1078 381 1133 tillis
408 1119 422 1132 .
449 1078 590 1147 Quid

88 1149 237 1204 vultis
266 1149 397 1203 mihi

91 1221 211 1276 dare
225 1264 240 1283 .
262 1230 314 1275 et
341 1235 442 1289 ego

94 1293 235 1346 vobis
258 1291 410 1346 illum

98 1363 328 1417 tradam?
355 1361 436 1418 Ad
463 1361 530 1417 il—

97 1434 132 1488 li
157 1442 446 1488 statuerunt

99 1505 166 1559 illi
210 1520 328 1560 xxx.
367 1504 446 1575 (a)
478 1512 593 1575 sta-

100 1575 175 1631 16.
213 1588 346 1630 teres
370 1574 430 1647 ἦν.
477 1574 549 1631 Et
586 1575 736 1632 exin-

101 1647 159 1702 de
182 1646 460 1718 quaerebat

104 1719 399 1787 Opportuni-

105 1799 246 1844 tatem
274 1799 332 1844 111
354 1803 480 1845 eum

102 1860 333 1915 traderet.

104 1931 175 1984 l7.
215 1931 385 1986 Prima
416 1940 596 1987 autem

99 2002 174 2056 die
202 2018 409 2074 azymo-

98 2089 203 2127 rum
229 2089 405 2129 acces-

98 2156 268 2198 serunt
303 2145 414 2198 dis-

96 2216 243 2284 cipuli
270 2215 336 2269 ad
363 2214 550 2272 Jesum
574 2255 590 2282 ,

94 2286 323 2342 dicentes
352 2306 365 2338 :

96 2356 189 2412 Ubi
217 2357 295 2412 vis
326 2372 482 2428 prae-

158 2444 232 2484 re.
265 2468 278 2481 .
325 2431 468 2484 usti-

129 2502 139 2552 i
169 2499 462 2554 manduca-

92 2586 146 2624 re
170 2571 376 2626 Pascha
404 2571 427 2625 ?

96 2641 176 2695 l8.
217 2641 374 2697 Jesus
393 2652 574 2696 autem
600 2639 741 2696 dixit

93 2714 164 2766 eis
195 2731 208 2765 :
233 2713 309 2769 lte
337 2715 389 2767 in
418 2713 494 2768 ci-

95 2785 252 2854 vitate
273 2827 287 2848 ,
311 2786 377 2838 ad
405 2797 595 2854 quem-

93 2853 207 2910 dam
221 2898 236 2921 ,
264 2865 318 2911 et
349 2853 478 2911 dici-

97 2932 141 2978 te
167 2929 213 2982 ei
245 2946 258 2981 :
281 2925 474 2998 Magis-

97 3007 172 3052 ter
191 2999 318 3052 dicit
354 3017 366 3051 :
396 2998 557 3054 Tem-

95 3081 185 3136 pus
209 3084 383 3125 meum

96 3152 250 3207 prope
272 3152 375 3204 est,
402 3153 534 3212 aput

99 3219 146 3264 te
169 3211 303 3294 facio
333 3212 537 3294 Pascha

102 3293 212 3336 cum
234 3282 396 3339 disci-

104 3351 178 3406 l9.
220 3354 352 3422 pulis
378 3354 534 3411 meis.
567 3355 636 3410 Et

106 3422 330 3480 fecerunt

106 3492 332 3566 discipuli
358 3497 431 3552 si-

107 3577 179 3620 cut
198 3583 344 3638 prae.
391 3607 406 3622 .
451 3609 467 3622 .

1034 251 1483 317 EVANGEUUI
1518 249 1888 314 SECUNDUM
1922 250 2279 308 MAT'I'IUEU
2289 252 2358 308 11.

472 344 705 414 CODEX
739 343 1278 410 VERCELLENSIS.

911 449 1064 510 perat
1089 442 1160 495 ei.
1207 479 1222 494 .
1267 481 1282 496 .
1329 480 1344 496 .

913 521 966 567 et
991 526 1220 580 parave-

910 592 1036 638 runt
1063 582 1290 638 Pascha.

911 653 1002 708 20.
1041 653 1287 725 Cumque
1314 669 1427 714 ser.
1473 695 1487 709 .

913 736 1058 782 esset
1089 724 1288 782 factum
1313 767 1329 794 ,

913 795 1189 852 discubuit

913 881 1036 922 cum
1069 867 1275 924 duode-

913 938 1018 994 cim
1041 937 1206 993 disci-

914 1009 1007 1064 21.
1048 1011 1188 1078 pulis
1217 1011 1351 1066 suis.
1392 1009 1458 1068 Et

915 1081 1246 1136 manducan-

917 1152 1059 1207 tibus
1085 1153 1192 1216 eis,
1222 1152 1308 1207 di-

913 1223 993 1278 xit
1023 1238 1042 1277 :
1071 1223 1240 1279 Amen
1271 1222 1356 1280 di-
1401 1285 1408 1289 _

914 1308 978 1348 co
1006 1295 1156 1350 vobis
1180 1336 1197 1361 ,
1222 1294 1350 1365 quia

913 1381 1053 1420 unus
1082 1382 1146 1421 ex
1172 1383 1265 1420 V0-

914 1436 998 1492 bis
1019 1437 1199 1491 tradet
1228 1451 1334 1490 me.

913 1507 1004 1562 ‘22.
1049 1507 1117 1562 Et
1136 1507 1426 1566 vehemen-

914 1588 998 1634 ter
1023 1580 1256 1634 contris-

916 1651 1046 1705 tatis
1064 1691 1080 1715 ,
1105 1664 1302 1721 coepe-

917 1728 1045 1776 runt
1074 1721 1258 1776 dicere

918 1793 1117 1863 singuli
1148 1809 1161 1844 :
1189 1792 1354 1846 Num-

917 1863 1045 1934 quid
1076 1879 1177 1934 ego
1199 1878 1317 1917 sum

914 1933 1008 1990 25.
1050 1933 1274 1989 Domine
1295 1936 1318 1986 'f
1338 1933 1545 2002 Quibus

915 2006 1254 2074 respondens

916 2076 1076 2160 gestis
1099 2117 1118 2158 _,
1157 2076 1332 2144 dixit,
1364 2074 1469 2150 Qui

917 2158 1135 2216 itillngtt
1161 2163 1275 2201 me-

917 2235 1038 2274 cum
1071 2234 1288 2301 manum
1320 2217 1371 2273 in
1403 2217 1538 2274 catl-

920 2305 1082 2356 num,
1114 2289 1204 2344 hic
1234 2305 1321 2343 me

918 2362 1010 2416 24.
1054 2360 1249 2415 Iradet.
1280 2361 1453 2417 Filius

921 2431 1141 2504 quidem
1176 2431 1273 2504 ho-

921 2502 1083 2558 minis
1124 2502 1272 2558 vadit
1305 2545 1320 2568 ,

917 2575 1058 2630 sicut
1087 2575 1344 2644 scriptum

918 2656 1003 2702 est
1029 2645 1097 2700 de
1126 2661 1212 2700 eo.

918 2732 1016 2772 vae
1040 2726 1218 2772 autem
1248 2715 1349 2771 ho-

919 2787 1053 2844 mini
1081 2787 1194 2856 illi,
1221 2802 1317 2858 per

920 2874 1102 2930 quem.
1149 2900 1164 2914 .
1208 2898 1221 2911 .
1269 2901 1280 2912 .
1326 2874 1389 2914 us

919 2930 1126 2986 homin.
1174 2971 1187 2984 .
1235 2969 1250 2985 .
1293 2965 1308 2981 .
1354 2971 1367 2984 .
1398 2944 1460 2984 a-

919 3001 1361 3066 di....,..

923 3087 1439 3130 ...reav....

918 3160 1310 3199 num.....

921 3217 1127 3270 sinon.
1175 3256 1188 3268 .
1236 3255 1250 3269 .
1297 3255 1310 3269 .
1361 3255 1375 3268 .

920 3298 1004 3342 set
1038 3298 1149 3342 nat.
1197 3327 1210 3340 .
1257 3327 1271 3341 .
1320 3327 1334 3341 .
1380 3325 1395 3340 .

921 3373 1012 3412 mo
1045 3357 1159 3414 ille.
1207 3398 1221 3410 .
1267 3397 1280 3410 .
1326 3396 1341 3409 .

919 3427 1010 3498 25.
1057 3428 1432 3498 Respondeas.

918 3497 1088 3571 ludas
1107 3538 1124 3565 ,
1155 3497 1237 3571 (id)
1267 3501 1359 3570 qui
1383 3511 1490 3555 tra-

923 3569 1133 3626 diturus
1161 3569 1295 3626 erat
1315 3571 1352 3643 ’ξ-

509 3656 741 3714 CODEX
772 3657 1239 3719 CORBEIENSIS.

111 3752 222 3806 riam
256 3754 398 3823 ejus.
444 3752 595 3808 Tunc
634 3753 770 3808 abiit
799 3769 938 3810 unus
975 3770 1042 3811 ex
1080 3755 1405 3816 duodecim,
1452 3754 1543 3824 qui
1602 3753 1683 3807 di-

112 3825 300 3879 cebatur
325 3824 514 3896 ludas
537 3824 771 3886 Scariot,
811 3824 876 3878 ad
906 3827 1175 3896 principes
1215 3825 1580 3885 sacerdotum.
1628 3832 1685 3880 et

114 3898 168 3948 ait
201 3897 302 3950 illis
335 3913 348 3946 τ
379 3894 519 3963 Quid
569 3896 730 3949 vultis
769 3894 1098 3961 milii—dare,
1139 3909 1192 3953 et
1222 3913 1324 3966 ego
1365 3897 1515 3952 vobis
1555 3911 1679 3950 eum

113 3967 337 4038 tradam?
392 3967 459 4022 At
503 3967 579 4019 illi
605 3969 1004 4022 constituerunt
1028 3971 1076 4022 ei
1108 3970 1325 4037 triginta
1366 3978 1677 4038 argenteos.

111 4034 160 4089 Et
198 4039 395 4093 exinde
443 4038 741 4106 quaerebat
789 4034 1248 4108 opportunitatem
1296 4050 1351 4092 ut
1389 4034 1514 4093 etim
1573 4048 1684 4092 tra-

2204 341 2442 405 CODEX
2482 339 2938 400 VERONENSIS.

1773 439 1902 521 fecit
1925 439 1983 522 in.
2002 453 2208 495 memo-

1774 527 1851 566 rta
1885 525 2077 578 tpsms.

2608 435 2768 490 Jesus
2784 476 2797 498 ,
2823 446 2877 490 et
2907 448 3000 505 pa-

2607 515 2871 561 raverunt

1773 584 1864 638 14.
1906 576 2057 636 Tunc
2084 580 2220 636 abiit
2611 576 2844 631 Pascha.

1772 667 1916 708 unus
1938 651 2008 708 de
2035 652 2241 708 duode-
2612 647 2705 703 20.
2746 646 2995 718 Vespere
3020 663 3124 707 au-.

1774 726 1914 788 cim,
1942 723 2033 795 qui
2056 723 2232 795 Iudas,
2615 729 2722 795 t_em
2753 717 2893 795 facto
2915 761 2932 786 ,

1775 793 1977 850 dicitur
2005 793 2255 852 Scarioth
2274 835 2293 863 ,

1777 865 1843 921 ad
1877 867 2152 935 principes

1777 937 2121 992 sacerdotum
2141 977 2158 1005 ,

1778 1018 1831 1062 et
1857 1012 1931 1062 ait
1965 1009 2071 1063 illis
2101 1025 2114 1061 :

1780 1079 1868 1134 15.
1899 1078 2039 1146 Quid
2067 1078 2230 1138 vultis
2249 1079 2352 1144 mi-

1783 1151 1834 1204 lii
1859 1149 1989 1204 dare
2010 1191 2025 1215 ,
2050 1160 2108 1205 et

1780 1235 1883 1292 ego
1913 1221 2071 1276 vobis
2087 1235 2212 1278 eum

1783 1291 1990 1346 tradam
2016 1292 2040 1344 ?

1808 1307 1990 1346 ranam
2018 1307 2033 1344 ξ

1782 1361 1874 1418 16.
1917 1363 1997 1417 Ad
2025 1363 2101 1418 illi
2126 1378 2252 1421 con-

1782 1438 2082 1489 stituerunt
2102 1436 2155 1490 ei

1783 1520 1915 1578 xxx.
1941 1507 2019 1578 (a)
2047 1515 2215 1561 state-

1783 1591 1873 1630 res
1893 1577 1959 1648 1-.
1988 1579 2054 1631 Et
2079 1579 2234 1634 exin-

2612 791 2889 846 discubuit
2917 806 3044 858 cum

2612 877 2707 917 xn.
2741 861 3023 932 discipulis

2613 933 2706 987 21.
2748 935 2885 987 suis.
2921 935 2986 990 Et
3005 933 3172 1000 eden-

2613 1004 2758 1080 t_ibus
2779 1004 2887 1060 illis
2905 1047 2924 1080 ,

2612 1074 2750 1130 dixit
2791 1095 2802 1128 :

2614 1146 2790 1202 Amen
2820 1146 2946 1204 dico

2615 1219 2771 1273 vobis
2795 1261 2810 1285 ,
2844 1219 2990 1288 quod

2615 1304 2758 1344 unus
2785 1300 3027 1354 vestrum

2617 1376 2705 1416 me
2739 1362 2967 1418 traditu-

2618 1447 2713 1486 I'llS
2740 1441 2845 1487 881.

2620 1503 2713 1556 22.
2758 1503 2824 1558 Et
2854 1503 3057 1564 contri-

2619 1574 2747 1630 stati
2777 1575 2972 1644 nimis,

1785 1648 1854 1702 de
1885 1649 2182 1716 quaerebat
2619 1654 2920 1715 coeperunt

1781 1721 2252 1788 Opportunitatem
2619 1717 2816 1788 singuli
2847 1716 2995 1780 diee-

1783 1799 1841 1844 ut
1865 1806 1986 1844 enm
2011 1791 2190 1847 trade-
2619 1803 2680 1843 re
2705 1806 2718 1840 :
2748 1787 3024 1854 Numquid

1784 1871 1874 1933 ret
1900 1859 1976 1932 (b)
1999 1862 2079 1916 eis
2098 1863 2158 1933 οἳ.
2619 1873 2722 1929 ego
2750 1874 2868 1933 sum
2901 1859 3008 1924 Do-

1782 1932 1874 1988 17.
1917 1933 2096 1988 Prima
2115 1932 2300 1996 autem
2331 1933 2421 1992 die

1781 2018 2098 2086 azymorum
2121 2020 2312 2086 acces-

1783 2084 1974 2130 serunt
2002 2073 2165 2130 disci—

1783 2144 1898 2215 puli
1930 2145 1996 2198 ad
2028 2145 2214 2202 Jesum
2240 2188 2257 2216 ,

1785 2216 2033 2274 dicentes
2058 2232 2071 2270 :
2109 2216 2208 2276 Ubi

2620 1931 2812 1985 mine?

2619 1999 2714 2056 23.
2756 2001 2837 2056 Ad
2867 2002 2982 2072 ipse
3012 2017 3098 2066 ro-

2619 2072 2899 2140 stiondens
2929 2115 2943 2138 ,
2968 2075 3044 2130 ait
3077 2092 3091 2130 :

2620 2143 2721 2211 Qui
2753 2144 2969 2215 intingit

2620 2230 2835 2270 mecum
2868 2232 3088 2280 manum

1783 2287 1871 2341 bis
1893 2301 2146 2356 paremus
2622 2285 2678 2356 in
2707 2287 3026 2356 parabside,

1789 2355 2122 2414 tibi’Pasclia
2624 2355 2717 2413 hic
2743 2373 2829 2412 me
2857 2367 2966 2413 tra-

1787 2428 2161 2485 mandncare?
2621 2427 2715 2483 24.
2758 2428 2870 2484 det.
2897 2429 3070 2492 Filius

1791 2501 1895 2574 l8.
1923 2499 1998 2572 (c)
2023 2502 2104 2557 Ad
2128 2501 2222 2558 ille
2246 2503 2283 2574 οξ·
2623 2499 2843 2574 quidem
2873 2502 2974 2574 lio-

1786 2572 1926 2626 dixit
1961 2575 2040 2627 eis
2069 2592 2082 2627 :
2261 2572 2270 2574 “
2625 2572 2790 2626 minis
2816 2573 2996 2640 vadit,

1791 2641 1868 2698 Ite
1898 2643 1950 2697 in
1981 2645 2114 2700 civi-

1791 2723 1901 2770 tate
1922 2756 1936 2780 ,
1961 2715 2029 2770 ad
2057 2731 2246 2783 quem-

1788 2785 1912 2840 dam
1939 2827 1954 2849 ,
1984 2797 2038 2842 et
2067 2788 2232 2852 dicite

1789 2856 1840 2910 ei
1871 2873 1885 2909 :
1918 2856 2175 2915 Magister

1791 2926 1923 2982 dicit
1949 2945 1962 2980 :
1987 2926 2226 3001 Tempus

1792 3013 1973 3053 meum
2006 3015 2176 3072 prope

1792 3077 1877 3124 est
1898 3111 1913 3132 .
1943 3082 2075 3136 aput
2106 3081 2158 3127 tc

1792 3139 1935 3195 facio
1963 3141 2172 3198 Pascha

1791 3226 1915 3286 cum
1944 3213 2188 3286 discipu-

1792 3282 1861 3337 lis
1883 3285 2040 3339 meis.

1791 3353 1882 3409 19.
1929 3355 1997 3410 Ει
2028 3354 2273 3413 fecerunt

1791 3423 2044 3496 discipuli

1791 3497 1935 3552 sicut
1967 3513 2125 3568 prae-

1793 3571 1940 3640 cepit
1971 3569 2082 3624 illis

2626 2642 2771 2715 sicut
2797 2645 3058 2715 scriptum

2626 2725 2711 2769 est
2736 2714 2804 2769 de
2827 2714 2920 2770 illo
2948 2735 2961 2770 :

2627 2800 2727 2841 V38
2756 2797 2939 2841 autem

2627 2855 2836 2912 homini
2885 2855 2963 2912 illi
2994 2874 3008 2912 :

2700 2943 2726 2982 r
2746 2943 2907 3010 quem
2929 2926 3074 2984 ﬁlius

2671 3009 2868 3054 ominis
2896 3009 3002 3053 tra-

2613 3069 2776 3124 ditur
2803 3087 2818 3122 :

2631 3139 2834 3194 bonum
2862 3148 2981 3195 erat

2631 3211 2836 3266 homini
2867 3211 2944 3265 illi

2627 3283 2836 3338 25.non
2860 3282 3032 3338 nasci.

2630 3354 2987 3424 Respondeas

2629 3423 2812 3482 autem
2843 3425 3032 3490 Judas,
3065 3423 3150 3496 (ά)

2627 3497 2719 3570 qui
2751 3499 3052 3553 traditurus

2627 3579 2748 3630 erat
2772 3570 2813 3641 1-
2839 3585 2994 3638 eum.

2254 3659 2490 3720 CODEX
2527 3660 2917 3718 BRIXIANUS.

1790 3750 1920 3807 fecit
1970 3753 2023 3807 in
2053 3756 2375 3809 memoriam
2403 3754 2543 3824 ejus.
2593 3754 2742 3808 Tunc
2770 3754 2905 3808 abiit
2931 3768 3071 3824 unus
3097 3767 3162 3812 ex
3191 3752 3397 3808 duode-

1789 3824 1920 3878 cim.
1956 3826 2046 3895 qni
2093 3826 2295 3880 dicitur
2322 3827 2491 3881 ludas
2519 3824 2858 3882 Scariothes.
2897 3837 2950 3895 at
2983 3823 3256 3894 principes
3304 3838 3395 3879 sa-

1791 3894 2076 3951 cerdotum
2108 3906 2164 3952 et
2209 3899 2284 3953 ait
2331 3899 2458 3954 illis.
2486 3897 2626 3966 Quid
2655 3897 2816 3950 vultis
2846 3894 2976 3950 Illlhl
3022 3895 3154 3950 dare
3181 3905 3238 3948 et
3296 3909 3398 3964 ego

1789 3967 1949 4022 VObiS
2000 3984 2123 4023 eum
2179 3969 2410 4024 tradam.
2447 3971 2512 4022 At
2546 3969 2620 4022 illi
2669 3976 2977 4022 statuerunt
3031 3966 3081 4022 ei
3129 3981 3256 4019 xxx.
3309 3981 3397 4019 ar-

1789 4047 2036 4108 genteos.
2097 4040 2165 4094 Et
2219 4041 2414 4095 exinde
2467 4039 2763 4111 quaerebat
2821 4038 3283 4111 opportunitatem
3338 4049 3396 4090 ut

1791 4123 1917 4162 eum
1944 4111 2204 4166 traderet.

3263 251 3376 311 326

108 4107 252 4163 deret.
307 4109 494 4180 l’rima
541 4119 720 4180 autem
777 4107 1090 4180 aiymorum
1136 4120 1481 4166 accesserunt
1516 4109 1682 4180 disci-

105 4182 196 4248 puli
240 4180 305 4234 ad
355 4179 587 4244 .lesum,
639 4179 927 4235 dicentes:
985 4180 1088 4238 Ubi
1141 4183 1222 4236 vis
1280 4195 1536 4251 mremus
1583 4179 1681 4234 tibi

104 4253 378 4306 comedere
411 4251 657 4306 Pascha?
685 4251 701 4282 ¹
745 4251 837 4307 Ait
865 4251 1025 4308 Jesus
1070 4270 1082 4306 :
1139 4253 1217 4306 lte
1269 4255 1320 4306 in
1373 4254 1681 4317 civitatem,

100 4324 156 4375 ad
181 4323 504 4392 quemdam,
545 4333 601 4376 et
649 4322 813 4378 dicite
863 4323 957 4379 ei:
1017 4325 1266 4394 Magister
1296 4323 1467 4378 dicit:
1524 4321 1686 4376 Tem-

99 4409 186 4461 pus
239 4409 419 4448 meum
472 4409 642 4463 prope
693 4404 813 4458 est,
862 4395 1001 4463 apud
1050 4405 1100 4450 te
1131 4395 1272 4450 facio
1326 4396 1529 4448 Pascha
1558 4411 1683 4447 cum

99 4467 573 4536 discipulisimeis.
609 4465 673 4518 Et
719 4465 966 4520 fecerunt
1013 4466 1262 4536 discipuli
1291 4466 1432 4520 sicut
1481 4465 1678 4520 consti-

99 4538 196 4591 tuit
223 4539 326 4592 illis
365 4535 560 4607 Jesus,
594 4547 649 4590 et
681 4547 1002 4605 paraverunt
1048 4535 1274 4595 PasClia.
1310 4537 1689 4607 Vespere'au-

99 4617 196 4662 tem
237 4607 420 4673 Iacto,
477 4606 849 4679 discumbebat
877 4623 1014 4679 cum,
1044 4608 1330 4664 duodecim
1378 4606 1679 4678 discipulis.

97 4679 159 4734 Et
203 4681 494 4735 edentibus
540 4678 684 4742 illis,
741 4679 877 4736 dixt
904 4697 917 4731 :
948 4678 1119 4736 Ainen
1160 4681 1284 4734 dico
1315 4679 1510 4745 vobis,
1558 4679 1686 4748 quia

99 4766 230 4804 unus
256 4761 500 4806 vestrum
549 4767 635 4806 me
667 4749 958 4804 traditurus
988 4761 1090 4807 est.
1128 4752 1190 4805 Et
1237 4752 1540 4805 contristati
1573 4750 1684 4804 val-

96 4824 195 4888 de,
250 4831 552 4893 coepcrunt
603 4821 798 4892 singuli
829 4822 1056 4877 dicere:
1101 4822 1370 4891 Numquid
1414 4837 1516 4893 ego
1563 4836 1686 4874 smn

93 4894 365 4949 Domine?
424 4896 493 4954 At
545 4892 660 4962 ipse
710 4894 1082 4963 respondens,
1129 4897 1251 4949 ait:
1309 4894 1410 4959 Qui
1459 4892 1684 4961 intingit

93 4981 302 5020 mecum
336 4979 556 5018 manuni
589 4968 642 5020 in
674 4965 958 5034 paropside
981 5005 996 5030 ,
1041 4965 1127 5020 hic
1167 4980 1252 5020 me
1282 4963 1478 5022 tradet.
1513 4963 1689 5019 Filius

93 5037 310 5107 quidem
343 5036 580 5107 hominis
613 5037 754 5089 vadit
776 5075 791 5098 ,
821 5035 962 5090 sicut
1008 5039 1268 5105 scriptum
1300 5045 1388 5090 est
1427 5035 1497 5090 de
1548 5035 1684 5107 illo:

91 5106 187 5164 vae
239 5121 426 5162 autem
479 5106 680 5160 homini
738 5107 850 5171 illi,
901 5121 996 5176 per
1045 5122 1205 5177 quem
1261 5108 1402 5162 illius
1451 5106 1689 5161 hominis

93 5179 338 5234 tradetur
365 5195 381 5230 :
413 5180 610 5232 bonum
637 5187 757 5234 erat
783 5177 831 5233 ei
857 5217 874 5245 ,
906 5179 951 5232 si
984 5189 1139 5234 natus
1169 5193 1277 5236 non
1300 5177 1493 5236 fuisset
1523 5178 1696 5234 homo

94 5253 197 5308 ille.
243 5249 607 5321 Bespondens
656 5257 839 5304 autem
884 5247 1083 5319 Judas,
1116 5250 1210 5320 qui
1266 5248 1486 5304 tradidit
1535 5263 1687 5316 eum,

1870 4181 2046 4234 Prima
2096 4192 2278 4238 autem
2341 4181 2429 4238 die
2484 4182 2784 4237 animorum
2835 4189 3185 4236 accesserunt
3232 4177 3395 4232 disci-

1791 4252 1904 4320 puli
1956 4253 2022 4307 ad
2076 4253 2261 4310 Jesu’m
2304 4254 2548 4310 dicentes
2596 4254 2668 4309 ei.
2715 4251 2844 4322 Ubi
2873 4253 2951 4306 vis
2998 4267 3250 4322 paremus
3299 4249 3393 4322 tibi

1792 4324 2130 4380 manducare
2177 4327 2406 4382 Pascha.
2458 4327 2529 4396 (c)
2581 4324 2771 4380 Atille
2819 4320 2861 4394 -ι-
2907 4320 3152 4396 dixitlte
3180 4323 3231 4375 in
3260 4320 3396 4396 civi-

1793 4404 1961 4450 tatem
2017 4396 2084 4450 ad
2145 4398 2433 4465 quemdam
2467 4390 2539 4452 et
2587 4397 2750 4452 dicite
2805 4390 2876 4450 ei.
2931 4395 3204 4465 Magister;
3241 4390 3391 4465 dicit.

1793 4465 2030 4536 Tempus
2086 4463 2263 4523 meum
2323 4484 2496 4538 prope
2548 4478 2650 4523 est.
2697 4479 2825 4536 aput
2893 4465 3145 4538 tefaciou
3187 4463 3391 4538 Pascha

1793 4553 1918 4590 cuni
1978 4539 2257 4608 discipulis
2301 4537 2460 4595 meis.
2517 4540 2584 4594 Et
2628 4539 2873 4594 fecerunt
2921 4537 3194 4608 discipuli.
3253 4537 3394 4590 sicut

1795 4613 2075 4679 praecepit
2103 4607 2210 4666 illis
2235 4609 2396 4667 Jesns
2444 4620 2499 4665 et
2530 4617 2858 4679 paraverunt
2887 4608 3114 4663 Pascha.
3153 4607 3396 4679 VeSpei-e

1793 4688 1974 4734 autem
1999 4678 2140 4736 facto
2169 4678 2543 4738 discumbebat
2569 4681 2729 4736 Jesus
2755 4697 2880 4736 cum
2909 4681 3192 4734 duodecim
3228 4678 3394 4733 disci-

1793 4751 1958 4820 pulis.
1997 4753 2062 4804 Et
2088 4752 2372 4808 edentibus
2403 4755 2528 4808 illis.
2558 4753 2696 4808 dixit
2720 4756 2890 4808 Amen
2917 4754 3038 4806 dico
3066 4751 3236 4805 vobis.
3267 4749 3392 4820 quia

1797 4836 1938 4875 unus
1961 4834 2196 4878 vestrum
2223 4826 2520 4880 traditurus
2548 4835 2631 4879 est
2655 4841 2762 4880 me.
2790 4826 2855 4878 Et
2879 4823 3183 4880 contristati
3216 4820 3394 4876 valde.

1794 4903 2093 4968 coeperunt
2113 4895 2308 4968 singuli
2339 4897 2522 4952 dicere
2558 4895 2826 4968 Numquid
2856 4911 2958 4967 ego
2987 4910 3106 4950 sum
3139 4893 3390 4948 Domine.

1793 4962 1867 5038 At
1911 4963 2028 5032 ipse
2070 4962 2406 5038 respondens
2437 4968 2510 5022 ait
2536 4968 2636 5038 Qui
2670 4962 3124 5038 in'tingit'tnecnni
3177 4981 3397 5038 manum

1797 5035 1850 5089 in
1882 5035 2283 5108 parapside'liic
2328 5056 2415 5096 me
2445 5035 2644 5096 tradet.
2677 5035 2846 5094 Filius
2891 5037 3110 5108 quidem
3160 5035 3397 5108 hominis

1795 5108 1946 5162 vadit
1976 5106 2117 5165 sicut
2142 5113 2404 5166 scribtum
2433 5123 2518 5168 est
2537 5113 2606 5166 de
2636 5127 2723 5167 eu.
2749 5128 2846 5166 vae
2868 5106 3050 5166 autem
3084 5106 3292 5164 homini
3321 5106 3396 5159 illi

1795 5191 1896 5250 Per
1921 5196 2082 5251 Quem
2112 5183 2256 5244 ﬁlius
2282 5183 2518 5244 hominis
2547 5183 2799 5240 traditur.
2855 5182 3056 5237 bonum
3093 5187 3212 5236 erat
3231 5177 3334 5251 illi_
3351 5177 3400 5230 si

1797 5245 2096 5327 natusnon
2128 5253 2320 5327 fuisset
2345 5258 2508 5312 homo
2532 5256 2642 5312 ille.
2669 5253 3032 5327 Respondeas
3077 5263 3260 5312 autem
3306 5245 3403 5306 ³ιὲ-

1797 5317 1898 5376 das
1923 5321 2002 5394 (d)
2055 5325 2146 5394 qui
2195 5326 2498 5383 traditurus
2547 5337 2665 5382 erat
2703 5327 2744 5398 -ι-
2779 5317 2915 5383 ἐυιιι

801 5413 1192 5472 VARIANTES
1227 5411 1608 5473 LECTIONES
1641 5409 1914 5472 CODICIS
1950 5415 2062 5474 MS.
2101 5418 2161 5476 S.
2201 5418 2709 5479 GERMANENSIS.

151 5520 166 5550 ⁸
199 5518 272 5569 At
294 5512 450 5565 ιω
467 5511 597 5564 (ﬁxit

1440 5595 1813 5658 BLANCHINI
1847 5601 2081 5670 NOTAE.

68 5697 78 5770 ἰ
167 5701 239 5766 (α)
267 5695 350 5770 lia
382 5704 434 5749 et
455 5691 613 5770 gnat.
649 5691 768 5746 Lat.
789 5698 864 5770 _ct
884 5689 978 5770 Gr.
1009 5699 1378 5770 στατῆρας.-
1407 5692 1482 5764 (b)
1507 5691 1673 5749 Addit
1725 5695 1799 5752 eis
1819 5739 1834 5768 ,
1865 5697 1987 5756 cod.
2013 5713 2230 5770 quoque
2253 5698 2412 5757 Cant.
2439 5696 2782 5770 aurata—(c)
2815 5697 2892 5752 Ita
2911 5706 2966 5754 et
2999 5705 3112 5752 tex.
3136 5692 3234 5749 Gr.
3263 5695 3292 5751 ὁ
3323 5695 3399 5755 δέ.

115 5760 245 5842 ’(ἀ)
282 5766 423 5826 Tex.
447 5765 541 5824 Gr.
577 5764 605 5824 ὁ
633 5760 980 5843 παραδιδούς.
