3980 6192
541 227 647 287 527

936 341 1167 400 CODEX
1204 337 1741 397 VERCELLENSIS.

550 450 676 492 eum
699 476 714 503 ,
741 434 879 492 dixit
907 454 919 489 :
1382 434 1586 505 hymno
1614 433 1729 489 dic-

548 507 843 579 Numquid,
916 578 919 579 γ
1382 514 1438 579 to
1462 546 1476 571 ,
1500 505 1752 562 exierunt

549 576 805 663 969521."!
831 578 971 663 “alr
1040 661 1051 663 _
1380 576 1707 663 Ἆηιρειιειιι

548 647 645 705 bi?
673 650 812 706 Dicit
836 651 885 706 ei
904 649 1061 707 Iesus
1088 665 1102 703 :
1380 647 1599 705 Oliveti.

1380 720 1469 775 51.
1512 719 1663 775 Tunc
1685 718 1815 775 dicit
1843 718 1907 775 il-

1380 792 1446 847 lis
1471 790 1629 847 Iesus
1662 808 1675 847 :
1709 791 1915 847 Omnes

1379 877 1476 918 vos
1497 862 1725 919 scanda-

1378 936 1489 991 lum
1521 934 1769 1006 patiemi-

1380 1008 1436 1062 ni
1462 1005 1635 1063 inme
1655 1048 1669 1073 ,
1694 1005 1795 1062 hac

1381 1086 1561 1134 nocte.
1596 1077 1781 1159 Scrip-

1381 1159 1495 1207 tum
1516 1159 1599 1205 est
1620 1165 1767 1205 enim
1804 1167 1817 1204 Ξ

548 721 629 777 Tu
652 722 857 776 dixisti.

546 792 635 847 26.
676 793 813 864 Ipsis
841 801 1022 850 autem

546 866 865 921 cenantibus
893 905 909 930 ,

556 937 766 1006 accepit
793 935 954 993 Iesus

583 1022 741 1064 anem
777 1048 792 1071 ,
824 1015 880 1063 et
907 1021 1033 1065 cum

618 1077 858 1136 nedixis-

544 1158 660 1219 set,
693 1190 708 1205 .
754 1150 935 1219 .egit,
966 1158 1020 1205 et

546 1222 604 1276 d.
647 1260 662 1275 .
708 1262 724 1277 .
769 1260 784 1275 .
812 1220 1048 1291 discipu—
1378 1220 1689 1279 Percutiam

545 1291 613 1365 Iis
632 1294 775 1361 suis,
799 1302 853 1350 et
879 1292 1015 1348 dixit
1056 1311 1069 1344 :
1380 1302 1654 1365 pastorem
1680 1333 1697 1359 ,
1740 1332 1754 1346 .
1800 1331 1814 1345 .

546 1364 614 1419 A.
661 1404 675 1419 .
718 1404 733 1420 .
782 1407 796 1420 .
843 1406 857 1437 .
902 1371 1119 1428 .te,et
1376 1364 1694 1437 dispargen-

548 1473 564 1491 .
609 1475 624 1493 .
666 1475 683 1491 .
728 1475 744 1491 .
788 1474 803 1491 .
845 1436 1057 1499 hocest
1381 1476 1396 1492 .
1440 1436 1669 1492 .’.oves
1697 1449 1820 1507 gre-

544 1524 597 1564 e.
644 1550 657 1564 .
702 1546 718 1561 .
762 1548 777 1563 .
820 1547 834 1562 .
882 1520 1054 1579 .rpus
1376 1511 1551 1584 gis._
1998 1574 2007 1584 ,

546 1594 654 1636 me.
700 1595 817 1637 .m.
1242 1614 1255 1623 -
1376 1581 1466 1638 32.
1507 1580 1731 1637 Verum.
1777 1617 1791 1632 .
1838 1618 1850 1631 .
1898 1617 1909 1629 .
1956 1616 1969 1629 .
1998 1580 2027 1631 '.

543 1650 635 1706 57.
676 1650 744 1707 Et
772 1665 886 1723 a._.
930 1687 944 1702 .
990 1657 1101 1723 .__to
1120 1662 1211 1706 ca-
1375 1662 1458 1709 tea
1490 1666 1652 1723 quam
1680 1665 1801 1706 sur-

547 1760 563 1776 .
610 1762 624 1777 .
668 1762 682 1777 .
730 1762 745 1777 .
790 1763 804 1777 .
837 1720 1062 1777 benedi-
1374 1720 1608 1790 rexero,
1643 1736 1800 1792 prae-

549 1833 564 1848 .
608 1830 624 1846 .
669 1831 685 1847 .
730 1831 746 1849 .
790 1831 805 1847 .
836 1792 1037 1863 gratias
1375 1796 1565 1852 cedam
1590 1809 1688 1849 vos
1711 1793 1766 1848 in

547 1904 562 1919 .
611 1902 627 1919 .
672 1904 687 1920 .
732 1903 745 1917 .
793 1902 808 1918 .
846 1862 952 1919 .et
974 1862 1068 1920 de-
1375 1866 1697 1932 Galilaeam,

543 1934 623 1990 dit
642 1935 723 1991 cis
749 1976 764 2001 ,
787 1934 977 1991 dicens
1002 1952 1015 1987 :
1376 1938 1451 1995 ibi
1481 1952 1568 1994 me
1597 1937 1751 1993 vide-

542 2007 635 2063 28.
678 2006 777 2063 Hic
813 2015 899 2063 est
925 2021 1049 2063 san-
1378 2009 1525 2067 bitis.

541 2077 663 2149 guis
688 2094 842 2133 meus
1378 2082 1467 2138 55.
1509 2077 1868 2148 Respondens

542 2149 670 2205 novi
694 2159 858 2206 testa-
1377 2161 1560 2208 autem
1593 2150 1672 2206 illi
1704 2150 1804 2205 Pe-

543 2222 717 2277 menti
742 2221 883 2304 ,_qui
1379 2232 1517 2290 trus,
1541 2223 1678 2277 dixit
1707 2239 1719 2275 :
1754 2219 1828 2293 (a)
1851 2218 1911 2275 Si
1935 2219 1976 2289 -ι-

543 2307 642 2364 pro
669 2292 854 2349 multis
1377 2309 1569 2350 omnes
1596 2308 1753 2349 scan-

542 2364 839 2420 eﬂ‘unditur
1376 2365 1593 2422 dalizati
1625 2364 1747 2420 tue-

543 2436 601 2491 in
632 2435 911 2492 remissio—
1376 2438 1489 2493 rint
1512 2437 1567 2491 in
1590 2444 1665 2502 te,
1693 2449 1795 2506 ego

540 2522 668 2634 335“
676 2521 889 2633 ιὲξιῖθηῗῗ
911 2574 1042 2630 Dico

1253 2544 1259 2550 -
1376 2523 1673 2563 numquam

1373 2579 1711 2635 scandaliza-

542 2657 723 2705 autem
751 2648 951 2710 vobis:
1374 2650 1466 2706 54.
1507 2651 1627 2705 bor.
1669 2646 1758 2702 Ait
1787 2659 1885 2701 au-

542 2736 651 2776 non
678 2720 855 2777 bibam
1376 2730 1487 2778 tem
1515 2721 1680 2775 Petro

542 2806 612 2875 ex
643 2791 700 2847 h.
747 2830 763 2845 .
807 2830 823 2844 .
868 2829 883 2846 .
926 2828 942 2847 .
986 2828 1004 2844 .
1376 2791 1579 2875 Iesus;
1611 2789 1788 2874 Amen
1811 2788 1895 2845 di-

542 2872 683 2919 tura.
728 2905 743 2919 .
786 2903 801 2917 .
847 2902 862 2917 .
906 2903 922 2919 .
969 2900 982 2914 .
1376 2878 1443 2920 co
1474 2864 1590 2929 tibi,
1613 2864 1738 2934 quia

540 2946 762 3019 _usqu._o.
808 2952 821 2989 :
862 2973 879 2991 .
924 2974 938 2989 .
984 2972 997 2987 .
1030 2928 1096 2987 il—
1376 2934 1454 3019 (ὁ)
1481 2930 1835 3019 nocte-[hac
1861 2945 1950 2986 an-

540 3005 652 3061 lum
688 3005 834 3089 diem
857 3045 874 3074 ,
1373 3005 1579 3089 te’galli
1607 3014 1849 3089 cantum,

540 3093 664 3133 cum
687 3078 837 3133 illum
1373 3077 1473 3135 ter’
1486 3092 1574 3135 me
1603 3077 1771 3133 abne-

540 3149 721 3204 bibam
742 3148 924 3205 vobis-
1221 3206 1240 3218 _
1370 3149 1544 3218 gabis.

541 3234 665 3276 cum
688 3234 887 3275 novum
1222 3218 1239 3223 ’
1372 3221 1460 3277 55.
1502 3220 1660 3275 Aitei
1686 3218 1914 3275 Petrus:

543 3290 596 3344 in
621 3305 787 3360 regno
811 3289 911 3343 Pa-
963 3359 992 3360 η
1376 3331 1390 3345 .
1434 3333 1449 3345 .
1497 3332 1512 3347 .
1555 3291 1602 3346 si
1623 3298 1883 3360 oportue-

543 3331 639 3417 Ξὸῖ
651 3331 786 3416 Ἦῖἔ
800 3331 929 3415 filiai.
958 3359 1025 3415 Et
1374 3331 1449 3417 iii
1472 3331 1839 3417 ιὲιεᾟέυἲίἶῗ

956 3473 1204 3545 ιΕΟΒΕΧ
1233 3474 1706 3533 CORBEIENSIS.

540 3568 680 3626 dixit
705 3584 718 3622 :
752 3568 1021 3641 Numquid
1047 3585 1148 3641 ego
1179 3586 1297 3625 sum
1327 3570 1532 3627 Rabbi?
1561 3571 1651 3625 Ait
1677 3569 1753 3626 illi
1786 3588 1799 3623 :
1826 3569 1903 3625 Tu
1927 3569 2132 3625 dixisti.

541 3642 908 3697 Coenantibus
920 3651 1100 3697 autem
1124 3642 1223 3706 eis,
1240 3643 1446 3712 accepit
1472 3641 1630 3698 Iesus
1659 3656 1875 3712 panem,
1892 3652 1947 3697 et
1971 3643 2137 3697 bene-

544 3712 704 3779 dixit,
736 3728 799 3767 ac
821 3712 1003 3783 fregit,
1022 3713 1277 3784 deditque
1304 3714 1585 3784 discipulis
1616 3714 1729 3769 suis
1750 3754 1764 3778 ,
1790 3726 1847 3771 et
1886 3714 1960 3767 ait
1994 3716 2137 3771 :Ac.-

541 3784 787 3855 cipite,et
810 3785 826 3814 ί
858 3785 1127 3840 comedile
1144 3803 1155 3837 :
1174 3786 1276 3840 hoc
1300 3794 1385 3841 est
1409 3799 1608 3854 corpus
1630 3801 1808 3840 meum
1827 3784 2008 3854 Illquod
2037 3799 2137 3854 pro

540 3856 695 3928 vobis
729 3855 988 3928 tradetur.
1034 3856 1103 3911 Et
1130 3856 1403 3928 accipiens
1429 3857 1654 3913 calicem
1678 3856 1879 3928 gratias
1901 3857 2013 3926 egit
2043 3873 2055 3909 :
2082 3866 2139 3910 et

541 3927 692 3983 dedit
713 3928 733 3958 '
764 3927 1043 3997 discipulis
1068 3927 1418 3997 suis,gdicens
1452 3946 1464 3982 :
1506 3927 1769 3985 Bibite’ex
1798 3928 1899 3982 hoc
1924 3941 2137 3983 omnes.

542 3999 639 4055 llic
662 4008 746 4054 est
774 4000 918 4054 enim
949 4001 1168 4070 sanguis
1198 4015 1351 4055 meus
1381 4001 1502 4054 novi
1534 3999 1881 4065 testamenti,
1913 3998 2005 4070 qui
2040 4014 2137 4067 pro

541 4071 726 4125 multis
751 4070 1060 4125 elfundetur
1089 4073 1143 4125 in
1183 4072 1559 4127 remissionem
1590 4082 1958 4141 peccatorum.
2004 4070 2135 4124 Dico

540 4150 721 4198 autem
755 4143 909 4197 vobis
940 4159 952 4195 :
986 4158 1093 4197 non
1148 4142 1332 4197 bibam
1377 4143 1574 4198 amodo
1602 4143 1670 4198 dc
1720 4143 1823 4199 hoc
1865 4141 2139 4212 genimine

539 4214 697 4278 vitis,
731 4228 902 4284 usque
933 4214 984 4267 in
1031 4213 1174 4270 diem
1221 4214 1372 4269 illum
1394 4256 1407 4279 ,
1452 4230 1614 4284 quum
1646 4214 1777 4269 illud
1817 4213 2013 4284 bibam,
2045 4226 2139 4266 vo-

540 4283 746 4356 biscum
773 4282 971 4356 novum
1003 4286 1054 4339 in
1089 4301 1254 4356 regno
1283 4282 1611 4341 Patrisrmei.
1636 4286 1704 4341 Et
1740 4286 1940 4356 hymno
1965 4282 2134 4349 dicto,

542 4355 791 4410 exierunt
820 4355 873 4410 in
904 4364 1145 4411 montem
1166 4355 1384 4412 Oliveti.

615 4425 829 4481 XXVII.
858 4426 1012 4482 Tunc
1044 4427 1175 4483 dicit
1201 4428 1311 4482 illis
1356 4427 1515 4483 Iesus
1550 4444 1562 4481 :
1594 4426 1796 4484 Omnes
1820 4440 1921 4482 vos
1973 4439 2135 4481 scan-

540 4494 726 4551 dalum
751 4498 1028 4567 patiemini
1052 4498 1105 4553 in
1151 4514 1239 4554 me
1260 4540 1274 4564 ,
1306 4499 1361 4554 in
1389 4500 1489 4554 ista
1536 4510 1715 4555 nocte.
1750 4499 2021 4567 Scriptum
2049 4506 2136 4553 est

541 4569 687 4642 enim
719 4585 731 4620 :
766 4568 1069 4642 Percutiam
1122 4580 1427 4641 pastorem,
1477 4580 1531 4625 et
1579 4571 1955 4642 dispergcntur
2002 4584 2132 4624 oves

537 4639 749 4720 gregis.
769 4639 1057 4720 Postquam
1080 4639 1260 4720 autem
1283 4639 1678 4720 resurrexe_ro,'
1693 4639 2009 4720 praecedam
2032 4655 2131 4720 vos

536 4710 592 4784 in
611 4710 929 4767 Galilaeam.
958 4712 1315 4784 Respondens
1341 4724 1522 4769 autem
1554 4710 1768 4780 Petrus,
1798 4715 1876 4769 ait
1904 4713 1982 4768 illi
2011 4730 2025 4766 :
2062 4713 2127 4766 Et

538 4781 586 4835 si
610 4797 800 4856 omnes
828 4781 1177 4856 scandaliiati
1209 4784 1412 4841 fuerint
1455 4786 1507 4840 in
1552 4795 1603 4840 te
1626 4827 1642 4851 ,
1698 4800 1801 4855 ego
1833 4797 2125 4856 numquam

536 4852 969 4935 scandalizabor.
1015 4856 1107 4911 Ait
1148 4856 1224 4911 illi
1247 4856 1407 4935 Iesus
1433 4874 1445 4909 :
1476 4859 1649 4912 Amen
1678 4852 1799 4913 dico
1844 4852 2129 4935 tibifquia

537 4925 602 4999 in
627 4925 733 4999 hac
749 4937 911 4999 ILOCle
928 4935 1217 4999 antequam
1242 4928 1416 4999 gallus
1437 4938 1638 4993 cantet,
1672 4937 1753 4984 ter
1775 4943 1863 4984 me
1885 4925 2126 4998 negabis.

536 4994 631 5053 Ait
658 4995 737 5052 illi
766 4995 957 5053 Petrus
986 5015 1001 5052 :
1030 4994 1206 5054 Etiam
1237 4994 1284 5055 si
1324 4999 1631 5070 oportuerit
1664 5015 1752 5056 me
1780 4999 1923 5055 mori
1950 4994 2129 5054 tecum

1078 222 1348 285 EUSEBII
1378 222 1719 281 VERCELL.
1762 218 2220 281 EVANGELIUM
2257 218 2399 280 CUM
2437 218 2669 279 VARIIS
2702 216 2859 278 COD.
2895 217 3289 279 COLLATUM.

2672 336 2907 395 CODEX
2945 335 3400 395 VERONENSIS.

2243 434 2381 492 dixit
2409 452 2425 493 ι
2455 434 2625 491 Num-
3074 432 3171 488 tris
3200 431 3328 488 mei.
3428 452 3429 455 η

2242 506 2369 578 quid
2400 521 2501 577 ego
2528 520 2648 562 sum
3073 504 3163 561 50.
3206 502 3506 578 Ethymno
3534 500 3618 559 di-

2246 574 2461 634 Itabbif
3074 583 3187 640 cto,
3216 574 3463 631 exierunt

2243 649 2344 704 Ait!
2370 650 2447 706 illi
2474 648 2631 706 Iesus
2665 668 2679 706 :
3075 644 3129 701 in
3158 656 3398 702 montem

2243 718 2324 775 Tu
2351 720 2553 776 dixisti.
3073 714 3292 776 Olibeti.
3339 723 3398 780 >14

3075 789 3166 844 51.
3207 788 3364 845 Tunc
3389 786 3521 845 dicit
3557 788 3623 843 il-

3079 866 3137 924 ᾖ
3179 860 3245 915 Iis
3274 878 3288 915 :
3317 860 3519 918 Omnes
3543 873 3641 916 vos

3073 931 3393 987 scandalum

3074 1003 3355 1073 patiemini
3378 1005 3434 1058 in

3074 1090 3184 1141 me,
3219 1075 3276 1130 in
3303 1078 3405 1132 ista

3076 1156 3260 1203 nocte.

3075 1217 3351 1288 Scriptum
3381 1226 3467 1273 est

3076 1289 3221 1345 enim
3257 1308 3269 1343 :
3304 1289 3607 1346 Percutiam

3076 1370 3372 1432 pastorem,
3400 1370 3455 1417 et
3483 1360 3600 1416 dis-

3076 1442 3369 1504 pargentur
3399 1446 3528 1491 oves

2242 791 2335 847 26.
2377 792 2515 863 Ipsis
2540 800 2720 849 autem

2242 864 2562 919 cenantibus

2243 936 2452 1005 accepit
2480 934 2638 991 Iesus

2244 1022 2460 1077 panem,
2496 1014 2552 1063 et
2580 1006 2675 1062 be-

2243 1078 2471 1143 nedixit,
2505 1092 2569 1133 ac

2243 1150 2419 1221 fregit,
2451 1148 2629 1221 dedit;

2240 1218 2349 1292 que
2374 1218 2655 1287 discipulis

2241 1293 2379 1358 suis,
2413 1300 2469 1347 et
2492 1293 2570 1346 ait
2598 1307 2612 1344 :

2241 1362 2509 1433 Accipite,
2538 1370 2595 1419 et

2242 1435 2567 1491 manducate

2242 1520 2309 1577 ex
2340 1507 2444 1562 hoc
2473 1519 2664 1561 omnes
2694 1521 2707 1559 :
3074 1520 3287 1577 greges.

2242 1520 2309 1562 ex
2340 1520 2444 1562 noc
2473 1520 2664 1561 omnes
2694 1521 2707 1559 :
3074 1520 3287 1631 greges.

2242 1576 2346 1634 hoc
2370 1587 2455 1635 est
2481 1578 2627 1633 enim
3109 1575 3165 1630 2.
3210 1575 3317 1633 Sed
3349 1582 3638 1647 postquam

2239 1664 2437 1720 corpus
2470 1662 2674 1720 meum.
3074 1662 3449 1715 resurrexero,

2237 1719 2348 1775 27.
2372 1721 2443 1776 Et
2472 1719 2746 1790 accipiens
3073 1735 3233 1790 prae-

2239 1793 2463 1863 calicem
2493 1806 2619 1863 gra-
3070 1791 3260 1863 cedam
3287 1804 3385 1847 vos
3413 1790 3467 1845 in

2242 1861 2527 1946 tussit}
2560 1870 2616 1918 ει
3070 1861 3354 1946 gemeam-

2239 1934 2390 1991 dedit
2419 1934 2547 2001 illis,

2239 2005 2426 2063 dicens
2455 2022 2468 2059 :
2500 2006 2605 2060 Ac-

2238 2076 2621 2205 ἓέῗὲἒξθιξοῗῗ

3071 1934 3161 1990 55.
3206 1931 3563 2004 Respondeas

3068 2015 3246 2062 autem
3272 2004 3488 2073 Petrus,

3068 2077 3143 2132 ait
3166 2093 3181 2132 :
3207 2076 3282 2148 (a)
3309 2075 3421 2145 Si-l‘

3067 2162 3259 2204 omnes
3284 2161 3443 2203 scan-

2236 2219 2328 2278 28.
2374 2221 2473 2275 Hic
2498 2228 2582 2276 est
2607 2217 2753 2275 enim
3068 2219 3450 2275 dalizabuntur

2238 2292 2465 2375 sanguis
2486 2304 2641 2375 meus
2696 2364 2709 2375 ο
3019 2336 3030 2345 .
3071 2292 3225 2358 inte,
3255 2304 3357 2361 ego

2238 2364 2387 2429 novi,
2418 2372 2475 2419 et
2499 2364 2713 2419 aeterni
3069 2376 3362 2433 numquam
3390 2373 3549 2418 scan-

2240 2434 2573 2501 testamenti,
3071 2432 3364 2490 dalizabor.

2237 2506 2329 2577 qui
2356 2521 2456 2577 pro
2482 2502 2669 2577 multis
3071 2504 3161 2577 54.
3206 2504 3345 2561 Dicit
3372 2503 3449 2560 illi

2238 2576 2550 2632 eﬂ'undetur
2583 2576 2637 2630 in
3070 2576 3229 2633 Iesus
3253 2594 3265 2628 :
3294 2577 3463 2632 Amen

2237 2648 2613 2704 remissionem
2636 2659 2764 2717 pec-
3069 2647 3193 2703 dico
3222 2646 3339 2714 tibi,

2237 2727 2505 2775 catorum.
2640 2716 2647 2717 “
3070 2718 3216 2790 quod
3246 2717 3324 2790 (ὁ)
3355 2717 3455 2774 hac
3483 2716 3521 2790 ές

2236 2790 2329 2846 29.
2372 2791 2505 2846 Dico
2528 2798 2710 2845 autem
2740 2803 2850 2846 vo-
3070 2801 3228 2847 nocte
3245 2798 3396 2846 antc-

2237 2861 2322 2917 bis
2356 2879 2369 2915 :
2396 2876 2505 2917 non
2533 2861 2713 2933 bibam
3064 2877 3224 2932 quam
3249 2860 3423 2933 gallus

2238 2934 2434 2989 amodo
2453 2934 2522 2989 de
2554 2932 2656 2988 hac
3067 2932 3271 2998 cantet,
3297 2942 3379 2988 ter

3067 3019 3155 3077 me
3183 3003 3428 3077 negabis.

3066 3076 3157 3131 55.
3199 3075 3289 3131 Ait
3310 3075 3390 3131 illi

3067 3146 3295 3203 Petrus:
3321 3146 3547 3203 Etiamsi

3068 3232 3157 3274 me
3178 3228 3473 3289 opportue-

3068 3290 3141 3345 rit
3168 3290 3305 3347 mori
3340 3300 3418 3348 tc-

3067 3374 3211 3429 cum,
3242 3376 3352 3418 non

2702 3477 2937 3536 CODEX
2974 3477 3371 3537 BRIXIANUS.

2241 3568 2387 3642 dixit
2418 3588 2431 3625 :
2467 3568 2741 3642 Numquid
2770 3586 2870 3641 ego
2912 3586 3032 3626 sum
3089 3571 3286 3626 Rabhi.
3314 3570 3407 3627 Ait
3436 3570 3512 3627 illi
3539 3568 3725 3631 Iesus.
3762 3574 3868 3630 Tu

2242 3640 2817 3714 dixisti.Caenantibus
2834 3651 3018 3698 autem
3040 3643 3120 3714 eis
3140 3648 3352 3712 accepit
3374 3643 3531 3699 Iesus
3560 3658 3761 3714 panem
3796 3657 3870 3702 ct

2240 3713 2570 3771 benedicens
2592 3713 2752 3784 fregit
2779 3725 2834 3769 et
2860 3714 3011 3769 dedit
3028 3713 3308 3784 discipulis
3323 3716 3436 3769 suis
3452 3713 3655 3771 dicens.
3681 3719 3835 3773 Acci
3848 3749 3873 3760 ο

2244 3787 2353 3854 pite
2372 3796 2426 3840 et
2456 3786 2620 3841 edite.
2646 3785 2749 3841 hoc
2771 3796 2855 3841 est
2871 3787 3014 3841 enim
3029 3801 3225 3856 corpus
3254 3802 3454 3841 meum.
3473 3786 3539 3840 Et
3562 3787 3871 3855 accipiens

2246 3857 2473 3928 calicem
2501 3858 2704 3928 gratias
2744 3858 2854 3927 egit
2883 3868 2937 3911 et
2980 3857 3129 3913 dedit
3175 3857 3281 3913 illis
3307 3858 3514 3913 dicens.
3552 3857 3725 3913 Bibite
3784 3877 3874 3917 cx

2247 3927 2352 3984 hoc
2378 3927 2569 3984 omnes
2609 3929 2706 3983 Hic
2738 3939 2822 3983 est
2847 3928 2990 3999 enim
3034 3929 3255 3999 sanguis
3305 3944 3476 3984 meus.
3516 3929 3638 3983 novi
3675 3938 3876 3986 tosta-

2245 4000 2414 4054 menti
2442 4001 2533 4070 qui
2567 4015 2667 4069 pro
2699 3998 2883 4054 multis
2912 3998 3221 4055 cﬂ'uudctur
3248 4000 3301 4054 in
3331 4001 3675 4056 remisslone.
3711 4016 3881 4069 pec-

2244 4080 2512 4126 catorum.
2544 4071 2675 4126 Dico
2719 4080 2899 4127 autem
2931 4072 3085 4127 vobis
3112 4071 3238 4141 quia
3280 4085 3386 4125 non
3417 4071 3597 4127 bibam
3633 4075 3876 4129 amudo

2244 4156 2316 4196 ex
2340 4141 2441 4197 hac
2466 4142 2821 4212 generatione
2857 4143 2983 4198 vitis
3012 4156 3186 4213 usque
3217 4143 3269 4197 in
3310 4143 3456 4198 diem
3509 4143 3679 4197 illum.
3711 4159 3875 4201 cum

2245 4213 2377 4268 illud
2408 4214 2589 4269 bibam
2621 4214 2897 4270 vobiscum
2926 4229 3128 4270 novum
3159 4213 3212 4267 in
3239 4228 3405 4284 regno
3431 4213 3608 4269 Patris
3633 4215 3774 4271 mei.

2319 4285 2388 4339 Et
2416 4301 2580 4347 ymno
2606 4284 2774 4341 dicto.
2808 4286 3056 4341 exierunt
3086 4285 3139 4339 in
3168 4295 3405 4340 montem
3433 4285 3649 4340 Oliveti.
3683 4286 3881 4347 Tunc

2242 4355 2375 4411 dicit
2400 4355 2509 4411 illis
2538 4356 2717 4412 Iesus.
2749 4356 2953 4412 Omnes
2981 4372 3080 4412 vos
3120 4357 3434 4412 scandalum
3464 4356 3754 4427 patiemini
3802 4364 3875 4417 in

2242 4443 2329 4483 me
2362 4429 2413 4481 in
2442 4428 2542 4484 hac
2567 4437 2746 4484 nocte.
2778 4428 3051 4483 Scribtum
3072 4440 3157 4484 est
3179 4430 3345 4483 enim.
3373 4428 3680 4483 Percutiam
3716 4446 3883 4497 pas-

2242 4506 2436 4555 torem.
2484 4508 2541 4555 et
2567 4500 2951 4570 dispargentur
2987 4514 3120 4556 oves
3156 4503 3360 4571 gregis.
3396 4499 3502 4555 Sed
3546 4507 3878 4571 postquam

2238 4587 2611 4627 resurrexero.
2646 4571 2967 4641 praecedam
2998 4587 3095 4626 vos
3136 4572 3189 4625 in
3220 4571 3500 4626 Galileam.
3548 4611 3561 4625 .
3582 4570 3829 4639 Respon
3852 4610 3877 4618 -

2235 4642 2370 4697 dens
2418 4654 2596 4698 autem
2629 4642 2822 4699 Petrus
2867 4645 2943 4697 ait
2973 4642 3050 4697 illi
3097 4642 3213 4697 Etsi
3243 4657 3433 4698 omnes
3486 4642 3881 4703 scandalizati

2236 4712 2439 4769 fuerint
2490 4714 2544 4769 in
2601 4725 2673 4770 te.
2731 4728 2833 4785 ego
2868 4728 3178 4785 numquam
3241 4712 3675 4785 scandalizabor.
3743 4755 3759 4768 .
3858 4758 3877 4771 .

2238 4786 2328 4840 Ait
2354 4786 2428 4840 illi
2458 4786 2615 4842 Iesus
2646 4784 2821 4843 Amen
2846 4784 2969 4841 dico
2995 4786 3088 4840 tibi
3107 4785 3230 4857 quia
3261 4785 3315 4857 in
3347 4784 3651 4857 hacnocte.
3680 4798 3883 4843 ante—

2238 4872 2401 4928 quam
2446 4859 2619 4928 gallus
2648 4866 2833 4914 cantet
2882 4866 2965 4913 ter
3003 4872 3090 4913 me
3120 4855 3362 4927 negabis.
3392 4856 3482 4911 Ait
3505 4856 3583 4912 illi
3613 4855 3875 4915 Petrus.

2240 4927 2418 4984 Etiam
2442 4927 2487 4985 si
2511 4945 2598 4987 me
2636 4929 2977 5001 opportuerit
3006 4928 3142 4985 mori
3192 4937 3367 4985 tecum

2236 3016 2484 3061 creatura
2506 3004 2635 3060 vitis

2236 3074 2420 3148 hujus,
2453 3091 2625 3148 usque
2654 3075 2709 3131 in

2236 3147 2381 3203 diem
2411 3147 2585 3216 illum,
2618 3162 2741 3204 cum

2238 3218 2370 3274 illud
2394 3219 2573 3276 bibam
2602 3232 2696 3275 vo-

2235 3289 2446 3362 biscum
2478 3291 2704 3362 nobum,

2239 3359 2293 3416 in
2324 3376 2493 3433 regno
2520 3363 2621 3418 Pa-

1226 5160 1621 5221 VARIANTES
1658 5160 2044 5221 LECTIONES
2077 5160 2344 5222 CODICIS
2380 5162 2492 5222 MS.
2534 5163 2595 5223 S.
2632 5162 3149 5223 GERMANENSIS.

600 5253 621 5286 ⁸
660 5252 859 5307 edite...
884 5265 1068 5309 meum.
1089 5254 1152 5309 Et
1173 5257 1419 5322 accipiens

2300 5260 2322 5291 ’
2354 5257 2450 5310 illis

1884 5362 2254 5423 BLANCHINI
2289 5361 2517 5420 NOTAE.

605 5466 633 5497 ι
662 5454 778 5515 Hoc
823 5472 937 5517 non
977 5458 1183 5517 addunt
1220 5457 1325 5515 alia
1367 5457 1737 5516 vetustissima
1766 5458 2114 5530 Exemplaria
2223 5472 2414 5530 pressa
2440 5465 2733 5530 suntquae
2757 5456 2835 5530 ad,
2866 5455 3028 5513 ﬁdem
3056 5454 3172 5530 veri
3199 5453 3446 5530 corporis
3472 5451 3680 5530 Christi
3708 5453 3803 5510 dis
3823 5480 3870 5497 ς

529 5525 741 5601 Graeca
766 5531 853 5586 vel
882 5530 1089 5587 Latina.
1141 5533 1530 5587 Assumentum
1578 5541 1706 5600 puta
1736 5546 1809 5601 ex
1850 5524 2023 5601 prima
2050 5529 2117 5585 ad
2224 5524 2419 5601 'cipulis
2442 5530 2498 5584 in
2508 5524 2697 5601 cibum
2721 5528 2907 5601 traditi
2933 5528 3225 5601 pertinent.
3257 5524 3455 5585 confer
3494 5527 3661 5583 etiam
3691 5540 3873 5599 quae

531 5598 846 5657 Corinthios
868 5602 1109 5672 Epistola
1128 5644 1144 5670 ,
1177 5617 1298 5673 cap.
1323 5618 1375 5657 xi
1394 5642 1409 5667 ,
1440 5598 1699 5668 vers.'2i,
1724 5600 1817 5655 ubi
1845 5598 1992 5656 clare
2019 5615 2115 5657 ex-

2227 5598 2481 5657 dicuntur
2506 5598 2639 5656 Luc.
2672 5616 2814 5669 xxn,
2852 5598 2942 5657 I9.

605 5714 683 5787 (α)
720 5716 802 5773 Ita
827 5726 883 5774 et
901 5717 1026 5776 cod.
1059 5719 1216 5778 Cant.
1246 5721 1311 5777 εἰ.
1348 5747 1418 5760 -
1454 5716 1531 5790 (b)
1558 5718 1699 5776 Ante
1730 5715 1847 5787 hac,
1874 5715 2028 5776 deest
2052 5716 2128 5789 in,
2155 5716 2317 5777 etiam
2343 5716 2398 5775 in
2414 5714 2716 5774 cod.Caut.
2806 5748 2813 5753 -
