1990 3096
85 123 132 150 ’529

538 120 762 151 ΕνΑΝρειιυιι
781 103 967 152 SECUNDUM
987 123 1203 152 unrumuu.

261 176 370 206 CODEX
389 176 659 208 VERCELLENSIS.

82 225 156 259 mori,
165 233 215 253 non

82 268 106 290 te
120 261 221 297 negabo.

79 298 194 327 Similiter
206 297 253 324 eti-

79 336 298 362 .....etom-

77 378 118 398 nes
131 368 237 404 discipu-

78 407 92 433 li
103 406 225 433 dixerunt.

77 442 113 470 56.
130 441 195 469 Tunc
206 439 278 468 venit

76 477 140 505 Jesus
146 484 199 504 cum
208 476 246 504 eis

76 513 97 541 in
109 513 202 545 locum,,

75 549 110 584 qui
121 548 206 576 dicitur

76 582 105 620 (ιι)
118 583 262 620 Gedsamani
273 582 306 618 1-,

75 619 158 647 et'tlicit
169 619 221 646 dis-

73 656 150 690 cipulis
160 657 210 683 suis
224 665 230 682 :

74 691 152 719 Sedete
162 691 209 723 hic,

73 727 140 755 donec
151 735 203 755 eam

74 763 122 790 illuc
133 770 210 790 orare.

73 798 106 825 57.
123 798 151 826 Et
163 799 286 833 adsump—

73 839 93 861 to
104 834 169 862 Petro
181 842 239 862 cum

73 870 153 897 duobus
166 870 214 897 lili—

73 905 89 933 is
98 905 220 939 Zebedaei.

73 944 140 976 coepit
152 942 209 970 tris-

74 978 97 1004 tis
107 985 166 1011 esse,
180 982 206 1005 et
218 985 267 1005 an-

73 1014 124 1041 tius.

72 1049 104 1076 58.
120 1048 186 1077 Tunc
197 1048 264 1077 dixit

72 1084 102 1111 eis
111 1084 177 1112 Iesus
189 1094 195 1112 :
206 1084 311 1113 Tristis

71 1126 100 1148 est
110 1121 184 1148 anima
197 1129 252 1149 me-

72 1163 82 1182 a
94 1164 162 1191 usque
175 1157 205 1184 ad
220 1163 298 1185 mor-

73 1195 127 1218 tem:
140 1198 239 1220 manete

71 1227 111 1260 hic.
122 1233 145 1256 et
155 1229 245 1264 vigila-

72 1267 90 1289 te
97 1271 184 1292 mecum
198 1273 205 1291 Ζ

71 1298 104 1325 59.
121 1299 149 1327 Et
158 1306 286 1336 progres-

70 1342 104 1361 sus
115 1337 239 1363 modicum

71 1371 144 1406 positis
156 1371 229 1406 geni-

69 1405 114 1443 bus,
127 1405 234 1443 procidit

69 1441 88 1468 iu
99 1441 181 1471 faciem

69 1484 128 1505 suam
137 1487 225 1512 orans,

67 1518 87 1539 et
97 1513 178 1542 dicens
191 1523 198 1542 :

67 1547 138 1588 Ρξιετν
153 1551 239 1588 omnia

69 1584 105 1611 libi
119 1586 247 1620 possibilia

65 1625 121 1652 sunt.
135 1621 155 1649 si
169 1625 260 1656 potest

66 1655 120 1688 ﬁeri,
135 1655 236 1685 transe-

66 1697 85 1718 ιιι
97 1699 109 1718 a
123 1700 161 1720 me
172 1694 242 1721 calix

64 1726 124 1755 istae.
138 1729 188 1757 Sed
205 1735 244 1757 ta-

66 1770 113 1791 men
123 1772 171 1792 non
184 1765 222 1793 si-

64 1804 97 1836 cut
107 1807 151 1836 ego
163 1808 210 1828 vo-

64 1833 89 1865 lo.
102 1833 143 1864 sed
152 1837 221 1865 sicut

66 1873 85 1897 tu
93 1871 133 1898 vis.

467 226 511 253 40.
529 226 563 253 Et
577 228 648 254 vertit
664 227 697 255 ad
709 227 764 256 dis-

466 262 569 296 cipulos
584 271 655 296 suos,

467 304 493 325 et
508 299 609 325 invenit.

467 341 512 361 eos
527 334 661 362 dormien-

466 374 513 401 tcs,
529 375 556 397 et
571 371 636 397 dixit
652 371 702 398 Pe-

465 409 507 432 tro
521 414 527 431 :
542 406 581 433 sic
596 413 651 433 non

464 442 590 476 potuistis
596 449 649 470 una

463 477 530 512 hora
539 478 650 512 vigilare

462 511 508 540 41.
523 511 646 541 mecum?
657 513 703 541 Vi-

462 548 553 583 gilate,
568 554 595 576 et
611 556 670 576 ora-

463 588 489 611 te
503 589 529 611 Ill
541 593 593 612 non
609 585 649 612 in—

463 621 538 647 tretis
549 620 576 647 in
588 625 673 656 temp-

463 656 602 683 tationem.

463 690 579 725 Spiritus
586 692 645 727 qui-

462 727 523 754 dem
534 735 643 762 promp—

462 765 505 790 tus
516 768 569 795 est,
584 770 649 791 caro

461 804 552 825 autem
563 798 637 826 inﬁr—

462 833 507 860 42.
520 842 573 861 ma.
587 835 641 862 lte-

462 877 522 897 rum
534 877 630 897 secun-

461 905 496 933 do
507 905 583 939 abiit.
595 910 622 933 et
636 913 666 933 o-

461 942 541 975 ravit,
555 941 648 969 dicens
658 952 664 968 :

462 976 553 1009 Pater,
569 985 622 1004 non

463 1016 554 1047 potest
567 1012 618 1040 hoc
629 1019 677 1047 po-

463 1049 553 1076 culum
566 1053 640 1075 tran-

464 1084 518 1111 sire
531 1084 581 1111 nisi
592 1084 669 1111 illum

464 1119 565 1152 bibam,
582 1119 627 1147 ttat
642 1126 688 1147 vo-

464 1155 553 1182 luntas
569 1160 623 1182 tua.

463 1191 510 1219 4'5.
526 1190 560 1218 Et
574 1198 635 1218 cum
648 1190 738 1219 venis-

464 1231 506 1254 set
521 1234 624 1260 rursus,

464 1262 568 1290 invenit
576 1269 624 1290 eos

464 1297 629 1326 dormientes
641 1307 648 1326 :

465 1338 543 1361 erant
554 1334 626 1361 enim
658 1352 661 1355 μ

465 1369 536 1397 oculi
551 1376 644 1397 eorum

464 1412 561 1433 somno
575 1412 637 1439 gra-

464 1441 531 1468 vati.

464 1476 510 1504 M.
531 1476 562 1503 Et
573 1475 675 1504 relictis
687 1475 738 1509 eis,

465 1512 542 1544 abiit,
556 1517 583 1539 et
592 1519 654 1539 ora-

467 1567 474 1574 .
495 1567 503 1575 .
523 1548 552 1580 it,
565 1547 680 1575 eundem

465 1591 618 1612 sermonem

465 1619 573 1647 iterato.

465 1655 510 1683 45.
525 1675 532 1682 .
555 1676 562 1682 .
579 1662 612 1682 nc
622 1654 697 1683 venit
708 1654 743 1682 ad

466 1691 613 1727 discipulos

469 1746 476 1754 .
498 1746 505 1754 .
524 1726 566 1761 os,
579 1726 680 1754 etdicit

469 1783 475 1789 .
499 1783 505 1790 .
527 1783 534 1790 .
549 1770 576 1790 s:
595 1762 713 1790 Dormite

470 1819 476 1825 .
498 1818 505 1825 .
520 1806 557 1830 m.
571 1803 597 1826 et
608 1797 698 1832 requi-

471 1854 477 1861 .
500 1855 507 1862 .
522 1836 575 1862 cile
589 1843 596 1861 :
609 1840 672 1861 ecce

470 1890 477 1897 .
500 1891 506 1897 .
529 1890 536 1898 .
552 1870 696 1905 ropinqua—

1648 128 1700 157 350

1117 180 1234 210 CODEX
1254 181 1481 211 VERONENSIS.

901 232 927 256 te
938 228 1051 262 negabo.

899 263 1031 291 Similiter

898 305 926 327 et
940 307 1036 327 omnes

899 335 1023 370 discipuli
1037 335 1077 363 di-

898 375 1006 398 xerunt.

899 407 943 434 '56.
964 406 1041 434 Tunc
1051 407 1126 435 venit

898 441 977 470 Jesus
991 450 1052 470 cum

898 477 952 505 illis
964 478 990 505 in
1003 485 1080 513 prae-

897 513 983 545 dium,
997 514 1069 547 quod

897 549 995 576 dicitur
1006 548 1044 585 (a)
1057 549 1130 578 Ged-

896 586 999 612 satnani
1016 588 1045 616 ἦε
1055 606 1063 619 ,

897 625 923 648 et
934 620 1002 648 dixit

897 656 1037 690 discipulis
1047 657 1103 685 suis
1117 666 1125 684 :

899 691 997 720 Sedete
1010 692 1065 725 hic.

898 729 986 755 donec
997 735 1031 755 eo

898 763 962 791 illuc
970 771 1058 791 orare.

898 799 942 835 s7.
961 798 995 826 Et
1005 800 1148 835 adsumpto

898 833 991 867 Petro,
1007 839 1035 862 et

898 869 1002 897 duobus
1018 870 1079 898 liliis

899 905 1042 939 Zebedaei,

899 942 988 976 coepit
998 949 1062 969 con-

899 977 1012 1010 trismri,
1026 982 1054 1005 et

899 1016 1021 1040 mestuus

900 1056 970 1076 esse.

900 1084 945 1112 58.
967 1083 1043 1112 Tunc
1054 1083 1094 1111 ait

900 1119 968 1147 illis:
983 1119 1081 1147 Tristis

900 1159 943 1183 est
952 1154 1042 1183 anima

900 1198 960 1219 mea
972 1198 1057 1226 usque

900 1226 933 1253 ad
950 1230 1064 1254 mortem
1077 1235 1084 1253 :

899 1262 1032 1290 sustinete
1047 1262 1101 1295 hic,

899 1303 927 1325 et
941 1297 1050 1332 vigilate

899 1341 1005 1361 mecum
1019 1342 1026 1360 ζ

899 1369 945 1398 39.
970 1370 1001 1396 Et
1014 1377 1176 1405 progressus

900 1405 1039 1441 pusillum,
1054 1413 1116 1441 pro-

900 1440 965 1468 cidit
980 1441 1007 1467 in
1020 1441 1059 1467 l‘a-

900 1477 969 1503 ciem
984 1483 1060 1503 suam

900 1518 992 1544 orans,
1008 1516 1036 1538 et

901 1546 994 1574 dicens
1012 1555 1019 1573 :

901 1582 980 1610 Pater
999 1590 1087 1615 meus,

900 1618 923 1645 si
938 1619 1065 1652 possibile

900 1658 953 1687 est,
966 1653 1083 1681 transfer

901 1697 916 1716 a
933 1697 974 1717 tne
988 1690 1100 1718 calicem

901 1725 992 1753 istum.

901 1761 955 1789 Sed
967 1767 1057 1789 tamen

902 1804 956 1824 non
972 1797 1041 1825 sicut
1053 1805 1104 1833 ego

902 1833 975 1865 volo,
990 1833 1039 1861 sed

902 1868 1005 1896 sicuttu
1012 1869 1063 1896 vis.

1318 228 1363 256 40.
1384 228 1417 256 Ει
1437 229 1508 256 venit
1519 229 1553 257 ad

1317 264 1464 299 discipulos
1476 272 1552 298 suos,

1318 303 1346 327 et
1358 300 1461 327 invenit

1317 342 1365 363 eos
1378 336 1515 364 dormien-

1318 375 1370 403 tes,
1384 376 1411 399 et
1423 371 1461 399 ait

1318 406 1398 434 Petro
1409 416 1415 433 :
1432 407 1472 435 sic

1319 450 1372 470 non
1380 443 1505 472 noluistis

1318 486 1370 505 una
1387 486 1452 506 nora

1318 513 1430 549 vigilare
1440 522 1498 543 me—

1318 550 1362 577 41.
1380 552 1459 577 cum?
1472 551 1593 587 Vigilate,

1318 589 1345 612 et
1359 591 1434 613 orate

1318 625 1347 648 ut
1361 629 1415 649 non
1430 622 1521 650 venia—

1318 657 1352 697 tis
1363 656 1390 684 in
1405 662 1520 693 tempta-

1320 697 1431 720 nonem.

1319 727 1435 763 Spiritus

1319 764 1427 799 quidem
1437 772 1528 800 prom-

1319 804 1393 834 plus,
1404 808 1469 828 caro

1319 841 1409 863 autem
1423 836 1544 865 inﬁrmis.

1318 870 1364 898 42.
1386 871 1484 899 lteruttt
1499 880 1544 901 se-

1318 907 1407 935 cundo
1416 907 1492 942 abiit,

1319 947 1347 970 et
1359 943 1456 975 oravit.

1319 978 1431 1006 dicens:
1444 979 1524 1007 Pater

1320 1022 1408 1047 meus,
1419 1015 1440 1041 si
1454 1022 1507 1042 non

1321 1054 1409 1087 potest
1422 1049 1461 1086 (ὁ)
1482 1051 1532 1079 hoc
1545 1052 1564 1087 1-

1320 1086 1437 1113 transire
1455 1087 1506 1114 nisi

1321 1121 1386 1148 illud
1398 1121 1498 1155 bibam,

1322 1156 1368 1183 ﬁat
1381 1157 1507 1184 voluntas

1320 1191 1362 1233 μ’).
1379 1196 1433 1219 tua.
1452 1197 1482 1226 ἧς
1495 1193 1530 1223 Et
1542 1196 1617 1224 venit

1321 1232 1431 1261 iterum,
1443 1234 1471 1256 et

1320 1262 1424 1291 invenit
1436 1271 1484 1292 eos

1321 1298 1502 1328 dormientes:

1322 1341 1399 1362 erant
1413 1337 1485 1363 enim

1321 1371 1391 1398 oculi
1406 1379 1502 1399 eorum

1340 1406 1425 1434 ravati
1440 1414 1454 1434 a

1341 1443 1366 1469 4.
1384 1449 1490 1470 somno.
1505 1443 1539 1470 Et

1321 1478 1424 1505 relictis
1434 1478 1498 1510 illis,

1322 1512 1421 1540 iterum
1430 1513 1507 1547 abiit,

1323 1552 1350 1575 et
1360 1548 1458 1580 oravit,

1322 1583 1437 1611 eundem
1449 1591 1506 1611 ser-

1323 1626 1431 1646 monem
1446 1620 1548 1648 dicens.

1322 1654 1367 1682 45.
1384 1654 1459 1682 Tunc
1471 1656 1544 1684 venit

1321 1691 1355 1717 ad
1370 1690 1518 1725 discipulos

1320 1733 1396 1759 suos,
1411 1726 1510 1755 etdicit
1524 1728 1595 1759 illis:

1320 1761 1442 1790 Dormite

1318 1797 1385 1834 jam,
1397 1803 1424 1825 et
1438 1800 1545 1834 requie-

1320 1833 1402 1861 scite:
1417 1842 1481 1862 ecce

1319 1869 1489 1905 adpropiavit
1504 1871 1553 1900 lto-

260 1917 380 1947 CODEX
399 1917 633 1946 CORBEIENSIS.

65 1972 104 1992 non
122 1971 153 2005 te_
166 1966 288 2005 negabo.
311 1965 444 2005 Similiter
461 1964 750 2005 etuomnesndiscipuli
770 1964 846 2005 dixe-

63 2006 117 2028 runt.
134 2002 208 2030 Tunc
222 2002 303 2030 venit
315 2001 395 2029 Jesus
408 2009 469 2028 cum
482 2001 534 2028 illis
549 2001 575 2028 in
593 2001 696 2030 villam.
717 2008 786 2035 quae
805 2001 846 2026 di-

64 2037 117 2064 citur
137 2038 318 2066 Gethsemani
332 2058 339 2069 .
356 2042 383 2064 et
407 2036 474 2064 dixit
495 2036 637 2070 discipulis
653 2036 709 2063 suis
725 2045 731 2061 :
747 2035 847 2063 Sedete

66 2070 106 2105 hic,
118 2073 202 2102 donec
217 2075 316 2101 vadam
333 2073 408 2106 illuc,
424 2078 450 2100 et
463 2080 549 2099 orem.
567 2072 601 2099 Et
615 2076 736 2099 assmulo
750 2071 844 2104 Petro,

63 2113 81 2133 et
94 2109 191 2137 duobus
205 2109 273 2136 ﬁliis
285 2108 432 2138 Zcbednei.
446 2109 536 2143 coepit
547 2107 702 2135 contristari
714 2112 740 2134 et
756 2114 844 2134 moes-

64 2146 95 2169 tus
104 2152 166 2172 esse.
180 2146 264 2173 Tunc
280 2145 317 2171 ait
331 2145 384 2172 illis
396 2154 402 2170 ι
414 2143 514 2171 Tristis
529 2149 570 2171 est
583 2143 670 2170 anima
685 2151 743 2170 mea
756 2150 842 2177 usque

62 2179 87 2204 ad
108 2186 219 2208 mortem
236 2190 243 2208 :
258 2181 388 2208 sustinete
410 2179 463 2211 hic,
488 2184 516 2206 et
529 2179 638 2213 vigilate
663 2186 767 2205 mecum
786 2186 792 2204 ε
809 2178 843 2205 Ει

63 2221 205 2249 progressus
218 2216 360 2250 pusillum,
375 2216 488 2250 procidit
504 2215 531 2242 itt
547 2215 643 2242 facient
659 2222 735 2241 suam
750 2221 842 2247 orans,

63 2255 83 2275 et
93 2251 175 2278 dicens
189 2261 195 2279 ε
211 2254 221 2268 ¹
235 2252 315 2278 Pater
329 2254 375 2283 mi,
388 2251 410 2277 si
428 2252 556 2284 possibile
569 2256 621 2283 est,
639 2255 757 2277 transeat
772 2257 785 2275 ιι
803 2257 845 2276 nte

63 2285 118 2313 calix
130 2288 388 2314 iste.Veruntutntcu
398 2293 450 2313 non
460 2288 528 2313 sicut
537 2295 585 2318 ego
596 2286 664 2318 volo,
673 2285 719 2313 sed
732 2286 800 2312 sicut
808 2290 845 2312 tu.

65 2320 90 2346 Ει
104 2323 170 2350 \enit
183 2323 218 2351 ad
239 2323 387 2357 discnpulos
401 2329 475 2353 suos,
492 2328 520 2350 et
534 2322 635 2349 invenit
650 2328 696 2349 eos
709 2321 846 2348 dormien-

65 2360 106 2393 ιρι,
119 2363 144 2384 t-t
157 2359 221 2385 dicit
243 2356 324 2386 Petro
339 2367 345 2385 :
372 2359 412 2385 sic
426 2365 477 2384 non
493 2358 616 2393 potuistis
629 2364 680 2383 una
698 2357 762 2382 liora
775 2356 843 2393 vigi-

63 2390 109 2419 lare
126 2394 251 2421 mecum?
276 2393 401 2425 Vigilate.
425 2398 452 2420 ιιι
471 2390 546 2420 orate
561 2399 589 2420 ιιι
614 2401 666 2420 ιιοιι
690 2392 795 2419 intretis
806 2390 842 2418 Vin

64 2432 238 2456 Ienlattonent.
256 2430 372 2464 Spiritus
386 2428 494 2464 quidem
511 2434 631 2463 promtus
651 2434 703 2464 est,
718 2435 781 2464 caro
796 2435 843 2454 att-

65 2467 107 2489 tem
121 2465 234 2492 inttrnta.
248 2463 347 2492 lturunt
360 2465 480 2492 secundo
492 2464 567 2495 abiit.
583 2469 610 2490 et
621 2463 716 2494 oravit,
732 2463 840 2490 dicens:

63 2497 131 2535 Pater
146 2500 194 2533 nti,
209 2501 230 2528 si
247 2509 299 2528 non
317 2504 404 2535 potest
415 2500 458 2527 ltic
473 2501 540 2527 calix
557 2499 670 2527 transire
686 2499 736 2526 nisi
751 2499 839 2525 bibant

63 2532 137 2574 illuni,
160 2539 204 2563 liat
218 2532 342 2564 voluntas
356 2541 411 2563 tun.
428 2536 464 2574 Et
483 2535 686 2574 \‘cttithiterum.
701 2538 729 2562 et
745 2535 845 2574 invenit

63 2576 102 2605 eos
115 2571 278 2600 dormientes
299 2581 305 2599 :
329 2577 406 2599 erant
423 2572 494 2599 cnim
508 2571 577 2598 oculi
596 2579 689 2598 eorum
705 2570 805 2605 gravati
821 2570 843 2596 ¹.

62 2604 91 2631 Ει
112 2607 211 2634 relictis
225 2608 289 2640 illis,
310 2608 406 2634 iterum
420 2607 496 2640 abiit,
519 2612 546 2635 et
560 2608 647 2634 oravit
664 2604 754 2638 tertio,
769 2613 844 2632 eum-

62 2640 115 2668 dem
141 2643 418 2681 sermouetn_dict-ns.
443 2642 522 2681 Tunc
546 2643 619 2670 venit
641 2642 674 2669 ad
697 2641 846 2681 discipulos

61 2682 128 2710 suos,
149 2684 177 2706 et
192 2678 255 2707 dicit
278 2679 351 2706 illis:
375 2679 493 2706 Dormite
513 2678 580 2713 jam,
604 2683 631 2706 et
653 2677 816 2713 requiescite
839 2685 845 2703 :

62 2718 118 2740 ecce
131 2721 182 2749 ap-

1133 1916 1250 1945 CODEX
1264 1916 1462 1946 BRIXIANUS.

898 1971 952 2001 t_ton
965 1967 991 1991 te
1005 1963 1119 1999 negabo.
1133 1964 1263 2001 Similiter
1273 1968 1301 1991 et
1315 1971 1410 2001 omnes
1421 1964 1544 2001 discipuli
1563 1967 1700 1997 dixerunt.

898 1999 975 2039 Tunc
989 2001 1071 2039 venit
1083 2008 1144 2039 cum
1166 2000 1352 2039 eishJesusuitt
1365 2000 1453 2039 locum
1478 1999 1522 2039 qui
1538 2003 1642 2039 dicitur
1662 2005 1701 2039 (ιι)

897 2034 1072 2063 Gethsautani
1096 2035 1127 2071 1-.
1152 2040 1180 2062 et
1194 2035 1263 2062 dixit
1285 2035 1426 2069 discipulis
1451 2034 1507 2064 suis
1534 2038 1632 2067 Sedete
1657 2034 1702 2067 liii;

896 2070 983 2098 donec
1004 2070 1108 2098 vallant
1124 2071 1188 2098 illuc
1212 2078 1301 2098 orare.
1327 2071 1362 2097 Et
1386 2071 1530 2107 adsuutpto
1556 2073 1647 2101 Petro.
1674 2081 1702 2103 et

897 2106 1002 2134 duobus
1018 2107 1080 2134 liliis
1102 2107 1229 2134 Zebedei.
1246 2107 1335 2141 coepit
1350 2106 1516 2134 contristari.
1534 2114 1561 2136 et
1577 2115 1699 2138 maestus

894 2149 967 2169 esse.
986 2142 1059 2169 ’l‘uuc
1076 2143 1113 2170 ait
1130 2143 1183 2169 illis
1198 2142 1278 2170 Jesus
1292 2142 1390 2170 Tristis
1408 2147 1449 2169 est
1469 2145 1558 2171 animo
1575 2153 1633 2171 utea
1654 2154 1700 2173 us-

894 2185 947 2212 que
959 2178 992 2205 atl
1015 2183 1139 2205 mortem.
1157 2180 1289 2205 sustinete
1309 2178 1352 2205 ltic
1366 2182 1393 2205 et
1406 2178 1515 2213 vigilate
1531 2188 1647 2207 mecutn.
1665 2182 1698 2210 Et

896 2221 1055 2249 progressus
1062 2214 1186 2249 pusillum
1195 2214 1308 2249 procidit
1315 2214 1341 2240 iit
1353 2213 1446 2241 facient
1455 2221 1529 2242 suam
1537 2224 1618 2243 orans
1626 2218 1698 2244 etdi-

898 2256 973 2285 cens.
989 2249 1068 2276 Pater
1078 2258 1161 2277 meus.
1170 2251 1191 2276 si
1200 2249 1328 2285 possibile
1336 2250 1519 2277 esttransl‘era
1532 2260 1574 2279 nte
1584 2253 1697 2281 cultccnt

899 2283 991 2312 istum.
1011 2283 1269 2312 Verunttnmen'non
1282 2286 1351 2312 sicut
1364 2293 1413 2320 ego
1430 2286 1491 2311 rolo
1510 2287 1557 2314 sed
1574 2288 1643 2315 sicut
1658 2294 1696 2316 tu.

898 2320 932 2347 Et
947 2320 1060 2347 venitad
1073 2321 1220 2355 discipulus
1233 2328 1297 2347 suos
1305 2326 1331 2347 et
1347 2321 1449 2347 invenit
1459 2330 1506 2349 eos
1518 2323 1695 2352 dormientes.

897 2360 924 2382 et
940 2356 978 2382 ait
994 2357 1084 2382 l’t-tro.
1101 2356 1140 2383 sic
1159 2364 1212 2382 non
1227 2357 1351 2389 totuistis
1368 2364 1418 2383 una
1435 2357 1500 2384 liora
1515 2359 1625 2386 vicilnre
1637 2368 1697 2387 nte-

896 2399 967 2418 cum.
980 2391 1104 2426 Vigilatte
1119 2397 1146 2418 ct
1166 2398 1250 2418 orate.
1266 2397 1295 2418 ut
1309 2400 1360 2418 non
1377 2393 1482 2419 intretis
1505 2394 1530 2420 in
1556 2399 1694 2423 temtatio-

894 2435 968 2489 hiem.
994 2428 1110 2461 Spiritus
1131 2427 1238 2462 qurdetu
1256 2432 1378 2462 promtus
1394 2433 1434 2455 est
1449 2436 1513 2456 caro
1536 2435 1625 2457 autem
1652 2432 1695 2458 in~

915 2470 982 2489 rma.

915 2470 982 2490 rma.

932 2499 1041 2526 lterum.
1067 2498 1185 2526 secundo
1206 2498 1282 2526 abiit.
1309 2503 1335 2526 et
1358 2500 1445 2526 oravit
1477 2500 1580 2528 dicens.
1617 2502 1697 2529 Pater

897 2542 973 2561 meus
987 2535 1010 2562 si
1025 2542 1078 2561 non
1094 2540 1192 2569 potest.
1220 2535 1262 2562 hic
1276 2535 1347 2562 calix
1362 2536 1478 2563 transire
1492 2545 1505 2563 a
1521 2545 1575 2564 tne.
1592 2538 1641 2564 nisi
1664 2539 1696 2564 il-

897 2570 942 2597 lttd
965 2570 1064 2598 bibam.
1083 2570 1128 2598 ﬁat
1142 2571 1267 2598 voluntas
1286 2577 1341 2598 ttta.
1358 2572 1392 2598 Et
1405 2572 1478 2599 venit
1493 2574 1589 2600 iterum
1610 2578 1636 2600 et
1653 2574 1696 2599 in-

897 2606 1031 2643 venit_eos
1046 2607 1222 2643 dormientes.
1240 2613 1323 2643 erant
1338 2608 1410 2634 eoint
1425 2608 1495 2634 oculi
1516 2615 1610 2635 eorum
1633 2616 1696 2643 επις

898 2641 961 2668 vati.
973 2641 1005 2668 Et
1015 2642 1116 2669 relictis
1129 2642 1193 2670 illis.
1204 2641 1271 2670 abiit
1283 2644 1378 2670 iterum
1392 2647 1419 2670 et
1434 2644 1520 2670 oravit
1530 2643 1609 2671 tertio
1622 2641 1699 2671 eum-

898 2676 959 2704 dem
972 2684 1124 2705 sermonem
1137 2678 1241 2705 dicens.
1254 2678 1329 2706 Tunc
1343 2680 1416 2705 venit
1428 2679 1461 2706 ad
1473 2679 1620 2713 discipulos
1633 2687 1698 2707 suos

899 2714 967 2740 etuit
976 2713 1038 2740 illis.
1047 2713 1231 2749 Dormiteme
1245 2718 1272 2741 et
1286 2717 1446 2749 requiescite
1457 2723 1463 2741 :
1476 2722 1539 2742 ecce
1551 2715 1696 2750 adpropin-

394 2760 590 2790 VABIANTES
610 2760 800 2790 LECTIONES
818 2757 951 2787 CODICIS
970 2759 1026 2787 MS.
1050 2760 1077 2788 S.
1101 2759 1354 2788 GERMANENSIS.

87 2808 93 2821 '
111 2809 144 2832 mi
156 2808 237 2840 Pater,

934 2809 944 2824 ³
960 2814 1052 2832 somno.

743 2839 925 2868 BLANCHINI
943 2839 1058 2868 NOTJE.

92 2884 130 2920 (α)
146 2884 215 2914 Cod.
229 2885 309 2915 Cant.
323 2886 565 2924 rtoaapmi.—(b)
579 2886 619 2916 Ita
634 2890 662 2916 et
675 2886 757 2916 codd.
771 2887 843 2916 Alex:

898 2895 932 2924 r.,
951 2886 1035 2922 Med.,
1048 2885 1118 2921 Eph.
1143 2889 1170 2913 et
1183 2883 1260 2913 Colb.
1276 2891 1338 2912 cum
1353 2881 1492 2918 Citrysost.
1507 2882 1579 2918 apud
1593 2882 1705 2912 Millium

299 2933 438 2964 PA't'ttOL.
470 2933 543 2964 ΧΠ.

1432 2930 1467 2958 11
