  <div class='ocr_page' id='page_1' title='image "/cluster/home/n/w/nwhite01/storage/ocr_20150623/12/uva.x000826551/172.png"; bbox 0 0 1990 3096; ppageno 0'>
   <div class='ocr_carea' id='block_1_1' title="bbox 104 129 1228 168">
    <p class='ocr_par' dir='ltr' id='par_1_1' title="bbox 104 129 1228 168">
     <span class='ocr_line' id='line_1_1' title="bbox 104 129 1228 168; baseline -0.001 -9"><span class='ocrx_word' id='word_1_1' title='bbox 104 132 152 160; x_wconf 73' lang='grc'><strong>535</strong></span> <span class='ocrx_word' id='word_1_2' title='bbox 566 130 789 166; x_wconf 72' lang='lat' dir='ltr'><strong>EVANGELIUM</strong></span> <span class='ocrx_word' id='word_1_3' title='bbox 809 129 993 168; x_wconf 68' lang='lat' dir='ltr'><strong>SECUNDUM</strong></span> <span class='ocrx_word' id='word_1_4' title='bbox 1012 131 1228 168; x_wconf 61' lang='lat' dir='ltr'><strong>QIATTll/EUM.</strong></span> 
     </span>
    </p>
   </div>
   <div class='ocr_carea' id='block_1_2' title="bbox 266 185 669 220">
    <p class='ocr_par' dir='ltr' id='par_1_2' title="bbox 266 185 669 220">
     <span class='ocr_line' id='line_1_2' title="bbox 266 185 669 220; baseline 0.005 -5"><span class='ocrx_word' id='word_1_5' title='bbox 266 186 378 215; x_wconf 74' lang='lat' dir='ltr'><strong>CODEX</strong></span> <span class='ocrx_word' id='word_1_6' title='bbox 396 185 669 220; x_wconf 76' lang='lat' dir='ltr'><strong>VERCELLENSIS.</strong></span> 
     </span>
    </p>
   </div>
   <div class='ocr_carea' id='block_1_3' title="bbox 102 235 683 269">
    <p class='ocr_par' dir='ltr' id='par_1_3' title="bbox 102 235 683 269">
     <span class='ocr_line' id='line_1_3' title="bbox 102 235 683 269; baseline 0.002 -8"><span class='ocrx_word' id='word_1_7' title='bbox 102 235 168 262; x_wconf 83' lang='lat' dir='ltr'><strong>libus</strong></span> <span class='ocrx_word' id='word_1_8' title='bbox 175 241 290 269; x_wconf 88' lang='lat' dir='ltr'><strong>compre-</strong></span> <span class='ocrx_word' id='word_1_9' title='bbox 503 235 575 262; x_wconf 93' lang='lat' dir='ltr'><strong>nium</strong></span> <span class='ocrx_word' id='word_1_10' title='bbox 587 235 683 262; x_wconf 85' lang='lat' dir='ltr'><strong>adver-</strong></span> 
     </span>
    </p>
   </div>
   <div class='ocr_carea' id='block_1_4' title="bbox 101 270 775 305">
    <p class='ocr_par' dir='ltr' id='par_1_4' title="bbox 101 270 775 305">
     <span class='ocr_line' id='line_1_4' title="bbox 101 270 775 305; baseline 0.003 -8"><span class='ocrx_word' id='word_1_11' title='bbox 101 270 211 298; x_wconf 83' lang='lat' dir='ltr'><strong>hcndere</strong></span> <span class='ocrx_word' id='word_1_12' title='bbox 219 277 259 298; x_wconf 87' lang='lat' dir='ltr'><strong>me</strong></span> <span class='ocrx_word' id='word_1_13' title='bbox 270 279 276 296; x_wconf 69' lang='grc' dir='ltr'>ς</span> <span class='ocrx_word' id='word_1_14' title='bbox 502 277 548 298; x_wconf 84' lang='lat' dir='ltr'><strong>Sus</strong></span> <span class='ocrx_word' id='word_1_15' title='bbox 558 270 660 305; x_wconf 84' lang='lat' dir='ltr'><strong>Jesum,</strong></span> <span class='ocrx_word' id='word_1_16' title='bbox 676 274 704 298; x_wconf 90' lang='lat' dir='ltr'><strong>ut</strong></span> <span class='ocrx_word' id='word_1_17' title='bbox 714 277 775 303; x_wconf 83' lang='lat' dir='ltr'><strong>eum</strong></span> 
     </span>
    </p>
   </div>
   <div class='ocr_carea' id='block_1_5' title="bbox 99 306 705 333">
    <p class='ocr_par' dir='ltr' id='par_1_5' title="bbox 99 306 705 333">
     <span class='ocr_line' id='line_1_5' title="bbox 99 306 705 333; baseline 0 0"><span class='ocrx_word' id='word_1_18' title='bbox 99 306 199 333; x_wconf 79' lang='lat' dir='ltr'><strong>cottidie</strong></span> <span class='ocrx_word' id='word_1_19' title='bbox 501 306 683 333; x_wconf 89' lang='lat' dir='ltr'><strong>interﬁcerent</strong></span> <span class='ocrx_word' id='word_1_20' title='bbox 699 315 705 332; x_wconf 77' lang='grc' dir='ltr'>ε</span> 
     </span>
    </p>
   </div>
   <div class='ocr_carea' id='block_1_6' title="bbox 97 340 693 376">
    <p class='ocr_par' dir='ltr' id='par_1_6' title="bbox 97 340 693 376">
     <span class='ocr_line' id='line_1_6' title="bbox 97 340 693 376; baseline 0.003 -9"><span class='ocrx_word' id='word_1_21' title='bbox 97 346 154 376; x_wconf 85' lang='lat' dir='ltr'><strong>aput</strong></span> <span class='ocrx_word' id='word_1_22' title='bbox 169 348 212 367; x_wconf 90' lang='lat' dir='ltr'><strong>vos</strong></span> <span class='ocrx_word' id='word_1_23' title='bbox 227 340 301 368; x_wconf 86' lang='lat' dir='ltr'><strong>sede-</strong></span> <span class='ocrx_word' id='word_1_24' title='bbox 501 342 536 369; x_wconf 84' lang='lat'><strong>60</strong></span> <span class='ocrx_word' id='word_1_25' title='bbox 550 345 578 369; x_wconf 82' lang='lat' dir='ltr'><strong>et</strong></span> <span class='ocrx_word' id='word_1_26' title='bbox 588 350 641 369; x_wconf 93' lang='lat' dir='ltr'><strong>non</strong></span> <span class='ocrx_word' id='word_1_27' title='bbox 653 342 693 369; x_wconf 90' lang='lat' dir='ltr'><strong>in-</strong></span> 
     </span>
    </p>
   </div>
   <div class='ocr_carea' id='block_1_7' title="bbox 96 377 762 410">
    <p class='ocr_par' dir='ltr' id='par_1_7' title="bbox 96 377 762 410">
     <span class='ocr_line' id='line_1_7' title="bbox 96 377 762 410; baseline 0.002 -6"><span class='ocrx_word' id='word_1_28' title='bbox 96 377 150 404; x_wconf 88' lang='lat' dir='ltr'><strong>bam</strong></span> <span class='ocrx_word' id='word_1_29' title='bbox 164 377 188 403; x_wconf 93' lang='lat' dir='ltr'><strong>in</strong></span> <span class='ocrx_word' id='word_1_30' title='bbox 203 382 268 403; x_wconf 91' lang='lat' dir='ltr'><strong>tem-</strong></span> <span class='ocrx_word' id='word_1_31' title='bbox 500 382 607 410; x_wconf 85' lang='lat' dir='ltr'><strong>verunt,</strong></span> <span class='ocrx_word' id='word_1_32' title='bbox 618 386 678 405; x_wconf 93' lang='lat' dir='ltr'><strong>cum</strong></span> <span class='ocrx_word' id='word_1_33' title='bbox 694 377 762 405; x_wconf 92' lang='lat' dir='ltr'><strong>mul-</strong></span> 
     </span>
    </p>
   </div>
   <div class='ocr_carea' id='block_1_8' title="bbox 97 412 691 447">
    <p class='ocr_par' dir='ltr' id='par_1_8' title="bbox 97 412 691 447">
     <span class='ocr_line' id='line_1_8' title="bbox 97 412 691 447; baseline 0.003 -8"><span class='ocrx_word' id='word_1_34' title='bbox 97 412 136 447; x_wconf 93' lang='lat' dir='ltr'><strong>plo</strong></span> <span class='ocrx_word' id='word_1_35' title='bbox 151 412 255 440; x_wconf 81' lang='lat' dir='ltr'><strong>dOCens.</strong></span> <span class='ocrx_word' id='word_1_36' title='bbox 502 414 535 441; x_wconf 91' lang='lat' dir='ltr'><strong>tis</strong></span> <span class='ocrx_word' id='word_1_37' title='bbox 549 413 623 441; x_wconf 80' lang='lat' dir='ltr'><strong>falsis</strong></span> <span class='ocrx_word' id='word_1_38' title='bbox 637 418 691 441; x_wconf 89' lang='lat' dir='ltr'><strong>tes-</strong></span> 
     </span>
    </p>
   </div>
   <div class='ocr_carea' id='block_1_9' title="bbox 99 450 691 477">
    <p class='ocr_par' dir='ltr' id='par_1_9' title="bbox 99 450 691 477">
     <span class='ocr_line' id='line_1_9' title="bbox 99 450 691 477; baseline 0.005 -3"><span class='ocrx_word' id='word_1_39' title='bbox 99 468 105 474; x_wconf 93' lang='lat'><strong>.</strong></span> <span class='ocrx_word' id='word_1_40' title='bbox 125 468 130 474; x_wconf 95' lang='lat'><strong>.</strong></span> <span class='ocrx_word' id='word_1_41' title='bbox 150 467 156 474; x_wconf 90' lang='lat'><strong>.</strong></span> <span class='ocrx_word' id='word_1_42' title='bbox 171 455 220 475; x_wconf 93' lang='lat' dir='ltr'><strong>non</strong></span> <span class='ocrx_word' id='word_1_43' title='bbox 235 451 309 475; x_wconf 89' lang='lat' dir='ltr'><strong>tenu—</strong></span> <span class='ocrx_word' id='word_1_44' title='bbox 502 454 542 477; x_wconf 87' lang='lat' dir='ltr'><strong>les</strong></span> <span class='ocrx_word' id='word_1_45' title='bbox 559 450 691 477; x_wconf 85' lang='lat' dir='ltr'><strong>accessis-</strong></span> 
     </span>
    </p>
   </div>
   <div class='ocr_carea' id='block_1_10' title="bbox 98 483 702 517">
    <p class='ocr_par' dir='ltr' id='par_1_10' title="bbox 98 483 702 517">
     <span class='ocr_line' id='line_1_10' title="bbox 98 483 702 517; baseline 0.007 -8"><span class='ocrx_word' id='word_1_46' title='bbox 98 504 104 510; x_wconf 92' lang='lat'><strong>.</strong></span> <span class='ocrx_word' id='word_1_47' title='bbox 123 503 129 509; x_wconf 87' lang='lat'><strong>.</strong></span> <span class='ocrx_word' id='word_1_48' title='bbox 149 503 154 509; x_wconf 99' lang='lat'><strong>.</strong></span> <span class='ocrx_word' id='word_1_49' title='bbox 169 483 201 509; x_wconf 91' lang='lat' dir='ltr'><strong>tis</strong></span> <span class='ocrx_word' id='word_1_50' title='bbox 211 491 263 510; x_wconf 91' lang='lat' dir='ltr'><strong>me.</strong></span> <span class='ocrx_word' id='word_1_51' title='bbox 500 490 576 517; x_wconf 78' lang='lat' dir='ltr'><strong>sent.</strong></span> <span class='ocrx_word' id='word_1_52' title='bbox 592 493 645 512; x_wconf 91' lang='lat' dir='ltr'><strong>non</strong></span> <span class='ocrx_word' id='word_1_53' title='bbox 661 485 702 513; x_wconf 92' lang='lat' dir='ltr'><strong>in-</strong></span> 
     </span>
    </p>
   </div>
   <div class='ocr_carea' id='block_1_11' title="bbox 96 518 634 548">
    <p class='ocr_par' dir='ltr' id='par_1_11' title="bbox 96 518 634 548">
     <span class='ocr_line' id='line_1_11' title="bbox 96 518 634 548; baseline 0.006 -3"><span class='ocrx_word' id='word_1_54' title='bbox 96 519 134 546; x_wconf 81' lang='grc'><strong>56.</strong></span> <span class='ocrx_word' id='word_1_55' title='bbox 152 518 204 546; x_wconf 90' lang='lat' dir='ltr'><strong>lloc</strong></span> <span class='ocrx_word' id='word_1_56' title='bbox 214 523 301 547; x_wconf 82' lang='lat' dir='ltr'><strong>autem</strong></span> <span class='ocrx_word' id='word_1_57' title='bbox 318 522 357 546; x_wconf 90' lang='grc' dir='ltr'><strong>ιο-</strong></span> <span class='ocrx_word' id='word_1_58' title='bbox 501 526 634 548; x_wconf 89' lang='lat' dir='ltr'><strong>venerunt</strong></span> 
     </span>
    </p>
   </div>
   <div class='ocr_carea' id='block_1_12' title="bbox 96 556 668 584">
    <p class='ocr_par' dir='ltr' id='par_1_12' title="bbox 96 556 668 584">
     <span class='ocr_line' id='line_1_12' title="bbox 96 556 668 584; baseline 0.005 -3"><span class='ocrx_word' id='word_1_59' title='bbox 96 560 154 581; x_wconf 85' lang='lat' dir='ltr'><strong>tum.</strong></span> <span class='ocrx_word' id='word_1_60' title='bbox 175 576 180 580; x_wconf 96' lang='lat'><strong>.</strong></span> <span class='ocrx_word' id='word_1_61' title='bbox 202 574 209 580; x_wconf 94' lang='lat'><strong>.</strong></span> <span class='ocrx_word' id='word_1_62' title='bbox 231 575 237 580; x_wconf 97' lang='lat'><strong>.</strong></span> <span class='ocrx_word' id='word_1_63' title='bbox 262 575 268 581; x_wconf 93' lang='lat'><strong>.</strong></span> <span class='ocrx_word' id='word_1_64' title='bbox 292 575 298 581; x_wconf 92' lang='lat'><strong>.</strong></span> <span class='ocrx_word' id='word_1_65' title='bbox 502 556 603 584; x_wconf 86' lang='lat' dir='ltr'><strong>exitum</strong></span> <span class='ocrx_word' id='word_1_66' title='bbox 618 556 668 584; x_wconf 83' lang='lat' dir='ltr'><strong>rei.</strong></span> 
     </span>
    </p>
   </div>
   <div class='ocr_carea' id='block_1_13' title="bbox 96 590 702 623">
    <p class='ocr_par' dir='ltr' id='par_1_13' title="bbox 96 590 702 623">
     <span class='ocr_line' id='line_1_13' title="bbox 96 590 702 623; baseline 0.005 -7"><span class='ocrx_word' id='word_1_67' title='bbox 96 594 138 620; x_wconf 86' lang='lat' dir='ltr'><strong>est,</strong></span> <span class='ocrx_word' id='word_1_68' title='bbox 153 590 278 623; x_wconf 88' lang='lat' dir='ltr'><strong>utimple—</strong></span> <span class='ocrx_word' id='word_1_69' title='bbox 501 591 598 619; x_wconf 88' lang='lat' dir='ltr'><strong>Postea</strong></span> <span class='ocrx_word' id='word_1_70' title='bbox 612 597 702 620; x_wconf 86' lang='lat' dir='ltr'><strong>autem</strong></span> 
     </span>
    </p>
   </div>
   <div class='ocr_carea' id='block_1_14' title="bbox 95 625 637 660">
    <p class='ocr_par' dir='ltr' id='par_1_14' title="bbox 95 625 637 660">
     <span class='ocr_line' id='line_1_14' title="bbox 95 625 637 660; baseline 0.006 -8"><span class='ocrx_word' id='word_1_71' title='bbox 95 630 163 652; x_wconf 80' lang='lat' dir='ltr'><strong>antur</strong></span> <span class='ocrx_word' id='word_1_72' title='bbox 173 625 261 660; x_wconf 88' lang='lat' dir='ltr'><strong>Scrip—</strong></span> <span class='ocrx_word' id='word_1_73' title='bbox 501 634 637 655; x_wconf 81' lang='lat' dir='ltr'><strong>venerunt</strong></span> 
     </span>
    </p>
   </div>
   <div class='ocr_carea' id='block_1_15' title="bbox 93 660 749 697">
    <p class='ocr_par' dir='ltr' id='par_1_15' title="bbox 93 660 749 697">
     <span class='ocr_line' id='line_1_15' title="bbox 93 660 749 697; baseline 0.005 -9"><span class='ocrx_word' id='word_1_74' title='bbox 93 666 158 688; x_wconf 77' lang='lat' dir='ltr'><strong>tune</strong></span> <span class='ocrx_word' id='word_1_75' title='bbox 176 661 204 688; x_wconf 88' lang='lat' dir='ltr'><strong>P.</strong></span> <span class='ocrx_word' id='word_1_76' title='bbox 225 681 233 688; x_wconf 86' lang='lat'><strong>.</strong></span> <span class='ocrx_word' id='word_1_77' title='bbox 249 660 337 697; x_wconf 67' lang='lat' dir='ltr'><strong>ophe-</strong></span> <span class='ocrx_word' id='word_1_78' title='bbox 502 663 555 690; x_wconf 92' lang='lat' dir='ltr'><strong>duo</strong></span> <span class='ocrx_word' id='word_1_79' title='bbox 569 664 588 691; x_wconf 69' lang='grc' dir='ltr'><strong>Γ,</strong></span> <span class='ocrx_word' id='word_1_80' title='bbox 612 683 619 691; x_wconf 95' lang='grc'><strong>.</strong></span> <span class='ocrx_word' id='word_1_81' title='bbox 641 683 648 690; x_wconf 90' lang='grc'><strong>.</strong></span> <span class='ocrx_word' id='word_1_82' title='bbox 672 684 678 690; x_wconf 98' lang='grc'>.</span> <span class='ocrx_word' id='word_1_83' title='bbox 695 667 749 691; x_wconf 90' lang='lat' dir='ltr'><strong>tes-</strong></span> 
     </span>
    </p>
   </div>
   <div class='ocr_carea' id='block_1_16' title="bbox 94 698 828 735">
    <p class='ocr_par' dir='ltr' id='par_1_16' title="bbox 94 698 828 735">
     <span class='ocr_line' id='line_1_16' title="bbox 94 698 828 735; baseline 0.003 -12"><span class='ocrx_word' id='word_1_84' title='bbox 94 702 195 735; x_wconf 44' lang='grc' dir='ltr'><strong>ειιιιιιι..Δ</strong></span> <span class='ocrx_word' id='word_1_85' title='bbox 228 733 234 735; x_wconf 87' lang='lat'>_</span> <span class='ocrx_word' id='word_1_86' title='bbox 280 732 296 735; x_wconf 26' lang='grc' dir='ltr'><strong>Α.</strong></span> <span class='ocrx_word' id='word_1_87' title='bbox 503 698 546 735; x_wconf 53' lang='grc' dir='ltr'><strong>(ξι.</strong></span> <span class='ocrx_word' id='word_1_88' title='bbox 568 703 625 735; x_wconf 80' lang='lat' dir='ltr'><strong>tes,</strong></span> <span class='ocrx_word' id='word_1_89' title='bbox 639 698 828 735; x_wconf 70' lang='lat' dir='ltr'><strong>ctdixerunt:</strong></span> 
     </span>
    </p>
   </div>
   <div class='ocr_carea' id='block_1_17' title="bbox 94 731 299 773">
    <p class='ocr_par' dir='ltr' id='par_1_17' title="bbox 94 731 299 773">
     <span class='ocr_line' id='line_1_17' title="bbox 94 731 299 773; baseline 0 -13"><span class='ocrx_word' id='word_1_90' title='bbox 94 731 158 773; x_wconf 81' lang='lat' dir='ltr'><strong>T_unc</strong></span> <span class='ocrx_word' id='word_1_91' title='bbox 171 732 299 768; x_wconf 79' lang='lat' dir='ltr'><strong>discipuli</strong></span> 
     </span>
    </p>
   </div>
   <div class='ocr_carea' id='block_1_18' title="bbox 94 776 255 802">
    <p class='ocr_par' dir='ltr' id='par_1_18' title="bbox 94 776 255 802">
     <span class='ocr_line' id='line_1_18' title="bbox 94 776 255 802; baseline 0.012 -7"><span class='ocrx_word' id='word_1_92' title='bbox 94 776 142 802; x_wconf 62' lang='lat' dir='ltr'><strong>eius</strong></span> <span class='ocrx_word' id='word_1_93' title='bbox 154 776 255 802; x_wconf 80' lang='lat' dir='ltr'><strong>omnes,</strong></span> 
     </span>
    </p>
   </div>
   <div class='ocr_carea' id='block_1_19' title="bbox 94 801 289 838">
    <p class='ocr_par' dir='ltr' id='par_1_19' title="bbox 94 801 289 838">
     <span class='ocr_line' id='line_1_19' title="bbox 94 801 289 838; baseline 0.005 -8"><span class='ocrx_word' id='word_1_94' title='bbox 94 801 173 831; x_wconf 78' lang='lat' dir='ltr'><strong>relicto</strong></span> <span class='ocrx_word' id='word_1_95' title='bbox 185 812 227 837; x_wconf 91' lang='lat' dir='ltr'><strong>eo,</strong></span> <span class='ocrx_word' id='word_1_96' title='bbox 242 801 289 838; x_wconf 75' lang='lat' dir='ltr'><strong>fu-</strong></span> 
     </span>
    </p>
   </div>
   <div class='ocr_carea' id='block_1_20' title="bbox 93 838 362 875">
    <p class='ocr_par' dir='ltr' id='par_1_20' title="bbox 93 838 362 875">
     <span class='ocr_line' id='line_1_20' title="bbox 93 838 362 875; baseline -0.004 -8"><span class='ocrx_word' id='word_1_97' title='bbox 93 840 128 867; x_wconf 83' lang='lat'><strong>57.</strong></span> <span class='ocrx_word' id='word_1_98' title='bbox 145 844 249 875; x_wconf 76' lang='lat' dir='ltr'><strong>gerunt.</strong></span> <span class='ocrx_word' id='word_1_99' title='bbox 266 839 310 874; x_wconf 56' lang='lat' dir='ltr'><strong>Ad</strong></span> <span class='ocrx_word' id='word_1_100' title='bbox 322 838 362 874; x_wconf 82' lang='lat' dir='ltr'><strong>illi</strong></span> 
     </span>
    </p>
   </div>
   <div class='ocr_carea' id='block_1_21' title="bbox 504 733 739 768">
    <p class='ocr_par' dir='ltr' id='par_1_21' title="bbox 504 733 739 768">
     <span class='ocr_line' id='line_1_21' title="bbox 504 733 739 768; baseline 0 -7"><span class='ocrx_word' id='word_1_101' title='bbox 504 733 552 761; x_wconf 81' lang='lat' dir='ltr'><strong>ilic</strong></span> <span class='ocrx_word' id='word_1_102' title='bbox 564 734 633 762; x_wconf 80' lang='lat' dir='ltr'><strong>dixit</strong></span> <span class='ocrx_word' id='word_1_103' title='bbox 651 742 659 764; x_wconf 73' lang='grc' dir='ltr'>ς</span> <span class='ocrx_word' id='word_1_104' title='bbox 674 734 739 768; x_wconf 81' lang='lat' dir='ltr'><strong>Pos-</strong></span> 
     </span>
    </p>
   </div>
   <div class='ocr_carea' id='block_1_22' title="bbox 503 770 699 798">
    <p class='ocr_par' dir='ltr' id='par_1_22' title="bbox 503 770 699 798">
     <span class='ocr_line' id='line_1_22' title="bbox 503 770 699 798; baseline 0 -1"><span class='ocrx_word' id='word_1_105' title='bbox 503 777 562 797; x_wconf 85' lang='lat' dir='ltr'><strong>sum</strong></span> <span class='ocrx_word' id='word_1_106' title='bbox 576 770 699 798; x_wconf 86' lang='lat' dir='ltr'><strong>destrue-</strong></span> 
     </span>
    </p>
   </div>
   <div class='ocr_carea' id='block_1_23' title="bbox 501 806 673 840">
    <p class='ocr_par' dir='ltr' id='par_1_23' title="bbox 501 806 673 840">
     <span class='ocr_line' id='line_1_23' title="bbox 501 806 673 840; baseline -0.006 -8"><span class='ocrx_word' id='word_1_107' title='bbox 501 812 531 832; x_wconf 88' lang='lat' dir='ltr'><strong>re</strong></span> <span class='ocrx_word' id='word_1_108' title='bbox 543 806 673 840; x_wconf 90' lang='lat' dir='ltr'><strong>templum</strong></span> 
     </span>
    </p>
   </div>
   <div class='ocr_carea' id='block_1_24' title="bbox 500 840 710 873">
    <p class='ocr_par' dir='ltr' id='par_1_24' title="bbox 500 840 710 873">
     <span class='ocr_line' id='line_1_24' title="bbox 500 840 710 873; baseline 0.005 -6"><span class='ocrx_word' id='word_1_109' title='bbox 500 840 564 873; x_wconf 85' lang='lat' dir='ltr'><strong>Dei,</strong></span> <span class='ocrx_word' id='word_1_110' title='bbox 580 846 606 868; x_wconf 90' lang='lat' dir='ltr'><strong>et</strong></span> <span class='ocrx_word' id='word_1_111' title='bbox 621 843 647 869; x_wconf 90' lang='lat' dir='ltr'><strong>in</strong></span> <span class='ocrx_word' id='word_1_112' title='bbox 665 840 710 869; x_wconf 48' lang='lat' dir='ltr'><strong>tri‘</strong></span> 
     </span>
    </p>
   </div>
   <div class='ocr_carea' id='block_1_25' title="bbox 93 875 661 904">
    <p class='ocr_par' dir='ltr' id='par_1_25' title="bbox 93 875 661 904">
     <span class='ocr_line' id='line_1_25' title="bbox 93 875 661 904; baseline 0.004 -2"><span class='ocrx_word' id='word_1_113' title='bbox 93 879 200 903; x_wconf 86' lang='lat' dir='ltr'><strong>tenentes</strong></span> <span class='ocrx_word' id='word_1_114' title='bbox 501 875 551 903; x_wconf 87' lang='lat' dir='ltr'><strong>bus</strong></span> <span class='ocrx_word' id='word_1_115' title='bbox 565 876 661 904; x_wconf 89' lang='lat' dir='ltr'><strong>diebus</strong></span> 
     </span>
    </p>
   </div>
   <div class='ocr_carea' id='block_1_26' title="bbox 91 910 644 944">
    <p class='ocr_par' dir='ltr' id='par_1_26' title="bbox 91 910 644 944">
     <span class='ocr_line' id='line_1_26' title="bbox 91 910 644 944; baseline 0.004 -6"><span class='ocrx_word' id='word_1_116' title='bbox 91 910 178 944; x_wconf 80' lang='lat' dir='ltr'><strong>Jesum,</strong></span> <span class='ocrx_word' id='word_1_117' title='bbox 192 911 279 939; x_wconf 77' lang='lat' dir='ltr'><strong>duxe-</strong></span> <span class='ocrx_word' id='word_1_118' title='bbox 499 911 644 940; x_wconf 85' lang='lat' dir='ltr'><strong>aediﬁcare</strong></span> 
     </span>
    </p>
   </div>
   <div class='ocr_carea' id='block_1_27' title="bbox 92 946 577 976">
    <p class='ocr_par' dir='ltr' id='par_1_27' title="bbox 92 946 577 976">
     <span class='ocr_line' id='line_1_27' title="bbox 92 946 577 976; baseline 0.004 -3"><span class='ocrx_word' id='word_1_119' title='bbox 92 952 143 974; x_wconf 92' lang='lat' dir='ltr'><strong>runt</strong></span> <span class='ocrx_word' id='word_1_120' title='bbox 155 946 185 974; x_wconf 89' lang='lat' dir='ltr'><strong>ad</strong></span> <span class='ocrx_word' id='word_1_121' title='bbox 198 947 255 974; x_wconf 86' lang='lat' dir='ltr'><strong>Cai-</strong></span> <span class='ocrx_word' id='word_1_122' title='bbox 500 947 577 976; x_wconf 92' lang='lat' dir='ltr'><strong>illud.</strong></span> 
     </span>
    </p>
   </div>
   <div class='ocr_carea' id='block_1_28' title="bbox 91 982 751 1021">
    <p class='ocr_par' dir='ltr' id='par_1_28' title="bbox 91 982 751 1021">
     <span class='ocr_line' id='line_1_28' title="bbox 91 982 751 1021; baseline 0.003 -12"><span class='ocrx_word' id='word_1_123' title='bbox 91 982 158 1017; x_wconf 82' lang='lat' dir='ltr'><strong>pham</strong></span> <span class='ocrx_word' id='word_1_124' title='bbox 169 983 266 1017; x_wconf 86' lang='lat' dir='ltr'><strong>princi-</strong></span> <span class='ocrx_word' id='word_1_125' title='bbox 501 983 556 1021; x_wconf 55' lang='grc' dir='ltr'><strong>(ὅτι.Δ</strong></span> <span class='ocrx_word' id='word_1_126' title='bbox 567 984 602 1011; x_wconf 88' lang='grc' dir='ltr'>Ει</span> <span class='ocrx_word' id='word_1_127' title='bbox 616 991 676 1021; x_wconf 87' lang='lat' dir='ltr'><strong>cum</strong></span> <span class='ocrx_word' id='word_1_128' title='bbox 692 991 751 1021; x_wconf 82' lang='lat' dir='ltr'><strong>sur-</strong></span> 
     </span>
    </p>
   </div>
   <div class='ocr_carea' id='block_1_29' title="bbox 93 1019 704 1054">
    <p class='ocr_par' dir='ltr' id='par_1_29' title="bbox 93 1019 704 1054">
     <span class='ocr_line' id='line_1_29' title="bbox 93 1019 704 1054; baseline 0.005 -10"><span class='ocrx_word' id='word_1_129' title='bbox 93 1025 141 1052; x_wconf 87' lang='lat' dir='ltr'><strong>pem</strong></span> <span class='ocrx_word' id='word_1_130' title='bbox 153 1025 238 1045; x_wconf 87' lang='lat' dir='ltr'><strong>sacer-</strong></span> <span class='ocrx_word' id='word_1_131' title='bbox 501 1019 615 1047; x_wconf 83' lang='lat' dir='ltr'><strong>rexisset</strong></span> <span class='ocrx_word' id='word_1_132' title='bbox 630 1020 704 1054; x_wconf 89' lang='lat' dir='ltr'><strong>prin-</strong></span> 
     </span>
    </p>
   </div>
   <div class='ocr_carea' id='block_1_30' title="bbox 93 1054 236 1085">
    <p class='ocr_par' dir='ltr' id='par_1_30' title="bbox 93 1054 236 1085">
     <span class='ocr_line' id='line_1_30' title="bbox 93 1054 236 1085; baseline 0.014 -6"><span class='ocrx_word' id='word_1_133' title='bbox 93 1054 178 1085; x_wconf 86' lang='lat' dir='ltr'><strong>dotnm,</strong></span> <span class='ocrx_word' id='word_1_134' title='bbox 192 1054 236 1081; x_wconf 91' lang='lat' dir='ltr'><strong>ubi</strong></span> 
     </span>
    </p>
   </div>
   <div class='ocr_carea' id='block_1_31' title="bbox 92 1089 278 1117">
    <p class='ocr_par' dir='ltr' id='par_1_31' title="bbox 92 1089 278 1117">
     <span class='ocr_line' id='line_1_31' title="bbox 92 1089 278 1117; baseline 0.011 -2"><span class='ocrx_word' id='word_1_135' title='bbox 92 1089 181 1116; x_wconf 84' lang='lat' dir='ltr'><strong>scribae</strong></span> <span class='ocrx_word' id='word_1_136' title='bbox 194 1093 221 1116; x_wconf 86' lang='lat' dir='ltr'><strong>et</strong></span> <span class='ocrx_word' id='word_1_137' title='bbox 230 1097 278 1117; x_wconf 85' lang='lat' dir='ltr'><strong>se-</strong></span> 
     </span>
    </p>
   </div>
   <div class='ocr_carea' id='block_1_32' title="bbox 92 1124 242 1152">
    <p class='ocr_par' dir='ltr' id='par_1_32' title="bbox 92 1124 242 1152">
     <span class='ocr_line' id='line_1_32' title="bbox 92 1124 242 1152; baseline 0.007 -1"><span class='ocrx_word' id='word_1_138' title='bbox 92 1124 167 1151; x_wconf 85' lang='lat' dir='ltr'><strong>niores</strong></span> <span class='ocrx_word' id='word_1_139' title='bbox 180 1132 242 1152; x_wconf 84' lang='lat' dir='ltr'><strong>con—</strong></span> 
     </span>
    </p>
   </div>
   <div class='ocr_carea' id='block_1_33' title="bbox 92 1166 212 1187">
    <p class='ocr_par' dir='ltr' id='par_1_33' title="bbox 92 1166 212 1187">
     <span class='ocr_line' id='line_1_33' title="bbox 92 1166 212 1187; baseline 0.008 -1"><span class='ocrx_word' id='word_1_140' title='bbox 92 1166 212 1187; x_wconf 83' lang='lat' dir='ltr'><strong>venerant.</strong></span> 
     </span>
    </p>
   </div>
   <div class='ocr_carea' id='block_1_34' title="bbox 92 1196 340 1223">
    <p class='ocr_par' dir='ltr' id='par_1_34' title="bbox 92 1196 340 1223">
     <span class='ocr_line' id='line_1_34' title="bbox 92 1196 340 1223; baseline -0.012 0"><span class='ocrx_word' id='word_1_141' title='bbox 92 1196 128 1223; x_wconf 79' lang='lat'><strong>58.</strong></span> <span class='ocrx_word' id='word_1_142' title='bbox 147 1196 233 1223; x_wconf 87' lang='lat' dir='ltr'><strong>Petrus</strong></span> <span class='ocrx_word' id='word_1_143' title='bbox 244 1200 340 1223; x_wconf 86' lang='lat' dir='ltr'><strong>autem</strong></span> 
     </span>
    </p>
   </div>
   <div class='ocr_carea' id='block_1_35' title="bbox 91 1231 235 1265">
    <p class='ocr_par' dir='ltr' id='par_1_35' title="bbox 91 1231 235 1265">
     <span class='ocr_line' id='line_1_35' title="bbox 91 1231 235 1265; baseline 0.007 -7"><span class='ocrx_word' id='word_1_144' title='bbox 91 1231 235 1265; x_wconf 73' lang='lat' dir='ltr'><strong>sequebatur</strong></span> 
     </span>
    </p>
   </div>
   <div class='ocr_carea' id='block_1_36' title="bbox 92 1267 236 1294">
    <p class='ocr_par' dir='ltr' id='par_1_36' title="bbox 92 1267 236 1294">
     <span class='ocr_line' id='line_1_36' title="bbox 92 1267 236 1294; baseline 0.007 -1"><span class='ocrx_word' id='word_1_145' title='bbox 92 1274 140 1294; x_wconf 81' lang='lat' dir='ltr'><strong>eum</strong></span> <span class='ocrx_word' id='word_1_146' title='bbox 153 1275 166 1293; x_wconf 87' lang='lat' dir='ltr'><strong>a</strong></span> <span class='ocrx_word' id='word_1_147' title='bbox 179 1267 236 1294; x_wconf 94' lang='lat' dir='ltr'><strong>Ion-</strong></span> 
     </span>
    </p>
   </div>
   <div class='ocr_carea' id='block_1_37' title="bbox 91 1302 312 1338">
    <p class='ocr_par' dir='ltr' id='par_1_37' title="bbox 91 1302 312 1338">
     <span class='ocr_line' id='line_1_37' title="bbox 91 1302 312 1338; baseline -0.005 -9"><span class='ocrx_word' id='word_1_148' title='bbox 91 1309 125 1336; x_wconf 66' lang='grc' dir='ltr'><strong>ευ,</strong></span> <span class='ocrx_word' id='word_1_149' title='bbox 139 1310 216 1338; x_wconf 85' lang='lat' dir='ltr'><strong>usque</strong></span> <span class='ocrx_word' id='word_1_150' title='bbox 230 1302 267 1330; x_wconf 86' lang='lat' dir='ltr'><strong>ad</strong></span> <span class='ocrx_word' id='word_1_151' title='bbox 284 1309 312 1328; x_wconf 87' lang='lat' dir='ltr'><strong>a—</strong></span> 
     </span>
    </p>
   </div>
   <div class='ocr_carea' id='block_1_38' title="bbox 92 1339 242 1373">
    <p class='ocr_par' dir='ltr' id='par_1_38' title="bbox 92 1339 242 1373">
     <span class='ocr_line' id='line_1_38' title="bbox 92 1339 242 1373; baseline 0.007 -9"><span class='ocrx_word' id='word_1_152' title='bbox 92 1339 158 1365; x_wconf 85' lang='lat' dir='ltr'><strong>trium</strong></span> <span class='ocrx_word' id='word_1_153' title='bbox 171 1339 242 1373; x_wconf 92' lang='lat' dir='ltr'><strong>prin-</strong></span> 
     </span>
    </p>
   </div>
   <div class='ocr_carea' id='block_1_39' title="bbox 92 1374 286 1408">
    <p class='ocr_par' dir='ltr' id='par_1_39' title="bbox 92 1374 286 1408">
     <span class='ocr_line' id='line_1_39' title="bbox 92 1374 286 1408; baseline 0.005 -9"><span class='ocrx_word' id='word_1_154' title='bbox 92 1374 221 1408; x_wconf 88' lang='lat' dir='ltr'><strong>..pissa.</strong></span> <span class='ocrx_word' id='word_1_155' title='bbox 242 1396 250 1402; x_wconf 91' lang='lat'><strong>.</strong></span> <span class='ocrx_word' id='word_1_156' title='bbox 280 1395 286 1400; x_wconf 93' lang='lat'><strong>.</strong></span> 
     </span>
    </p>
   </div>
   <div class='ocr_carea' id='block_1_40' title="bbox 500 1055 705 1089">
    <p class='ocr_par' dir='ltr' id='par_1_40' title="bbox 500 1055 705 1089">
     <span class='ocr_line' id='line_1_40' title="bbox 500 1055 705 1089; baseline -0.005 -7"><span class='ocrx_word' id='word_1_157' title='bbox 500 1061 565 1089; x_wconf 87' lang='lat' dir='ltr'><strong>ceps</strong></span> <span class='ocrx_word' id='word_1_158' title='bbox 577 1055 705 1082; x_wconf 83' lang='lat' dir='ltr'><strong>sacerdo—</strong></span> 
     </span>
    </p>
   </div>
   <div class='ocr_carea' id='block_1_41' title="bbox 501 1090 726 1122">
    <p class='ocr_par' dir='ltr' id='par_1_41' title="bbox 501 1090 726 1122">
     <span class='ocr_line' id='line_1_41' title="bbox 501 1090 726 1122; baseline 0 -5"><span class='ocrx_word' id='word_1_159' title='bbox 501 1093 568 1122; x_wconf 85' lang='lat' dir='ltr'><strong>tum.</strong></span> <span class='ocrx_word' id='word_1_160' title='bbox 585 1090 652 1117; x_wconf 84' lang='lat' dir='ltr'><strong>dixit</strong></span> <span class='ocrx_word' id='word_1_161' title='bbox 663 1091 701 1118; x_wconf 84' lang='lat' dir='ltr'><strong>illi</strong></span> <span class='ocrx_word' id='word_1_162' title='bbox 719 1099 726 1118; x_wconf 87' lang='lat'>:</span> 
     </span>
    </p>
   </div>
   <div class='ocr_carea' id='block_1_42' title="bbox 501 1125 684 1161">
    <p class='ocr_par' dir='ltr' id='par_1_42' title="bbox 501 1125 684 1161">
     <span class='ocr_line' id='line_1_42' title="bbox 501 1125 684 1161; baseline 0 -8"><span class='ocrx_word' id='word_1_163' title='bbox 501 1125 558 1153; x_wconf 87' lang='lat' dir='ltr'><strong>Non</strong></span> <span class='ocrx_word' id='word_1_164' title='bbox 571 1133 684 1161; x_wconf 89' lang='lat' dir='ltr'><strong>respon-</strong></span> 
     </span>
    </p>
   </div>
   <div class='ocr_carea' id='block_1_43' title="bbox 501 1161 736 1197">
    <p class='ocr_par' dir='ltr' id='par_1_43' title="bbox 501 1161 736 1197">
     <span class='ocr_line' id='line_1_43' title="bbox 501 1161 736 1197; baseline 0.009 -10"><span class='ocrx_word' id='word_1_165' title='bbox 501 1161 549 1197; x_wconf 82' lang='lat' dir='ltr'><strong>des</strong></span> <span class='ocrx_word' id='word_1_166' title='bbox 562 1161 595 1188; x_wconf 88' lang='lat' dir='ltr'><strong>ad</strong></span> <span class='ocrx_word' id='word_1_167' title='bbox 610 1169 650 1192; x_wconf 84' lang='lat' dir='ltr'><strong>ea.</strong></span> <span class='ocrx_word' id='word_1_168' title='bbox 668 1168 736 1197; x_wconf 85' lang='lat' dir='ltr'><strong>quae</strong></span> 
     </span>
    </p>
   </div>
   <div class='ocr_carea' id='block_1_44' title="bbox 501 1196 675 1224">
    <p class='ocr_par' dir='ltr' id='par_1_44' title="bbox 501 1196 675 1224">
     <span class='ocr_line' id='line_1_44' title="bbox 501 1196 675 1224; baseline 0 0"><span class='ocrx_word' id='word_1_169' title='bbox 501 1196 529 1224; x_wconf 93' lang='lat' dir='ltr'><strong>hi</strong></span> <span class='ocrx_word' id='word_1_170' title='bbox 543 1197 675 1224; x_wconf 89' lang='lat' dir='ltr'><strong>adversus</strong></span> 
     </span>
    </p>
   </div>
   <div class='ocr_carea' id='block_1_45' title="bbox 502 1233 686 1260">
    <p class='ocr_par' dir='ltr' id='par_1_45' title="bbox 502 1233 686 1260">
     <span class='ocr_line' id='line_1_45' title="bbox 502 1233 686 1260; baseline 0 -1"><span class='ocrx_word' id='word_1_171' title='bbox 502 1237 528 1260; x_wconf 88' lang='lat' dir='ltr'><strong>te</strong></span> <span class='ocrx_word' id='word_1_172' title='bbox 542 1233 686 1259; x_wconf 86' lang='lat' dir='ltr'><strong>testiﬁcan-</strong></span> 
     </span>
    </p>
   </div>
   <div class='ocr_carea' id='block_1_46' title="bbox 501 1268 826 1296">
    <p class='ocr_par' dir='ltr' id='par_1_46' title="bbox 501 1268 826 1296">
     <span class='ocr_line' id='line_1_46' title="bbox 501 1268 826 1296; baseline -0.003 0"><span class='ocrx_word' id='word_1_173' title='bbox 501 1268 544 1296; x_wconf 78' lang='grc'><strong>65.</strong></span> <span class='ocrx_word' id='word_1_174' title='bbox 568 1268 629 1295; x_wconf 87' lang='lat' dir='ltr'><strong>tur?</strong></span> <span class='ocrx_word' id='word_1_175' title='bbox 644 1268 722 1295; x_wconf 78' lang='lat' dir='ltr'><strong>.lesns</strong></span> <span class='ocrx_word' id='word_1_176' title='bbox 736 1272 826 1295; x_wconf 85' lang='lat' dir='ltr'><strong>autem</strong></span> 
     </span>
    </p>
   </div>
   <div class='ocr_carea' id='block_1_47' title="bbox 500 1304 789 1338">
    <p class='ocr_par' dir='ltr' id='par_1_47' title="bbox 500 1304 789 1338">
     <span class='ocr_line' id='line_1_47' title="bbox 500 1304 789 1338; baseline -0.003 -7"><span class='ocrx_word' id='word_1_177' title='bbox 500 1305 616 1332; x_wconf 85' lang='lat' dir='ltr'><strong>tacebat.</strong></span> <span class='ocrx_word' id='word_1_178' title='bbox 635 1305 666 1331; x_wconf 82' lang='lat' dir='ltr'><strong>Et</strong></span> <span class='ocrx_word' id='word_1_179' title='bbox 680 1304 715 1338; x_wconf 77' lang='grc' dir='ltr'><strong>(ὑ)</strong></span> <span class='ocrx_word' id='word_1_180' title='bbox 734 1310 789 1331; x_wconf 87' lang='lat' dir='ltr'><strong>res-</strong></span> 
     </span>
    </p>
   </div>
   <div class='ocr_carea' id='block_1_48' title="bbox 501 1340 745 1375">
    <p class='ocr_par' dir='ltr' id='par_1_48' title="bbox 501 1340 745 1375">
     <span class='ocr_line' id='line_1_48' title="bbox 501 1340 745 1375; baseline -0.004 -8"><span class='ocrx_word' id='word_1_181' title='bbox 501 1340 621 1374; x_wconf 86' lang='lat' dir='ltr'><strong>p0ndens</strong></span> <span class='ocrx_word' id='word_1_182' title='bbox 674 1341 745 1374; x_wconf 83' lang='lat' dir='ltr'><strong>priu-</strong></span> 
     </span>
    </p>
   </div>
   <div class='ocr_carea' id='block_1_49' title="bbox 501 1376 705 1410">
    <p class='ocr_par' dir='ltr' id='par_1_49' title="bbox 501 1376 705 1410">
     <span class='ocr_line' id='line_1_49' title="bbox 501 1376 705 1410; baseline -0.01 -8"><span class='ocrx_word' id='word_1_183' title='bbox 501 1383 565 1410; x_wconf 85' lang='lat' dir='ltr'><strong>ceps</strong></span> <span class='ocrx_word' id='word_1_184' title='bbox 579 1376 705 1403; x_wconf 81' lang='lat' dir='ltr'><strong>sacerdo-</strong></span> 
     </span>
    </p>
   </div>
   <div class='ocr_carea' id='block_1_50' title="bbox 91 1410 699 1438">
    <p class='ocr_par' dir='ltr' id='par_1_50' title="bbox 91 1410 699 1438">
     <span class='ocr_line' id='line_1_50' title="bbox 91 1410 699 1438; baseline 0.002 -2"><span class='ocrx_word' id='word_1_185' title='bbox 91 1429 97 1436; x_wconf 86' lang='lat'><strong>.</strong></span> <span class='ocrx_word' id='word_1_186' title='bbox 115 1429 121 1436; x_wconf 99' lang='lat'><strong>.</strong></span> <span class='ocrx_word' id='word_1_187' title='bbox 140 1431 145 1436; x_wconf 89' lang='lat'><strong>.</strong></span> <span class='ocrx_word' id='word_1_188' title='bbox 167 1429 175 1437; x_wconf 93' lang='lat'><strong>.</strong></span> <span class='ocrx_word' id='word_1_189' title='bbox 195 1430 201 1437; x_wconf 97' lang='lat'><strong>.</strong></span> <span class='ocrx_word' id='word_1_190' title='bbox 223 1430 230 1437; x_wconf 92' lang='lat'><strong>.</strong></span> <span class='ocrx_word' id='word_1_191' title='bbox 248 1410 287 1438; x_wconf 81' lang='lat' dir='ltr'><strong>Et</strong></span> <span class='ocrx_word' id='word_1_192' title='bbox 302 1410 342 1437; x_wconf 90' lang='lat' dir='ltr'><strong>in-</strong></span> <span class='ocrx_word' id='word_1_193' title='bbox 502 1415 559 1438; x_wconf 90' lang='lat' dir='ltr'><strong>tum</strong></span> <span class='ocrx_word' id='word_1_194' title='bbox 574 1411 699 1438; x_wconf 80' lang='lat' dir='ltr'><strong>dixitei:</strong></span> 
     </span>
    </p>
   </div>
   <div class='ocr_carea' id='block_1_51' title="bbox 89 1445 710 1481">
    <p class='ocr_par' dir='ltr' id='par_1_51' title="bbox 89 1445 710 1481">
     <span class='ocr_line' id='line_1_51' title="bbox 89 1445 710 1481; baseline 0.002 -9"><span class='ocrx_word' id='word_1_195' title='bbox 89 1453 183 1479; x_wconf 70' lang='lat' dir='ltr'><strong>gressus</strong></span> <span class='ocrx_word' id='word_1_196' title='bbox 193 1446 232 1473; x_wconf 88' lang='lat' dir='ltr'><strong>in—</strong></span> <span class='ocrx_word' id='word_1_197' title='bbox 501 1445 604 1481; x_wconf 80' lang='lat' dir='ltr'><strong>Adjuro</strong></span> <span class='ocrx_word' id='word_1_198' title='bbox 620 1451 646 1473; x_wconf 90' lang='lat' dir='ltr'><strong>te</strong></span> <span class='ocrx_word' id='word_1_199' title='bbox 661 1454 710 1481; x_wconf 88' lang='lat' dir='ltr'><strong>per</strong></span> 
     </span>
    </p>
   </div>
   <div class='ocr_carea' id='block_1_52' title="bbox 91 1481 712 1518">
    <p class='ocr_par' dir='ltr' id='par_1_52' title="bbox 91 1481 712 1518">
     <span class='ocr_line' id='line_1_52' title="bbox 91 1481 712 1518; baseline 0.003 -12"><span class='ocrx_word' id='word_1_200' title='bbox 91 1486 132 1513; x_wconf 84' lang='lat' dir='ltr'><strong>Iro,</strong></span> <span class='ocrx_word' id='word_1_201' title='bbox 147 1481 257 1509; x_wconf 78' lang='lat' dir='ltr'><strong>sedebat</strong></span> <span class='ocrx_word' id='word_1_202' title='bbox 502 1482 589 1518; x_wconf 85' lang='lat' dir='ltr'><strong>Deum</strong></span> <span class='ocrx_word' id='word_1_203' title='bbox 604 1482 694 1518; x_wconf 87' lang='lat' dir='ltr'><strong>vivum</strong></span> <span class='ocrx_word' id='word_1_204' title='bbox 705 1502 712 1515; x_wconf 87' lang='lat'><strong>,</strong></span> 
     </span>
    </p>
   </div>
   <div class='ocr_carea' id='block_1_53' title="bbox 89 1517 680 1545">
    <p class='ocr_par' dir='ltr' id='par_1_53' title="bbox 89 1517 680 1545">
     <span class='ocr_line' id='line_1_53' title="bbox 89 1517 680 1545; baseline 0 -2"><span class='ocrx_word' id='word_1_205' title='bbox 89 1523 139 1543; x_wconf 86' lang='lat' dir='ltr'><strong>cum</strong></span> <span class='ocrx_word' id='word_1_206' title='bbox 152 1517 242 1545; x_wconf 89' lang='lat' dir='ltr'><strong>minis-</strong></span> <span class='ocrx_word' id='word_1_207' title='bbox 502 1522 530 1544; x_wconf 92' lang='lat' dir='ltr'><strong>ut</strong></span> <span class='ocrx_word' id='word_1_208' title='bbox 544 1517 618 1545; x_wconf 91' lang='lat' dir='ltr'><strong>dicas</strong></span> <span class='ocrx_word' id='word_1_209' title='bbox 632 1525 680 1543; x_wconf 86' lang='lat' dir='ltr'><strong>nc-</strong></span> 
     </span>
    </p>
   </div>
   <div class='ocr_carea' id='block_1_54' title="bbox 90 1552 809 1581">
    <p class='ocr_par' dir='ltr' id='par_1_54' title="bbox 90 1552 809 1581">
     <span class='ocr_line' id='line_1_54' title="bbox 90 1552 809 1581; baseline 0 -3"><span class='ocrx_word' id='word_1_210' title='bbox 90 1556 117 1578; x_wconf 88' lang='lat' dir='ltr'><strong>tr.</strong></span> <span class='ocrx_word' id='word_1_211' title='bbox 137 1572 142 1578; x_wconf 94' lang='lat'><strong>.</strong></span> <span class='ocrx_word' id='word_1_212' title='bbox 162 1573 168 1579; x_wconf 89' lang='lat'><strong>.</strong></span> <span class='ocrx_word' id='word_1_213' title='bbox 191 1573 198 1579; x_wconf 92' lang='lat'><strong>.</strong></span> <span class='ocrx_word' id='word_1_214' title='bbox 215 1552 318 1580; x_wconf 84' lang='lat' dir='ltr'><strong>tvide-</strong></span> <span class='ocrx_word' id='word_1_215' title='bbox 502 1553 546 1581; x_wconf 89' lang='lat' dir='ltr'><strong>bis</strong></span> <span class='ocrx_word' id='word_1_216' title='bbox 561 1554 582 1580; x_wconf 89' lang='lat' dir='ltr'><strong>si</strong></span> <span class='ocrx_word' id='word_1_217' title='bbox 600 1557 627 1580; x_wconf 95' lang='lat' dir='ltr'><strong>lu</strong></span> <span class='ocrx_word' id='word_1_218' title='bbox 641 1560 670 1580; x_wconf 86' lang='lat' dir='ltr'><strong>es</strong></span> <span class='ocrx_word' id='word_1_219' title='bbox 685 1552 809 1580; x_wconf 78' lang='lat' dir='ltr'><strong>Christus</strong></span> 
     </span>
    </p>
   </div>
   <div class='ocr_carea' id='block_1_55' title="bbox 90 1587 762 1617">
    <p class='ocr_par' dir='ltr' id='par_1_55' title="bbox 90 1587 762 1617">
     <span class='ocr_line' id='line_1_55' title="bbox 90 1587 762 1617; baseline 0.001 -3"><span class='ocrx_word' id='word_1_220' title='bbox 90 1592 123 1614; x_wconf 79' lang='lat' dir='ltr'><strong>ret</strong></span> <span class='ocrx_word' id='word_1_221' title='bbox 134 1590 227 1617; x_wconf 84' lang='lat' dir='ltr'><strong>exitum</strong></span> <span class='ocrx_word' id='word_1_222' title='bbox 502 1589 537 1616; x_wconf 71' lang='grc'><strong>64</strong></span> <span class='ocrx_word' id='word_1_223' title='bbox 557 1589 627 1616; x_wconf 87' lang='lat' dir='ltr'><strong>lilins</strong></span> <span class='ocrx_word' id='word_1_224' title='bbox 643 1589 700 1616; x_wconf 86' lang='lat' dir='ltr'><strong>Dei.</strong></span> <span class='ocrx_word' id='word_1_225' title='bbox 717 1587 762 1615; x_wconf 83' lang='lat' dir='ltr'><strong>Ait</strong></span> 
     </span>
    </p>
   </div>
   <div class='ocr_carea' id='block_1_56' title="bbox 501 1624 771 1652">
    <p class='ocr_par' dir='ltr' id='par_1_56' title="bbox 501 1624 771 1652">
     <span class='ocr_line' id='line_1_56' title="bbox 501 1624 771 1652; baseline -0.007 0"><span class='ocrx_word' id='word_1_226' title='bbox 501 1624 589 1652; x_wconf 83' lang='lat' dir='ltr'><strong>Jesns.</strong></span> <span class='ocrx_word' id='word_1_227' title='bbox 604 1624 644 1652; x_wconf 88' lang='lat' dir='ltr'><strong>&#39;l‘u</strong></span> <span class='ocrx_word' id='word_1_228' title='bbox 658 1624 748 1651; x_wconf 81' lang='lat' dir='ltr'><strong>dixisti</strong></span> <span class='ocrx_word' id='word_1_229' title='bbox 765 1632 771 1650; x_wconf 91' lang='lat'>:</span> 
     </span>
    </p>
   </div>
   <div class='ocr_carea' id='block_1_57' title="bbox 89 1623 340 1665">
    <p class='ocr_par' dir='ltr' id='par_1_57' title="bbox 89 1623 340 1665">
     <span class='ocr_line' id='line_1_57' title="bbox 89 1623 340 1665; baseline 0.004 -15"><span class='ocrx_word' id='word_1_230' title='bbox 89 1623 125 1650; x_wconf 85' lang='lat'><strong>59.</strong></span> <span class='ocrx_word' id='word_1_231' title='bbox 142 1624 187 1651; x_wconf 80' lang='lat' dir='ltr'><strong>rei.</strong></span> <span class='ocrx_word' id='word_1_232' title='bbox 203 1625 340 1665; x_wconf 74' lang='lat' dir='ltr'><strong>Princeps</strong></span> 
     </span>
    </p>
   </div>
   <div class='ocr_carea' id='block_1_58' title="bbox 501 1666 687 1688">
    <p class='ocr_par' dir='ltr' id='par_1_58' title="bbox 501 1666 687 1688">
     <span class='ocr_line' id='line_1_58' title="bbox 501 1666 687 1688; baseline 0.011 -2"><span class='ocrx_word' id='word_1_233' title='bbox 501 1666 687 1688; x_wconf 87' lang='lat' dir='ltr'><strong>verumtamen</strong></span> 
     </span>
    </p>
   </div>
   <div class='ocr_carea' id='block_1_59' title="bbox 89 1656 340 1692">
    <p class='ocr_par' dir='ltr' id='par_1_59' title="bbox 89 1656 340 1692">
     <span class='ocr_line' id='line_1_59' title="bbox 89 1656 340 1692; baseline 0.004 -6"><span class='ocrx_word' id='word_1_234' title='bbox 89 1666 152 1692; x_wconf 80' lang='lat' dir='ltr'><strong>vero,</strong></span> <span class='ocrx_word' id='word_1_235' title='bbox 165 1666 188 1687; x_wconf 82' lang='lat' dir='ltr'><strong>et</strong></span> <span class='ocrx_word' id='word_1_236' title='bbox 205 1660 270 1687; x_wconf 92' lang='lat' dir='ltr'><strong>uni-</strong></span> <span class='ocrx_word' id='word_1_237' title='bbox 306 1656 317 1665; x_wconf 66' lang='grc'><strong>³</strong></span> <span class='ocrx_word' id='word_1_238' title='bbox 339 1656 340 1659; x_wconf 54' lang='grc'><em>“</em></span> 
     </span>
    </p>
   </div>
   <div class='ocr_carea' id='block_1_60' title="bbox 89 1696 670 1729">
    <p class='ocr_par' dir='ltr' id='par_1_60' title="bbox 89 1696 670 1729">
     <span class='ocr_line' id='line_1_60' title="bbox 89 1696 670 1729; baseline 0.002 -8"><span class='ocrx_word' id='word_1_239' title='bbox 89 1701 180 1722; x_wconf 81' lang='lat' dir='ltr'><strong>versum</strong></span> <span class='ocrx_word' id='word_1_240' title='bbox 191 1703 260 1724; x_wconf 89' lang='lat' dir='ltr'><strong>con-</strong></span> <span class='ocrx_word' id='word_1_241' title='bbox 502 1696 562 1724; x_wconf 85' lang='lat' dir='ltr'><strong>dico</strong></span> <span class='ocrx_word' id='word_1_242' title='bbox 577 1696 653 1723; x_wconf 85' lang='lat' dir='ltr'><strong>vobis</strong></span> <span class='ocrx_word' id='word_1_243' title='bbox 662 1717 670 1729; x_wconf 82' lang='lat'><strong>,</strong></span> 
     </span>
    </p>
   </div>
   <div class='ocr_carea' id='block_1_61' title="bbox 89 1730 684 1767">
    <p class='ocr_par' dir='ltr' id='par_1_61' title="bbox 89 1730 684 1767">
     <span class='ocr_line' id='line_1_61' title="bbox 89 1730 684 1767; baseline 0.005 -11"><span class='ocrx_word' id='word_1_244' title='bbox 89 1730 175 1767; x_wconf 78' lang='lat' dir='ltr'><strong>cilium,</strong></span> <span class='ocrx_word' id='word_1_245' title='bbox 194 1739 283 1767; x_wconf 85' lang='lat' dir='ltr'><strong>quae—</strong></span> <span class='ocrx_word' id='word_1_246' title='bbox 501 1732 598 1759; x_wconf 89' lang='lat' dir='ltr'><strong>amodo</strong></span> <span class='ocrx_word' id='word_1_247' title='bbox 611 1731 684 1759; x_wconf 83' lang='lat' dir='ltr'><strong>vide-</strong></span> 
     </span>
    </p>
   </div>
   <div class='ocr_carea' id='block_1_62' title="bbox 89 1765 660 1794">
    <p class='ocr_par' dir='ltr' id='par_1_62' title="bbox 89 1765 660 1794">
     <span class='ocr_line' id='line_1_62' title="bbox 89 1765 660 1794; baseline 0.004 -2"><span class='ocrx_word' id='word_1_248' title='bbox 89 1765 169 1794; x_wconf 88' lang='lat' dir='ltr'><strong>rebant</strong></span> <span class='ocrx_word' id='word_1_249' title='bbox 183 1765 231 1794; x_wconf 81' lang='lat' dir='ltr'><strong>lal—</strong></span> <span class='ocrx_word' id='word_1_250' title='bbox 501 1767 563 1794; x_wconf 92' lang='lat' dir='ltr'><strong>bitis</strong></span> <span class='ocrx_word' id='word_1_251' title='bbox 577 1767 660 1794; x_wconf 87' lang='lat' dir='ltr'><strong>ﬁlium</strong></span> 
     </span>
    </p>
   </div>
   <div class='ocr_carea' id='block_1_63' title="bbox 500 1802 675 1830">
    <p class='ocr_par' dir='ltr' id='par_1_63' title="bbox 500 1802 675 1830">
     <span class='ocr_line' id='line_1_63' title="bbox 500 1802 675 1830; baseline 0 0"><span class='ocrx_word' id='word_1_252' title='bbox 500 1802 618 1830; x_wconf 80' lang='lat' dir='ltr'><strong>hominis</strong></span> <span class='ocrx_word' id='word_1_253' title='bbox 630 1810 675 1830; x_wconf 91' lang='lat' dir='ltr'><strong>se-</strong></span> 
     </span>
    </p>
   </div>
   <div class='ocr_carea' id='block_1_64' title="bbox 292 1860 667 1889">
    <p class='ocr_par' dir='ltr' id='par_1_64' title="bbox 292 1860 667 1889">
     <span class='ocr_line' id='line_1_64' title="bbox 292 1860 667 1889; baseline -0.003 0"><span class='ocrx_word' id='word_1_254' title='bbox 292 1860 410 1889; x_wconf 83' lang='lat' dir='ltr'><strong>CODEX</strong></span> <span class='ocrx_word' id='word_1_255' title='bbox 429 1860 667 1889; x_wconf 81' lang='lat' dir='ltr'><strong>CORBEIENSIS.</strong></span> 
     </span>
    </p>
   </div>
   <div class='ocr_carea' id='block_1_65' title="bbox 89 1916 879 1955">
    <p class='ocr_par' dir='ltr' id='par_1_65' title="bbox 89 1916 879 1955">
     <span class='ocr_line' id='line_1_65' title="bbox 89 1916 879 1955; baseline 0.005 -13"><span class='ocrx_word' id='word_1_256' title='bbox 89 1916 147 1955; x_wconf 76' lang='lat' dir='ltr'><strong>tibus</strong></span> <span class='ocrx_word' id='word_1_257' title='bbox 158 1917 396 1955; x_wconf 79' lang='lat' dir='ltr'><strong>comprehendere</strong></span> <span class='ocrx_word' id='word_1_258' title='bbox 418 1926 461 1946; x_wconf 91' lang='lat' dir='ltr'><strong>me</strong></span> <span class='ocrx_word' id='word_1_259' title='bbox 478 1927 484 1945; x_wconf 86' lang='lat'><strong>:</strong></span> <span class='ocrx_word' id='word_1_260' title='bbox 505 1918 625 1955; x_wconf 82' lang='lat' dir='ltr'><strong>quotidie</strong></span> <span class='ocrx_word' id='word_1_261' title='bbox 642 1919 711 1953; x_wconf 85' lang='lat' dir='ltr'><strong>apud</strong></span> <span class='ocrx_word' id='word_1_262' title='bbox 732 1926 780 1946; x_wconf 86' lang='lat' dir='ltr'><strong>vos</strong></span> <span class='ocrx_word' id='word_1_263' title='bbox 801 1919 879 1946; x_wconf 90' lang='lat' dir='ltr'><strong>sede-</strong></span> 
     </span>
    </p>
   </div>
   <div class='ocr_carea' id='block_1_66' title="bbox 89 1951 880 1989">
    <p class='ocr_par' dir='ltr' id='par_1_66' title="bbox 89 1951 880 1989">
     <span class='ocr_line' id='line_1_66' title="bbox 89 1951 880 1989; baseline 0.005 -11"><span class='ocrx_word' id='word_1_264' title='bbox 89 1951 138 1978; x_wconf 81' lang='lat' dir='ltr'><strong>bam</strong></span> <span class='ocrx_word' id='word_1_265' title='bbox 149 1951 250 1981; x_wconf 85' lang='lat' dir='ltr'><strong>docens</strong></span> <span class='ocrx_word' id='word_1_266' title='bbox 268 1953 296 1980; x_wconf 88' lang='lat' dir='ltr'><strong>in</strong></span> <span class='ocrx_word' id='word_1_267' title='bbox 312 1954 423 1989; x_wconf 75' lang='lat' dir='ltr'><strong>templo,</strong></span> <span class='ocrx_word' id='word_1_268' title='bbox 435 1959 462 1981; x_wconf 92' lang='lat' dir='ltr'><strong>et</strong></span> <span class='ocrx_word' id='word_1_269' title='bbox 481 1951 533 1981; x_wconf 68' lang='lat' dir='ltr'><strong>non</strong></span> <span class='ocrx_word' id='word_1_270' title='bbox 558 1963 601 1982; x_wconf 88' lang='lat' dir='ltr'><strong>me</strong></span> <span class='ocrx_word' id='word_1_271' title='bbox 615 1951 747 1983; x_wconf 82' lang='lat' dir='ltr'><strong>tenuislis.</strong></span> <span class='ocrx_word' id='word_1_272' title='bbox 765 1955 820 1982; x_wconf 87' lang='lat' dir='ltr'><strong>Hoc</strong></span> <span class='ocrx_word' id='word_1_273' title='bbox 832 1963 880 1982; x_wconf 83' lang='lat' dir='ltr'><strong>au-</strong></span> 
     </span>
    </p>
   </div>
   <div class='ocr_carea' id='block_1_67' title="bbox 89 1989 880 2025">
    <p class='ocr_par' dir='ltr' id='par_1_67' title="bbox 89 1989 880 2025">
     <span class='ocr_line' id='line_1_67' title="bbox 89 1989 880 2025; baseline 0.004 -11"><span class='ocrx_word' id='word_1_274' title='bbox 89 1990 131 2025; x_wconf 61' lang='lat' dir='ltr'><strong>tom</strong></span> <span class='ocrx_word' id='word_1_275' title='bbox 145 1993 227 2016; x_wconf 88' lang='lat' dir='ltr'><strong>totum</strong></span> <span class='ocrx_word' id='word_1_276' title='bbox 244 1989 347 2016; x_wconf 81' lang='lat' dir='ltr'><strong>factum</strong></span> <span class='ocrx_word' id='word_1_277' title='bbox 358 1995 409 2021; x_wconf 83' lang='lat' dir='ltr'><strong>est,</strong></span> <span class='ocrx_word' id='word_1_278' title='bbox 422 1995 451 2017; x_wconf 90' lang='lat' dir='ltr'><strong>ut</strong></span> <span class='ocrx_word' id='word_1_279' title='bbox 465 1990 641 2024; x_wconf 88' lang='lat' dir='ltr'><strong>implerentur</strong></span> <span class='ocrx_word' id='word_1_280' title='bbox 650 1990 806 2025; x_wconf 88' lang='lat' dir='ltr'><strong>Scripturae</strong></span> <span class='ocrx_word' id='word_1_281' title='bbox 815 1991 880 2017; x_wconf 87' lang='lat' dir='ltr'><strong>Pro-</strong></span> 
     </span>
    </p>
   </div>
   <div class='ocr_carea' id='block_1_68' title="bbox 89 2022 880 2061">
    <p class='ocr_par' dir='ltr' id='par_1_68' title="bbox 89 2022 880 2061">
     <span class='ocr_line' id='line_1_68' title="bbox 89 2022 880 2061; baseline 0.004 -11"><span class='ocrx_word' id='word_1_282' title='bbox 89 2022 227 2055; x_wconf 84' lang='lat' dir='ltr'><strong>phetarum.</strong></span> <span class='ocrx_word' id='word_1_283' title='bbox 241 2025 323 2052; x_wconf 86' lang='lat' dir='ltr'><strong>Tunc</strong></span> <span class='ocrx_word' id='word_1_284' title='bbox 336 2025 459 2061; x_wconf 79' lang='lat' dir='ltr'><strong>discipuli</strong></span> <span class='ocrx_word' id='word_1_285' title='bbox 484 2022 589 2059; x_wconf 83' lang='lat' dir='ltr'><strong>omnes,</strong></span> <span class='ocrx_word' id='word_1_286' title='bbox 611 2022 772 2057; x_wconf 43' lang='lat' dir='ltr'><strong>relicto&#39;eo.</strong></span> <span class='ocrx_word' id='word_1_287' title='bbox 793 2027 880 2061; x_wconf 77' lang='lat' dir='ltr'><strong>rugie-</strong></span> 
     </span>
    </p>
   </div>
   <div class='ocr_carea' id='block_1_69' title="bbox 90 2064 149 2085">
    <p class='ocr_par' dir='ltr' id='par_1_69' title="bbox 90 2064 149 2085">
     <span class='ocr_line' id='line_1_69' title="bbox 90 2064 149 2085; baseline 0.034 -2"><span class='ocrx_word' id='word_1_288' title='bbox 90 2064 149 2085; x_wconf 82' lang='lat' dir='ltr'><strong>runt.</strong></span> 
     </span>
    </p>
   </div>
   <div class='ocr_carea' id='block_1_70' title="bbox 116 2094 878 2129">
    <p class='ocr_par' dir='ltr' id='par_1_70' title="bbox 116 2094 878 2129">
     <span class='ocr_line' id='line_1_70' title="bbox 116 2094 878 2129; baseline 0.001 -7"><span class='ocrx_word' id='word_1_289' title='bbox 116 2094 229 2123; x_wconf 78' lang='lat' dir='ltr'><strong>XXVIII.</strong></span> <span class='ocrx_word' id='word_1_290' title='bbox 249 2095 286 2123; x_wconf 83' lang='lat' dir='ltr'><strong>At</strong></span> <span class='ocrx_word' id='word_1_291' title='bbox 300 2095 337 2122; x_wconf 89' lang='lat' dir='ltr'><strong>illi</strong></span> <span class='ocrx_word' id='word_1_292' title='bbox 354 2100 477 2124; x_wconf 87' lang='lat' dir='ltr'><strong>tenentes</strong></span> <span class='ocrx_word' id='word_1_293' title='bbox 493 2096 596 2129; x_wconf 85' lang='lat' dir='ltr'><strong>.lesum,</strong></span> <span class='ocrx_word' id='word_1_294' title='bbox 614 2097 749 2124; x_wconf 84' lang='lat' dir='ltr'><strong>duxerunt</strong></span> <span class='ocrx_word' id='word_1_295' title='bbox 764 2097 795 2123; x_wconf 88' lang='lat' dir='ltr'><strong>ad</strong></span> <span class='ocrx_word' id='word_1_296' title='bbox 816 2096 878 2124; x_wconf 85' lang='lat' dir='ltr'><strong>Cai-</strong></span> 
     </span>
    </p>
   </div>
   <div class='ocr_carea' id='block_1_71' title="bbox 89 2129 878 2166">
    <p class='ocr_par' dir='ltr' id='par_1_71' title="bbox 89 2129 878 2166">
     <span class='ocr_line' id='line_1_71' title="bbox 89 2129 878 2166; baseline 0.008 -11"><span class='ocrx_word' id='word_1_297' title='bbox 89 2129 157 2163; x_wconf 70' lang='lat' dir='ltr'><strong>pham</strong></span> <span class='ocrx_word' id='word_1_298' title='bbox 172 2133 325 2166; x_wconf 78' lang='lat' dir='ltr'><strong>principem</strong></span> <span class='ocrx_word' id='word_1_299' title='bbox 342 2133 522 2165; x_wconf 85' lang='lat' dir='ltr'><strong>sacerdotum,</strong></span> <span class='ocrx_word' id='word_1_300' title='bbox 536 2133 580 2160; x_wconf 85' lang='lat' dir='ltr'><strong>ubi</strong></span> <span class='ocrx_word' id='word_1_301' title='bbox 598 2134 702 2160; x_wconf 86' lang='lat' dir='ltr'><strong>scribae</strong></span> <span class='ocrx_word' id='word_1_302' title='bbox 716 2138 742 2160; x_wconf 87' lang='lat' dir='ltr'><strong>et</strong></span> <span class='ocrx_word' id='word_1_303' title='bbox 755 2133 878 2161; x_wconf 82' lang='lat' dir='ltr'><strong>seniores</strong></span> 
     </span>
    </p>
   </div>
   <div class='ocr_carea' id='block_1_72' title="bbox 90 2167 875 2203">
    <p class='ocr_par' dir='ltr' id='par_1_72' title="bbox 90 2167 875 2203">
     <span class='ocr_line' id='line_1_72' title="bbox 90 2167 875 2203; baseline 0.005 -13"><span class='ocrx_word' id='word_1_304' title='bbox 90 2172 275 2194; x_wconf 76' lang='lat' dir='ltr'><strong>convenerant.</strong></span> <span class='ocrx_word' id='word_1_305' title='bbox 288 2167 384 2195; x_wconf 85' lang='lat' dir='ltr'><strong>Petrus</strong></span> <span class='ocrx_word' id='word_1_306' title='bbox 398 2173 487 2195; x_wconf 80' lang='lat' dir='ltr'><strong>autem</strong></span> <span class='ocrx_word' id='word_1_307' title='bbox 507 2170 669 2202; x_wconf 71' lang='lat' dir='ltr'><strong>sequebatur</strong></span> <span class='ocrx_word' id='word_1_308' title='bbox 682 2176 742 2195; x_wconf 90' lang='lat' dir='ltr'><strong>eum</strong></span> <span class='ocrx_word' id='word_1_309' title='bbox 757 2177 770 2194; x_wconf 76' lang='grc' dir='ltr'>τι</span> <span class='ocrx_word' id='word_1_310' title='bbox 786 2170 875 2203; x_wconf 71' lang='lat' dir='ltr'><strong>longe,</strong></span> 
     </span>
    </p>
   </div>
   <div class='ocr_carea' id='block_1_73' title="bbox 90 2203 875 2240">
    <p class='ocr_par' dir='ltr' id='par_1_73' title="bbox 90 2203 875 2240">
     <span class='ocr_line' id='line_1_73' title="bbox 90 2203 875 2240; baseline 0.004 -12"><span class='ocrx_word' id='word_1_311' title='bbox 90 2209 160 2239; x_wconf 63' lang='lat' dir='ltr'><strong>usque</strong></span> <span class='ocrx_word' id='word_1_312' title='bbox 173 2203 198 2229; x_wconf 92' lang='lat' dir='ltr'><strong>in</strong></span> <span class='ocrx_word' id='word_1_313' title='bbox 214 2203 317 2240; x_wconf 69' lang='lat' dir='ltr'><strong>atrium</strong></span> <span class='ocrx_word' id='word_1_314' title='bbox 339 2204 466 2240; x_wconf 84' lang='lat' dir='ltr'><strong>principis</strong></span> <span class='ocrx_word' id='word_1_315' title='bbox 480 2204 661 2231; x_wconf 74' lang='lat' dir='ltr'><strong>sacerdotum.</strong></span> <span class='ocrx_word' id='word_1_316' title='bbox 685 2204 719 2231; x_wconf 83' lang='lat' dir='ltr'><strong>Et</strong></span> <span class='ocrx_word' id='word_1_317' title='bbox 738 2205 875 2240; x_wconf 73' lang='lat' dir='ltr'><strong>ingressus</strong></span> 
     </span>
    </p>
   </div>
   <div class='ocr_carea' id='block_1_74' title="bbox 91 2238 874 2270">
    <p class='ocr_par' dir='ltr' id='par_1_74' title="bbox 91 2238 874 2270">
     <span class='ocr_line' id='line_1_74' title="bbox 91 2238 874 2270; baseline 0.008 -9"><span class='ocrx_word' id='word_1_318' title='bbox 91 2238 159 2269; x_wconf 83' lang='lat' dir='ltr'><strong>intro,</strong></span> <span class='ocrx_word' id='word_1_319' title='bbox 174 2238 290 2266; x_wconf 81' lang='lat' dir='ltr'><strong>sedebat</strong></span> <span class='ocrx_word' id='word_1_320' title='bbox 300 2245 361 2265; x_wconf 92' lang='lat' dir='ltr'><strong>cum</strong></span> <span class='ocrx_word' id='word_1_321' title='bbox 375 2239 514 2270; x_wconf 86' lang='lat' dir='ltr'><strong>ministris.</strong></span> <span class='ocrx_word' id='word_1_322' title='bbox 531 2246 559 2266; x_wconf 85' lang='lat' dir='ltr'><strong>ut</strong></span> <span class='ocrx_word' id='word_1_323' title='bbox 572 2240 675 2267; x_wconf 62' lang='lat' dir='ltr'><strong>videret.</strong></span> <span class='ocrx_word' id='word_1_324' title='bbox 688 2238 779 2267; x_wconf 56' lang='lat' dir='ltr'><strong>lineml</strong></span> <span class='ocrx_word' id='word_1_325' title='bbox 796 2240 874 2267; x_wconf 82' lang='lat' dir='ltr'><strong>Prin-</strong></span> 
     </span>
    </p>
   </div>
   <div class='ocr_carea' id='block_1_75' title="bbox 91 2272 872 2311">
    <p class='ocr_par' dir='ltr' id='par_1_75' title="bbox 91 2272 872 2311">
     <span class='ocr_line' id='line_1_75' title="bbox 91 2272 872 2311; baseline 0.006 -13"><span class='ocrx_word' id='word_1_326' title='bbox 91 2272 250 2311; x_wconf 63' lang='lat' dir='ltr'><strong>cipcsantcm</strong></span> <span class='ocrx_word' id='word_1_327' title='bbox 265 2274 449 2311; x_wconf 81' lang='lat' dir='ltr'><strong>sacerdotum,</strong></span> <span class='ocrx_word' id='word_1_328' title='bbox 461 2280 574 2304; x_wconf 89' lang='lat' dir='ltr'><strong>ctomue</strong></span> <span class='ocrx_word' id='word_1_329' title='bbox 589 2276 742 2309; x_wconf 88' lang='lat' dir='ltr'><strong>concilium,</strong></span> <span class='ocrx_word' id='word_1_330' title='bbox 757 2284 872 2311; x_wconf 84' lang='lat' dir='ltr'><strong>quaere-</strong></span> 
     </span>
    </p>
   </div>
   <div class='ocr_carea' id='block_1_76' title="bbox 91 2306 870 2345">
    <p class='ocr_par' dir='ltr' id='par_1_76' title="bbox 91 2306 870 2345">
     <span class='ocr_line' id='line_1_76' title="bbox 91 2306 870 2345; baseline 0.008 -13"><span class='ocrx_word' id='word_1_331' title='bbox 91 2306 248 2345; x_wconf 75' lang='lat' dir='ltr'><strong>bantlalsum</strong></span> <span class='ocrx_word' id='word_1_332' title='bbox 261 2306 446 2345; x_wconf 83' lang='lat' dir='ltr'><strong>testimonium</strong></span> <span class='ocrx_word' id='word_1_333' title='bbox 458 2316 547 2338; x_wconf 84' lang='lat' dir='ltr'><strong>contra</strong></span> <span class='ocrx_word' id='word_1_334' title='bbox 559 2311 660 2345; x_wconf 84' lang='lat' dir='ltr'><strong>Jesum,</strong></span> <span class='ocrx_word' id='word_1_335' title='bbox 673 2317 700 2338; x_wconf 90' lang='lat' dir='ltr'><strong>ut</strong></span> <span class='ocrx_word' id='word_1_336' title='bbox 713 2306 774 2339; x_wconf 77' lang='lat' dir='ltr'><strong>enni</strong></span> <span class='ocrx_word' id='word_1_337' title='bbox 790 2312 870 2339; x_wconf 91' lang='lat' dir='ltr'><strong>morti</strong></span> 
     </span>
    </p>
   </div>
   <div class='ocr_carea' id='block_1_77' title="bbox 91 2343 873 2383">
    <p class='ocr_par' dir='ltr' id='par_1_77' title="bbox 91 2343 873 2383">
     <span class='ocr_line' id='line_1_77' title="bbox 91 2343 873 2383; baseline 0.009 -15"><span class='ocrx_word' id='word_1_338' title='bbox 91 2343 227 2383; x_wconf 73' lang='lat' dir='ltr'><strong>traderent:</strong></span> <span class='ocrx_word' id='word_1_339' title='bbox 241 2346 516 2383; x_wconf 68' lang='lat' dir='ltr'><strong>elp_0n_invcnerunt,</strong></span> <span class='ocrx_word' id='word_1_340' title='bbox 530 2356 611 2383; x_wconf 93' lang='lat' dir='ltr'><strong>quum</strong></span> <span class='ocrx_word' id='word_1_341' title='bbox 628 2343 704 2375; x_wconf 84' lang='lat' dir='ltr'><strong>multi</strong></span> <span class='ocrx_word' id='word_1_342' title='bbox 716 2347 774 2375; x_wconf 79' lang='lat' dir='ltr'><strong>falsi</strong></span> <span class='ocrx_word' id='word_1_343' title='bbox 789 2352 873 2375; x_wconf 65' lang='lat' dir='ltr'><strong>testes</strong></span> 
     </span>
    </p>
   </div>
   <div class='ocr_carea' id='block_1_78' title="bbox 92 2379 874 2417">
    <p class='ocr_par' dir='ltr' id='par_1_78' title="bbox 92 2379 874 2417">
     <span class='ocr_line' id='line_1_78' title="bbox 92 2379 874 2417; baseline 0.006 -12"><span class='ocrx_word' id='word_1_344' title='bbox 92 2380 267 2417; x_wconf 57' lang='grc' dir='ltr'><strong>ῆριῖιςεὶεςειιι.</strong></span> <span class='ocrx_word' id='word_1_345' title='bbox 277 2379 429 2417; x_wconf 78' lang='lat' dir='ltr'><strong>Novissime</strong></span> <span class='ocrx_word' id='word_1_346' title='bbox 443 2382 451 2397; x_wconf 89' lang='grc'>¹</span> <span class='ocrx_word' id='word_1_347' title='bbox 464 2379 655 2411; x_wconf 75' lang='lat' dir='ltr'><strong>veneruntdno</strong></span> <span class='ocrx_word' id='word_1_348' title='bbox 670 2384 727 2410; x_wconf 81' lang='lat' dir='ltr'><strong>falsi</strong></span> <span class='ocrx_word' id='word_1_349' title='bbox 744 2388 835 2412; x_wconf 83' lang='lat' dir='ltr'><strong>testes.</strong></span> <span class='ocrx_word' id='word_1_350' title='bbox 846 2386 874 2410; x_wconf 88' lang='lat' dir='ltr'><strong>et</strong></span> 
     </span>
    </p>
   </div>
   <div class='ocr_carea' id='block_1_79' title="bbox 93 2412 871 2455">
    <p class='ocr_par' dir='ltr' id='par_1_79' title="bbox 93 2412 871 2455">
     <span class='ocr_line' id='line_1_79' title="bbox 93 2412 871 2455; baseline 0.009 -16"><span class='ocrx_word' id='word_1_351' title='bbox 93 2412 203 2455; x_wconf 81' lang='lat' dir='ltr'><strong>dixerunt</strong></span> <span class='ocrx_word' id='word_1_352' title='bbox 216 2416 282 2455; x_wconf 52' lang='lat' dir='ltr'><strong>gilic</strong></span> <span class='ocrx_word' id='word_1_353' title='bbox 293 2416 505 2455; x_wconf 66' lang='lat' dir='ltr'><strong>dixit_:_Possum</strong></span> <span class='ocrx_word' id='word_1_354' title='bbox 518 2419 657 2446; x_wconf 80' lang='lat' dir='ltr'><strong>destruere</strong></span> <span class='ocrx_word' id='word_1_355' title='bbox 668 2420 796 2455; x_wconf 89' lang='lat' dir='ltr'><strong>templum</strong></span> <span class='ocrx_word' id='word_1_356' title='bbox 813 2419 871 2451; x_wconf 86' lang='lat' dir='ltr'><strong>Dei,</strong></span> 
     </span>
    </p>
   </div>
   <div class='ocr_carea' id='block_1_80' title="bbox 93 2452 874 2491">
    <p class='ocr_par' dir='ltr' id='par_1_80' title="bbox 93 2452 874 2491">
     <span class='ocr_line' id='line_1_80' title="bbox 93 2452 874 2491; baseline 0.006 -14"><span class='ocrx_word' id='word_1_357' title='bbox 93 2452 178 2491; x_wconf 66' lang='lat' dir='ltr'><strong>Elpes}</strong></span> <span class='ocrx_word' id='word_1_358' title='bbox 191 2452 309 2491; x_wconf 76' lang='lat' dir='ltr'><strong>triduum</strong></span> <span class='ocrx_word' id='word_1_359' title='bbox 322 2452 464 2491; x_wconf 71' lang='lat' dir='ltr'><strong>aediﬁcare</strong></span> <span class='ocrx_word' id='word_1_360' title='bbox 478 2454 555 2491; x_wconf 84' lang='lat' dir='ltr'><strong>illud.</strong></span> <span class='ocrx_word' id='word_1_361' title='bbox 573 2456 604 2481; x_wconf 72' lang='lat' dir='ltr'><strong>Et</strong></span> <span class='ocrx_word' id='word_1_362' title='bbox 620 2452 732 2491; x_wconf 65' lang='lat' dir='ltr'><strong>surgens</strong></span> <span class='ocrx_word' id='word_1_363' title='bbox 747 2456 874 2491; x_wconf 79' lang='lat' dir='ltr'><strong>princeps</strong></span> 
     </span>
    </p>
   </div>
   <div class='ocr_carea' id='block_1_81' title="bbox 91 2486 872 2526">
    <p class='ocr_par' dir='ltr' id='par_1_81' title="bbox 91 2486 872 2526">
     <span class='ocr_line' id='line_1_81' title="bbox 91 2486 872 2526; baseline 0.009 -15"><span class='ocrx_word' id='word_1_364' title='bbox 91 2486 268 2526; x_wconf 63' lang='lat' dir='ltr'><strong>sacerdotum,</strong></span> <span class='ocrx_word' id='word_1_365' title='bbox 284 2488 322 2514; x_wconf 86' lang='lat' dir='ltr'><strong>ait</strong></span> <span class='ocrx_word' id='word_1_366' title='bbox 344 2488 384 2515; x_wconf 91' lang='lat' dir='ltr'><strong>illi</strong></span> <span class='ocrx_word' id='word_1_367' title='bbox 400 2488 493 2526; x_wconf 67' lang='lat' dir='ltr'><strong>;_Nihil</strong></span> <span class='ocrx_word' id='word_1_368' title='bbox 515 2486 714 2523; x_wconf 44' lang='lat' dir='ltr'><strong>respondesvad</strong></span> <span class='ocrx_word' id='word_1_369' title='bbox 732 2486 762 2518; x_wconf 68' lang='lat' dir='ltr'><strong>ea</strong></span> <span class='ocrx_word' id='word_1_370' title='bbox 775 2512 781 2523; x_wconf 88' lang='lat'><strong>,</strong></span> <span class='ocrx_word' id='word_1_371' title='bbox 801 2486 872 2526; x_wconf 79' lang='lat' dir='ltr'><strong>quae</strong></span> 
     </span>
    </p>
   </div>
   <div class='ocr_carea' id='block_1_82' title="bbox 92 2521 869 2555">
    <p class='ocr_par' dir='ltr' id='par_1_82' title="bbox 92 2521 869 2555">
     <span class='ocr_line' id='line_1_82' title="bbox 92 2521 869 2555; baseline 0.01 -10"><span class='ocrx_word' id='word_1_372' title='bbox 92 2521 127 2555; x_wconf 56' lang='lat' dir='ltr'><strong>&#39;thi</strong></span> <span class='ocrx_word' id='word_1_373' title='bbox 141 2521 281 2550; x_wconf 84' lang='lat' dir='ltr'><strong>adversum</strong></span> <span class='ocrx_word' id='word_1_374' title='bbox 299 2527 325 2550; x_wconf 78' lang='lat' dir='ltr'><strong>te</strong></span> <span class='ocrx_word' id='word_1_375' title='bbox 346 2524 543 2552; x_wconf 79' lang='lat' dir='ltr'><strong>testiﬁcantur?</strong></span> <span class='ocrx_word' id='word_1_376' title='bbox 554 2521 632 2554; x_wconf 79' lang='lat' dir='ltr'><strong>Jesns</strong></span> <span class='ocrx_word' id='word_1_377' title='bbox 650 2533 739 2555; x_wconf 90' lang='lat' dir='ltr'><strong>autem</strong></span> <span class='ocrx_word' id='word_1_378' title='bbox 753 2521 869 2554; x_wconf 77' lang='lat' dir='ltr'><strong>tacebat.</strong></span> 
     </span>
    </p>
   </div>
   <div class='ocr_carea' id='block_1_83' title="bbox 94 2552 872 2597">
    <p class='ocr_par' dir='ltr' id='par_1_83' title="bbox 94 2552 872 2597">
     <span class='ocr_line' id='line_1_83' title="bbox 94 2552 872 2597; baseline 0.009 -15"><span class='ocrx_word' id='word_1_379' title='bbox 94 2552 122 2594; x_wconf 62' lang='lat' dir='ltr'><strong>Et</strong></span> <span class='ocrx_word' id='word_1_380' title='bbox 131 2556 252 2592; x_wconf 86' lang='lat' dir='ltr'><strong>princeps</strong></span> <span class='ocrx_word' id='word_1_381' title='bbox 262 2559 432 2597; x_wconf 75' lang='lat' dir='ltr'><strong>sacerdotum</strong></span> <span class='ocrx_word' id='word_1_382' title='bbox 447 2561 482 2588; x_wconf 89' lang='lat' dir='ltr'><strong>ait</strong></span> <span class='ocrx_word' id='word_1_383' title='bbox 497 2561 536 2588; x_wconf 89' lang='lat' dir='ltr'><strong>illi</strong></span> <span class='ocrx_word' id='word_1_384' title='bbox 788 2552 872 2590; x_wconf 77' lang='lat' dir='ltr'><strong>Deum</strong></span> 
     </span>
    </p>
   </div>
   <div class='ocr_carea' id='block_1_84' title="bbox 92 2594 872 2634">
    <p class='ocr_par' dir='ltr' id='par_1_84' title="bbox 92 2594 872 2634">
     <span class='ocr_line' id='line_1_84' title="bbox 92 2594 872 2634; baseline 0.009 -16"><span class='ocrx_word' id='word_1_385' title='bbox 92 2597 199 2634; x_wconf 33' lang='lat' dir='ltr'><strong>grumi:</strong></span> <span class='ocrx_word' id='word_1_386' title='bbox 212 2600 239 2634; x_wconf 58' lang='grc' dir='ltr'><strong>ιιι</strong></span> <span class='ocrx_word' id='word_1_387' title='bbox 261 2594 338 2634; x_wconf 61' lang='grc' dir='ltr'><strong>ἀίοδέ</strong></span> <span class='ocrx_word' id='word_1_388' title='bbox 359 2596 436 2634; x_wconf 80' lang='lat' dir='ltr'><strong>nobis</strong></span> <span class='ocrx_word' id='word_1_389' title='bbox 451 2598 472 2634; x_wconf 73' lang='lat' dir='ltr'><strong>si</strong></span> <span class='ocrx_word' id='word_1_390' title='bbox 489 2601 517 2624; x_wconf 85' lang='lat' dir='ltr'><strong>tu</strong></span> <span class='ocrx_word' id='word_1_391' title='bbox 533 2605 562 2625; x_wconf 90' lang='lat' dir='ltr'><strong>es</strong></span> <span class='ocrx_word' id='word_1_392' title='bbox 576 2594 701 2625; x_wconf 74' lang='lat' dir='ltr'><strong>Christus</strong></span> <span class='ocrx_word' id='word_1_393' title='bbox 722 2594 791 2626; x_wconf 84' lang='lat' dir='ltr'><strong>lilius</strong></span> <span class='ocrx_word' id='word_1_394' title='bbox 814 2599 872 2626; x_wconf 86' lang='lat' dir='ltr'><strong>Dei.</strong></span> 
     </span>
    </p>
   </div>
   <div class='ocr_carea' id='block_1_85' title="bbox 91 2624 873 2666">
    <p class='ocr_par' dir='ltr' id='par_1_85' title="bbox 91 2624 873 2666">
     <span class='ocr_line' id='line_1_85' title="bbox 91 2624 873 2666; baseline 0.012 -14"><span class='ocrx_word' id='word_1_395' title='bbox 91 2624 299 2666; x_wconf 62' lang='lat' dir='ltr'><strong>Dicitillidesns.</strong></span> <span class='ocrx_word' id='word_1_396' title='bbox 317 2630 357 2656; x_wconf 88' lang='lat' dir='ltr'><strong>Tu</strong></span> <span class='ocrx_word' id='word_1_397' title='bbox 373 2630 463 2659; x_wconf 81' lang='lat' dir='ltr'><strong>dixisti</strong></span> <span class='ocrx_word' id='word_1_398' title='bbox 478 2641 484 2659; x_wconf 92' lang='lat'><strong>:</strong></span> <span class='ocrx_word' id='word_1_399' title='bbox 502 2624 873 2666; x_wconf 19' lang='lat' dir='ltr'><strong>verumtamenrdicoivobis,</strong></span> 
     </span>
    </p>
   </div>
   <div class='ocr_carea' id='block_1_86' title="bbox 93 2663 664 2697">
    <p class='ocr_par' dir='ltr' id='par_1_86' title="bbox 93 2663 664 2697">
     <span class='ocr_line' id='line_1_86' title="bbox 93 2663 664 2697; baseline 0.014 -8"><span class='ocrx_word' id='word_1_400' title='bbox 93 2663 180 2690; x_wconf 82' lang='lat' dir='ltr'><strong>amodo</strong></span> <span class='ocrx_word' id='word_1_401' title='bbox 193 2664 316 2693; x_wconf 83' lang='lat' dir='ltr'><strong>videbitis</strong></span> <span class='ocrx_word' id='word_1_402' title='bbox 332 2665 416 2694; x_wconf 85' lang='lat' dir='ltr'><strong>ﬁlium</strong></span> <span class='ocrx_word' id='word_1_403' title='bbox 429 2667 547 2696; x_wconf 83' lang='lat' dir='ltr'><strong>hominis</strong></span> <span class='ocrx_word' id='word_1_404' title='bbox 567 2669 664 2697; x_wconf 75' lang='lat' dir='ltr'><strong>seden-</strong></span> 
     </span>
    </p>
   </div>
   <div class='ocr_carea' id='block_1_87' title="bbox 88 1803 275 1838">
    <p class='ocr_par' dir='ltr' id='par_1_87' title="bbox 88 1803 275 1838">
     <span class='ocr_line' id='line_1_87' title="bbox 88 1803 275 1838; baseline 0.011 -10"><span class='ocrx_word' id='word_1_405' title='bbox 88 1808 137 1838; x_wconf 85' lang='lat' dir='ltr'><strong>sum</strong></span> <span class='ocrx_word' id='word_1_406' title='bbox 150 1803 275 1831; x_wconf 90' lang='lat' dir='ltr'><strong>testimo-</strong></span> 
     </span>
    </p>
   </div>
   <div class='ocr_carea' id='block_1_88' title="bbox 1680 130 1714 161">
    <p class='ocr_par' dir='ltr' id='par_1_88' title="bbox 1680 130 1714 161">
     <span class='ocr_line' id='line_1_88' title="bbox 1680 130 1714 161; baseline -0.029 0"><span class='ocrx_word' id='word_1_407' title='bbox 1680 130 1714 161; x_wconf 80' lang='grc'><strong>55</strong></span> 
     </span>
    </p>
   </div>
   <div class='ocr_carea' id='block_1_89' title="bbox 1722 134 1733 161">
    <p class='ocr_par' dir='ltr' id='par_1_89' title="bbox 1722 134 1733 161">
     <span class='ocr_line' id='line_1_89' title="bbox 1722 134 1733 161; baseline 0 0"><span class='ocrx_word' id='word_1_408' title='bbox 1722 134 1733 161; x_wconf 78' lang='grc' dir='ltr'><strong>ι</strong></span> 
     </span>
    </p>
   </div>
   <div class='ocr_carea' id='block_1_90' title="bbox 1149 187 1510 228">
    <p class='ocr_par' dir='ltr' id='par_1_90' title="bbox 1149 187 1510 228">
     <span class='ocr_line' id='line_1_90' title="bbox 1149 187 1510 228; baseline -0.006 -11"><span class='ocrx_word' id='word_1_409' title='bbox 1149 188 1265 226; x_wconf 79' lang='lat' dir='ltr'><strong>CODEX</strong></span> <span class='ocrx_word' id='word_1_410' title='bbox 1285 187 1510 228; x_wconf 69' lang='lat' dir='ltr'><strong>VEBONENSIS.</strong></span> 
     </span>
    </p>
   </div>
   <div class='ocr_carea' id='block_1_91' title="bbox 935 236 1131 264">
    <p class='ocr_par' dir='ltr' id='par_1_91' title="bbox 935 236 1131 264">
     <span class='ocr_line' id='line_1_91' title="bbox 935 236 1131 264; baseline -0.005 0"><span class='ocrx_word' id='word_1_411' title='bbox 935 236 1051 264; x_wconf 77' lang='lat' dir='ltr'><strong>fustibus</strong></span> <span class='ocrx_word' id='word_1_412' title='bbox 1066 244 1131 264; x_wconf 92' lang='lat' dir='ltr'><strong>con-</strong></span> 
     </span>
    </p>
   </div>
   <div class='ocr_carea' id='block_1_92' title="bbox 935 272 1105 307">
    <p class='ocr_par' dir='ltr' id='par_1_92' title="bbox 935 272 1105 307">
     <span class='ocr_line' id='line_1_92' title="bbox 935 272 1105 307; baseline 0 -7"><span class='ocrx_word' id='word_1_413' title='bbox 935 272 1105 307; x_wconf 88' lang='lat' dir='ltr'><strong>prehendere</strong></span> 
     </span>
    </p>
   </div>
   <div class='ocr_carea' id='block_1_93' title="bbox 935 308 1110 335">
    <p class='ocr_par' dir='ltr' id='par_1_93' title="bbox 935 308 1110 335">
     <span class='ocr_line' id='line_1_93' title="bbox 935 308 1110 335; baseline 0 0"><span class='ocrx_word' id='word_1_414' title='bbox 935 315 980 335; x_wconf 88' lang='lat' dir='ltr'><strong>me</strong></span> <span class='ocrx_word' id='word_1_415' title='bbox 992 317 998 334; x_wconf 92' lang='lat'>:</span> <span class='ocrx_word' id='word_1_416' title='bbox 1010 308 1110 335; x_wconf 90' lang='lat' dir='ltr'><strong>cotidie</strong></span> 
     </span>
    </p>
   </div>
   <div class='ocr_carea' id='block_1_94' title="bbox 935 348 1116 376">
    <p class='ocr_par' dir='ltr' id='par_1_94' title="bbox 935 348 1116 376">
     <span class='ocr_line' id='line_1_94' title="bbox 935 348 1116 376; baseline 0.006 -6"><span class='ocrx_word' id='word_1_417' title='bbox 935 348 1000 376; x_wconf 87' lang='lat' dir='ltr'><strong>aput</strong></span> <span class='ocrx_word' id='word_1_418' title='bbox 1015 351 1062 371; x_wconf 92' lang='lat' dir='ltr'><strong>vos</strong></span> <span class='ocrx_word' id='word_1_419' title='bbox 1073 351 1116 371; x_wconf 89' lang='lat' dir='ltr'><strong>se-</strong></span> 
     </span>
    </p>
   </div>
   <div class='ocr_carea' id='block_1_95' title="bbox 935 379 1073 406">
    <p class='ocr_par' dir='ltr' id='par_1_95' title="bbox 935 379 1073 406">
     <span class='ocr_line' id='line_1_95' title="bbox 935 379 1073 406; baseline 0 0"><span class='ocrx_word' id='word_1_420' title='bbox 935 379 1031 406; x_wconf 82' lang='lat' dir='ltr'><strong>debam</strong></span> <span class='ocrx_word' id='word_1_421' title='bbox 1048 379 1073 406; x_wconf 91' lang='lat' dir='ltr'><strong>in</strong></span> 
     </span>
    </p>
   </div>
   <div class='ocr_carea' id='block_1_96' title="bbox 935 415 1171 449">
    <p class='ocr_par' dir='ltr' id='par_1_96' title="bbox 935 415 1171 449">
     <span class='ocr_line' id='line_1_96' title="bbox 935 415 1171 449; baseline 0 -7"><span class='ocrx_word' id='word_1_422' title='bbox 935 415 1037 449; x_wconf 88' lang='lat' dir='ltr'><strong>templo</strong></span> <span class='ocrx_word' id='word_1_423' title='bbox 1054 415 1155 442; x_wconf 87' lang='lat' dir='ltr'><strong>docens</strong></span> <span class='ocrx_word' id='word_1_424' title='bbox 1163 434 1171 448; x_wconf 90' lang='lat'><strong>,</strong></span> 
     </span>
    </p>
   </div>
   <div class='ocr_carea' id='block_1_97' title="bbox 935 454 1137 478">
    <p class='ocr_par' dir='ltr' id='par_1_97' title="bbox 935 454 1137 478">
     <span class='ocr_line' id='line_1_97' title="bbox 935 454 1137 478; baseline 0.005 -1"><span class='ocrx_word' id='word_1_425' title='bbox 935 454 963 477; x_wconf 88' lang='lat' dir='ltr'><strong>et</strong></span> <span class='ocrx_word' id='word_1_426' title='bbox 978 457 1031 477; x_wconf 93' lang='lat' dir='ltr'><strong>non</strong></span> <span class='ocrx_word' id='word_1_427' title='bbox 1043 458 1085 478; x_wconf 88' lang='lat' dir='ltr'><strong>me</strong></span> <span class='ocrx_word' id='word_1_428' title='bbox 1098 455 1137 478; x_wconf 90' lang='lat' dir='ltr'><strong>te-</strong></span> 
     </span>
    </p>
   </div>
   <div class='ocr_carea' id='block_1_98' title="bbox 935 486 1043 513">
    <p class='ocr_par' dir='ltr' id='par_1_98' title="bbox 935 486 1043 513">
     <span class='ocr_line' id='line_1_98' title="bbox 935 486 1043 513; baseline -0.009 0"><span class='ocrx_word' id='word_1_429' title='bbox 935 486 1043 513; x_wconf 89' lang='lat' dir='ltr'><strong>nuistis.</strong></span> 
     </span>
    </p>
   </div>
   <div class='ocr_carea' id='block_1_99' title="bbox 936 521 1159 555">
    <p class='ocr_par' dir='ltr' id='par_1_99' title="bbox 936 521 1159 555">
     <span class='ocr_line' id='line_1_99' title="bbox 936 521 1159 555; baseline 0 -7"><span class='ocrx_word' id='word_1_430' title='bbox 936 521 980 549; x_wconf 82' lang='lat'><strong>56.</strong></span> <span class='ocrx_word' id='word_1_431' title='bbox 1003 521 1058 549; x_wconf 86' lang='lat' dir='ltr'><strong>Hoc</strong></span> <span class='ocrx_word' id='word_1_432' title='bbox 1069 525 1159 555; x_wconf 82' lang='lat' dir='ltr'><strong>autem</strong></span> 
     </span>
    </p>
   </div>
   <div class='ocr_carea' id='block_1_100' title="bbox 936 556 1136 584">
    <p class='ocr_par' dir='ltr' id='par_1_100' title="bbox 936 556 1136 584">
     <span class='ocr_line' id='line_1_100' title="bbox 936 556 1136 584; baseline 0 0"><span class='ocrx_word' id='word_1_433' title='bbox 936 561 1022 584; x_wconf 88' lang='lat' dir='ltr'><strong>totum</strong></span> <span class='ocrx_word' id='word_1_434' title='bbox 1037 556 1136 584; x_wconf 81' lang='lat' dir='ltr'><strong>factum</strong></span> 
     </span>
    </p>
   </div>
   <div class='ocr_carea' id='block_1_101' title="bbox 935 593 1189 627">
    <p class='ocr_par' dir='ltr' id='par_1_101' title="bbox 935 593 1189 627">
     <span class='ocr_line' id='line_1_101' title="bbox 935 593 1189 627; baseline 0 -8"><span class='ocrx_word' id='word_1_435' title='bbox 935 597 992 626; x_wconf 88' lang='lat' dir='ltr'><strong>est,</strong></span> <span class='ocrx_word' id='word_1_436' title='bbox 1008 597 1038 619; x_wconf 93' lang='lat' dir='ltr'><strong>ut</strong></span> <span class='ocrx_word' id='word_1_437' title='bbox 1056 593 1189 627; x_wconf 86' lang='lat' dir='ltr'><strong>implean-</strong></span> 
     </span>
    </p>
   </div>
   <div class='ocr_carea' id='block_1_102' title="bbox 936 628 1149 663">
    <p class='ocr_par' dir='ltr' id='par_1_102' title="bbox 936 628 1149 663">
     <span class='ocr_line' id='line_1_102' title="bbox 936 628 1149 663; baseline 0.005 -9"><span class='ocrx_word' id='word_1_438' title='bbox 936 631 980 655; x_wconf 90' lang='lat' dir='ltr'><strong>tur</strong></span> <span class='ocrx_word' id='word_1_439' title='bbox 994 628 1149 663; x_wconf 86' lang='lat' dir='ltr'><strong>Scripturae</strong></span> 
     </span>
    </p>
   </div>
   <div class='ocr_carea' id='block_1_103' title="bbox 935 663 1144 698">
    <p class='ocr_par' dir='ltr' id='par_1_103' title="bbox 935 663 1144 698">
     <span class='ocr_line' id='line_1_103' title="bbox 935 663 1144 698; baseline 0 -8"><span class='ocrx_word' id='word_1_440' title='bbox 935 663 1144 698; x_wconf 86' lang='lat' dir='ltr'><strong>Prophetarum.</strong></span> 
     </span>
    </p>
   </div>
   <div class='ocr_carea' id='block_1_104' title="bbox 934 698 1107 726">
    <p class='ocr_par' dir='ltr' id='par_1_104' title="bbox 934 698 1107 726">
     <span class='ocr_line' id='line_1_104' title="bbox 934 698 1107 726; baseline -0.006 0"><span class='ocrx_word' id='word_1_441' title='bbox 934 698 1011 726; x_wconf 88' lang='lat' dir='ltr'><strong>Tunc</strong></span> <span class='ocrx_word' id='word_1_442' title='bbox 1025 698 1107 726; x_wconf 89' lang='lat' dir='ltr'><strong>disci-</strong></span> 
     </span>
    </p>
   </div>
   <div class='ocr_carea' id='block_1_105' title="bbox 935 734 1116 769">
    <p class='ocr_par' dir='ltr' id='par_1_105' title="bbox 935 734 1116 769">
     <span class='ocr_line' id='line_1_105' title="bbox 935 734 1116 769; baseline 0 -8"><span class='ocrx_word' id='word_1_443' title='bbox 935 734 991 769; x_wconf 91' lang='lat' dir='ltr'><strong>puli</strong></span> <span class='ocrx_word' id='word_1_444' title='bbox 1007 741 1101 762; x_wconf 90' lang='lat' dir='ltr'><strong>omnes</strong></span> <span class='ocrx_word' id='word_1_445' title='bbox 1109 755 1116 767; x_wconf 87' lang='lat'><strong>,</strong></span> 
     </span>
    </p>
   </div>
   <div class='ocr_carea' id='block_1_106' title="bbox 935 770 1097 802">
    <p class='ocr_par' dir='ltr' id='par_1_106' title="bbox 935 770 1097 802">
     <span class='ocr_line' id='line_1_106' title="bbox 935 770 1097 802; baseline 0.006 -5"><span class='ocrx_word' id='word_1_446' title='bbox 935 770 1032 798; x_wconf 89' lang='lat' dir='ltr'><strong>relicto</strong></span> <span class='ocrx_word' id='word_1_447' title='bbox 1045 777 1078 798; x_wconf 89' lang='lat' dir='ltr'><strong>eo</strong></span> <span class='ocrx_word' id='word_1_448' title='bbox 1089 789 1097 802; x_wconf 80' lang='lat'><strong>.</strong></span> 
     </span>
    </p>
   </div>
   <div class='ocr_carea' id='block_1_107' title="bbox 936 805 1081 840">
    <p class='ocr_par' dir='ltr' id='par_1_107' title="bbox 936 805 1081 840">
     <span class='ocr_line' id='line_1_107' title="bbox 936 805 1081 840; baseline 0.014 -9"><span class='ocrx_word' id='word_1_449' title='bbox 936 805 1081 840; x_wconf 73' lang='lat' dir='ltr'><strong>lugierunt.</strong></span> 
     </span>
    </p>
   </div>
   <div class='ocr_carea' id='block_1_108' title="bbox 936 840 1152 868">
    <p class='ocr_par' dir='ltr' id='par_1_108' title="bbox 936 840 1152 868">
     <span class='ocr_line' id='line_1_108' title="bbox 936 840 1152 868; baseline 0.009 -2"><span class='ocrx_word' id='word_1_450' title='bbox 936 840 981 868; x_wconf 82' lang='lat'><strong>57.</strong></span> <span class='ocrx_word' id='word_1_451' title='bbox 1002 841 1043 868; x_wconf 81' lang='lat' dir='ltr'><strong>Ad</strong></span> <span class='ocrx_word' id='word_1_452' title='bbox 1061 840 1099 868; x_wconf 87' lang='lat' dir='ltr'><strong>illi</strong></span> <span class='ocrx_word' id='word_1_453' title='bbox 1113 844 1152 868; x_wconf 87' lang='lat' dir='ltr'><strong>tc-</strong></span> 
     </span>
    </p>
   </div>
   <div class='ocr_carea' id='block_1_109' title="bbox 934 876 1155 910">
    <p class='ocr_par' dir='ltr' id='par_1_109' title="bbox 934 876 1155 910">
     <span class='ocr_line' id='line_1_109' title="bbox 934 876 1155 910; baseline 0 -7"><span class='ocrx_word' id='word_1_454' title='bbox 934 881 1031 904; x_wconf 91' lang='lat' dir='ltr'><strong>nentes</strong></span> <span class='ocrx_word' id='word_1_455' title='bbox 1043 876 1135 905; x_wconf 87' lang='lat' dir='ltr'><strong>Jesum</strong></span> <span class='ocrx_word' id='word_1_456' title='bbox 1147 897 1155 910; x_wconf 90' lang='lat'><strong>,</strong></span> 
     </span>
    </p>
   </div>
   <div class='ocr_carea' id='block_1_110' title="bbox 934 911 1070 940">
    <p class='ocr_par' dir='ltr' id='par_1_110' title="bbox 934 911 1070 940">
     <span class='ocr_line' id='line_1_110' title="bbox 934 911 1070 940; baseline 0.007 -1"><span class='ocrx_word' id='word_1_457' title='bbox 934 911 1070 940; x_wconf 82' lang='lat' dir='ltr'><strong>duxerunt</strong></span> 
     </span>
    </p>
   </div>
   <div class='ocr_carea' id='block_1_111' title="bbox 934 947 1076 975">
    <p class='ocr_par' dir='ltr' id='par_1_111' title="bbox 934 947 1076 975">
     <span class='ocr_line' id='line_1_111' title="bbox 934 947 1076 975; baseline 0 0"><span class='ocrx_word' id='word_1_458' title='bbox 934 947 968 975; x_wconf 88' lang='lat' dir='ltr'><strong>ad</strong></span> <span class='ocrx_word' id='word_1_459' title='bbox 981 947 1076 975; x_wconf 78' lang='lat' dir='ltr'><strong>Cail‘an</strong></span> 
     </span>
    </p>
   </div>
   <div class='ocr_carea' id='block_1_112' title="bbox 933 983 1141 1018">
    <p class='ocr_par' dir='ltr' id='par_1_112' title="bbox 933 983 1141 1018">
     <span class='ocr_line' id='line_1_112' title="bbox 933 983 1141 1018; baseline -0.005 -8"><span class='ocrx_word' id='word_1_460' title='bbox 933 983 1083 1018; x_wconf 85' lang='lat' dir='ltr'><strong>principem</strong></span> <span class='ocrx_word' id='word_1_461' title='bbox 1097 991 1141 1011; x_wconf 79' lang='lat' dir='ltr'><strong>sa-</strong></span> 
     </span>
    </p>
   </div>
   <div class='ocr_carea' id='block_1_113' title="bbox 934 1019 1152 1051">
    <p class='ocr_par' dir='ltr' id='par_1_113' title="bbox 934 1019 1152 1051">
     <span class='ocr_line' id='line_1_113' title="bbox 934 1019 1152 1051; baseline 0 -5"><span class='ocrx_word' id='word_1_462' title='bbox 934 1019 1075 1046; x_wconf 85' lang='lat' dir='ltr'><strong>cerdotum</strong></span> <span class='ocrx_word' id='word_1_463' title='bbox 1084 1039 1091 1051; x_wconf 85' lang='grc'>,</span> <span class='ocrx_word' id='word_1_464' title='bbox 1107 1019 1152 1046; x_wconf 88' lang='lat' dir='ltr'><strong>ubi</strong></span> 
     </span>
    </p>
   </div>
   <div class='ocr_carea' id='block_1_114' title="bbox 934 1054 1077 1082">
    <p class='ocr_par' dir='ltr' id='par_1_114' title="bbox 934 1054 1077 1082">
     <span class='ocr_line' id='line_1_114' title="bbox 934 1054 1077 1082; baseline 0.007 -1"><span class='ocrx_word' id='word_1_465' title='bbox 934 1054 1040 1082; x_wconf 87' lang='lat' dir='ltr'><strong>scribae</strong></span> <span class='ocrx_word' id='word_1_466' title='bbox 1050 1059 1077 1082; x_wconf 88' lang='lat' dir='ltr'><strong>et</strong></span> 
     </span>
    </p>
   </div>
   <div class='ocr_carea' id='block_1_115' title="bbox 933 1090 1133 1118">
    <p class='ocr_par' dir='ltr' id='par_1_115' title="bbox 933 1090 1133 1118">
     <span class='ocr_line' id='line_1_115' title="bbox 933 1090 1133 1118; baseline -0.005 -1"><span class='ocrx_word' id='word_1_467' title='bbox 933 1090 1056 1118; x_wconf 88' lang='lat' dir='ltr'><strong>seniores</strong></span> <span class='ocrx_word' id='word_1_468' title='bbox 1067 1097 1133 1118; x_wconf 91' lang='lat' dir='ltr'><strong>con-</strong></span> 
     </span>
    </p>
   </div>
   <div class='ocr_carea' id='block_1_116' title="bbox 932 1130 1073 1153">
    <p class='ocr_par' dir='ltr' id='par_1_116' title="bbox 932 1130 1073 1153">
     <span class='ocr_line' id='line_1_116' title="bbox 932 1130 1073 1153; baseline 0.007 -1"><span class='ocrx_word' id='word_1_469' title='bbox 932 1130 1073 1153; x_wconf 86' lang='lat' dir='ltr'><strong>venerant.</strong></span> 
     </span>
    </p>
   </div>
   <div class='ocr_carea' id='block_1_117' title="bbox 933 1160 1201 1189">
    <p class='ocr_par' dir='ltr' id='par_1_117' title="bbox 933 1160 1201 1189">
     <span class='ocr_line' id='line_1_117' title="bbox 933 1160 1201 1189; baseline -0.004 0"><span class='ocrx_word' id='word_1_470' title='bbox 933 1160 978 1189; x_wconf 80' lang='lat'><strong>58.</strong></span> <span class='ocrx_word' id='word_1_471' title='bbox 1000 1161 1096 1189; x_wconf 88' lang='lat' dir='ltr'><strong>Petrus</strong></span> <span class='ocrx_word' id='word_1_472' title='bbox 1111 1165 1201 1189; x_wconf 86' lang='lat' dir='ltr'><strong>autem</strong></span> 
     </span>
    </p>
   </div>
   <div class='ocr_carea' id='block_1_118' title="bbox 932 1197 1097 1232">
    <p class='ocr_par' dir='ltr' id='par_1_118' title="bbox 932 1197 1097 1232">
     <span class='ocr_line' id='line_1_118' title="bbox 932 1197 1097 1232; baseline -0.006 -7"><span class='ocrx_word' id='word_1_473' title='bbox 932 1197 1097 1232; x_wconf 86' lang='lat' dir='ltr'><strong>sequebatur</strong></span> 
     </span>
    </p>
   </div>
   <div class='ocr_carea' id='block_1_119' title="bbox 932 1233 1132 1269">
    <p class='ocr_par' dir='ltr' id='par_1_119' title="bbox 932 1233 1132 1269">
     <span class='ocr_line' id='line_1_119' title="bbox 932 1233 1132 1269; baseline -0.005 -8"><span class='ocrx_word' id='word_1_474' title='bbox 932 1240 995 1261; x_wconf 89' lang='lat' dir='ltr'><strong>eum</strong></span> <span class='ocrx_word' id='word_1_475' title='bbox 1006 1240 1021 1259; x_wconf 92' lang='lat' dir='ltr'><strong>a</strong></span> <span class='ocrx_word' id='word_1_476' title='bbox 1036 1233 1132 1269; x_wconf 77' lang='lat' dir='ltr'><strong>longe,</strong></span> 
     </span>
    </p>
   </div>
   <div class='ocr_carea' id='block_1_120' title="bbox 933 1269 1061 1304">
    <p class='ocr_par' dir='ltr' id='par_1_120' title="bbox 933 1269 1061 1304">
     <span class='ocr_line' id='line_1_120' title="bbox 933 1269 1061 1304; baseline 0 -8"><span class='ocrx_word' id='word_1_477' title='bbox 933 1276 1021 1304; x_wconf 85' lang='lat' dir='ltr'><strong>usque</strong></span> <span class='ocrx_word' id='word_1_478' title='bbox 1034 1269 1061 1296; x_wconf 90' lang='lat' dir='ltr'><strong>in</strong></span> 
     </span>
    </p>
   </div>
   <div class='ocr_carea' id='block_1_121' title="bbox 932 1304 1148 1340">
    <p class='ocr_par' dir='ltr' id='par_1_121' title="bbox 932 1304 1148 1340">
     <span class='ocr_line' id='line_1_121' title="bbox 932 1304 1148 1340; baseline -0.005 -8"><span class='ocrx_word' id='word_1_479' title='bbox 932 1305 1031 1332; x_wconf 87' lang='lat' dir='ltr'><strong>atrium</strong></span> <span class='ocrx_word' id='word_1_480' title='bbox 1047 1304 1148 1340; x_wconf 88' lang='lat' dir='ltr'><strong>princi-</strong></span> 
     </span>
    </p>
   </div>
   <div class='ocr_carea' id='block_1_122' title="bbox 934 1340 1168 1375">
    <p class='ocr_par' dir='ltr' id='par_1_122' title="bbox 934 1340 1168 1375">
     <span class='ocr_line' id='line_1_122' title="bbox 934 1340 1168 1375; baseline -0.009 -7"><span class='ocrx_word' id='word_1_481' title='bbox 934 1341 974 1375; x_wconf 89' lang='lat' dir='ltr'><strong>pis</strong></span> <span class='ocrx_word' id='word_1_482' title='bbox 984 1340 1168 1375; x_wconf 84' lang='lat' dir='ltr'><strong>sacerdotum.</strong></span> 
     </span>
    </p>
   </div>
   <div class='ocr_carea' id='block_1_123' title="bbox 933 1376 1116 1411">
    <p class='ocr_par' dir='ltr' id='par_1_123' title="bbox 933 1376 1116 1411">
     <span class='ocr_line' id='line_1_123' title="bbox 933 1376 1116 1411; baseline 0.005 -8"><span class='ocrx_word' id='word_1_483' title='bbox 933 1376 966 1404; x_wconf 89' lang='lat' dir='ltr'><strong>Et</strong></span> <span class='ocrx_word' id='word_1_484' title='bbox 977 1377 1116 1411; x_wconf 80' lang='lat' dir='ltr'><strong>ingressus</strong></span> 
     </span>
    </p>
   </div>
   <div class='ocr_carea' id='block_1_124' title="bbox 933 1411 1128 1440">
    <p class='ocr_par' dir='ltr' id='par_1_124' title="bbox 933 1411 1128 1440">
     <span class='ocr_line' id='line_1_124' title="bbox 933 1411 1128 1440; baseline 0.005 -2"><span class='ocrx_word' id='word_1_485' title='bbox 933 1411 1005 1439; x_wconf 89' lang='lat' dir='ltr'><strong>intro</strong></span> <span class='ocrx_word' id='word_1_486' title='bbox 1016 1412 1128 1440; x_wconf 89' lang='lat' dir='ltr'><strong>sedebat</strong></span> 
     </span>
    </p>
   </div>
   <div class='ocr_carea' id='block_1_125' title="bbox 933 1448 1153 1478">
    <p class='ocr_par' dir='ltr' id='par_1_125' title="bbox 933 1448 1153 1478">
     <span class='ocr_line' id='line_1_125' title="bbox 933 1448 1153 1478; baseline 0 -4"><span class='ocrx_word' id='word_1_487' title='bbox 933 1454 995 1474; x_wconf 93' lang='lat' dir='ltr'><strong>cum</strong></span> <span class='ocrx_word' id='word_1_488' title='bbox 1008 1448 1153 1478; x_wconf 88' lang='lat' dir='ltr'><strong>ministris,</strong></span> 
     </span>
    </p>
   </div>
   <div class='ocr_carea' id='block_1_126' title="bbox 933 1482 1081 1510">
    <p class='ocr_par' dir='ltr' id='par_1_126' title="bbox 933 1482 1081 1510">
     <span class='ocr_line' id='line_1_126' title="bbox 933 1482 1081 1510; baseline 0 -1"><span class='ocrx_word' id='word_1_489' title='bbox 933 1487 963 1509; x_wconf 90' lang='lat' dir='ltr'><strong>ut</strong></span> <span class='ocrx_word' id='word_1_490' title='bbox 976 1482 1081 1510; x_wconf 87' lang='lat' dir='ltr'><strong>videret</strong></span> 
     </span>
    </p>
   </div>
   <div class='ocr_carea' id='block_1_127' title="bbox 933 1518 1078 1545">
    <p class='ocr_par' dir='ltr' id='par_1_127' title="bbox 933 1518 1078 1545">
     <span class='ocr_line' id='line_1_127' title="bbox 933 1518 1078 1545; baseline -0.007 -1"><span class='ocrx_word' id='word_1_491' title='bbox 933 1518 1014 1545; x_wconf 89' lang='lat' dir='ltr'><strong>ﬁnem</strong></span> <span class='ocrx_word' id='word_1_492' title='bbox 1029 1518 1078 1545; x_wconf 90' lang='lat' dir='ltr'><strong>rei.</strong></span> 
     </span>
    </p>
   </div>
   <div class='ocr_carea' id='block_1_128' title="bbox 933 1552 1200 1586">
    <p class='ocr_par' dir='ltr' id='par_1_128' title="bbox 933 1552 1200 1586">
     <span class='ocr_line' id='line_1_128' title="bbox 933 1552 1200 1586; baseline -0.004 -6"><span class='ocrx_word' id='word_1_493' title='bbox 933 1553 979 1581; x_wconf 80' lang='lat'><strong>59.</strong></span> <span class='ocrx_word' id='word_1_494' title='bbox 1000 1552 1140 1586; x_wconf 84' lang='lat' dir='ltr'><strong>Principes</strong></span> <span class='ocrx_word' id='word_1_495' title='bbox 1152 1559 1200 1579; x_wconf 88' lang='lat' dir='ltr'><strong>au-</strong></span> 
     </span>
    </p>
   </div>
   <div class='ocr_carea' id='block_1_129' title="bbox 934 1588 1185 1620">
    <p class='ocr_par' dir='ltr' id='par_1_129' title="bbox 934 1588 1185 1620">
     <span class='ocr_line' id='line_1_129' title="bbox 934 1588 1185 1620; baseline -0.008 -4"><span class='ocrx_word' id='word_1_496' title='bbox 934 1594 988 1616; x_wconf 89' lang='lat' dir='ltr'><strong>tem</strong></span> <span class='ocrx_word' id='word_1_497' title='bbox 1003 1588 1185 1620; x_wconf 85' lang='lat' dir='ltr'><strong>sacerdotum,</strong></span> 
     </span>
    </p>
   </div>
   <div class='ocr_carea' id='block_1_130' title="bbox 933 1624 1129 1652">
    <p class='ocr_par' dir='ltr' id='par_1_130' title="bbox 933 1624 1129 1652">
     <span class='ocr_line' id='line_1_130' title="bbox 933 1624 1129 1652; baseline -0.01 -1"><span class='ocrx_word' id='word_1_498' title='bbox 933 1628 961 1651; x_wconf 88' lang='lat' dir='ltr'><strong>et</strong></span> <span class='ocrx_word' id='word_1_499' title='bbox 973 1624 1129 1652; x_wconf 88' lang='lat' dir='ltr'><strong>universum</strong></span> 
     </span>
    </p>
   </div>
   <div class='ocr_carea' id='block_1_131' title="bbox 932 1659 1186 1694">
    <p class='ocr_par' dir='ltr' id='par_1_131' title="bbox 932 1659 1186 1694">
     <span class='ocr_line' id='line_1_131' title="bbox 932 1659 1186 1694; baseline -0.004 -7"><span class='ocrx_word' id='word_1_500' title='bbox 932 1659 1088 1692; x_wconf 87' lang='lat' dir='ltr'><strong>concilium,</strong></span> <span class='ocrx_word' id='word_1_501' title='bbox 1103 1666 1186 1694; x_wconf 84' lang='lat' dir='ltr'><strong>quae-</strong></span> 
     </span>
    </p>
   </div>
   <div class='ocr_carea' id='block_1_132' title="bbox 933 1695 1141 1723">
    <p class='ocr_par' dir='ltr' id='par_1_132' title="bbox 933 1695 1141 1723">
     <span class='ocr_line' id='line_1_132' title="bbox 933 1695 1141 1723; baseline 0 -1"><span class='ocrx_word' id='word_1_502' title='bbox 933 1695 1030 1723; x_wconf 89' lang='lat' dir='ltr'><strong>rebant</strong></span> <span class='ocrx_word' id='word_1_503' title='bbox 1043 1695 1141 1722; x_wconf 76' lang='lat' dir='ltr'><strong>falsum</strong></span> 
     </span>
    </p>
   </div>
   <div class='ocr_carea' id='block_1_133' title="bbox 933 1731 1117 1758">
    <p class='ocr_par' dir='ltr' id='par_1_133' title="bbox 933 1731 1117 1758">
     <span class='ocr_line' id='line_1_133' title="bbox 933 1731 1117 1758; baseline -0.005 0"><span class='ocrx_word' id='word_1_504' title='bbox 933 1731 1117 1758; x_wconf 86' lang='lat' dir='ltr'><strong>testimonium</strong></span> 
     </span>
    </p>
   </div>
   <div class='ocr_carea' id='block_1_134' title="bbox 933 1765 1142 1799">
    <p class='ocr_par' dir='ltr' id='par_1_134' title="bbox 933 1765 1142 1799">
     <span class='ocr_line' id='line_1_134' title="bbox 933 1765 1142 1799; baseline 0 -6"><span class='ocrx_word' id='word_1_505' title='bbox 933 1771 1026 1794; x_wconf 87' lang='lat' dir='ltr'><strong>contra</strong></span> <span class='ocrx_word' id='word_1_506' title='bbox 1037 1765 1142 1799; x_wconf 74' lang='lat' dir='ltr'><strong>Iesum,</strong></span> 
     </span>
    </p>
   </div>
   <div class='ocr_carea' id='block_1_135' title="bbox 934 1801 1133 1830">
    <p class='ocr_par' dir='ltr' id='par_1_135' title="bbox 934 1801 1133 1830">
     <span class='ocr_line' id='line_1_135' title="bbox 934 1801 1133 1830; baseline -0.005 -1"><span class='ocrx_word' id='word_1_507' title='bbox 934 1806 963 1829; x_wconf 90' lang='lat' dir='ltr'><strong>ut</strong></span> <span class='ocrx_word' id='word_1_508' title='bbox 976 1809 1037 1830; x_wconf 90' lang='lat' dir='ltr'><strong>eum</strong></span> <span class='ocrx_word' id='word_1_509' title='bbox 1053 1801 1133 1829; x_wconf 90' lang='lat' dir='ltr'><strong>morti</strong></span> 
     </span>
    </p>
   </div>
   <div class='ocr_carea' id='block_1_136' title="bbox 1353 234 1515 262">
    <p class='ocr_par' dir='ltr' id='par_1_136' title="bbox 1353 234 1515 262">
     <span class='ocr_line' id='line_1_136' title="bbox 1353 234 1515 262; baseline -0.006 0"><span class='ocrx_word' id='word_1_510' title='bbox 1353 234 1493 262; x_wconf 84' lang='lat' dir='ltr'><strong>traderent</strong></span> <span class='ocrx_word' id='word_1_511' title='bbox 1509 244 1515 261; x_wconf 90' lang='lat'>:</span> 
     </span>
    </p>
   </div>
   <div class='ocr_carea' id='block_1_137' title="bbox 1355 270 1608 300">
    <p class='ocr_par' dir='ltr' id='par_1_137' title="bbox 1355 270 1608 300">
     <span class='ocr_line' id='line_1_137' title="bbox 1355 270 1608 300; baseline 0.012 -3"><span class='ocrx_word' id='word_1_512' title='bbox 1355 270 1400 298; x_wconf 91' lang='lat'><strong>60.</strong></span> <span class='ocrx_word' id='word_1_513' title='bbox 1420 275 1447 298; x_wconf 90' lang='lat' dir='ltr'><strong>et</strong></span> <span class='ocrx_word' id='word_1_514' title='bbox 1462 277 1516 298; x_wconf 93' lang='lat' dir='ltr'><strong>non</strong></span> <span class='ocrx_word' id='word_1_515' title='bbox 1533 270 1608 300; x_wconf 88' lang='lat' dir='ltr'><strong>inve-</strong></span> 
     </span>
    </p>
   </div>
   <div class='ocr_carea' id='block_1_138' title="bbox 1353 310 1543 338">
    <p class='ocr_par' dir='ltr' id='par_1_138' title="bbox 1353 310 1543 338">
     <span class='ocr_line' id='line_1_138' title="bbox 1353 310 1543 338; baseline 0 -4"><span class='ocrx_word' id='word_1_516' title='bbox 1353 310 1468 338; x_wconf 80' lang='lat' dir='ltr'><strong>nerunt,</strong></span> <span class='ocrx_word' id='word_1_517' title='bbox 1481 313 1543 334; x_wconf 85' lang='lat' dir='ltr'><strong>cum</strong></span> 
     </span>
    </p>
   </div>
   <div class='ocr_carea' id='block_1_139' title="bbox 1353 341 1504 369">
    <p class='ocr_par' dir='ltr' id='par_1_139' title="bbox 1353 341 1504 369">
     <span class='ocr_line' id='line_1_139' title="bbox 1353 341 1504 369; baseline 0 0"><span class='ocrx_word' id='word_1_518' title='bbox 1353 342 1431 369; x_wconf 87' lang='lat' dir='ltr'><strong>mulli</strong></span> <span class='ocrx_word' id='word_1_519' title='bbox 1444 341 1504 369; x_wconf 76' lang='lat' dir='ltr'><strong>falsi</strong></span> 
     </span>
    </p>
   </div>
   <div class='ocr_carea' id='block_1_140' title="bbox 1354 377 1583 406">
    <p class='ocr_par' dir='ltr' id='par_1_140' title="bbox 1354 377 1583 406">
     <span class='ocr_line' id='line_1_140' title="bbox 1354 377 1583 406; baseline 0.009 -2"><span class='ocrx_word' id='word_1_520' title='bbox 1354 382 1438 405; x_wconf 84' lang='lat' dir='ltr'><strong>testes</strong></span> <span class='ocrx_word' id='word_1_521' title='bbox 1452 377 1583 406; x_wconf 88' lang='lat' dir='ltr'><strong>accessis-</strong></span> 
     </span>
    </p>
   </div>
   <div class='ocr_carea' id='block_1_141' title="bbox 1353 417 1426 440">
    <p class='ocr_par' dir='ltr' id='par_1_141' title="bbox 1353 417 1426 440">
     <span class='ocr_line' id='line_1_141' title="bbox 1353 417 1426 440; baseline -0.014 0"><span class='ocrx_word' id='word_1_522' title='bbox 1353 417 1426 440; x_wconf 89' lang='lat' dir='ltr'><strong>sent.</strong></span> 
     </span>
    </p>
   </div>
   <div class='ocr_carea' id='block_1_142' title="bbox 1352 448 1506 476">
    <p class='ocr_par' dir='ltr' id='par_1_142' title="bbox 1352 448 1506 476">
     <span class='ocr_line' id='line_1_142' title="bbox 1352 448 1506 476; baseline -0.006 0"><span class='ocrx_word' id='word_1_523' title='bbox 1352 448 1506 476; x_wconf 87' lang='lat' dir='ltr'><strong>Novissime</strong></span> 
     </span>
    </p>
   </div>
   <div class='ocr_carea' id='block_1_143' title="bbox 1353 488 1540 514">
    <p class='ocr_par' dir='ltr' id='par_1_143' title="bbox 1353 488 1540 514">
     <span class='ocr_line' id='line_1_143' title="bbox 1353 488 1540 514; baseline 0.011 -3"><span class='ocrx_word' id='word_1_524' title='bbox 1353 488 1443 512; x_wconf 84' lang='lat' dir='ltr'><strong>autem</strong></span> <span class='ocrx_word' id='word_1_525' title='bbox 1458 492 1540 514; x_wconf 87' lang='lat' dir='ltr'><strong>vene-</strong></span> 
     </span>
    </p>
   </div>
   <div class='ocr_carea' id='block_1_144' title="bbox 1354 520 1487 548">
    <p class='ocr_par' dir='ltr' id='par_1_144' title="bbox 1354 520 1487 548">
     <span class='ocr_line' id='line_1_144' title="bbox 1354 520 1487 548; baseline 0 -1"><span class='ocrx_word' id='word_1_526' title='bbox 1354 525 1418 547; x_wconf 92' lang='lat' dir='ltr'><strong>runt</strong></span> <span class='ocrx_word' id='word_1_527' title='bbox 1432 520 1487 548; x_wconf 89' lang='lat' dir='ltr'><strong>duo</strong></span> 
     </span>
    </p>
   </div>
   <div class='ocr_carea' id='block_1_145' title="bbox 1354 555 1534 590">
    <p class='ocr_par' dir='ltr' id='par_1_145' title="bbox 1354 555 1534 590">
     <span class='ocr_line' id='line_1_145' title="bbox 1354 555 1534 590; baseline 0.006 -8"><span class='ocrx_word' id='word_1_528' title='bbox 1354 555 1415 583; x_wconf 78' lang='lat' dir='ltr'><strong>falsi</strong></span> <span class='ocrx_word' id='word_1_529' title='bbox 1431 559 1515 583; x_wconf 83' lang='lat' dir='ltr'><strong>testes</strong></span> <span class='ocrx_word' id='word_1_530' title='bbox 1526 578 1534 590; x_wconf 86' lang='lat'><strong>,</strong></span> 
     </span>
    </p>
   </div>
   <div class='ocr_carea' id='block_1_146' title="bbox 1354 591 1539 620">
    <p class='ocr_par' dir='ltr' id='par_1_146' title="bbox 1354 591 1539 620">
     <span class='ocr_line' id='line_1_146' title="bbox 1354 591 1539 620; baseline 0.005 -2"><span class='ocrx_word' id='word_1_531' title='bbox 1354 594 1382 618; x_wconf 84' lang='lat' dir='ltr'><strong>et</strong></span> <span class='ocrx_word' id='word_1_532' title='bbox 1394 591 1539 620; x_wconf 75' lang='lat' dir='ltr'><strong>dixerunt:</strong></span> 
     </span>
    </p>
   </div>
   <div class='ocr_carea' id='block_1_147' title="bbox 1354 626 1571 662">
    <p class='ocr_par' dir='ltr' id='par_1_147' title="bbox 1354 626 1571 662">
     <span class='ocr_line' id='line_1_147' title="bbox 1354 626 1571 662; baseline 0.009 -9"><span class='ocrx_word' id='word_1_533' title='bbox 1354 626 1395 662; x_wconf 86' lang='grc' dir='ltr'><strong>(α)</strong></span> <span class='ocrx_word' id='word_1_534' title='bbox 1410 627 1571 655; x_wconf 84' lang='lat' dir='ltr'><strong>Audivimus</strong></span> 
     </span>
    </p>
   </div>
   <div class='ocr_carea' id='block_1_148' title="bbox 1354 662 1596 699">
    <p class='ocr_par' dir='ltr' id='par_1_148' title="bbox 1354 662 1596 699">
     <span class='ocr_line' id='line_1_148' title="bbox 1354 662 1596 699; baseline 0.012 -10"><span class='ocrx_word' id='word_1_535' title='bbox 1354 662 1428 699; x_wconf 71' lang='lat' dir='ltr'><strong>hunc</strong></span> <span class='ocrx_word' id='word_1_536' title='bbox 1438 662 1538 691; x_wconf 82' lang='lat' dir='ltr'><strong>dixisse</strong></span> <span class='ocrx_word' id='word_1_537' title='bbox 1552 664 1574 699; x_wconf 65' lang='grc' dir='ltr'><strong>-ι-</strong></span> <span class='ocrx_word' id='word_1_538' title='bbox 1589 673 1596 692; x_wconf 89' lang='lat'><strong>:</strong></span> 
     </span>
    </p>
   </div>
   <div class='ocr_carea' id='block_1_149' title="bbox 1353 697 1591 727">
    <p class='ocr_par' dir='ltr' id='par_1_149' title="bbox 1353 697 1591 727">
     <span class='ocr_line' id='line_1_149' title="bbox 1353 697 1591 727; baseline 0.008 -2"><span class='ocrx_word' id='word_1_539' title='bbox 1353 697 1397 725; x_wconf 86' lang='lat' dir='ltr'><strong>6t.</strong></span> <span class='ocrx_word' id='word_1_540' title='bbox 1415 697 1528 727; x_wconf 87' lang='lat' dir='ltr'><strong>Possum</strong></span> <span class='ocrx_word' id='word_1_541' title='bbox 1544 697 1591 727; x_wconf 84' lang='lat' dir='ltr'><strong>de-</strong></span> 
     </span>
    </p>
   </div>
   <div class='ocr_carea' id='block_1_150' title="bbox 1353 734 1603 769">
    <p class='ocr_par' dir='ltr' id='par_1_150' title="bbox 1353 734 1603 769">
     <span class='ocr_line' id='line_1_150' title="bbox 1353 734 1603 769; baseline 0.016 -11"><span class='ocrx_word' id='word_1_542' title='bbox 1353 738 1460 769; x_wconf 74' lang='lat' dir='ltr'><strong>struere</strong></span> <span class='ocrx_word' id='word_1_543' title='bbox 1473 734 1603 769; x_wconf 85' lang='lat' dir='ltr'><strong>templum</strong></span> 
     </span>
    </p>
   </div>
   <div class='ocr_carea' id='block_1_151' title="bbox 1353 768 1531 802">
    <p class='ocr_par' dir='ltr' id='par_1_151' title="bbox 1353 768 1531 802">
     <span class='ocr_line' id='line_1_151' title="bbox 1353 768 1531 802; baseline 0.011 -7"><span class='ocrx_word' id='word_1_544' title='bbox 1353 768 1405 797; x_wconf 86' lang='lat' dir='ltr'><strong>hoc</strong></span> <span class='ocrx_word' id='word_1_545' title='bbox 1421 769 1468 798; x_wconf 82' lang='lat' dir='ltr'><strong>Dei</strong></span> <span class='ocrx_word' id='word_1_546' title='bbox 1480 790 1487 802; x_wconf 84' lang='lat'><strong>,</strong></span> <span class='ocrx_word' id='word_1_547' title='bbox 1503 774 1531 797; x_wconf 86' lang='lat' dir='ltr'><strong>et</strong></span> 
     </span>
    </p>
   </div>
   <div class='ocr_carea' id='block_1_152' title="bbox 1353 805 1520 839">
    <p class='ocr_par' dir='ltr' id='par_1_152' title="bbox 1353 805 1520 839">
     <span class='ocr_line' id='line_1_152' title="bbox 1353 805 1520 839; baseline 0 -7"><span class='ocrx_word' id='word_1_548' title='bbox 1353 809 1414 839; x_wconf 89' lang='lat' dir='ltr'><strong>post</strong></span> <span class='ocrx_word' id='word_1_549' title='bbox 1429 805 1520 834; x_wconf 88' lang='lat' dir='ltr'><strong>triduo</strong></span> 
     </span>
    </p>
   </div>
   <div class='ocr_carea' id='block_1_153' title="bbox 1353 839 1563 871">
    <p class='ocr_par' dir='ltr' id='par_1_153' title="bbox 1353 839 1563 871">
     <span class='ocr_line' id='line_1_153' title="bbox 1353 839 1563 871; baseline 0.019 -4"><span class='ocrx_word' id='word_1_550' title='bbox 1353 839 1417 868; x_wconf 90' lang='lat' dir='ltr'><strong>illud</strong></span> <span class='ocrx_word' id='word_1_551' title='bbox 1437 840 1563 871; x_wconf 75' lang='lat' dir='ltr'><strong>reaediii-</strong></span> 
     </span>
    </p>
   </div>
   <div class='ocr_carea' id='block_1_154' title="bbox 1352 882 1425 904">
    <p class='ocr_par' dir='ltr' id='par_1_154' title="bbox 1352 882 1425 904">
     <span class='ocr_line' id='line_1_154' title="bbox 1352 882 1425 904; baseline 0.014 -1"><span class='ocrx_word' id='word_1_552' title='bbox 1352 882 1425 904; x_wconf 91' lang='lat' dir='ltr'><strong>care.</strong></span> 
     </span>
    </p>
   </div>
   <div class='ocr_carea' id='block_1_155' title="bbox 1353 911 1577 948">
    <p class='ocr_par' dir='ltr' id='par_1_155' title="bbox 1353 911 1577 948">
     <span class='ocr_line' id='line_1_155' title="bbox 1353 911 1577 948; baseline 0.013 -10"><span class='ocrx_word' id='word_1_553' title='bbox 1353 911 1397 938; x_wconf 78' lang='lat'><strong>62.</strong></span> <span class='ocrx_word' id='word_1_554' title='bbox 1415 912 1449 939; x_wconf 82' lang='lat' dir='ltr'><strong>Et</strong></span> <span class='ocrx_word' id='word_1_555' title='bbox 1462 918 1577 948; x_wconf 80' lang='lat' dir='ltr'><strong>surgens</strong></span> 
     </span>
    </p>
   </div>
   <div class='ocr_carea' id='block_1_156' title="bbox 1352 948 1535 983">
    <p class='ocr_par' dir='ltr' id='par_1_156' title="bbox 1352 948 1535 983">
     <span class='ocr_line' id='line_1_156' title="bbox 1352 948 1535 983; baseline 0.016 -10"><span class='ocrx_word' id='word_1_556' title='bbox 1352 948 1479 983; x_wconf 88' lang='lat' dir='ltr'><strong>princeps</strong></span> <span class='ocrx_word' id='word_1_557' title='bbox 1491 955 1535 977; x_wconf 38' lang='lat' dir='ltr'><strong>sas</strong></span> 
     </span>
    </p>
   </div>
   <div class='ocr_carea' id='block_1_157' title="bbox 1351 982 1570 1016">
    <p class='ocr_par' dir='ltr' id='par_1_157' title="bbox 1351 982 1570 1016">
     <span class='ocr_line' id='line_1_157' title="bbox 1351 982 1570 1016; baseline 0 -6"><span class='ocrx_word' id='word_1_558' title='bbox 1351 982 1493 1010; x_wconf 82' lang='lat' dir='ltr'><strong>cerdotum</strong></span> <span class='ocrx_word' id='word_1_559' title='bbox 1506 1003 1515 1016; x_wconf 88' lang='lat'><strong>,</strong></span> <span class='ocrx_word' id='word_1_560' title='bbox 1531 983 1570 1014; x_wconf 71' lang='lat' dir='ltr'><strong>ait</strong></span> 
     </span>
    </p>
   </div>
   <div class='ocr_carea' id='block_1_158' title="bbox 1351 1017 1496 1046">
    <p class='ocr_par' dir='ltr' id='par_1_158' title="bbox 1351 1017 1496 1046">
     <span class='ocr_line' id='line_1_158' title="bbox 1351 1017 1496 1046; baseline 0.014 -2"><span class='ocrx_word' id='word_1_561' title='bbox 1351 1017 1390 1045; x_wconf 89' lang='lat' dir='ltr'><strong>illi</strong></span> <span class='ocrx_word' id='word_1_562' title='bbox 1402 1026 1408 1044; x_wconf 94' lang='lat'><strong>:</strong></span> <span class='ocrx_word' id='word_1_563' title='bbox 1424 1018 1496 1046; x_wconf 87' lang='lat' dir='ltr'><strong>Nihil</strong></span> 
     </span>
    </p>
   </div>
   <div class='ocr_carea' id='block_1_159' title="bbox 1350 1053 1550 1089">
    <p class='ocr_par' dir='ltr' id='par_1_159' title="bbox 1350 1053 1550 1089">
     <span class='ocr_line' id='line_1_159' title="bbox 1350 1053 1550 1089; baseline 0.01 -9"><span class='ocrx_word' id='word_1_564' title='bbox 1350 1053 1499 1089; x_wconf 86' lang='lat' dir='ltr'><strong>respondes</strong></span> <span class='ocrx_word' id='word_1_565' title='bbox 1514 1054 1550 1082; x_wconf 82' lang='lat' dir='ltr'><strong>ad</strong></span> 
     </span>
    </p>
   </div>
   <div class='ocr_carea' id='block_1_160' title="bbox 1350 1090 1543 1124">
    <p class='ocr_par' dir='ltr' id='par_1_160' title="bbox 1350 1090 1543 1124">
     <span class='ocr_line' id='line_1_160' title="bbox 1350 1090 1543 1124; baseline 0 -8"><span class='ocrx_word' id='word_1_566' title='bbox 1350 1096 1381 1116; x_wconf 87' lang='lat' dir='ltr'><strong>ea</strong></span> <span class='ocrx_word' id='word_1_567' title='bbox 1393 1109 1400 1121; x_wconf 86' lang='lat'><strong>,</strong></span> <span class='ocrx_word' id='word_1_568' title='bbox 1415 1097 1485 1124; x_wconf 89' lang='lat' dir='ltr'><strong>quae</strong></span> <span class='ocrx_word' id='word_1_569' title='bbox 1499 1090 1543 1118; x_wconf 88' lang='lat' dir='ltr'><strong>isti</strong></span> 
     </span>
    </p>
   </div>
   <div class='ocr_carea' id='block_1_161' title="bbox 1349 1124 1540 1156">
    <p class='ocr_par' dir='ltr' id='par_1_161' title="bbox 1349 1124 1540 1156">
     <span class='ocr_line' id='line_1_161' title="bbox 1349 1124 1540 1156; baseline 0.026 -5"><span class='ocrx_word' id='word_1_570' title='bbox 1349 1124 1496 1154; x_wconf 83' lang='lat' dir='ltr'><strong>adversum</strong></span> <span class='ocrx_word' id='word_1_571' title='bbox 1512 1133 1540 1156; x_wconf 83' lang='lat' dir='ltr'><strong>te</strong></span> 
     </span>
    </p>
   </div>
   <div class='ocr_carea' id='block_1_162' title="bbox 1350 1160 1551 1190">
    <p class='ocr_par' dir='ltr' id='par_1_162' title="bbox 1350 1160 1551 1190">
     <span class='ocr_line' id='line_1_162' title="bbox 1350 1160 1551 1190; baseline 0.005 -3"><span class='ocrx_word' id='word_1_572' title='bbox 1350 1160 1551 1190; x_wconf 79' lang='lat' dir='ltr'><strong>testiﬁcantur?</strong></span> 
     </span>
    </p>
   </div>
   <div class='ocr_carea' id='block_1_163' title="bbox 1350 1196 1598 1224">
    <p class='ocr_par' dir='ltr' id='par_1_163' title="bbox 1350 1196 1598 1224">
     <span class='ocr_line' id='line_1_163' title="bbox 1350 1196 1598 1224; baseline 0 0"><span class='ocrx_word' id='word_1_573' title='bbox 1350 1196 1396 1224; x_wconf 81' lang='grc'><strong>65.</strong></span> <span class='ocrx_word' id='word_1_574' title='bbox 1413 1196 1492 1224; x_wconf 85' lang='lat' dir='ltr'><strong>Jesus</strong></span> <span class='ocrx_word' id='word_1_575' title='bbox 1506 1201 1598 1224; x_wconf 90' lang='lat' dir='ltr'><strong>autem</strong></span> 
     </span>
    </p>
   </div>
   <div class='ocr_carea' id='block_1_164' title="bbox 1351 1232 1468 1260">
    <p class='ocr_par' dir='ltr' id='par_1_164' title="bbox 1351 1232 1468 1260">
     <span class='ocr_line' id='line_1_164' title="bbox 1351 1232 1468 1260; baseline 0 -2"><span class='ocrx_word' id='word_1_576' title='bbox 1351 1232 1468 1260; x_wconf 82' lang='lat' dir='ltr'><strong>tacebat.</strong></span> 
     </span>
    </p>
   </div>
   <div class='ocr_carea' id='block_1_165' title="bbox 1351 1267 1567 1310">
    <p class='ocr_par' dir='ltr' id='par_1_165' title="bbox 1351 1267 1567 1310">
     <span class='ocr_line' id='line_1_165' title="bbox 1351 1267 1567 1310; baseline 0.019 -15"><span class='ocrx_word' id='word_1_577' title='bbox 1351 1267 1384 1310; x_wconf 72' lang='lat' dir='ltr'><strong>F_.‘t</strong></span> <span class='ocrx_word' id='word_1_578' title='bbox 1399 1268 1444 1310; x_wconf 54' lang='grc' dir='ltr'><strong>(ὁ).</strong></span> <span class='ocrx_word' id='word_1_579' title='bbox 1453 1275 1567 1310; x_wconf 83' lang='lat' dir='ltr'><strong>respou-</strong></span> 
     </span>
    </p>
   </div>
   <div class='ocr_carea' id='block_1_166' title="bbox 1350 1303 1593 1339">
    <p class='ocr_par' dir='ltr' id='par_1_166' title="bbox 1350 1303 1593 1339">
     <span class='ocr_line' id='line_1_166' title="bbox 1350 1303 1593 1339; baseline 0.004 -9"><span class='ocrx_word' id='word_1_580' title='bbox 1350 1303 1418 1331; x_wconf 85' lang='lat' dir='ltr'><strong>dens</strong></span> <span class='ocrx_word' id='word_1_581' title='bbox 1430 1303 1451 1339; x_wconf 68' lang='lat'><strong>1-</strong></span> <span class='ocrx_word' id='word_1_582' title='bbox 1467 1303 1593 1339; x_wconf 70' lang='lat' dir='ltr'><strong>princeps</strong></span> 
     </span>
    </p>
   </div>
   <div class='ocr_carea' id='block_1_167' title="bbox 1350 1343 1524 1369">
    <p class='ocr_par' dir='ltr' id='par_1_167' title="bbox 1350 1343 1524 1369">
     <span class='ocr_line' id='line_1_167' title="bbox 1350 1343 1524 1369; baseline 0.006 -2"><span class='ocrx_word' id='word_1_583' title='bbox 1350 1343 1524 1369; x_wconf 84' lang='lat' dir='ltr'><strong>sacerdotum</strong></span> 
     </span>
    </p>
   </div>
   <div class='ocr_carea' id='block_1_168' title="bbox 1351 1375 1560 1410">
    <p class='ocr_par' dir='ltr' id='par_1_168' title="bbox 1351 1375 1560 1410">
     <span class='ocr_line' id='line_1_168' title="bbox 1351 1375 1560 1410; baseline 0.01 -9"><span class='ocrx_word' id='word_1_584' title='bbox 1351 1375 1390 1402; x_wconf 87' lang='lat' dir='ltr'><strong>ait</strong></span> <span class='ocrx_word' id='word_1_585' title='bbox 1403 1375 1461 1403; x_wconf 91' lang='lat' dir='ltr'><strong>illi:</strong></span> <span class='ocrx_word' id='word_1_586' title='bbox 1481 1375 1560 1410; x_wconf 83' lang='lat' dir='ltr'><strong>Adju-</strong></span> 
     </span>
    </p>
   </div>
   <div class='ocr_carea' id='block_1_169' title="bbox 1352 1411 1586 1445">
    <p class='ocr_par' dir='ltr' id='par_1_169' title="bbox 1352 1411 1586 1445">
     <span class='ocr_line' id='line_1_169' title="bbox 1352 1411 1586 1445; baseline 0 -8"><span class='ocrx_word' id='word_1_587' title='bbox 1352 1418 1383 1438; x_wconf 92' lang='lat' dir='ltr'><strong>ro</strong></span> <span class='ocrx_word' id='word_1_588' title='bbox 1398 1416 1423 1438; x_wconf 90' lang='lat' dir='ltr'><strong>te</strong></span> <span class='ocrx_word' id='word_1_589' title='bbox 1438 1418 1488 1445; x_wconf 84' lang='lat' dir='ltr'><strong>per</strong></span> <span class='ocrx_word' id='word_1_590' title='bbox 1502 1411 1586 1438; x_wconf 93' lang='lat' dir='ltr'><strong>Deum</strong></span> 
     </span>
    </p>
   </div>
   <div class='ocr_carea' id='block_1_170' title="bbox 1351 1446 1560 1478">
    <p class='ocr_par' dir='ltr' id='par_1_170' title="bbox 1351 1446 1560 1478">
     <span class='ocr_line' id='line_1_170' title="bbox 1351 1446 1560 1478; baseline -0.005 -4"><span class='ocrx_word' id='word_1_591' title='bbox 1351 1447 1442 1474; x_wconf 81' lang='lat' dir='ltr'><strong>Vivum</strong></span> <span class='ocrx_word' id='word_1_592' title='bbox 1453 1467 1460 1478; x_wconf 85' lang='grc'><em>,</em></span> <span class='ocrx_word' id='word_1_593' title='bbox 1476 1451 1505 1474; x_wconf 88' lang='grc' dir='ltr'><strong>ιιι</strong></span> <span class='ocrx_word' id='word_1_594' title='bbox 1519 1446 1560 1477; x_wconf 86' lang='lat' dir='ltr'><strong>di-</strong></span> 
     </span>
    </p>
   </div>
   <div class='ocr_carea' id='block_1_171' title="bbox 1352 1481 1530 1510">
    <p class='ocr_par' dir='ltr' id='par_1_171' title="bbox 1352 1481 1530 1510">
     <span class='ocr_line' id='line_1_171' title="bbox 1352 1481 1530 1510; baseline 0 -2"><span class='ocrx_word' id='word_1_595' title='bbox 1352 1488 1397 1510; x_wconf 80' lang='lat' dir='ltr'><strong>cas</strong></span> <span class='ocrx_word' id='word_1_596' title='bbox 1413 1481 1492 1509; x_wconf 90' lang='lat' dir='ltr'><strong>nobis</strong></span> <span class='ocrx_word' id='word_1_597' title='bbox 1506 1481 1530 1508; x_wconf 90' lang='lat' dir='ltr'><strong>si</strong></span> 
     </span>
    </p>
   </div>
   <div class='ocr_carea' id='block_1_172' title="bbox 1352 1516 1566 1548">
    <p class='ocr_par' dir='ltr' id='par_1_172' title="bbox 1352 1516 1566 1548">
     <span class='ocr_line' id='line_1_172' title="bbox 1352 1516 1566 1548; baseline -0.005 -4"><span class='ocrx_word' id='word_1_598' title='bbox 1352 1520 1380 1544; x_wconf 93' lang='lat' dir='ltr'><strong>tu</strong></span> <span class='ocrx_word' id='word_1_599' title='bbox 1396 1524 1425 1544; x_wconf 92' lang='lat' dir='ltr'><strong>es</strong></span> <span class='ocrx_word' id='word_1_600' title='bbox 1440 1516 1566 1548; x_wconf 85' lang='lat' dir='ltr'><strong>Christus</strong></span> 
     </span>
    </p>
   </div>
   <div class='ocr_carea' id='block_1_173' title="bbox 1354 1552 1593 1584">
    <p class='ocr_par' dir='ltr' id='par_1_173' title="bbox 1354 1552 1593 1584">
     <span class='ocr_line' id='line_1_173' title="bbox 1354 1552 1593 1584; baseline -0.008 -5"><span class='ocrx_word' id='word_1_601' title='bbox 1354 1555 1383 1583; x_wconf 78' lang='grc' dir='ltr'><strong>›Ι‹</strong></span> <span class='ocrx_word' id='word_1_602' title='bbox 1401 1552 1471 1579; x_wconf 91' lang='lat' dir='ltr'><strong>ﬁlius</strong></span> <span class='ocrx_word' id='word_1_603' title='bbox 1487 1552 1545 1581; x_wconf 88' lang='lat' dir='ltr'><strong>Dei.</strong></span> <span class='ocrx_word' id='word_1_604' title='bbox 1564 1554 1593 1584; x_wconf 57' lang='grc' dir='ltr'><strong>ί(</strong></span> 
     </span>
    </p>
   </div>
   <div class='ocr_carea' id='block_1_174' title="bbox 1350 1587 1533 1615">
    <p class='ocr_par' dir='ltr' id='par_1_174' title="bbox 1350 1587 1533 1615">
     <span class='ocr_line' id='line_1_174' title="bbox 1350 1587 1533 1615; baseline -0.005 0"><span class='ocrx_word' id='word_1_605' title='bbox 1350 1587 1395 1615; x_wconf 75' lang='grc'><strong>64.</strong></span> <span class='ocrx_word' id='word_1_606' title='bbox 1412 1587 1481 1615; x_wconf 88' lang='lat' dir='ltr'><strong>Dicit</strong></span> <span class='ocrx_word' id='word_1_607' title='bbox 1494 1587 1533 1614; x_wconf 90' lang='lat' dir='ltr'><strong>illi</strong></span> 
     </span>
    </p>
   </div>
   <div class='ocr_carea' id='block_1_175' title="bbox 1349 1622 1552 1656">
    <p class='ocr_par' dir='ltr' id='par_1_175' title="bbox 1349 1622 1552 1656">
     <span class='ocr_line' id='line_1_175' title="bbox 1349 1622 1552 1656; baseline 0.005 -5"><span class='ocrx_word' id='word_1_608' title='bbox 1349 1622 1438 1651; x_wconf 87' lang='lat' dir='ltr'><strong>Jesus.</strong></span> <span class='ocrx_word' id='word_1_609' title='bbox 1456 1623 1496 1652; x_wconf 87' lang='lat' dir='ltr'><strong>Tu</strong></span> <span class='ocrx_word' id='word_1_610' title='bbox 1510 1622 1552 1656; x_wconf 82' lang='lat' dir='ltr'><strong>di-</strong></span> 
     </span>
    </p>
   </div>
   <div class='ocr_carea' id='block_1_176' title="bbox 1350 1659 1433 1686">
    <p class='ocr_par' dir='ltr' id='par_1_176' title="bbox 1350 1659 1433 1686">
     <span class='ocr_line' id='line_1_176' title="bbox 1350 1659 1433 1686; baseline 0 0"><span class='ocrx_word' id='word_1_611' title='bbox 1350 1659 1411 1686; x_wconf 81' lang='lat' dir='ltr'><strong>xisti</strong></span> <span class='ocrx_word' id='word_1_612' title='bbox 1426 1667 1433 1686; x_wconf 87' lang='lat'><strong>:</strong></span> 
     </span>
    </p>
   </div>
   <div class='ocr_carea' id='block_1_177' title="bbox 1348 1693 1505 1722">
    <p class='ocr_par' dir='ltr' id='par_1_177' title="bbox 1348 1693 1505 1722">
     <span class='ocr_line' id='line_1_177' title="bbox 1348 1693 1505 1722; baseline 0 -1"><span class='ocrx_word' id='word_1_613' title='bbox 1348 1702 1427 1722; x_wconf 89' lang='lat' dir='ltr'><strong>amen</strong></span> <span class='ocrx_word' id='word_1_614' title='bbox 1443 1693 1505 1722; x_wconf 89' lang='lat' dir='ltr'><strong>dico</strong></span> 
     </span>
    </p>
   </div>
   <div class='ocr_carea' id='block_1_178' title="bbox 1350 1730 1561 1762">
    <p class='ocr_par' dir='ltr' id='par_1_178' title="bbox 1350 1730 1561 1762">
     <span class='ocr_line' id='line_1_178' title="bbox 1350 1730 1561 1762; baseline 0.009 -6"><span class='ocrx_word' id='word_1_615' title='bbox 1350 1730 1427 1757; x_wconf 87' lang='lat' dir='ltr'><strong>vobis</strong></span> <span class='ocrx_word' id='word_1_616' title='bbox 1438 1750 1445 1762; x_wconf 87' lang='lat'><strong>,</strong></span> <span class='ocrx_word' id='word_1_617' title='bbox 1462 1730 1561 1759; x_wconf 88' lang='lat' dir='ltr'><strong>amodo</strong></span> 
     </span>
    </p>
   </div>
   <div class='ocr_carea' id='block_1_179' title="bbox 1350 1765 1575 1794">
    <p class='ocr_par' dir='ltr' id='par_1_179' title="bbox 1350 1765 1575 1794">
     <span class='ocr_line' id='line_1_179' title="bbox 1350 1765 1575 1794; baseline 0.004 -1"><span class='ocrx_word' id='word_1_618' title='bbox 1350 1765 1476 1793; x_wconf 87' lang='lat' dir='ltr'><strong>videbitis</strong></span> <span class='ocrx_word' id='word_1_619' title='bbox 1491 1765 1575 1794; x_wconf 89' lang='lat' dir='ltr'><strong>ﬁlium</strong></span> 
     </span>
    </p>
   </div>
   <div class='ocr_carea' id='block_1_180' title="bbox 1350 1800 1576 1838">
    <p class='ocr_par' dir='ltr' id='par_1_180' title="bbox 1350 1800 1576 1838">
     <span class='ocr_line' id='line_1_180' title="bbox 1350 1800 1576 1838; baseline 0.004 -9"><span class='ocrx_word' id='word_1_620' title='bbox 1350 1800 1468 1838; x_wconf 63' lang='lat' dir='ltr'><strong>hominis</strong></span> <span class='ocrx_word' id='word_1_621' title='bbox 1483 1802 1576 1838; x_wconf 78' lang='lat' dir='ltr'><strong>seden-</strong></span> 
     </span>
    </p>
   </div>
   <div class='ocr_carea' id='block_1_181' title="bbox 1162 1860 1495 1890">
    <p class='ocr_par' dir='ltr' id='par_1_181' title="bbox 1162 1860 1495 1890">
     <span class='ocr_line' id='line_1_181' title="bbox 1162 1860 1495 1890; baseline -0.003 -1"><span class='ocrx_word' id='word_1_622' title='bbox 1162 1860 1280 1889; x_wconf 78' lang='lat' dir='ltr'><strong>CODEX</strong></span> <span class='ocrx_word' id='word_1_623' title='bbox 1298 1860 1495 1890; x_wconf 78' lang='lat' dir='ltr'><strong>BRIXIANUS.</strong></span> 
     </span>
    </p>
   </div>
   <div class='ocr_carea' id='block_1_182' title="bbox 930 1917 1728 1955">
    <p class='ocr_par' dir='ltr' id='par_1_182' title="bbox 930 1917 1728 1955">
     <span class='ocr_line' id='line_1_182' title="bbox 930 1917 1728 1955; baseline 0.004 -10"><span class='ocrx_word' id='word_1_624' title='bbox 930 1918 1017 1955; x_wconf 82' lang='lat' dir='ltr'><strong>stibus</strong></span> <span class='ocrx_word' id='word_1_625' title='bbox 1027 1918 1266 1953; x_wconf 81' lang='lat' dir='ltr'><strong>conpraehendere</strong></span> <span class='ocrx_word' id='word_1_626' title='bbox 1277 1925 1330 1945; x_wconf 89' lang='lat' dir='ltr'><strong>me.</strong></span> <span class='ocrx_word' id='word_1_627' title='bbox 1340 1917 1452 1955; x_wconf 86' lang='lat' dir='ltr'><strong>cottidie</strong></span> <span class='ocrx_word' id='word_1_628' title='bbox 1461 1918 1534 1955; x_wconf 78' lang='lat' dir='ltr'><strong>apud</strong></span> <span class='ocrx_word' id='word_1_629' title='bbox 1542 1926 1589 1951; x_wconf 84' lang='lat' dir='ltr'><strong>vos</strong></span> <span class='ocrx_word' id='word_1_630' title='bbox 1600 1919 1728 1955; x_wconf 66' lang='lat' dir='ltr'><strong>sedebant</strong></span> 
     </span>
    </p>
   </div>
   <div class='ocr_carea' id='block_1_183' title="bbox 931 1954 1728 1988">
    <p class='ocr_par' dir='ltr' id='par_1_183' title="bbox 931 1954 1728 1988">
     <span class='ocr_line' id='line_1_183' title="bbox 931 1954 1728 1988; baseline 0.001 -7"><span class='ocrx_word' id='word_1_631' title='bbox 931 1954 1033 1982; x_wconf 89' lang='lat' dir='ltr'><strong>docens</strong></span> <span class='ocrx_word' id='word_1_632' title='bbox 1048 1954 1073 1981; x_wconf 92' lang='lat' dir='ltr'><strong>in</strong></span> <span class='ocrx_word' id='word_1_633' title='bbox 1090 1954 1192 1988; x_wconf 87' lang='lat' dir='ltr'><strong>templo</strong></span> <span class='ocrx_word' id='word_1_634' title='bbox 1205 1958 1233 1981; x_wconf 89' lang='lat' dir='ltr'><strong>et</strong></span> <span class='ocrx_word' id='word_1_635' title='bbox 1247 1961 1302 1981; x_wconf 91' lang='lat' dir='ltr'><strong>non</strong></span> <span class='ocrx_word' id='word_1_636' title='bbox 1315 1961 1358 1982; x_wconf 90' lang='lat' dir='ltr'><strong>me</strong></span> <span class='ocrx_word' id='word_1_637' title='bbox 1372 1954 1571 1982; x_wconf 76' lang='lat' dir='ltr'><strong>teuuistileoc</strong></span> <span class='ocrx_word' id='word_1_638' title='bbox 1585 1960 1673 1982; x_wconf 84' lang='lat' dir='ltr'><strong>autem</strong></span> <span class='ocrx_word' id='word_1_639' title='bbox 1687 1959 1728 1982; x_wconf 93' lang='lat' dir='ltr'><strong>to-</strong></span> 
     </span>
    </p>
   </div>
   <div class='ocr_carea' id='block_1_184' title="bbox 934 1989 1728 2025">
    <p class='ocr_par' dir='ltr' id='par_1_184' title="bbox 934 1989 1728 2025">
     <span class='ocr_line' id='line_1_184' title="bbox 934 1989 1728 2025; baseline 0.003 -9"><span class='ocrx_word' id='word_1_640' title='bbox 934 1994 989 2017; x_wconf 90' lang='lat' dir='ltr'><strong>tum</strong></span> <span class='ocrx_word' id='word_1_641' title='bbox 1001 1990 1100 2017; x_wconf 81' lang='lat' dir='ltr'><strong>factum</strong></span> <span class='ocrx_word' id='word_1_642' title='bbox 1110 1994 1151 2017; x_wconf 89' lang='lat' dir='ltr'><strong>est</strong></span> <span class='ocrx_word' id='word_1_643' title='bbox 1161 1995 1187 2017; x_wconf 95' lang='lat' dir='ltr'><strong>ut</strong></span> <span class='ocrx_word' id='word_1_644' title='bbox 1200 1989 1572 2024; x_wconf 86' lang='lat' dir='ltr'><strong>adimplerenturScribturae</strong></span> <span class='ocrx_word' id='word_1_645' title='bbox 1581 1990 1728 2025; x_wconf 86' lang='lat' dir='ltr'><strong>Propheta-</strong></span> 
     </span>
    </p>
   </div>
   <div class='ocr_carea' id='block_1_185' title="bbox 932 2025 1726 2060">
    <p class='ocr_par' dir='ltr' id='par_1_185' title="bbox 932 2025 1726 2060">
     <span class='ocr_line' id='line_1_185' title="bbox 932 2025 1726 2060; baseline 0.001 -8"><span class='ocrx_word' id='word_1_646' title='bbox 932 2033 1003 2052; x_wconf 89' lang='lat' dir='ltr'><strong>rum.</strong></span> <span class='ocrx_word' id='word_1_647' title='bbox 1013 2025 1089 2052; x_wconf 89' lang='lat' dir='ltr'><strong>Tunc</strong></span> <span class='ocrx_word' id='word_1_648' title='bbox 1100 2026 1224 2059; x_wconf 84' lang='lat' dir='ltr'><strong>discipuli</strong></span> <span class='ocrx_word' id='word_1_649' title='bbox 1239 2032 1333 2052; x_wconf 88' lang='lat' dir='ltr'><strong>omnes</strong></span> <span class='ocrx_word' id='word_1_650' title='bbox 1342 2025 1436 2053; x_wconf 87' lang='lat' dir='ltr'><strong>relicto</strong></span> <span class='ocrx_word' id='word_1_651' title='bbox 1447 2032 1479 2053; x_wconf 92' lang='lat' dir='ltr'><strong>eo</strong></span> <span class='ocrx_word' id='word_1_652' title='bbox 1492 2025 1627 2060; x_wconf 79' lang='lat' dir='ltr'><strong>fugerunt.</strong></span> <span class='ocrx_word' id='word_1_653' title='bbox 1637 2027 1671 2053; x_wconf 82' lang='lat' dir='ltr'><strong>At</strong></span> <span class='ocrx_word' id='word_1_654' title='bbox 1688 2026 1726 2054; x_wconf 85' lang='lat' dir='ltr'><strong>illi</strong></span> 
     </span>
    </p>
   </div>
   <div class='ocr_carea' id='block_1_186' title="bbox 934 2060 1727 2095">
    <p class='ocr_par' dir='ltr' id='par_1_186' title="bbox 934 2060 1727 2095">
     <span class='ocr_line' id='line_1_186' title="bbox 934 2060 1727 2095; baseline 0 -7"><span class='ocrx_word' id='word_1_655' title='bbox 934 2065 1057 2088; x_wconf 87' lang='lat' dir='ltr'><strong>tenentes</strong></span> <span class='ocrx_word' id='word_1_656' title='bbox 1069 2060 1314 2092; x_wconf 78' lang='lat' dir='ltr'><strong>Jesum.duxerunt</strong></span> <span class='ocrx_word' id='word_1_657' title='bbox 1329 2060 1362 2091; x_wconf 83' lang='lat' dir='ltr'><strong>ad</strong></span> <span class='ocrx_word' id='word_1_658' title='bbox 1375 2060 1507 2094; x_wconf 85' lang='lat' dir='ltr'><strong>Caiphan.</strong></span> <span class='ocrx_word' id='word_1_659' title='bbox 1525 2061 1674 2095; x_wconf 88' lang='lat' dir='ltr'><strong>principem</strong></span> <span class='ocrx_word' id='word_1_660' title='bbox 1687 2069 1727 2089; x_wconf 87' lang='lat' dir='ltr'><strong>sa-</strong></span> 
     </span>
    </p>
   </div>
   <div class='ocr_carea' id='block_1_187' title="bbox 931 2096 1727 2133">
    <p class='ocr_par' dir='ltr' id='par_1_187' title="bbox 931 2096 1727 2133">
     <span class='ocr_line' id='line_1_187' title="bbox 931 2096 1727 2133; baseline 0.001 -10"><span class='ocrx_word' id='word_1_661' title='bbox 931 2097 1082 2124; x_wconf 87' lang='lat' dir='ltr'><strong>cerdotum.</strong></span> <span class='ocrx_word' id='word_1_662' title='bbox 1096 2096 1251 2133; x_wconf 80' lang='lat' dir='ltr'><strong>ubiscribae</strong></span> <span class='ocrx_word' id='word_1_663' title='bbox 1262 2101 1288 2123; x_wconf 89' lang='lat' dir='ltr'><strong>ct</strong></span> <span class='ocrx_word' id='word_1_664' title='bbox 1298 2096 1419 2133; x_wconf 84' lang='lat' dir='ltr'><strong>seniores</strong></span> <span class='ocrx_word' id='word_1_665' title='bbox 1426 2101 1617 2133; x_wconf 82' lang='lat' dir='ltr'><strong>c0nvencrant.</strong></span> <span class='ocrx_word' id='word_1_666' title='bbox 1629 2097 1727 2133; x_wconf 76' lang='lat' dir='ltr'><strong>Petrus</strong></span> 
     </span>
    </p>
   </div>
   <div class='ocr_carea' id='block_1_188' title="bbox 930 2132 1725 2167">
    <p class='ocr_par' dir='ltr' id='par_1_188' title="bbox 930 2132 1725 2167">
     <span class='ocr_line' id='line_1_188' title="bbox 930 2132 1725 2167; baseline 0.001 -9"><span class='ocrx_word' id='word_1_667' title='bbox 930 2137 1019 2159; x_wconf 89' lang='lat' dir='ltr'><strong>autem</strong></span> <span class='ocrx_word' id='word_1_668' title='bbox 1029 2132 1189 2167; x_wconf 69' lang='lat' dir='ltr'><strong>sequi-batur</strong></span> <span class='ocrx_word' id='word_1_669' title='bbox 1200 2140 1262 2159; x_wconf 89' lang='lat' dir='ltr'><strong>eum</strong></span> <span class='ocrx_word' id='word_1_670' title='bbox 1273 2139 1289 2159; x_wconf 86' lang='lat' dir='ltr'><strong>a</strong></span> <span class='ocrx_word' id='word_1_671' title='bbox 1301 2132 1380 2166; x_wconf 85' lang='lat' dir='ltr'><strong>longe</strong></span> <span class='ocrx_word' id='word_1_672' title='bbox 1390 2139 1474 2167; x_wconf 89' lang='lat' dir='ltr'><strong>usque</strong></span> <span class='ocrx_word' id='word_1_673' title='bbox 1484 2132 1516 2159; x_wconf 88' lang='lat' dir='ltr'><strong>ad</strong></span> <span class='ocrx_word' id='word_1_674' title='bbox 1529 2132 1638 2159; x_wconf 90' lang='lat' dir='ltr'><strong>domum</strong></span> <span class='ocrx_word' id='word_1_675' title='bbox 1652 2132 1725 2166; x_wconf 92' lang='lat' dir='ltr'><strong>prin-</strong></span> 
     </span>
    </p>
   </div>
   <div class='ocr_carea' id='block_1_189' title="bbox 928 2167 1724 2202">
    <p class='ocr_par' dir='ltr' id='par_1_189' title="bbox 928 2167 1724 2202">
     <span class='ocr_line' id='line_1_189' title="bbox 928 2167 1724 2202; baseline 0.003 -8"><span class='ocrx_word' id='word_1_676' title='bbox 928 2167 997 2200; x_wconf 89' lang='lat' dir='ltr'><strong>cipis</strong></span> <span class='ocrx_word' id='word_1_677' title='bbox 1010 2168 1191 2195; x_wconf 87' lang='lat' dir='ltr'><strong>sacerdotum.</strong></span> <span class='ocrx_word' id='word_1_678' title='bbox 1204 2167 1238 2194; x_wconf 90' lang='grc' dir='ltr'>Ει</span> <span class='ocrx_word' id='word_1_679' title='bbox 1249 2168 1384 2202; x_wconf 82' lang='lat' dir='ltr'><strong>ingressus</strong></span> <span class='ocrx_word' id='word_1_680' title='bbox 1399 2168 1466 2194; x_wconf 88' lang='lat' dir='ltr'><strong>intra</strong></span> <span class='ocrx_word' id='word_1_681' title='bbox 1478 2167 1588 2196; x_wconf 87' lang='lat' dir='ltr'><strong>sedebat</strong></span> <span class='ocrx_word' id='word_1_682' title='bbox 1600 2175 1660 2195; x_wconf 91' lang='lat' dir='ltr'><strong>cum</strong></span> <span class='ocrx_word' id='word_1_683' title='bbox 1674 2169 1724 2196; x_wconf 92' lang='lat' dir='ltr'><strong>mi-</strong></span> 
     </span>
    </p>
   </div>
   <div class='ocr_carea' id='block_1_190' title="bbox 929 2203 1723 2237">
    <p class='ocr_par' dir='ltr' id='par_1_190' title="bbox 929 2203 1723 2237">
     <span class='ocr_line' id='line_1_190' title="bbox 929 2203 1723 2237; baseline 0.001 -8"><span class='ocrx_word' id='word_1_684' title='bbox 929 2204 1022 2230; x_wconf 89' lang='lat' dir='ltr'><strong>nistris</strong></span> <span class='ocrx_word' id='word_1_685' title='bbox 1036 2209 1064 2230; x_wconf 90' lang='lat' dir='ltr'><strong>ut</strong></span> <span class='ocrx_word' id='word_1_686' title='bbox 1075 2204 1179 2231; x_wconf 88' lang='lat' dir='ltr'><strong>videret</strong></span> <span class='ocrx_word' id='word_1_687' title='bbox 1193 2203 1272 2231; x_wconf 83' lang='lat' dir='ltr'><strong>linem</strong></span> <span class='ocrx_word' id='word_1_688' title='bbox 1286 2204 1336 2230; x_wconf 87' lang='lat' dir='ltr'><strong>rei.</strong></span> <span class='ocrx_word' id='word_1_689' title='bbox 1345 2203 1483 2237; x_wconf 89' lang='lat' dir='ltr'><strong>Principes</strong></span> <span class='ocrx_word' id='word_1_690' title='bbox 1495 2209 1585 2231; x_wconf 91' lang='lat' dir='ltr'><strong>autem</strong></span> <span class='ocrx_word' id='word_1_691' title='bbox 1596 2203 1723 2231; x_wconf 88' lang='lat' dir='ltr'><strong>sacerdo-</strong></span> 
     </span>
    </p>
   </div>
   <div class='ocr_carea' id='block_1_191' title="bbox 928 2239 1721 2273">
    <p class='ocr_par' dir='ltr' id='par_1_191' title="bbox 928 2239 1721 2273">
     <span class='ocr_line' id='line_1_191' title="bbox 928 2239 1721 2273; baseline 0.004 -9"><span class='ocrx_word' id='word_1_692' title='bbox 928 2243 982 2265; x_wconf 88' lang='lat' dir='ltr'><strong>tum</strong></span> <span class='ocrx_word' id='word_1_693' title='bbox 993 2244 1021 2267; x_wconf 91' lang='lat' dir='ltr'><strong>et</strong></span> <span class='ocrx_word' id='word_1_694' title='bbox 1032 2239 1152 2266; x_wconf 84' lang='lat' dir='ltr'><strong>seniores</strong></span> <span class='ocrx_word' id='word_1_695' title='bbox 1162 2244 1289 2266; x_wconf 91' lang='lat' dir='ltr'><strong>etomnes</strong></span> <span class='ocrx_word' id='word_1_696' title='bbox 1299 2240 1443 2266; x_wconf 91' lang='lat' dir='ltr'><strong>concilium</strong></span> <span class='ocrx_word' id='word_1_697' title='bbox 1451 2239 1721 2273; x_wconf 78' lang='lat' dir='ltr'><strong>quaerebantlalsum</strong></span> 
     </span>
    </p>
   </div>
   <div class='ocr_carea' id='block_1_192' title="bbox 927 2275 1723 2310">
    <p class='ocr_par' dir='ltr' id='par_1_192' title="bbox 927 2275 1723 2310">
     <span class='ocr_line' id='line_1_192' title="bbox 927 2275 1723 2310; baseline 0.001 -9"><span class='ocrx_word' id='word_1_698' title='bbox 927 2275 1109 2301; x_wconf 89' lang='lat' dir='ltr'><strong>testimonium</strong></span> <span class='ocrx_word' id='word_1_699' title='bbox 1123 2275 1252 2302; x_wconf 87' lang='lat' dir='ltr'><strong>adversus</strong></span> <span class='ocrx_word' id='word_1_700' title='bbox 1262 2275 1353 2303; x_wconf 80' lang='lat' dir='ltr'><strong>Jesum</strong></span> <span class='ocrx_word' id='word_1_701' title='bbox 1367 2279 1397 2302; x_wconf 92' lang='lat' dir='ltr'><strong>ut</strong></span> <span class='ocrx_word' id='word_1_702' title='bbox 1408 2282 1470 2301; x_wconf 89' lang='lat' dir='ltr'><strong>eum</strong></span> <span class='ocrx_word' id='word_1_703' title='bbox 1481 2275 1562 2303; x_wconf 87' lang='lat' dir='ltr'><strong>morti</strong></span> <span class='ocrx_word' id='word_1_704' title='bbox 1573 2275 1723 2310; x_wconf 77' lang='lat' dir='ltr'><strong>traderent.</strong></span> 
     </span>
    </p>
   </div>
   <div class='ocr_carea' id='block_1_193' title="bbox 924 2311 1203 2338">
    <p class='ocr_par' dir='ltr' id='par_1_193' title="bbox 924 2311 1203 2338">
     <span class='ocr_line' id='line_1_193' title="bbox 924 2311 1203 2338; baseline 0 -2"><span class='ocrx_word' id='word_1_705' title='bbox 924 2314 951 2337; x_wconf 89' lang='lat' dir='ltr'><strong>et</strong></span> <span class='ocrx_word' id='word_1_706' title='bbox 965 2318 1017 2337; x_wconf 92' lang='lat' dir='ltr'><strong>non</strong></span> <span class='ocrx_word' id='word_1_707' title='bbox 1034 2311 1203 2338; x_wconf 86' lang='lat' dir='ltr'><strong>invenerunt.</strong></span> 
     </span>
    </p>
   </div>
   <div class='ocr_carea' id='block_1_194' title="bbox 960 2346 1724 2383">
    <p class='ocr_par' dir='ltr' id='par_1_194' title="bbox 960 2346 1724 2383">
     <span class='ocr_line' id='line_1_194' title="bbox 960 2346 1724 2383; baseline 0.001 -10"><span class='ocrx_word' id='word_1_708' title='bbox 960 2346 995 2374; x_wconf 81' lang='lat' dir='ltr'><strong>Et</strong></span> <span class='ocrx_word' id='word_1_709' title='bbox 1007 2353 1069 2374; x_wconf 91' lang='lat' dir='ltr'><strong>cum</strong></span> <span class='ocrx_word' id='word_1_710' title='bbox 1084 2346 1160 2373; x_wconf 83' lang='lat' dir='ltr'><strong>multi</strong></span> <span class='ocrx_word' id='word_1_711' title='bbox 1178 2346 1236 2383; x_wconf 76' lang='lat' dir='ltr'><strong>falsi</strong></span> <span class='ocrx_word' id='word_1_712' title='bbox 1260 2349 1343 2383; x_wconf 80' lang='lat' dir='ltr'><strong>testes</strong></span> <span class='ocrx_word' id='word_1_713' title='bbox 1356 2346 1545 2375; x_wconf 86' lang='lat' dir='ltr'><strong>accessissent.</strong></span> <span class='ocrx_word' id='word_1_714' title='bbox 1568 2354 1621 2374; x_wconf 93' lang='lat' dir='ltr'><strong>non</strong></span> <span class='ocrx_word' id='word_1_715' title='bbox 1649 2346 1724 2383; x_wconf 74' lang='lat' dir='ltr'><strong>inve-</strong></span> 
     </span>
    </p>
   </div>
   <div class='ocr_carea' id='block_1_195' title="bbox 926 2381 1724 2416">
    <p class='ocr_par' dir='ltr' id='par_1_195' title="bbox 926 2381 1724 2416">
     <span class='ocr_line' id='line_1_195' title="bbox 926 2381 1724 2416; baseline 0 -8"><span class='ocrx_word' id='word_1_716' title='bbox 926 2386 1024 2409; x_wconf 86' lang='lat' dir='ltr'><strong>nerunt</strong></span> <span class='ocrx_word' id='word_1_717' title='bbox 1051 2383 1167 2416; x_wconf 82' lang='lat' dir='ltr'><strong>culpam.</strong></span> <span class='ocrx_word' id='word_1_718' title='bbox 1198 2381 1352 2409; x_wconf 85' lang='lat' dir='ltr'><strong>Novissime</strong></span> <span class='ocrx_word' id='word_1_719' title='bbox 1381 2386 1470 2410; x_wconf 84' lang='lat' dir='ltr'><strong>autem</strong></span> <span class='ocrx_word' id='word_1_720' title='bbox 1493 2386 1633 2410; x_wconf 76' lang='lat' dir='ltr'><strong>‘venerunt</strong></span> <span class='ocrx_word' id='word_1_721' title='bbox 1670 2381 1724 2415; x_wconf 74' lang='lat' dir='ltr'><strong>duo</strong></span> 
     </span>
    </p>
   </div>
   <div class='ocr_carea' id='block_1_196' title="bbox 925 2416 1724 2452">
    <p class='ocr_par' dir='ltr' id='par_1_196' title="bbox 925 2416 1724 2452">
     <span class='ocr_line' id='line_1_196' title="bbox 925 2416 1724 2452; baseline 0.001 -9"><span class='ocrx_word' id='word_1_722' title='bbox 925 2416 985 2444; x_wconf 76' lang='lat' dir='ltr'><strong>falsi</strong></span> <span class='ocrx_word' id='word_1_723' title='bbox 1003 2422 1084 2445; x_wconf 84' lang='lat' dir='ltr'><strong>testes</strong></span> <span class='ocrx_word' id='word_1_724' title='bbox 1103 2422 1130 2444; x_wconf 89' lang='lat' dir='ltr'><strong>et</strong></span> <span class='ocrx_word' id='word_1_725' title='bbox 1145 2417 1271 2444; x_wconf 83' lang='lat' dir='ltr'><strong>dixerunt</strong></span> <span class='ocrx_word' id='word_1_726' title='bbox 1297 2417 1335 2452; x_wconf 81' lang='grc' dir='ltr'><strong>(α)</strong></span> <span class='ocrx_word' id='word_1_727' title='bbox 1351 2417 1427 2447; x_wconf 81' lang='lat' dir='ltr'><strong>Hunc</strong></span> <span class='ocrx_word' id='word_1_728' title='bbox 1446 2417 1597 2447; x_wconf 85' lang='lat' dir='ltr'><strong>audivimus</strong></span> <span class='ocrx_word' id='word_1_729' title='bbox 1621 2418 1724 2445; x_wconf 84' lang='lat' dir='ltr'><strong>dixisse</strong></span> 
     </span>
    </p>
   </div>
   <div class='ocr_carea' id='block_1_197' title="bbox 925 2452 1724 2489">
    <p class='ocr_par' dir='ltr' id='par_1_197' title="bbox 925 2452 1724 2489">
     <span class='ocr_line' id='line_1_197' title="bbox 925 2452 1724 2489; baseline -0.001 -9"><span class='ocrx_word' id='word_1_730' title='bbox 925 2452 946 2488; x_wconf 59' lang='grc' dir='ltr'><strong><em>τ</em></strong></span> <span class='ocrx_word' id='word_1_731' title='bbox 963 2453 1075 2480; x_wconf 82' lang='lat' dir='ltr'><strong>Possum</strong></span> <span class='ocrx_word' id='word_1_732' title='bbox 1097 2452 1237 2480; x_wconf 77' lang='lat' dir='ltr'><strong>destruere</strong></span> <span class='ocrx_word' id='word_1_733' title='bbox 1259 2454 1387 2488; x_wconf 91' lang='lat' dir='ltr'><strong>templum</strong></span> <span class='ocrx_word' id='word_1_734' title='bbox 1413 2453 1469 2481; x_wconf 88' lang='lat' dir='ltr'><strong>Dei.</strong></span> <span class='ocrx_word' id='word_1_735' title='bbox 1487 2459 1513 2481; x_wconf 90' lang='lat' dir='ltr'><strong>ct</strong></span> <span class='ocrx_word' id='word_1_736' title='bbox 1529 2459 1589 2489; x_wconf 90' lang='lat' dir='ltr'><strong>post</strong></span> <span class='ocrx_word' id='word_1_737' title='bbox 1606 2453 1724 2489; x_wconf 73' lang='lat' dir='ltr'><strong>triduum</strong></span> 
     </span>
    </p>
   </div>
   <div class='ocr_carea' id='block_1_198' title="bbox 926 2488 1718 2525">
    <p class='ocr_par' dir='ltr' id='par_1_198' title="bbox 926 2488 1718 2525">
     <span class='ocr_line' id='line_1_198' title="bbox 926 2488 1718 2525; baseline -0.001 -9"><span class='ocrx_word' id='word_1_738' title='bbox 926 2489 1071 2516; x_wconf 88' lang='lat' dir='ltr'><strong>aedilicare</strong></span> <span class='ocrx_word' id='word_1_739' title='bbox 1094 2489 1157 2516; x_wconf 91' lang='lat' dir='ltr'><strong>illud</strong></span> <span class='ocrx_word' id='word_1_740' title='bbox 1185 2488 1216 2516; x_wconf 89' lang='lat' dir='ltr'><strong>Et</strong></span> <span class='ocrx_word' id='word_1_741' title='bbox 1238 2496 1371 2521; x_wconf 73' lang='lat' dir='ltr'><strong>exurgens</strong></span> <span class='ocrx_word' id='word_1_742' title='bbox 1393 2488 1718 2525; x_wconf 28' lang='lat' dir='ltr'><strong>princeps’sacerdotum.</strong></span> 
     </span>
    </p>
   </div>
   <div class='ocr_carea' id='block_1_199' title="bbox 924 2524 1722 2560">
    <p class='ocr_par' dir='ltr' id='par_1_199' title="bbox 924 2524 1722 2560">
     <span class='ocr_line' id='line_1_199' title="bbox 924 2524 1722 2560; baseline -0.003 -8"><span class='ocrx_word' id='word_1_743' title='bbox 924 2526 962 2552; x_wconf 84' lang='lat' dir='ltr'><strong>ait</strong></span> <span class='ocrx_word' id='word_1_744' title='bbox 976 2526 1012 2553; x_wconf 91' lang='lat' dir='ltr'><strong>illi</strong></span> <span class='ocrx_word' id='word_1_745' title='bbox 1029 2525 1100 2553; x_wconf 86' lang='lat' dir='ltr'><strong>Nihil</strong></span> <span class='ocrx_word' id='word_1_746' title='bbox 1117 2524 1265 2559; x_wconf 85' lang='lat' dir='ltr'><strong>respondes</strong></span> <span class='ocrx_word' id='word_1_747' title='bbox 1280 2524 1313 2551; x_wconf 90' lang='lat' dir='ltr'><strong>ad</strong></span> <span class='ocrx_word' id='word_1_748' title='bbox 1333 2532 1375 2553; x_wconf 85' lang='lat' dir='ltr'><strong>ea.</strong></span> <span class='ocrx_word' id='word_1_749' title='bbox 1390 2533 1460 2560; x_wconf 84' lang='lat' dir='ltr'><strong>quae</strong></span> <span class='ocrx_word' id='word_1_750' title='bbox 1476 2526 1517 2557; x_wconf 84' lang='lat' dir='ltr'><strong>isti</strong></span> <span class='ocrx_word' id='word_1_751' title='bbox 1533 2526 1675 2554; x_wconf 87' lang='lat' dir='ltr'><strong>adversutn</strong></span> <span class='ocrx_word' id='word_1_752' title='bbox 1693 2529 1722 2559; x_wconf 76' lang='lat' dir='ltr'><strong>te</strong></span> 
     </span>
    </p>
   </div>
   <div class='ocr_carea' id='block_1_200' title="bbox 926 2560 1723 2597">
    <p class='ocr_par' dir='ltr' id='par_1_200' title="bbox 926 2560 1723 2597">
     <span class='ocr_line' id='line_1_200' title="bbox 926 2560 1723 2597; baseline -0.001 -9"><span class='ocrx_word' id='word_1_753' title='bbox 926 2561 1114 2597; x_wconf 82' lang='lat' dir='ltr'><strong>testiﬁcantur.</strong></span> <span class='ocrx_word' id='word_1_754' title='bbox 1140 2560 1219 2588; x_wconf 79' lang='lat' dir='ltr'><strong>Jesus</strong></span> <span class='ocrx_word' id='word_1_755' title='bbox 1242 2565 1332 2588; x_wconf 86' lang='lat' dir='ltr'><strong>autem</strong></span> <span class='ocrx_word' id='word_1_756' title='bbox 1354 2561 1468 2589; x_wconf 85' lang='lat' dir='ltr'><strong>tacebat.</strong></span> <span class='ocrx_word' id='word_1_757' title='bbox 1494 2562 1526 2589; x_wconf 83' lang='lat' dir='ltr'><strong>Et</strong></span> <span class='ocrx_word' id='word_1_758' title='bbox 1552 2561 1589 2597; x_wconf 76' lang='grc' dir='ltr'><strong>(ὁ)</strong></span> <span class='ocrx_word' id='word_1_759' title='bbox 1610 2567 1723 2594; x_wconf 61' lang='lat' dir='ltr'><strong>respons</strong></span> 
     </span>
    </p>
   </div>
   <div class='ocr_carea' id='block_1_201' title="bbox 927 2596 1723 2632">
    <p class='ocr_par' dir='ltr' id='par_1_201' title="bbox 927 2596 1723 2632">
     <span class='ocr_line' id='line_1_201' title="bbox 927 2596 1723 2632; baseline -0.003 -8"><span class='ocrx_word' id='word_1_760' title='bbox 927 2596 993 2624; x_wconf 85' lang='lat' dir='ltr'><strong>dens</strong></span> <span class='ocrx_word' id='word_1_761' title='bbox 1007 2597 1028 2632; x_wconf 84' lang='grc' dir='ltr'><strong>-ι-</strong></span> <span class='ocrx_word' id='word_1_762' title='bbox 1042 2598 1166 2632; x_wconf 87' lang='lat' dir='ltr'><strong>princeps</strong></span> <span class='ocrx_word' id='word_1_763' title='bbox 1179 2596 1348 2624; x_wconf 80' lang='lat' dir='ltr'><strong>sacerdotum</strong></span> <span class='ocrx_word' id='word_1_764' title='bbox 1373 2597 1411 2625; x_wconf 87' lang='lat' dir='ltr'><strong>ait</strong></span> <span class='ocrx_word' id='word_1_765' title='bbox 1436 2597 1475 2626; x_wconf 91' lang='lat' dir='ltr'><strong>illi</strong></span> <span class='ocrx_word' id='word_1_766' title='bbox 1496 2596 1597 2632; x_wconf 67' lang='lat' dir='ltr'><strong>Adiuro</strong></span> <span class='ocrx_word' id='word_1_767' title='bbox 1625 2600 1723 2632; x_wconf 82' lang='lat' dir='ltr'><strong>te_per</strong></span> 
     </span>
    </p>
   </div>
   <div class='ocr_carea' id='block_1_202' title="bbox 929 2630 1723 2660">
    <p class='ocr_par' dir='ltr' id='par_1_202' title="bbox 929 2630 1723 2660">
     <span class='ocr_line' id='line_1_202' title="bbox 929 2630 1723 2660; baseline -0.001 -1"><span class='ocrx_word' id='word_1_768' title='bbox 929 2630 1020 2659; x_wconf 58' lang='lat' dir='ltr'><strong>Deum&#39;</strong></span> <span class='ocrx_word' id='word_1_769' title='bbox 1030 2630 1117 2660; x_wconf 83' lang='lat' dir='ltr'><strong>vivum</strong></span> <span class='ocrx_word' id='word_1_770' title='bbox 1134 2630 1162 2659; x_wconf 86' lang='grc' dir='ltr'><strong>ιιι</strong></span> <span class='ocrx_word' id='word_1_771' title='bbox 1175 2633 1248 2660; x_wconf 88' lang='lat' dir='ltr'><strong>dicas</strong></span> <span class='ocrx_word' id='word_1_772' title='bbox 1264 2632 1350 2659; x_wconf 89' lang='lat' dir='ltr'><strong>nobis.</strong></span> <span class='ocrx_word' id='word_1_773' title='bbox 1367 2632 1389 2658; x_wconf 89' lang='lat' dir='ltr'><strong>si</strong></span> <span class='ocrx_word' id='word_1_774' title='bbox 1405 2637 1431 2659; x_wconf 93' lang='lat' dir='ltr'><strong>tu</strong></span> <span class='ocrx_word' id='word_1_775' title='bbox 1446 2640 1476 2660; x_wconf 91' lang='lat' dir='ltr'><strong>es</strong></span> <span class='ocrx_word' id='word_1_776' title='bbox 1500 2630 1623 2659; x_wconf 79' lang='lat' dir='ltr'><strong>Christus</strong></span> <span class='ocrx_word' id='word_1_777' title='bbox 1650 2630 1723 2658; x_wconf 86' lang='lat' dir='ltr'><strong>ﬁlius</strong></span> 
     </span>
    </p>
   </div>
   <div class='ocr_carea' id='block_1_203' title="bbox 929 2665 1724 2703">
    <p class='ocr_par' dir='ltr' id='par_1_203' title="bbox 929 2665 1724 2703">
     <span class='ocr_line' id='line_1_203' title="bbox 929 2665 1724 2703; baseline -0.005 -7"><span class='ocrx_word' id='word_1_778' title='bbox 929 2668 987 2696; x_wconf 87' lang='lat' dir='ltr'><strong>Dei.</strong></span> <span class='ocrx_word' id='word_1_779' title='bbox 1009 2668 1076 2696; x_wconf 81' lang='lat' dir='ltr'><strong>Dicit</strong></span> <span class='ocrx_word' id='word_1_780' title='bbox 1096 2669 1134 2696; x_wconf 92' lang='lat' dir='ltr'><strong>illi</strong></span> <span class='ocrx_word' id='word_1_781' title='bbox 1148 2668 1236 2699; x_wconf 84' lang='lat' dir='ltr'><strong>.lcsus.</strong></span> <span class='ocrx_word' id='word_1_782' title='bbox 1260 2667 1301 2695; x_wconf 82' lang='lat' dir='ltr'><strong>Tu</strong></span> <span class='ocrx_word' id='word_1_783' title='bbox 1322 2667 1426 2703; x_wconf 73' lang='lat' dir='ltr'><strong>dixisti.</strong></span> <span class='ocrx_word' id='word_1_784' title='bbox 1451 2672 1636 2703; x_wconf 81' lang='lat' dir='ltr'><strong>verumtamen</strong></span> <span class='ocrx_word' id='word_1_785' title='bbox 1662 2665 1724 2693; x_wconf 91' lang='lat' dir='ltr'><strong>dico</strong></span> 
     </span>
    </p>
   </div>
   <div class='ocr_carea' id='block_1_204' title="bbox 931 2702 1609 2731">
    <p class='ocr_par' dir='ltr' id='par_1_204' title="bbox 931 2702 1609 2731">
     <span class='ocr_line' id='line_1_204' title="bbox 931 2702 1609 2731; baseline -0.001 0"><span class='ocrx_word' id='word_1_786' title='bbox 931 2703 1007 2731; x_wconf 66' lang='lat' dir='ltr'><strong>vobis</strong></span> <span class='ocrx_word' id='word_1_787' title='bbox 1021 2703 1119 2731; x_wconf 85' lang='lat' dir='ltr'><strong>amodo</strong></span> <span class='ocrx_word' id='word_1_788' title='bbox 1136 2702 1261 2731; x_wconf 87' lang='lat' dir='ltr'><strong>videbitis</strong></span> <span class='ocrx_word' id='word_1_789' title='bbox 1278 2703 1361 2730; x_wconf 92' lang='lat' dir='ltr'><strong>lilium</strong></span> <span class='ocrx_word' id='word_1_790' title='bbox 1379 2703 1496 2731; x_wconf 90' lang='lat' dir='ltr'><strong>hominis</strong></span> <span class='ocrx_word' id='word_1_791' title='bbox 1511 2702 1609 2730; x_wconf 90' lang='lat' dir='ltr'><strong>seden-</strong></span> 
     </span>
    </p>
   </div>
   <div class='ocr_carea' id='block_1_205' title="bbox 425 2747 1377 2779">
    <p class='ocr_par' dir='ltr' id='par_1_205' title="bbox 425 2747 1377 2779">
     <span class='ocr_line' id='line_1_205' title="bbox 425 2747 1377 2779; baseline 0 -5"><span class='ocrx_word' id='word_1_792' title='bbox 425 2747 620 2777; x_wconf 81' lang='lat' dir='ltr'><strong>VARIANTES</strong></span> <span class='ocrx_word' id='word_1_793' title='bbox 637 2748 828 2778; x_wconf 87' lang='lat' dir='ltr'><strong>LECTIONES</strong></span> <span class='ocrx_word' id='word_1_794' title='bbox 847 2748 978 2779; x_wconf 77' lang='lat' dir='ltr'><strong>CODICIS</strong></span> <span class='ocrx_word' id='word_1_795' title='bbox 996 2749 1051 2779; x_wconf 81' lang='lat' dir='ltr'><strong>MS.</strong></span> <span class='ocrx_word' id='word_1_796' title='bbox 1073 2749 1102 2778; x_wconf 89' lang='lat' dir='ltr'><strong>S.</strong></span> <span class='ocrx_word' id='word_1_797' title='bbox 1123 2747 1377 2778; x_wconf 79' lang='lat' dir='ltr'><strong>GERMANENSIS.</strong></span> 
     </span>
    </p>
   </div>
   <div class='ocr_carea' id='block_1_206' title="bbox 119 2791 224 2820">
    <p class='ocr_par' dir='ltr' id='par_1_206' title="bbox 119 2791 224 2820">
     <span class='ocr_line' id='line_1_206' title="bbox 119 2791 224 2820; baseline 0.029 -3"><span class='ocrx_word' id='word_1_798' title='bbox 119 2791 127 2806; x_wconf 89' lang='grc'>¹</span> <span class='ocrx_word' id='word_1_799' title='bbox 144 2796 224 2820; x_wconf 82' lang='lat' dir='ltr'><strong>autem</strong></span> 
     </span>
    </p>
   </div>
   <div class='ocr_carea' id='block_1_207' title="bbox 727 2843 1051 2873">
    <p class='ocr_par' dir='ltr' id='par_1_207' title="bbox 727 2843 1051 2873">
     <span class='ocr_line' id='line_1_207' title="bbox 727 2843 1051 2873; baseline 0.003 -1"><span class='ocrx_word' id='word_1_800' title='bbox 727 2843 911 2873; x_wconf 77' lang='lat' dir='ltr'><strong>BLANCHINI</strong></span> <span class='ocrx_word' id='word_1_801' title='bbox 935 2844 1051 2873; x_wconf 64' lang='lat' dir='ltr'><strong>NOTAE.</strong></span> 
     </span>
    </p>
   </div>
   <div class='ocr_carea' id='block_1_208' title="bbox 127 2879 874 2929">
    <p class='ocr_par' dir='ltr' id='par_1_208' title="bbox 127 2879 874 2929">
     <span class='ocr_line' id='line_1_208' title="bbox 127 2879 874 2929; baseline 0.016 -20"><span class='ocrx_word' id='word_1_802' title='bbox 127 2879 167 2913; x_wconf 75' lang='grc' dir='ltr'><strong>(η)</strong></span> <span class='ocrx_word' id='word_1_803' title='bbox 182 2879 220 2908; x_wconf 66' lang='lat' dir='ltr'><strong>lla</strong></span> <span class='ocrx_word' id='word_1_804' title='bbox 233 2888 257 2911; x_wconf 87' lang='lat' dir='ltr'><strong>et</strong></span> <span class='ocrx_word' id='word_1_805' title='bbox 271 2884 333 2912; x_wconf 85' lang='lat' dir='ltr'><strong>cod.</strong></span> <span class='ocrx_word' id='word_1_806' title='bbox 348 2885 429 2915; x_wconf 85' lang='lat' dir='ltr'><strong>Cant.</strong></span> <span class='ocrx_word' id='word_1_807' title='bbox 446 2889 590 2924; x_wconf 75' lang='grc' dir='ltr'><strong>ἠκούσαμεν</strong></span> <span class='ocrx_word' id='word_1_808' title='bbox 615 2890 693 2918; x_wconf 79' lang='grc' dir='ltr'><strong>αὐτοῦ</strong></span> <span class='ocrx_word' id='word_1_809' title='bbox 713 2890 836 2929; x_wconf 69' lang='grc' dir='ltr'><strong>λέγοντος.</strong></span> <span class='ocrx_word' id='word_1_810' title='bbox 859 2906 874 2913; x_wconf 91' lang='grc'><strong>-</strong></span> 
     </span>
    </p>
   </div>
   <div class='ocr_carea' id='block_1_209' title="bbox 930 2879 1625 2929">
    <p class='ocr_par' dir='ltr' id='par_1_209' title="bbox 930 2886 1625 2927">
     <span class='ocr_line' id='line_1_209' title="bbox 930 2886 1625 2927; baseline -0.007 -8"><span class='ocrx_word' id='word_1_811' title='bbox 930 2891 945 2927; x_wconf 68' lang='grc' dir='ltr'><strong>ν)</strong></span> <span class='ocrx_word' id='word_1_812' title='bbox 964 2892 1044 2919; x_wconf 81' lang='lat' dir='ltr'><strong>Addit</strong></span> <span class='ocrx_word' id='word_1_813' title='bbox 1057 2890 1212 2926; x_wconf 78' lang='lat' dir='ltr'><strong>respondens</strong></span> <span class='ocrx_word' id='word_1_814' title='bbox 1225 2910 1231 2924; x_wconf 90' lang='lat'><strong>,</strong></span> <span class='ocrx_word' id='word_1_815' title='bbox 1247 2889 1326 2917; x_wconf 91' lang='lat' dir='ltr'><strong>etiam</strong></span> <span class='ocrx_word' id='word_1_816' title='bbox 1342 2891 1397 2915; x_wconf 80' lang='lat' dir='ltr'><strong>tex.</strong></span> <span class='ocrx_word' id='word_1_817' title='bbox 1411 2886 1458 2915; x_wconf 84' lang='lat' dir='ltr'><strong>Gr.</strong></span> <span class='ocrx_word' id='word_1_818' title='bbox 1471 2887 1625 2923; x_wconf 74' lang='grc' dir='ltr'><strong>ἀποκριθιίς.</strong></span> 
     </span>
    </p>
   </div>
  </div>
