3980 6192
234 209 324 273 337
1188 215 1639 278 EVANGELIUM
1675 213 2042 276 SECUNDUM
2079 213 2515 273 MAT'I‘H/EUM.

613 333 840 393 CODEX
877 332 1416 394 VERCELLENSIS.

1046 429 1099 483 5.
1132 429 1299 485 deris.
1330 429 1399 485 Et
1427 444 1549 500 pro-

1040 501 1200 568 jectis
1238 517 1424 570 argen-

1049 573 1116 626 tis
1143 576 1194 626 in
1227 574 1429 644 templo
1444 615 1460 639 ,

1045 644 1298 699 secessit:
1333 654 1386 700 et
1414 659 1464 699 a-

1044 715 1179 780 biit,
1212 726 1268 770 et
1295 716 1488 786 laqueo

1043 801 1104 841 se
1134 786 1436 855 suspendit.

1043 860 1095 913 6.
1129 857 1388 928 Princeps
1413 874 1500 914 au-

1043 938 1150 983 tem
1175 931 1421 985 sacerdo-
1514 989 1515 992 η

355 616 578 673 CAPUT
609 616 830 676 XXVII.

230 707 275 762 l.
303 705 539 780 Cumque
569 725 684 765 ma-

227 795 286 834 ne
308 789 446 836 esset
475 781 590 837 fac-

228 860 350 916 tum,
375 855 591 908 consili-

225 937 301 976 um
324 922 566 979 fecerunt

224 1008 392 1066 omnes
421 996 565 1066 prin-

222 1064 350 1135 cipes
373 1064 620 1122 sacerdo-

223 1145 319 1190 tum
343 1148 395 1192 et
417 1141 594 1194 senio-

1043 1007 1156 1054 tum
1175 1041 1190 1065 ,
1222 1010 1443 1072 accepta

1041 1074 1266 1141 pecunia
1283 1116 1297 1137 ,
1326 1074 1470 1129 dixe—

1040 1153 1194 1198 runt:
1219 1143 1333 1198 Non
1361 1145 1417 1199 li-

1040 1223 1127 1269 cet
1154 1216 1366 1270 mittere

1039 1300 1100 1341 ea
1126 1289 1178 1340 in
1207 1287 1457 1342 corbam:

1037 1357 1162 1426 quia
1184 1357 1374 1428 praeti-

1037 1444 1126 1482 um
1151 1429 1360 1497 sangui-

1037 1500 1090 1554 7.
1123 1500 1211 1555 nis
1237 1513 1341 1555 est.
1367 1498 1555 1554 Consi-

1036 1571 1109 1625 lio
1135 1583 1314 1626 autem
1342 1586 1426 1626 ac-

1036 1652 1194 1712 cepto
1229 1645 1368 1697 inter

1035 1728 1097 1769 se
1112 1755 1128 1780 ,
1160 1715 1235 1782 (b)
1266 1723 1516 1770 emerunt
1542 1714 1584 1786 ἰ·

1036 1799 1220 1852 agrum
1249 1787 1375 1855 ligu-

1035 1856 1102 1921 li,
1131 1856 1198 1912 ad
1225 1858 1458 1926 sepultu-

1035 1943 1149 1999 ram
1185 1929 1423 1999 peregri-

1036 1998 1090 2052 8.
1135 1998 1351 2071 norum.
1385 1999 1548 2071 Prop-

1037 2079 1122 2126 ter
1153 2069 1256 2125 hoc
1289 2085 1374 2126 vo-

1033 2151 1186 2213 catus
1212 2152 1297 2197 est
1325 2157 1455 2213 ager

1034 2212 1160 2268 illae
1183 2214 1369 2269 Achel-

1036 2284 1226 2340 demac
1243 2326 1258 2351 ,
1291 2285 1392 2340 hoc

218 1222 298 1263 res
320 1208 486 1280 plebis
512 1210 602 1265 ad-

215 1293 390 1335 versus
417 1279 600 1338 Jesum
618 1323 636 1352 ,

217 1360 268 1405 υι
292 1365 406 1406 eum
438 1369 582 1409 mor-

214 1422 250 1476 ti
278 1423 564 1480 traderent.

212 1495 262 1548 2.
293 1493 357 1548 Et
382 1495 605 1565 ligatum

213 1579 323 1619 eum
349 1565 656 1637 duxerunt,

212 1644 262 1691 et
282 1637 502 1693 tradide-

209 1719 323 1762 runt
345 1707 533 1765 Pontio

207 1778 370 1834 Pilato
410 1784 604 1844 praesi-

206 1849 253 1904 5.
284 1851 358 1905 di.
401 1850 553 1909 Tunc

205 1921 388 1976 ridens
411 1922 577 1980 Judas
598 1967 614 1991 ,

203 1995 287 2063 qui
319 1995 536 2051 tradidit

205 2078 342 2131 eum,
370 2069 493 2133 quia
519 2067 674 2123 dam-

203 2147 355 2212 natus
384 2153 473 2212 ess
504 2178 518 2194 .
555 2179 570 2196 .
606 2157 621 2207 ;
650 2143 831 2212 paeni-

204 2209 365 2262 tentia
395 2209 524 2266 duc-

205 2285 287 2332 tus
304 2321 320 2344 ,
349 2282 556 2337 rettulit

205 2352 412 2420 triginta
440 2368 628 2425 argen-

205 2428 316 2496 teos
341 2425 591 2496 principi-

205 2490 298 2546 bus
325 2490 570 2552 sacerdo-

1036 2365 1118 2428 cst
1134 2398 1148 2419 ,
1180 2372 1310 2428 ager
1335 2372 1452 2411 san-

1033 2427 1238 2498 guinis,
1270 2443 1441 2499 usque

1035 2499 1088 2552 in
1122 2499 1330 2554 hodier-

1033 2585 1163 2624 num
1196 2571 1358 2627 diem.

1034 2641 1089 2696 9.
1131 2641 1282 2698 Tunc
1307 2643 1498 2714 imple-

1037 2722 1145 2783 tum
1175 2724 1258 2769 est
1284 2715 1426 2783 quod

209 2572 342 2627 tum.
369 2575 424 2621 et
445 2569 620 2622 senio-

207 2637 253 2686 Δ.
287 2636 430 2692 ribus
446 2679 461 2702 ,
495 2639 684 2695 dicens
705 2658 720 2694 :

204 2701 420 2783 Peccavi
440 2701 454 2772 ,
485 2711 630 2783 quod

205 2778 518 2836 tradiderint
1033 2782 1233 2838 dictum
1263 2778 1348 2840 est

203 2855 509 2937 sanguinem
1029 2868 1131 2937 per
1158 2855 1399 2937 Prophe-

203 3073 355 3138 runt:
384 3065 519 3135 Quid
1030 3079 1229 3138 perunt
1261 3071 1357 3124 tri-

200 3132 267 3186 ad
293 3132 427 3192 nos?
456 3146 510 3194 tu
535 3138 616 3194 vi-
1028 3132 1178 3211 ginta
1203 3156 1399 3213 argen-

621 3276 861 3335 CODEX
896 3277 1365 3337 CORBEIENSIS.

196 3381 286 3424 sus
313 3380 394 3426 est
418 3372 582 3439 foras,
600 3374 616 3404 ¹
648 3382 704 3428 et
729 3373 1065 3430 amarissime
1091 3373 1256 3430 ﬂevit.
1285 3374 1440 3429 Mane
1467 3380 1646 3429 autem
1674 3372 1788 3429 fac-

199 3449 284 3516 to,
327 3445 609 3499 consilium
650 3445 888 3514 injerunt
927 3461 1116 3500 omnes
1144 3445 1414 3516 principes
1441 3445 1784 3501 sacerdotum

197 3512 217 3541 ³
246 3523 298 3567 et
329 3530 515 3570 omnes
543 3512 790 3572 seniores
820 3516 1005 3588 p0pnli
1032 3512 1292 3573 adversus
1318 3518 1501 3573 .lesum
1524 3558 1539 3582 ,
1573 3527 1630 3570 ut
1658 3531 1783 3572 eum

197 3588 353 3639 morti
394 3588 688 3643 traderent.
736 3588 802 3643 Et
850 3591 1086 3643 vinclum
1134 3589 1473 3645 adduxerunt
1520 3604 1680 3653 eum,
1729 3598 1785 3643 et

197 3657 530 3726 tradiderunt
570 3659 766 3715 Pontio
796 3659 972 3714 Pilato
1005 3662 1255 3726 praesidi.
1289 3661 1439 3716 Tunc
1467 3660 1658 3714 videns
1688 3659 1784 3714 Ju-

195 3725 323 3801 das,
359 3732 444 3798 qui
475 3746 600 3786 eum
635 3731 891 3798 tradidit,
923 3731 1044 3800 quia
1077 3732 1360 3786 damnatus
1391 3733 1412 3763 ³
1439 3742 1615 3789 esset:
1649 3747 1780 3801 poc-

195 3799 413 3856 nitcntia
445 3803 662 3869 ductus,
685 3804 868 3858 retulit
897 3799 1111 3872 triginta
1137 3817 1424 3873 argenteos
1451 3799 1780 3874 principibus

192 3874 574 3938 sacerdoutm,
615 3885 671 3930 ct
711 3875 1056 3938 senioribus,
1102 3874 1329 3929 dicens:
1375 3876 1632 3938 Peccavi,
1677 3885 1784 3929 tra-

192 3940 325 4017 dens
351 3946 668 4016 sanguinem
707 3947 938 4017 justum.
981 3946 1058 4017 At
1097 3946 1170 4000 illi
1209 3947 1493 4000 dixerunt:
1537 3946 1674 4012 Quid
1714 3948 1781 4002 ad

194 4015 334 4068 nos?
379 4015 798 4079 tu'videris.‘Et
837 4016 1096 4085 projeCIis
1136 4017 1405 4087 argenteis
1448 4019 1498 4070 in
1541 4017 1778 4085 templo,

193 4089 453 4143 recessit:
488 4099 541 4143 et
580 4089 774 4144 abiens
816 4089 1010 4155 laqueo
1055 4103 1112 4142 se
1157 4091 1457 4158 suspendit.
1504 4088 1782 4158 Principes

192 4168 369 4228 autem
418 4160 759 4214 sacerdowm
785 4202 800 4225 ,
850 4161 1088 4228 acceptis
1135 4162 1407 4228 argenteis
1431 4201 1445 4223 ,
1476 4158 1730 4214 dixerunt
1761 4179 1775 4215 :

191 4223 301 4281 Non
334 4231 454 4284 licet
484 4232 700 4285 mittere
731 4223 824 4286 eos
856 4231 906 4286 in
940 4231 961 4262 ‘
985 4223 1282 4285 corltanam
1314 4249 1326 4286 :
1369 4232 1490 4300 quia
1546 4237 1776 4300 pretium

196 4303 460 4368 Sanguinis
499 4313 604 4357 est.
633 4302 876 4356 Consilio
916 4311 1091 4357 autem
1121 4303 1284 4363 inito,
1311 4313 1560 4356 emerunt
1581 4318 1645 4355 ex
1673 4303 1781 4357 illis

196 4381 374 4442 agrum
406 4375 551 4442 Iiguli
580 4416 595 4440 ,
631 4374 682 4427 in
716 4374 1048 4442 sepulturam
1082 4375 1508 4442 peregrinorum.
1555 4373 1786 4442 Propter

199 4436 291 4494 hoc
311 4436 525 4499 vocaius
555 4436 644 4500 est
671 4436 800 4515 ager
825 4445 914 4499 ille
933 4487 946 4510 ,
971 4446 990 4476 ⁵
1016 4454 1040 4480 ει
1067 4436 1462 4499 Acheldamach
1492 4485 1506 4507 ,
1537 4443 1638 4498 hoc
1666 4436 1782 4511 est,

199 4522 317 4586 ager
341 4519 637 4586 sanguinis,
674 4532 844 4584 usque
872 4517 924 4570 in
957 4515 1278 4570 hodiernum
1308 4516 1474 4570 diem.
1504 4516 1654 4570 Tunc
1681 4516 1785 4571 im-

201 4584 389 4648 pletum
417 4584 499 4641 est
527 4587 674 4656 quod
703 4588 905 4642 dictutn
947 4598 1029 4640 est
1066 4602 1160 4655 per
1186 4587 1510 4642 Ilieremiam
1541 4589 1788 4658 Prophe-

204 4660 324 4722 tam,
348 4659 614 4716 dicentem
644 4676 656 4712 :
687 4661 754 4715 Et
780 4667 1106 4728 acceperunt
1133 4659 1348 4729 triginta
1366 4673 1560 4728 argen-

3407 217 3516 278 558

2349 333 2586 394 CODEX
2627 335 3074 397 VERONENSIS.

1914 443 2007 484 sus
2037 427 2217 493 foras,
2249 443 2390 484 ama-
2748 431 2815 486 ad
2847 431 2986 487 nos?
3015 442 3070 487 tu

1913 499 2127 558 rissime
2153 501 2402 573 ploravit.
2749 501 2804 556 5.
2845 504 3067 558 videris.
3101 504 3171 562 Et

2747 574 3005 645 projectis
3033 591 3120 630 ar-

2747 647 2959 716 genteis
2988 646 3042 700 in

2747 717 2974 788 tetnplo,
3000 731 3180 775 seces-

2749 787 2818 842 sit
2855 787 2873 841 :’
2904 799 2959 843 et
2984 790 3139 858 abiit,

2750 868 2805 914 et
2831 859 3024 930 laqueo
3051 877 3110 917 se

2749 933 3050 1000 suspendit.

2749 1002 2804 1056 6.
2845 1003 2997 1057 Tunc
3019 1005 3167 1073 prin-
3271 1006 3282 1016 ’

2748 1074 2895 1142 cipes
2922 1089 3102 1132 sacer-

2749 1145 2958 1206 dotum.
2984 1148 3229 1220 acceptis

2749 1219 3047 1286 argenteis,

2749 1286 3003 1344 dixerunt
3034 1311 3048 1344 :

2747 1357 2864 1413 Non
2900 1359 3025 1415 licet

2051 687 2279 748 CAPUT
2312 690 2528 750 XXVII.

1912 854 1966 909 I.
2001 852 2156 909 Mane
2184 864 2362 912 autem
2395 856 2500 914 fac-

1909 932 2048 988 tum,
2082 928 2368 982 consilium

1913 994 1988 1068 (a)
2010 1009 2337 1072 acceperunt
2351 1000 2390 1072 1-

1909 1081 2099 1122 omncs
2132 1070 2333 1136 princi-

1910 1154 2006 1208 pes
2033 1141 2380 1197 sacerdotum

1909 1218 1964 1264 et
1984 1213 2228 1267 seniores

1949 1281 2084 1337 lebis
2113 1286 2373 1341 adversus

1943 1367 2116 1417 esum,
2150 1365 2208 1408 ut

1908 1437 2032 1478 eum
2066 1427 2225 1480 morti
2746 1431 2966 1485 mittere
2989 1447 3084 1489 eos

1907 1495 2205 1552 traderent.
2748 1501 2802 1556 in
2835 1502 3070 1559 loculum
3103 1524 3116 1560 :

1907 1565 1973 1644 2._
1997 1566 2075 1644 _Et
2099 1569 2338 1625 vinctum
2747 1573 2868 1642 quia
2902 1577 3166 1644 praetium

1907 1637 2248 1696 adduxerunt
2278 1713 2304 1714 η
2746 1637 3024 1714 sanguinis
3040 1657 3146 1703 est.

2750 1717 2804 1770 7.
2847 1719 3084 1774 Consilio
3108 1734 3204 1774 au-

2748 1795 2856 1841 tem
2885 1799 3108 1857 accepto

2747 1858 2890 1913 inter
2915 1875 2973 1914 se
3002 1861 3103 1934 (ὁ),

2746 1941 2997 1986 emerunt
3023 1933 3062 2003 ἰ’

2742 2015 2929 2073 agrum
2963 2004 3130 2073 ﬁguli,

2741 2072 2795 2127 in
2827 2072 3161 2143 sepulturam

2741 2145 3178 2215 peregrinorum.

2741 2215 2796 2270 8.
2839 2215 3066 2287 Propter
3087 2217 3190 2273 hoc

2738 2297 2962 2342 vocatus
2988 2300 3073 2344 est

2740 2372 2868 2428 ager
2895 2359 3007 2424 ille,
3036 2359 3236 2417 Achel-

2739 2428 2991 2495 demach,
3025 2433 3168 2501 quod
3193 2439 3298 2498 est,

2738 2514 2868 2572 ager
2889 2505 3191 2572 sanguinis,

2739 2587 2912 2642 usque
2945 2576 2994 2627 in
3026 2574 3124 2629 ho-

2735 2643 2984 2699 diernum
3010 2646 3178 2700 diem.

2737 2714 2790 2770 9.
2835 2716 2986 2771 Tunc
3011 2717 3204 2788 imple—

2737 2795 2849 2841 tum
2885 2799 2965 2842 εει
2997 2789 3143 2857 quod

2736 2858 2937 2913 dictum
2969 2867 3053 2913 est;

2733 2945 2832 3000 per
2858 2930 3210 2999 Prophetam,

2735 3000 3005 3055 dicentem
3038 3017 3050 3053 :

2735 3069 2807 3124 Et
2830 3078 3157 3140 acceperunt

2736 3157 2871 3196 xxx.
2902 3149 3192 3213 argenteos

2364 3277 2598 3334 CODEX
2637 3278 3033 3335 BRIXIANUS.

1897 3391 1992 3434 sus
2041 3373 2188 3430 foras
2233 3374 2384 3429 llevit
2432 3390 2640 3431 amare.
2704 3375 2863 3430 Mane
2931 3382 3110 3430 autem
3157 3373 3301 3430 facto
3362 3387 3497 3430 con-

1893 3449 2077 3506 silium
2126 3446 2366 3501 fecerunt
2406 3461 2598 3501 omnes
2645 3448 2915 3517 principes
2955 3445 3298 3502 sacerdotum
3326 3455 3381 3501 et
3412 3461 3501 3500 se-

1895 3522 2078 3576 niores
2106 3519 2285 3588 populi
2311 3518 2572 3573 adversus
2618 3518 2804 3574 Jesum
2835 3528 2892 3573 ut
2936 3534 3056 3573 eum
3107 3519 3267 3572 morti
3319 3517 3501 3574 trade-

1891 3602 2035 3648 rent.
2079 3591 2144 3644 Et
2190 3589 2428 3644 vinctum
2468 3590 2812 3645 adduxerunt
2870 3605 2992 3645 eum
3053 3599 3107 3643 et
3159 3589 3500 3644 tradiderunt

1891 3662 2085 3718 Pontio
2126 3661 2293 3714 Pilato
2323 3663 2580 3732 praesidi.
2620 3663 2772 3716 Tunc
2809 3661 2998 3716 videns
3026 3660 3192 3716 Judas
3242 3661 3333 3730 qui
3372 3675 3496 3732 eum

1892 3733 2111 3789 tradidit
2137 3735 2258 3800 quia
2287 3731 2353 3787 ad
2378 3733 2643 3801 judicium
2683 3735 2874 3787 ductus
2897 3739 3000 3787 est.
3033 3733 3363 3802 paenitentia
3394 3731 3496 3786 du-

1887 3819 2026 3861 ctus.
2083 3807 2354 3859 revocavit
2404 3805 2617 3873 triginta
2668 3813 2956 3873 argenteos
3024 3805 3361 3872 principibus
3408 3815 3498 3856 sa-

1886 3877 2166 3932 cerdotum
2197 3885 2250 3928 et
2279 3875 2584 3929 senioribus
2621 3875 2828 3928 dicens.
2865 3875 3087 3928 Peccavi
3119 3875 3339 3928 tradens
3369 3887 3496 3925 san-

1886 3953 2103 4019 guinem
2137 3947 2364 4018 justum.
2396 3946 2475 4002 Illi
2509 3956 2692 4002 autem
2722 3946 2994 4000 dixerunt.
3026 3944 3164 4013 Quid
3193 3943 3262 3998 ad
3307 3959 3406 3999 nos
3436 3952 3493 3998 tu

1887 4020 2108 4075 videris.

1957 4093 2021 4145 Et
2055 4089 2308 4160 projectis
2342 4090 2613 4160 argenteis
2644 4089 2698 4143 in
2729 4088 2932 4155 templo
2959 4087 3276 4160 recessit‘et
3302 4085 3493 4140 abiens

1884 4162 2079 4233 laqueo
2105 4158 2164 4216 se
2199 4161 2496 4238 suspendit.
2532 4159 2683 4214 Tunc
2713 4160 2983 4238 principes
3024 4158 3366 4238 sacerdotum
3402 4171 3494 4238 ac-

1887 4229 2060 4303 ceptis
2106 4233 2380 4302 argenteis
2426 4232 2677 4286 dixerunt
2724 4230 2840 4303 Non
2882 4231 3022 4303 licet
3050 4229 3404 4303 eosumittere
3435 4229 3492 4281 in

1891 4301 2092 4360 corban
2118 4305 2242 4374 quia
2267 4304 2529 4372 praetium
2557 4302 2832 4371 sanguinis
2859 4314 2964 4374 est.
2983 4301 3490 4374 Consiliumautem

1891 4385 2117 4442 accepto
2138 4371 2394 4429 emerunt
2424 4391 2489 4428 ex
2523 4374 2626 4427 illis
2655 4388 2839 4441 agrum
2876 4372 3018 4442 ﬁguli
3047 4372 3112 4425 ad
3153 4371 3489 4442 sepulturam

1894 4441 2300 4517 peregrinorum
2332 4445 2559 4517 Propter
2580 4445 2695 4517 hoc
2718 4441 3054 4517 vocatuscst
3085 4458 3212 4517 ager
3247 4441 3338 4496 ille
3364 4455 3492 4517 ager

1893 4513 2190 4587 sanguinis.
2241 4532 2410 4585 usque
2443 4513 2519 4570 'in
2578 4516 2894 4570 hodiernum
2924 4516 3088 4569 diem.
3123 4513 3278 4587 Tunc
3315 4513 3487 4587 adim-

1893 4583 2093 4659 pletum
2133 4599 2249 4650 eSt,
2280 4583 2418 4657 quod
2465 4588 2666 4642 dictum
2716 4596 2798 4641 est
2836 4601 2934 4656 per
2980 4586 3302 4659 Hieremiam
3356 4583 3489 4640 Pro—

1895 4656 2110 4730 phetam
2154 4656 2444 4715 dicentem.
2477 4660 2544 4713 Et
2577 4668 2902 4729 acceperunt
2945 4656 3160 4730 triginta
3189 4671 3383 4728 argen-

1908 1721 2054 1774 eum,
2087 1721 2140 1766 et
2173 1713 2342 1768 tradi-

1908 1779 2103 1835 derunt
2136 1783 2328 1839 Pontio

1907 1850 2082 1906 Pilato
2111 1856 2365 1922 praesidi.

1903 1922 1958 1977 3.
2003 1924 2151 1980 Tunc
2176 1927 2366 1983 videns

1902 1993 2200 2066 Judas,qui

1903 2081 2026 2121 eum
2062 2069 2306 2135 tradidit,

1902 2138 2025 2207 quia
2050 2139 2337 2196 damnatus

1901 2217 2014 2277 est;
2050 2211 2332 2279 paeniten-

1901 2280 1974 2333 tia
2001 2281 2216 2349 ductus,
2248 2283 2372 2339 red-

1903 2351 2028 2406 tulit
2055 2368 2185 2409 xxx.

1899 2434 2190 2491 argenteos
2217 2428 2361 2494 prin-

1899 2494 2110 2563 cipibus
2139 2511 2319 2553 sacer-

1899 2565 2105 2634 dotum,
2132 2577 2188 2623 et.

1898 2638 2204 2708 senioribus
2219 2682 2234 2708 ,

1898 2707 1954 2763 4.
1995 2711 2181 2766 dicens
2211 2707 2225 2767 ἐ
2259 2713 2462 2771 Pecca-

1897 2782 1971 2848 vi,
2003 2783 2146 2852 quod
2179 2793 2288 2838 tra-

1897 2851 2127 2908 diderim
2151 2870 2276 2910 san-

1897 2925 2112 2994 guinem
2142 2929 2229 2996 ju-

1895 3005 2062 3049 SIlIm.

1898 3065 1981 3120 Ad
2013 3067 2085 3121 illi
2119 3067 2201 3122 di-

1897 3147 2096 3195 xerunt.
2121 3156 2136 3193 :
2165 3139 2304 3206 Quid

857 4795 1252 4853 VARIANTES
1287 4794 1674 4854 LECTIONES
1708 4794 1977 4854 CODICIS
2014 4796 2126 4852 MS.
2170 4795 2230 4852 S.
2272 4795 2782 4852 GERMANENSIS.

261 4911 274 4940 ¹
309 4911 434 4962 ﬂevit
456 4926 642 4964 amare.

259 4974 278 5002 '
309 4984 358 5024 et
375 4980 596 5028 seniores

258 5035 278 5066 ³
308 5044 403 5101 est;

1947 4913 1970 4944 ⁸
2004 4912 2053 4961 ἱη
2076 4911 2283 4963 corban:

1947 4976 1970 5006 ⁸
2003 4973 2366 5026 Acheldemach
2387 4975 2433 5024 ⁸.

1534 5100 1901 5160 BLANCHINI
1925 5101 2156 5160 NOTAE.
2231 5139 2242 5144 -

264 5226 287 5254 λ
315 5217 513 5276 Nomen
572 5219 714 5275 istud
763 5219 814 5274 in
855 5233 956 5276 ms.
989 5217 1246 5274 Cantabr.
1280 5216 1473 5274 Latine
1512 5219 1773 5288 scriptum

195 5290 496 5358 perhibetur
525 5291 946 5357 Echeldemach;
975 5293 1116 5359 quod
1151 5291 1201 5344 in
1234 5305 1364 5344 mss.
1395 5292 1597 5345 nostris
1638 5291 1774 5361 legi-

194 5371 280 5414 tur
326 5362 699 5417 Acheldemach
722 5405 737 5426 ,
769 5371 824 5416 et
855 5361 1251 5416 Acheldemach.
1281 5363 1548 5431 (iorrupte
1580 5363 1630 5416 in
1662 5379 1778 5416 om-

192 5434 350 5488 nibus
393 5437 580 5502 legitur
634 5434 794 5488 Acha!
824 5435 907 5488 vel
939 5431 1102 5486 Echel
1120 5474 1134 5497 ,
1166 5449 1262 5500 pro
1290 5433 1414 5486 Acel
1432 5450 1451 5499 ;
1478 5442 1535 5488 et
1563 5433 1778 5488 demach

189 5516 240 5561 et
270 5506 486 5560 damach
506 5548 520 5569 ,
548 5521 648 5575 pro
671 5507 827 5558 doma
852 5506 934 5560 vel
963 5504 1132 5558 demo.
1164 5503 1296 5558 Nam
1324 5506 1516 5569 svrum
1545 5519 1740 5558 nomen
1764 5547 1777 5566 ,

185 5577 330 5649 quod
359 5577 672 5650 sanguinem
702 5576 992 5646 signiﬁcat,
1015 5576 1270 5631 scribitur
1297 5580 1444 5642 m1,
1473 5577 1639 5641 demo,
1672 5591 1778 5631 non

1878 5224 2026 5302 τίη-ε,
2056 5222 2291 5277 demach.
2323 5222 2378 5278 In
2406 5221 2638 5277 Hebraeo
2663 5219 2962 5302 Evangelio
2988 5219 3250 5284 Mattltaei,
3268 5215 3489 5272 Parisiis

1880 5292 2030 5374 enim
2057 5317 2400 5398 εξῃηο-ρόἦί,
2426 5317 2663 5398 legimus
2691 5292 2982 5398 κη’-τδρ.τι,
3007 5312 3388 5398 tamquam.
3424 5312 3481 5366 In

1883 5388 2158 5463 nonnullis
2201 5383 2438 5463 Mattltzei
2479 5383 2686 5445 Graecis
2733 5383 3134 5463 exemplaribus
3169 5383 3485 5463 Ἀκὲλδηιᾳεε

1881 5462 2056 5530 primo
2086 5473 2264 5514 autem
2299 5459 2485 5517 Actor.
2514 5467 2704 5531 Apost.
2746 5454 2948 5529 capite,
2979 5473 3139 5513 versu
3176 5455 3262 5521 l9,
3293 5454 3484 5509 scribi-

1884 5539 1972 5588 tur
1999 5531 2297 5605 Ἀκελδαμά.

255 5732 339 5805 (a)
376 5733 530 5791 Juxta
565 5742 700 5792 text.
748 5732 844 5792 Gr.
888 5733 1094 5791 ἔλαϐον.
1126 5761 1198 5776 -—-
1226 5733 1304 5806 (ὁ)
1347 5734 1477 5792 Post
1515 5746 1767 5806 emerunt,
1789 5736 1942 5796 deest
1966 5755 2028 5794 ex
2053 5739 2182 5810 illis,
2205 5739 2372 5796 etiam
2397 5737 2450 5792 in
2480 5736 2668 5791 codice
2691 5733 2848 5787 Cant.
2873 5725 3085 5784 Latino.
