3980 6192
496 235 598 291 539

892 353 1122 409 CODEX
1163 333 1696 409 VERCELLENSIS.

499 455 618 500 teos
643 447 838 515 praeti-
1332 454 1463 510 tum,
1496 461 1658 514 quem
1687 441 1804 499 vol-

498 533 591 572 um
621 517 870 572 aestima-
1332 515 1420 570 l6.
1462 519 1688 570 uissent.
1713 516 1860 572 Tunc

499 589 559 652 ti,
593 603 752 658 quem
777 603 899 642 aes-
1331 585 1404 656 (c)
1435 586 1705 658 habebant
1732 587 1770 658 j-

499 657 825 714 timaverunt
1329 657 1598 726 insignem

499 747 528 784 a
562 730 686 784 [iliis
711 730 877 784 lstra-
1329 729 1566 783 vinctum
1587 769 1598 784 .

499 747 528 784 a
562 744 686 784 uuis
711 744 894 790 tstra-,
1329 744 1566 783 vmctum
1587 769 1602 792 .

497 801 586 857 10.
627 800 755 855 hel:
789 809 844 856 et
871 799 1035 858 dede-
1329 801 1419 870 qui
1447 799 1665 858 diceba-

497 881 624 928 runt
649 886 744 927 eos
773 873 826 927 in
1332 881 1418 925 tur
1449 870 1650 925 Barab-

378 995 392 1006 ,
495 943 836 1018 agrumﬁgu-
1331 941 1502 1018 ba_s._
1623 1011 1626 1018 Ι

495 1012 558 1080 li,
583 1016 634 1068 in
663 1012 904 1084 sepultu-
1333 1014 1420 1067 17.
1463 1012 1820 1085 Congregatis

496 1101 611 1140 ram
645 1087 884 1156 peregri-
1331 1095 1512 1156 autem
1539 1084 1670 1149 illis,
1695 1084 1784 1156 di-

494 1172 710 1211 norum.
781 1155 795 1156 ί
1331 1155 1410 1210 xit
1439 1155 1644 1210 Pilatus
1669 1174 1681 1210 :
1706 1155 1878 1224 Quem

1328 1227 1493 1280 vultis
1512 1226 1668 1281 vobis

1329 1298 1398 1352 de
1422 1297 1636 1352 duobus
1663 1299 1787 1353 mit-

1333 1378 1440 1422 tam
1467 1387 1481 1424 :
1513 1369 1714 1424 Barab—

1331 1441 1456 1506 ban,
1481 1456 1549 1494 an
1579 1439 1784 1507 .lesum,

1328 1512 1419 1580 qui
1443 1511 1642 1565 dicitur

1330 1583 1420 1637 18.
1461 1581 1744 1638 Christus?
1775 1580 1991 1641 Sciebat

499 1229 585 1282 11.
627 1227 787 1282 Jesus
814 1235 992 1284 autem
1021 1239 1131 1285 ste-

498 1300 562 1354 tit
586 1307 711 1353 ante
743 1313 896 1368 prae-

496 1370 692 1434 sidem,
720 1379 776 1425 et
801 1369 885 1425 in-

495 1441 792 1511 terrogavit

493 1527 618 1567 eum
649 1526 892 1581 praeses,

495 1583 683 1639 dicens
705 1599 719 1636 :
753 1583 834 1638 Tu
864 1599 924 1641 es

494 1670 590 1709 rex
617 1653 851 1710 Judaeo-
1328 1654 1472 1709 enim
1501 1653 1644 1723 quod

495 1726 654 1779 rum?
682 1724 839 1780 Jesus
867 1741 961 1782 au-
1330 1739 1429 1794 per
1459 1723 1718 1779 invidiam

494 1805 600 1850 tem
630 1796 744 1850 ait:
778 1795 859 1850 Tu
880 1797 959 1852 di-
1331 1794 1669 1850 tradiderant

495 1865 582 1920 12.
624 1868 723 1921 cis.
755 1867 820 1921 Et
849 1869 970 1923 cum

493 1948 840 1992 accusaretur

494 2023 524 2060 a
555 2007 891 2078 principibus

492 2078 835 2152 sacerdotum
855 2119 872 2152 ,

494 2160 549 2204 et
573 2151 896 2220 senioribus,

495 2220 632 2275 nihil
662 2236 886 2276 resnon-

1332 1865 1422 1948 19.
1463 1882 1585 1948 eum
1752 1865 1957 1923 Seden-

1331 1947 1382 1992 te
1413 1947 1593 1992 autem
1627 1937 1721 1992 illo

1328 2023 1426 2080 pro
1452 2009 1694 2063 tribuna—
1735 2073 1760 2080 ν,

1327 2079 1387 2146 li,
1416 2080 1562 2162 misit
1587 2079 1652 2134 ad
1681 2079 1805 2162 gum

1327 2166 1470 2206 uxor
1499 2151 1638 2219 ejus,
1666 2147 1748 2207 di-

1327 2237 1459 2278 cens
1486 2240 1498 2276 :
1523 2221 1666 2276 Nihil
1687 2225 1758 2278 sit

495 2292 584 2346 15.
624 2292 722 2346 dit.
754 2292 904 2352 Tunc
922 2296 1005 2354 di—
1330 2293 1455 2356 tibi,
1489 2303 1542 2348 et
1564 2294 1714 2363 justo
1740 2295 1804 2350 il-

493 2364 564 2416 cit
598 2363 673 2417 illi
706 2363 946 2425 Pilatus:
1330 2366 1388 2420 li.
1421 2363 1582 2419 Multa
1608 2366 1754 2422 enim

493 2431 612 2489 Non
638 2434 791 2490 audis
1329 2449 1484 2506 passa
1516 2451 1633 2491 sum
1662 2436 1759 2506 bo-

1328 2503 1416 2562 die
1446 2521 1541 2576 per
1567 2503 1741 2562 visum

1332 2587 1552 2649 propter
1578 2579 1746 2634 illum.

1330 2648 1421 2704 20.
1463 2649 1744 2722 Principes
1775 2648 1954 2706 autem

1333 2722 1696 2792 sacerdotum,

1331 2805 1388 2851 et
1414 2795 1658 2850 seniores

1332 2875 1720 2938 persuaserunt

1331 2941 1531 3011 populo
1557 2947 1616 2993 ιιι
1643 2954 1738 3011 pe-

1330 3010 1504 3069 terent
1534 3010 1737 3066 Barab-

1331 3087 1456 3151 ban,
1489 3082 1675 3138 Jesum
1706 3095 1837 3138 vero

1333 3155 1643 3223 perderent.

1327 3227 1421 3290 21'.
1459 3224 1820 3295 Respondens
1844 3238 1940 3278 au-

1333 3307 1440 3368 tem
1476 3311 1718 3368 praeses,
1747 3295 1824 3368 ait

1331 3367 1438 3423 illis
1467 3386 1478 3420 :
1512 3367 1682 3434 Quem
1712 3367 1829 3420 vul-

1333 3439 1400 3494 tis
1429 3437 1581 3493 vobis
1610 3437 1678 3491 de
1709 3436 1846 3490 duo-

1333 3499 1417 3563 his
1447 3507 1520 3581 (ε)
1545 3510 1811 3562 dimittam
1842 3506 1914 3580 -Η

494 2516 694 2574 quanta
726 2509 918 2565 adver-

494 2591 588 2631 sus
619 2588 670 2632 te
704 2581 947 2646 testimo-

497 2649 588 2719 nia
617 2649 938 2719 perhibent?

499 2718 588 2774 M.
621 2718 697 2775 Et
721 2737 827 2777 non
851 2741 968 2783 res-

496 2791 689 2870 pondit
711 2794 867 2870 ei_(b)
901 2787 1070 2854 ullum
1097 2799 1137 2870 τ

497 2864 743 2932 verbum,
775 2867 847 2923 ita

495 2942 554 2988 ut
579 2936 805 2994 mirare-

498 3016 585 3060 tur
616 3023 834 3074 praeses

498 3077 678 3154 Yalds-
779 3133 798 3154 η
985 3147 991 3154 ,

497 3150 586 3204 15.
625 3151 732 3211 Per
757 3153 900 3211 diem
931 3150 1028 3211 ati-

496 3228 604 3274 tem
633 3221 830 3279 festum

496 3306 797 3349 consueve-
872 3349 900 3356 ,,

499 3371 583 3446 rat
611 3361 832 3431 praeses
857 3351 942 3420 di-

499 3439 714 3487 mittere
739 3439 834 3504 po-

498 3508 625 3574 pulo
655 3517 821 3560 unum
855 3507 1005 3563 vinc—

927 3617 1163 3680 CODEX
1200 3623 1669 3681 GORBEIENSIS.

494 3711 614 3788 [eos
653 3707 891 3788 Jiretium
937 3719 954 3748 ι
997 3715 1316 3788 ap'p'rctia'ti,
1366 3734 1527 3788 quem
1578 3716 2018 3787 appretiaverunt
2065 3731 2096 3774 a

499 3737 614 3786 tuus
653 3737 891 3780 Γιιιντςιιιιη]
939 3737 954 3748 ⁸
997 3737 1063 3786 ap
1087 3737 1316 3783 iretlatl,
1366 3737 1527 3788 quem
1578 3737 2018 3787 appreuaverunt
2065 3737 2096 3774 a

497 3777 624 3838 filiis
653 3779 864 3860 israel:
900 3797 949 3860 et
985 3737 1247 3844 dederunt
1281 3797 1378 3844 eos
1421 3792 1472 3842 in
1502 3804 1687 3860 agrum
1731 3788 1914 3860 liguli,
1955 3789 2097 3844 sicut

494 3855 782 3911 Constituit
821 3855 955 3913 'mihi
1006 3859 1286 3915 Dominus.
1337 3860 1496 3915 Jesus
1539 3855 1725 3914 autem
1770 3855 1921 3913 Stetit
1969 3869 2096 3915 ante

499 3927 818 4002 praesidem,
850 3939 905 3984 'et
934 3933 1285 4002 interrogavit
1313 3947 1433 3985 eum
1478 3947 1716 4001 praeses,
1752 3930 1939 3984 dicens
1970 3948 1984 3983 :
2013 3930 2095 3986 Tn

495 4013 554 4070 es
578 4013 672 4052 rex
693 3997 1060 4055 Judaeorum?
1088 3997 1224 4057 Dicit
1248 4004 1324 4058 illi
1346 3997 1535 4058 Jesus:
1561 4003 1641 4057 Tu
1664 4003 1818 4056 dicis.
1842 4003 1903 4054 Et
1927 4007 2091 4071 quium

497 4081 844 4142 accusaretur
867 4071 897 4125 a
930 4073 1261 4142 principibus
1289 4075 1649 4135 sacerdotum,
1681 4077 1737 4127 'et
1762 4073 2091 4141 senioribus,

493 4137 631 4193 nihil
678 4135 981 4211 respondit.
1017 4135 1167 4199 Tunc
1204 4143 1333 4200 dicit
1376 4145 1449 4199 illi
1494 4145 1696 4199 Pilatus
1729 4143 1744 4197 Ξ
1789 4143 1903 4197 Νοιι
1939 4135 2094 4199 audis

495 4219 694 4286 quanta
726 4215 1011 4286 adversum
1047 4223 1102 4286 te
1128 4217 1312 4270 dicunt
1366 4215 1709 4270 testimonia?
1749 4214 1816 4269 Et
1855 4229 1964 4268 non
2005 4227 2096 4270 re—

495 4279 710 4354 spondit
732 4279 782 4337 ei
808 4284 975 4354 ullum
1001 4285 1245 4354 verbum,
1280 4289 1347 4340 ita
1373 4298 1425 4340 ut
1451 4289 1734 4341 miraretur
1762 4297 1980 4354 praeses
2003 4301 2097 4340 ve-

497 4351 910 4428 hementer.Per
926 4357 1066 4412 diem
1087 4351 1265 4412 autem
1282 4359 1563 4413 solennem
1577 4351 1931 4412 consueverat
1950 4372 2096 4423 prae-

497 4424 592 4498 ses
606 4424 878 4498 dimittere
903 4430 1099 4497 populo
1121 4439 1284 4482 unum
1307 4429 1564 4487 vinctum.
1589 4443 1748 4498 quem
1770 4428 2088 4482 Voluissent.

495 4491 738 4569 iiabebat
771 4491 946 4569 autem
973 4491 1098 4553 i'tiuc
1120 4500 1356 4553 vinctum
1388 4491 1674 4569 insignem,
1699 4501 1787 4565 qui
1813 4498 2095 4553 dicebatur

497 4562 1164 4642 Ba_rabl_)as.Congregatis
1196 4585 1326 4641 ergo
1357 4562 1638 4642 illis,ilixit
1669 4562 1872 4642 Pilatus
1894 4570 2092 4642 :Quem

494 4636 654 4710 vultis
668 4635 1129 4695 dimittam'iobis:
1149 4635 1470 4706 Barahham,
1491 4657 1557 4694 an
1577 4635 1883 4710 Jesum,qui
1899 4640 2094 4695 dicitur

495 4702 780 4760 Christus?
806 4711 1021 4783 §ciebat
1049 4713 1192 4766 enim
1239 4712 1384 4783 quod
1415 4702 1510 4783 per
1550 4702 2096 4783 itn’idtatit'tt'adttliS-f

496 4786 620 4829 sent
644 4792 790 4831 eum.
820 4780 1384 4854 sedenteantem'illo
1411 4780 1507 4852 pro
1537 4783 1821 4848 tribunali,
1856 4783 1996 4836 misit
2028 4781 2094 4854 ad

495 4861 618 4923 eum
657 4862 792 4901 uxor
830 4851 984 4919 ejus,
1032 4853 1256 4908 dicens:
1289 4851 1432 4908 Nihil
1458 4855 1525 4908 sit
1566 4855 1659 4908 tibi
1698 4864 1751 4908 et
1794 4854 1938 4923 justo
1995 4851 2091 4908 illi.

493 4916 828 4998 altiliaocnim
855 4916 1010 4989 passa
1041 4938 1158 4977 sum
1190 4927 1348 4998 hodie
1383 4941 1476 4995 per
1503 4927 1670 4979 visum
1699 4916 1921 4994 propter
1946 4940 2092 4979 eum.

493 4989 993 5066 Priucipesuautem
1025 4995 1368 5050 Sacerdotqu
1383 4989 1406 5059 ’,
1439 5006 1494 5050 et
1533 4989 1777 5050 seniores
1803 4989 2096 5066 persuase-

491 5069 619 5135 runt
647 5061 854 5135 pupulis
882 5075 939 5118 ut
967 5075 1211 5133 peterent
1241 5068 1573 5131 Barabbam,
1605 5066 1791 5122 JeSum
1811 5061 1946 5120 vero
1974 5077 2097 5135 per-

491 5130 704 5214 derent.
750 5130 1108 5214 iteSpondens
1137 5148 1316 5240 autftn
1359 5130 1615 5212 praeses,
1646 5138 1724 5192 ait
1749 5137 1856 5193 illis
1882 5154 1895 5190 :
1923 5130 2094 5206 Quem

494 5201 657 5240 (ruina
693 5204 846 5240 nmina
883 5203 949 5240 riu
994 5206 1204 5240 ninnium
1281 5207 1516 5240 Rimini.

494 5201 657 5258 v'tiltis
693 5203 848 5260 vobis
867 5201 950 5261 de
994 5206 1208 5263 duobus
1231 5201 1254 5240 ‘
1281 5201 1516 5264 ‘diiiii'tti?

1034 235 1305 294 EUSEBII
1343 221 1678 291 VERCEL'L.
1725 217 2172 289 EVANGELIUM
2215 207 2349 289 (lilii
2395 221 2619 288 VARUS
2657 213 2808 289 COD.
2851 230 3239 289 COLLATUM.
3689 225 3801 280 Siti

2637 350 2866 407 couex
2907 335 3348 405 venoxeNsrs.

3029 445 3242 501 mittere
3270 444 3466 514 papulo

3026 531 3190 571 unum
3217 517 3477 580 vinctum,

3025 603 3184 654 quem
3215 586 3532 642 voluissent;

3028 659 3116 740 16.
3159 657 3229 728 (c)
3263 657 3541 740 iiabcbant
3569 654 3608 726 ἰ-

3026 739 3204 784 autem
3234 738 3470 784 vinctum

3029 800 3312 869 insignem,
3340 799 3430 869 qui

3026 871 3304 926 dicebatur
3328 871 3431 924 Ba-

3027 942 3242 996 rabbas.
3468 1003 3496 1012 ﬂ

3031 1013 3116 1068 17.
3159 1009 3514 1083 Congrcgatis

3031 1094 3208 1138 autem
3235 1085 3362 1146 illis,

3030 1155 3168 1209 dixit
3195 1155 3398 1208 Pilatus
3428 1171 3440 1207 :

3029 1225 3201 1292 Quem
3225 1225 3388 1280 vultis

3031 1297 3294 1352 dimittam
3321 1314 3333 1349 :
3362 1293 3463 1350 Ba-

3033 1369 3257 1434 rabban,
3291 1383 3360 1421 an

3030 1438 3210 1493 Jcsum
3233 1481 3246 1504 ,
3276 1437 3367 1506 qui

3033 1511 3231 1564 dicitur
3257 1509 3423 1570 Chri-,

2194 448 2460 518 praetium
2488 445 2574 501 ad-

2194 517 2463 588 practiati,
2492 517 2634 588 quod

2193 589 2665 655 adpraetiavcrunt

2193 675 2222 714 a
2254 659 2374 714 (iliis
2401 660 2563 714 islra-

2197 731 2284 786 10.
2326 731 2414 786 hel
2447 749 2458 784 :
2492 739 2549 786 et
2576 728 2739 786 dede~

2193 811 2322 857 runt
2343 817 2437 856 eos
2469 803 2521 856 in

2193 888 2378 944 agrum
2409 871 2545 943 [igu-

2195 944 2254 1008 li,
2285 945 2424 998 sicut
2455 959 2584 1000 con-

2194 1016 2369 1068 stituit
2403 1015 2532 1070 mihi

2197 1085 2476 1141 Dominus.

2198 1156 2284 1210 11.
2325 1156 2484 1212 .Iesus
2509 1165 2690 1212 autem

2195 1229 2348 1282 stetit
2371 1238 2496 1282 ante

2197 1299 2501 1367 praesidem
2526 1340 2541 1364 ,

2195 1379 2250 1424 ct
2280 1375 2581 1440 interroga-

2195 1440 2274 1495 vit
2301 1456 2424 1496 eum
2455 1456 2603 1512 prae-

2195 1526 2305 1576 ses,
2339 1513 2527 1567 dicens
2551 1529 2565 1565 :

2199 1581 2278 1636 Tu
2300 1599 2359 1638 es
2389 1597 2484 1638 rex
3037 1580 3124 1636 18.
3165 1581 3314 1635 stus?
3343 1577 3562 1636 Sciebat

2197 1653 2561 1710 Judaeorum?
3035 1653 3176 1707 enim
3206 1651 3347 1722 quod

2201 1724 2338 1779 Dicit
2360 1725 2412 1780 ei
3037 1739 3133 1787 per
3163 1723 3423 1777 invidiam

2199 1794 2356 1852 Jesus
2391 1813 2402 1849 :
2437 1794 2518 1849 Tu
3037 1795 3368 1848 tradiderant
3396 1797 3541 1847 eum.

2199 1867 2352 1938 dicis.
3036 1865 3122 1920 19.
3165 1865 3243 1938 ((1)
3277 1864 3512 1921 Sedente
3539 1871 3637 1916 au-

2201 1937 2288 1991 12.
2330 1939 2539 1993 Etcum
2565 1952 2655 1992 ac-

2197 2018 2479 2064 cusaretur
2506 2022 2537 2062 a

2198 2080 2535 2149 principibus

2198 2151 2540 2209 sacerdotum
2559 2191 2575 2216 ,

2197 2233 2251 2276 et
2271 2221 2596 2288 senioribus,

2195 2294 2329 2364 nihil
2355 2294 2431 2364 (a)
2461 2307 2687 2364 respon-

2193 2363 2436 2433 debat’i'.

2196 2434 2285 2492 15.
2325 2435 2477 2491 Tunc
2496 2433 2629 2489 dicit

2195 2505 2276 2559 illi
2302 2506 2506 2561 Pilatus
2537 2523 2551 2558 :

2193 2575 2310 2632 Non
2340 2577 2495 2632 audis

2194 2659 2394 2716 quanta
2419 2648 2704 2704 adversum

2195 2728 2249 2774 te
2273 2720 2460 2774 dicunt
2491 2729 2569 2775 te-
2691 2779 2694 2784 ,

2199 2790 2287 2845 14.
2328 2791 2613 2845 stitnouia?
2642 2785 2708 2846 Et

2196 2877 2302 2917 non
2325 2863 2603 2932 respondit

2195 2934 2244 2988 ei
2277 2935 2354 3005 (ὁ)
2384 2937 2549 2988 ullum
2576 2935 2614 3005 οξ-

2195 3007 2443 3070 verbum,
2473 3007 2544 3060 ita

2197 3086 2253 3131 ut
2280 3079 2567 3132 miraretur

2196 3163 2414 3218 praeses
2443 3149 2604 3204 vehe-

2196 3230 2427 3275 menter.

2196 3293 2282 3346 15.
2328 3291 2430 3346 Per
2453 3291 2593 3345 diem

2196 3371 2376 3416 autem
2405 3362 2626 3416 Sollem-

2196 3447 2320 3488 ncm
2349 3433 2649 3488 consuebe—

2197 3513 2280 3559 rat
2308 3513 2532 3576 praeses
2559 3505 2643 3559 di-

3037 1945 3143 1990 tem
3175 1937 3266 1992 illo
3298 1947 3395 2006 pro

3037 2003 3312 2072 tribunali,
3341 2003 3487 2060 misit

3031 2078 3098 2132 ad
3125 2078 3275 2133 illum
3301 2078 3436 2133 uxor
3463 2111 3480 2122 ς

3030 2149 3168 2218 ejus,
3201 2147 3389 2205 dicens
3414 2165 3426 2202 :

3029 2220 3173 2274 Nihil
3202 2222 3272 2275 sit
3296 2221 3412 2285 tibi,

3027 2302 3082 2344 et
3107 2291 3256 2361 justo
3285 2292 3382 2345 illi.

3029 2361 3192 2418 Multa
3216 2363 3360 2418 enim

3030 2449 3185 2502 passa
3215 2449 3333 2489 sum

3031 2504 3189 2560 hodie
3215 2521 3312 2575 per
3339 2507 3417 2562 vi-

3027 2593 3148 2630 sum
3183 2585 3402 2644 propter
3431 2590 3578 2631 eum.

3027 2648 3118 2702 ‘20.
3160 2647 3437 2718 Principes
3467 2659 3560 2701 au-

3029 2727 3138 2773 tem
3171 2721 3538 2784 sacerdotum,

3028 2799 3084 2844 et
3105 2789 3351 2845 seniores

3029 2871 3417 2932 persuaserunt

3030 2933 3228 3002 populo
3255 2942 3313 2985 ut

3031 3015 3280 3073 peterent
3309 3005 3411 3060 Ba-

3030 3075 3253 3139 rahban,
3280 3074 3463 3130 Jesum

3028 3163 3158 3201 vero
3190 3143 3501 3216 perderent.

3031 3219 3095 3290 21
3110 3260 3124 3272 .
3164 3217 3522 3288 Respondens
3553 3229 3651 3268 au-

3033 3291 3139 3344 tem
3169 3295 3409 3356 praeses,

3029 3361 3104 3414 ait
3135 3369 3150 3414 τ
3182 3363 3350 3427 Quem
3377 3359 3490 3414 vul-

3033 3434 3099 3487 tis
3123 3432 3191 3488 de
3224 3432 3440 3487 duobus

3033 3505 3186 3560 vobis
3217 3505 3286 3575 (ε)
3319 3503 3588 3558 dimittam
3621 3500 3697 3571 1-?

2662 3623 2891 3679 CODEX
2931 3623 3323 3680 BRlXiANUS.

2203 3725 2342 3771 teos.
2392 3717 2656 3786 praetium
2703 3715 3042 3784 adpraetiati.
3114 3716 3255 3787 quod
3322 3712 3809 3784 adpraetiavcrnnt

2203 3788 2326 3842 ﬁliis
2365 3790 2476 3841 racl
2505 3797 2556 3841 et
2585 3787 2958 3843 dederunteos
2984 3788 3036 3841 in
3069 3804 3253 3851 agrum
3290 3787 3454 3856 liguli.
3483 3787 3622 3838 sicut
3642 3798 3810 3852 prae-

2199 3861 2342 3929 t'ep'tt
2385 3859 2513 3912 tnihi
2566 3858 2840 3914 Dominus.
2880 3859 3037 3914 Jesus
3077 3869 3252 3914 autem
3294 3858 3440 3912 stetit
3475 3867 3601 3929 atite
3637 3870 3810 3922 prae-

2200 3927 2390 3984 sidem.
2423 3939 2478 3984 et
2506 3931 2853 4000 interrogavit
2879 3946 2998 3985 eum
3030 3945 3268 3998 praeses.
3295 3929 3483 3985 dicens
3503 3927 3582 3982 Tu
3608 3941 3668 3981 es
3698 3941 3805 3981 rex

2199 4001 2547 4056 Judaeorum.
2573 4000 2712 4055 Dicit
2738 4003 2784 4054 ei
2812 4001 2990 4056 Jesus.
3023 4002 3102 4056 Tu
3133 4001 3288 4055 dicis.

2269 4071 2337 4127 Et
2384 4088 2504 4126 cum
2533 4085 2877 4126 accusaretur
2917 4089 2944 4124 a
2988 4074 3320 4142 principibus
3355 4069 3807 4142 sacerdotumuet

2197 4143 2521 4198 senioribus.
2553 4142 2687 4196 nihil
2716 4139 3013 4214 respondit.
3040 4139 3192 4199 Tune
3213 4144 3343 4197 dicit
3370 4143 3444 4197 illi
3472 4140 3586 4195 Non
3612 4139 3802 4214 audis.

2196 4223 2396 4282 quanta
2435 4214 2718 4268 adversum
2766 4209 2826 4269 te
2861 4215 3231 4270 testificantur.
3269 4215 3334 4267 Et
3381 4229 3484 4267 non
3513 4209 3807 4278 respondit

2196 4287 2244 4340 ei
2274 4286 2354 4355 (ὁ)
2383 4286 2546 4338 ullum
2585 4286 2624 4355 αι’
2649 4287 2894 4340 verbum.
2924 4285 2996 4339 ita
3040 4295 3094 4340 ut
3135 4286 3424 4340 miraretur
3459 4297 3677 4352 praeses
3701 4297 3807 4334 ve-

2197 4355 2496 4410 hementer.
2526 4355 2629 4410 Per
2667 4357 2810 4411 diem
2849 4367 3026 4412 autem
3068 4360 3407 4412 sollemnem.
3438 4362 3809 4408 consueverat

2199 4441 2404 4495 prescs.
2439 4427 2713 4481 dimittere
2758 4430 2954 4497 pepulo
3001 4444 3169 4483 unum
3214 4430 3450 4482 vinctum
3493 4439 3671 4497 quem
3700 4439 3806 4497 vo-

2197 4498 2443 4553 inissent.
2490 4498 2563 4570 (ε)
2615 4495 2890 4570 ilabebant
2921 4499 2958 4570 ’ζ-
3001 4513 3177 4554 autent
3221 4510 3351 4554 tunc
3392 4500 3628 4570 vinctum
3663 4495 3806 4546 insi-

2197 4585 2355 4640 gnem
2403 4570 2492 4638 qui
2543 4568 2824 4624 dicebatur
2872 4568 3158 4625 Barabbas.
3209 4568 3563 4638 Congrcgatis
3593 4576 3801 4640 autem

2199 4635 2325 4715 illis.
2353 4635 2488 4694 diiit
2520 4641 2742 4715 Pilatus.
2775 4643 2946 4715 Quem
2971 4643 3130 4715 vultis
3163 4635 3461 4715 tlitnittam'_
3487 4639 3658 4715 vobis.
3694 4635 3806 4715 βει-

2197 4713 2398 4766 rabban
2431 4727 2497 4765 an
2526 4711 2709 4766 Jesum
2743 4716 2830 4782 qui
2856 4713 3049 4766 dicitur
3076 4713 3344 4768 Christus.
3378 4713 3588 4782 Sciebat
3624 4711 3803 4774 enim,

2197 4784 2339 4851 ‘quod
2373 4795 2468 4848 per
2501 4782 2754 4837 invidiam
2787 4780 3124 4838 tradiderunt
3153 4800 3274 4839 eum
3306 4784 3386 4854 (ά)
3418 4780 3654 4854 Sedente
3699 4795 3808 4854 ati-

2201 4866 2306 4908 tem
2340 4855 2431 4906 illo
2462 4870 2557 4922 pro
2590 4855 2865 4908 tribunali.
2899 4856 3045 4909 misit
3076 4855 3141 4908 ad
3178 4851 3329 4908 illum
3370 4851 3514 4907 uxor
3548 4851 3665 4920 ejus
3715 4851 3810 4903 di-

2197 4940 2350 4980 cens.
2381 4924 2519 4979 Ninil
2572 4926 2663 4979 tibi
2707 4926 2928 4995 etjusto
2977 4926 3073 4979 illi.
3103 4926 3264 4981 Multa
3291 4925 3432 4980 enim
3463 4939 3618 4994 pasci
3675 4938 3806 4977 sum

2200 4996 2357 5049 hodie
2389 5011 2482 5064 per
2512 4999 2683 5051 visum
2719 5010 2938 5067 propter
2963 5013 3106 5055 eum.
3153 5036 3166 5050 .
3209 4997 3467 5065 Princeps
3496 5006 3676 5048 autem
3708 5009 3806 5045 sa-

2198 5069 2476 5121 cerdotum
2507 5075 2564 5122 et
2588 5071 2831 5122 seniores
2862 5081 3247 5137 persuaserunt
3299 5068 3530 5137 populis.
3591 5074 3652 5118 ut
3682 5079 3810 5137 _pe—

2199 5147 2376 5210 terent
2407 5137 2706 5210 iiarabban.
2740 5133 2922 5193 Jcsnm
2947 5155 3075 5194 vero
3107 5133 3414 5210 perderent.
3441 5133 3810 5210 itespondens

2198 5207 2378 5280 autem
2427 5207 2632 5280 Pilatus
2681 5225 2868 5280 preses
2897 5211 2972 5266 ait
3001 5207 3126 5266 illis.
3160 5212 3333 5278 Quem
3370 5209 3535 5266 vultis
3572 5217 3638 5264 ex
3672 5207 3811 5262 duo-

2199 5281 2300 5335 bus
2341 5279 2414 5353 (e)
2447 5278 2713 5335 dimittam
2743 5280 2782 5352 -ι-

1177 5362 1569 5428 VARIANTES
1603 5353 1990 5429 moriones
2025 5368 2094 5428 Ct

2201 5371 2297 5428 eis
2335 5361 2442 5428 Ms.
2483 5371 2540 5428 s.
2583 5354 3090 5433 omniamertsrs.

556 5470 574 5500 ¹
610 5451 826 5533 pretium
844 5451 973 5533 quod
997 5457 1398 5534 adpretiaverunt
1421 5465 1530 5520 filiis

2262 5475 2283 5506 ³
2313 5473 2592 5528 dimittam?

1873 5535 2240 5614 B‘LANCB'NI
2275 5558 2508 5616 moras.

576 5652 652 5739 l9)
692 5651 768 5739 ll?
791 5661 846 5708 ει
869 5652 994 5739 ρρξῑτ
1013 5651 1181 5739 ,εμπιι
1208 5652 1853 5739 ἀτεεξρ.ίνεςεο·-φ).έληῄιθ
1873 5653 2094 5739 ,ιέέιυηιτμ

2201 5657 2367 5739 ςῑθαιζ,
2407 5660 2566 5739 etiam
2595 5660 2645 5714 in
2669 5659 2790 5739 cod.
2817 5657 3144 5739 Qant.‘q—-,-(c)
3166 5659 3320 5739 itanet
3353 5669 3480 5739 text.
3513 5661 3609 5739 (ir.
3632 5657 3810 5739 εἶχον.

491 5721 645 5799 —(d)
693 5723 826 5779 Ilinc
867 5721 1038 5796 usque
1067 5725 1135 5780 'ad
1172 5742 1223 5779 v.
1261 5721 1530 5796 di’iiuj‘us
1558 5721 1750 5797 capitis
1779 5723 2093 5782 mutilamut-
2119 5723 2304 5782 titnuia
2331 5727 2384 5783 in
2419 5726 2585 5787 Both.
2615 5762 2685 5773 -—-
2716 5721 2790 5806 (ε)
2838 5733 2910 5788 Ita
2949 5724 3003 5788 et
3044 5721 3176 5787 left.
3225 5723 3319 5789 Gr.
3366 5731 3594 5791 ἀπολύω.
