3980 6192
541 237 648 294 545

940 353 1169 411 CODEX
1206 342 1746 409 VERCELLENSIS.

1381 449 1509 495 sunt
1535 451 1657 493 cum
1684 449 1752 490 eo

1379 513 1490 567 duo
1520 510 1761 563 latrones
1788 522 1802 559 :

1384 597 1524 637 unus
1550 596 1578 635 a
1608 579 1741 633 dex-

545 462 663 502 cem
689 446 828 516 ejus.

546 519 638 573 55.
684 520 749 572 Et
770 525 1033 573 venerunt
1054 517 1106 571 in

545 590 749 653 locum,
776 590 866 657 qui
892 589 973 643 di-
996 640 1019 649 ,

545 661 687 715 citur
718 659 914 728 Golgo-

547 731 693 793 taha,
719 730 861 799 quod
885 739 969 785 est

541 800 826 856 Calvariae
854 803 933 854 lo-

543 873 634 928 54.
676 888 791 927 cus.
828 872 893 927 Et
913 872 1077 928 dede~

540 953 668 999 runt
693 946 741 999 ei
772 944 922 999 bibe-

542 1031 604 1070 re
628 1016 807 1068 vinum
834 1030 956 1068 cum

543 1086 671 1141 felle
702 1088 952 1139 mixtum.

1385 656 1502 717 tris,
1529 663 1584 707 et
1614 651 1749 704 alter

1381 726 1447 779 ad
1470 723 1727 778 sinistris.

1380 797 1471 852 59.
1513 794 1881 847 Transeuntes

1379 876 1560 922 autem
1589 862 1837 930 bIaSplie-

1380 939 1599 992 mabant
1626 950 1750 989 eum

1379 1014 1660 1064 moventes
1694 1020 1781 1058 C(1-

1378 1082 1489 1149 pita
1512 1094 1630 1141 sua,
1660 1089 1712 1130 et
1736 1075 1820 1149 dif

1380 1145 1469 1207 λθ.
1514 1156 1700 1204 centes
1728 1165 1740 1200 :
1768 1145 1845 1200 Va
1874 1145 1963 1215 qui

543 1158 614 1212 Et
639 1173 760 1211 cum
786 1168 998 1224 gustas-

1381 1221 1694 1278 destruebat
1726 1227 1861 1271 tero-

543 1237 651 1295 set,
676 1228 845 1282 noluit
870 1227 951 1281 bi—

544 1302 614 1353 be
638 1288 668 1353 ’.
718 1339 727 1347 .
778 1340 789 1351 .
1382 1294 1527 1364 plum
1561 1292 1675 1364 Dei,
1700 1299 1753 1364 et
1784 1288 1837 1342 in

546 1371 636 1425 55.
679 1370 949 1438 Posquam
986 1378 1165 1424 autem
1382 1360 1561 1438 triduo
1577 1360 1714 1438 _illn_d

543 1432 931 1497 cruciﬁxeruut
1380 1432 1765 1492 reaediﬁCabat
1796 1448 1807 1483 :

1380 1509 1551 1562 libera
1578 1514 1650 1559 te.
1688 1503 1744 1558 Si
1774 1503 1826 1555 li-

544 1529 690 1576 eum,
722 1512 925 1567 divise-

1382 1580 1486 1633 lius
1518 1577 1609 1630 Dei
1638 1590 1696 1629 es
1722 1582 1799 1639 tu,

543 1595 670 1639 runt
691 1584 790 1637 sibi
823 1598 940 1638 ves-

546 1656 768 1709 timenta
795 1655 912 1721 ejus
932 1695 946 1718 ,

542 1736 745 1781 sortem
775 1728 897 1779 mit-

544 1806 744 1860 tentes,
773 1804 832 1848 ut
861 1796 960 1848 im-

545 1868 787 1937 pleretur
814 1866 959 1936 quod

546 1939 749 1993 dictum
778 1945 862 1991 est
893 1951 992 2005 per

547 2008 902 2079 propliactam
938 2025 952 2061 :

1381 1659 1437 1704 et
1460 1646 1732 1702 descende

1380 1721 1473 1774 41.
1515 1718 1583 1772 de
1602 1731 1839 1772 crucem.
1866 1714 1947 1770 Si-

1382 1791 1585 1845 militer
1614 1796 1669 1842 et
1695 1789 1841 1855 prin-

1382 1863 1531 1932 cipes
1557 1858 1810 1932 sacerdo-

1388 1930 1499 1987 tum
1533 1930 1793 1986 deluden-

1387 2014 1469 2060 tes
1497 2019 1617 2058 cum
1651 2001 1862 2064 scribis,

548 2070 858 2135 bit-{serum
1386 2078 1466 2145 (a)
1495 2085 1549 2131 et
1581 2073 1877 2145 pharisaeis
1894 2070 1944 2145 ζί-

549 2152 651 2206 sibi
675 2152 967 2207 vestimen-
1386 2142 1478 2202 (£2.
1520 2142 1771 2199 dicebant
1801 2162 1815 2198 :
1841 2142 1953 2197 Ali—

546 2234 596 2277 ta
628 2238 769 2277 mea.
1386 2235 1448 2273 os
1478 2217 1658 2271 salvos
1690 2215 1833 2281 fecit,

618 2294 689 2349 Et
716 2308 879 2362 super
904 2306 1019 2348 ves-
1386 2303 1446 2345 se
1468 2289 1777 2362 ipsumnon

620 2378 729 2419 tem
760 2359 936 2419 meam
1387 2368 1570 2430 potest
1588 2359 1804 2413 salvum

617 2439 883 2491 miserunt
1389 2432 1568 2485 facere
1597 2448 1609 2483 :
1640 2430 1685 2484 si
1714 2445 1808 2485 rex

620 2518 845 2563 sortem.
1388 2501 1618 2557 Istrahel
1647 2509 1752 2566 est,
1776 2500 1899 2555 des-

548 2579 638 2637 56.
683 2580 748 2634 Et
772 2577 1026 2633 sedentes
1387 2573 1583 2628 cendat
1612 2586 1754 2626 nunc

549 2652 840 2707 servabant
1388 2644 1458 2699 de
1480 2658 1663 2706 cruce,
1704 2652 1759 2697 ct

1388 2714 1663 2770 credimus
1688 2715 1738 2768 ei
1768 2730 1780 2766 τ

1386 2787 1477 2842 45.
1519 2786 1592 2857 (b)
1620 2787 1663 2839 si
1694 2785 1733 2855 ’ξε
1761 2781 1997 2839 conﬁdet
2025 2783 2076 2839 in

1384 2858 1518 2917 Deo,
1552 2858 1747 2911 liberet
1769 2870 1911 2909 nunc

1382 2944 1529 2994 eum,
1554 2931 1597 2983 si
1631 2929 1745 2982 vult
1773 2942 1897 2983 eum
1926 2946 1941 2982 :

1380 2999 1517 3055 dixit
1544 2998 1685 3055 enim
1707 3015 1726 3053 :

548 2725 638 2780 57.
680 2738 826 2804 eum.
858 2720 926 2775 Et
952 2720 1206 2790 inposue-

546 2806 667 2850 runt
698 2809 746 2849 ei
775 2807 939 2861 supra

544 2875 707 2935 caput
729 2879 947 2917 causam

546 2940 665 3004 ejus
690 2936 947 3004 scriptam
974 2951 988 2987 :

548 3008 647 3063 llic
674 3015 758 3061 est
777 3022 870 3061 rex
896 3004 989 3060 Ju-

544 3079 827 3134 daeorum.
1381 3071 1519 3140 Quia
1540 3072 1635 3128 Dei
1668 3070 1812 3126 ﬁlius

545 3151 638 3209 58.
680 3150 831 3205 Tunc
855 3146 1101 3204 cruciﬁxi
1381 3158 1524 3199 sum.

977 3259 1212 3317 CODEX
1249 3256 1718 3313 CORBEIENSIS.

549 3365 818 3435 cemejus
845 3360 915 3435 Et
934 3366 1202 3435 venerunt
1226 3356 1276 3409 in
1306 3354 1608 3435 locum,qui
1634 3353 1829 3435 dicitur
1853 3351 2163 3435 (ξοιεοιιιπε,

549 3434 693 3504 quod
715 3424 794 3490 est
822 3428 1102 3504 Calvariae
1134 3428 1158 3504 ‘_
1182 3428 1330 3504 locus
1347 3428 1680 3504 nominatus.
1710 3424 1775 3477 Et
1798 3424 2065 3477 dederunt
2094 3424 2143 3477 ei

549 3496 735 3560 viuum
773 3503 957 3558 bibere
990 3515 1107 3554 cum
1135 3497 1257 3550 felle
1289 3498 1529 3549 niistum.
1566 3496 1630 3549 Et
1656 3512 1817 3563 quum
1847 3507 2139 3563 gustasset,

548 3577 723 3632 noluit
744 3577 945 3629 bibere.
980 3571 1268 3637 Postquam
1298 3577 1475 3620 autem
1494 3567 1877 3621 crucilixerunt
1895 3584 2040 3629 eum,
2062 3567 2144 3620 di-

550 3649 796 3703 viserunt
837 3641 1155 3698 vestimenta
1183 3641 1321 3707 ejus,
1346 3649 1545 3692 sortem
1575 3639 1867 3691 mittentes.
1895 3646 1919 3672 ἰ
1958 3638 2022 3691 Ει
2048 3654 2135 3692 se-

551 3718 741 3773 dentes
786 3715 1074 3771 servabant
1114 3726 1256 3763 eum.
1290 3710 1353 3763 Et
1392 3710 1761 3775 imposuerunt
1788 3724 1949 3777 super
1980 3718 2139 3777 caput

550 3790 669 3859 ejus
680 3802 924 3859 caussam
946 3782 1113 3859 iusius
1128 3780 1380 3848 scriptam
1405 3781 1528 3859 :Hic
1543 3791 1624 3859 est
1637 3782 1656 3810 ⁸
1681 3795 1769 3834 rex
1790 3780 2137 3835 Judaeorum.

549 3853 701 3915 Tunc
724 3862 744 3892 ³
776 3856 1016 3914 cruciﬁxi
1071 3864 1195 3907 Sttttt
1225 3869 1346 3907 cum
1377 3868 1444 3905 eo
1471 3853 1577 3906 duo
1606 3854 1845 3905 latrones
1877 3870 1888 3903 :
1932 3868 2068 3905 unus
2112 3868 2143 3906 a

551 3932 778 3997 dextris,
802 3943 857 3985 et
881 3942 1018 3982 unus
1040 3942 1068 3979 a
1093 3923 1348 3979 sinistris.
1376 3923 1980 3997 Praetereuntesauiem
2006 3925 2147 3997 blas-

547 3994 878 4074 phemabztnt
895 4014 1017 4074 eum
1048 3996 1654 4074 moventescapiiasua,
1680 4007 1733 4074 et
1762 3995 2006 4074 dicentes
2032 4012 2045 4047 :
2078 3994 2097 4024 ⁸
2118 3995 2144 4033 b

549 4065 650 4141 Qui
675 4072 993 4129 destruebas
1016 4068 1273 4141 templum
1303 4066 1567 4141 liei,_eti_u
1593 4066 1769 4141 triduo
1789 4065 1917 4141 illud
1942 4067 2151 4141 reaedi-

550 4137 753 4201 ﬁcabas
786 4164 796 4197 :
825 4145 972 4199 Salva
1005 4138 1372 4208 temetipsum.
1399 4138 1455 4193 Si
1481 4137 1619 4190 lilius
1648 4137 1741 4191 Dei
1766 4152 1845 4199 es,
1877 4137 2148 4192 desectide

548 4216 619 4271 de
648 4231 831 4271 cruce.
865 4213 1127 4269 Similiter
1159 4218 1337 4263 autem
1385 4217 1441 4262 et
1480 4208 1751 4278 principes
1805 4208 2145 4263 sacerdotum

549 4289 840 4342 illudentes
866 4300 988 4339 eum
1021 4298 1143 4337 cum
1197 4282 1391 4335 scribis
1418 4292 1473 4334 et
1498 4280 1807 4333 senioribus
1852 4278 2142 4334 dicebant:

546 4360 700 4413 Alios
719 4359 904 4412 salvos
920 4354 1066 4417 fecit,
1099 4353 1338 4418 seipsum
1360 4366 1463 4404 non
1485 4360 1663 4419 potest
1683 4350 1891 4404 salvum
1924 4350 2139 4405 facere:

551 4431 597 4483 si
627 4445 719 4484 rex
745 4428 907 4483 Israel
933 4436 1017 4479 est
1042 4467 1056 4485 .
1090 4424 1388 4477 descendat
1418 4438 1560 4475 nunc
1586 4421 1652 4475 de
1678 4435 1861 4487 cruce,
1895 4429 1947 4475 et
1967 4422 2144 4476 credi-

551 4516 671 4554 mus
718 4502 767 4553 ei
798 4518 810 4552 :
845 4497 1065 4551 conlidit
1107 4496 1159 4548 in
1194 4494 1214 4524 ⁸
1238 4494 1509 4547 Domino:
1557 4492 1749 4545 liberet
1796 4508 1938 4547 nunc
1991 4509 2136 4561 eum,

550 4571 597 4626 si
627 4570 740 4625 vult
769 4587 783 4624 :
812 4569 948 4624 dixit
977 4567 1124 4623 enim
1152 4583 1167 4621 :
1198 4566 1330 4633 Quia
1349 4564 1442 4619 Dei
1474 4563 1613 4618 ﬁlius
1638 4578 1777 4617 sum.

1058 235 1335 295 EUSEBll
1373 225 1713 290 VERCELL.
1753 221 2208 282 EVANGELIUM
2249 219 2387 279 CUM
2430 219 2655 277 VARIIS
2694 218 2850 276 COD.
2890 216 3287 276 COLLATUM.

2210 1560 2213 1565 ,
2246 1511 2354 1557 tem
2383 1502 2597 1557 cruciﬁ-

2676 333 2908 391 CODEX
2946 331 3399 392 VERONENSIS.

3078 432 3167 487 58.
3208 429 3358 484 Tunc
3378 424 3619 483 cruciﬁxi

3076 511 3203 558 sunt
3226 517 3345 556 cum
3374 514 3441 555 80

3077 575 3184 629 duo
3210 573 3448 627 latrones
3477 587 3491 624 :

3079 661 3217 701 unus
3242 660 3272 699 a
3302 643 3532 706 dextris,

2246 432 2386 497 ejus.

2245 506 2336 561 55.
2379 504 2446 559 Et
2473 512 2741 558 venerunt

2246 577 2297 630 in
2331 577 2529 639 locum,
2558 576 2648 643 qui

2244 647 2441 702 dicitur
2467 646 2663 701 Golco-

2248 721 2360 784 tba,
2392 717 2536 788 quod
2568 726 2652 772 est
3078 729 3133 772 et
3158 731 3296 771 unus
3322 716 3389 769 ad
3418 712 3671 768 sinistris.

2244 789 2525 843 Calvariae
2566 789 2647 844 lo-
3079 789 3168 845 59.
3210 788 3572 842 Transeuntes

2245 876 2359 915 cus.
3076 868 3256 915 autent
3291 860 3437 912 blas-

2246 932 2335 986 '54.
2379 930 2446 984 Et
2466 930 2731 986 dederunt
3077 931 3405 1002 pbemabruit

2245 1004 2293 1057 ei
2324 1002 2506 1057 bibere
3078 1019 3199 1058 eum
3225 1010 3500 1056 moventes

2247 1074 2432 1127 vinum
2464 1088 2587 1127 cum

2246 1146 2373 1200 felle
2398 1145 2641 1198 mixtum.

2246 1216 2319 1271 Et
2343 1232 2462 1271 cum
2488 1224 2700 1285 gustas-

2247 1298 2349 1353 set,
2375 1287 2548 1342 noluit
2575 1287 2657 1342 bi-

2246 1358 2396 1414 bere.

2246 1430 2335 1487 55.
2380 1430 2649 1500 Posquam
2678 1446 2778 1487 au-

3078 1077 3253 1146 capita
3283 1088 3401 1137 sua,
3427 1081 3482 1126 et

3077 1140 3169 1201 40'.
3209 1146 3452 1200 dicentes
3483 1159 3496 1196 :
3528 1140 3606 1196 Va

3079 1220 3169 1288 qui
3194 1216 3510 1271 destruebas

3082 1287 3339 1357 templum
3366 1287 3481 1350 Dei,

3078 1372 3132 1416 et
3154 1362 3204 1415 in
3229 1359 3408 1415 triduo

3081 1433 3199 1487 illut
3229 1427 3481 1486 reaediﬁ-

3078 1504 3239 1559 cabas
3266 1521 3278 1555 :
3313 1502 3482 1557 libera

3084 1586 3153 1630 te.
3181 1576 3236 1629 Si
3262 1574 3405 1628 ﬁlius
3434 1569 3530 1625 Dei

3080 1662 3161 1713 es,
3191 1656 3240 1699 et
3272 1642 3544 1699 descende

3081 1718 3150 1773 de
3175 1731 3359 1773 cruce.

3082 1790 3174 1844 41.
3218 1786 3479 1845 Similiter

3083 1862 3352 1929 principes
3383 1874 3469 1929 sa-

3081 1928 3360 1987 cerdotum
3390 1928 3484 1983 de-

3082 2003 3330 2058 ludeutes
3354 2015 3475 2055 cum

3079 2075 3295 2138 scribis,
3326 2072 3402 2143 (a)
3434 2081 3491 2126 et

3081 2146 3380 2215 pbarisaeis
3399 2144 3437 2214 ’ξ-

3080 2211 3171 2271 32.
3215 2211 3465 2271 dicebant
3492 2232 3505 2269 :
3530 2211 3689 2268 Alios

3083 2291 3262 2344 salvos
3291 2287 3437 2350 fecit,
3467 2300 3527 2339 se

3084 2361 3259 2430 ipsum
3286 2360 3492 2413 salvum
3518 2356 3605 2430 l'a:

3084 2426 3211 2488 cere
3241 2445 3344 2484 non
3387 2426 3611 2499 potest?

3084 2504 3129 2558 si
3158 2518 3249 2557 rex
3274 2498 3501 2555 Istrahel

3084 2582 3187 2640 est,
3219 2571 3513 2627 descendat

3084 2645 3153 2700 de
3179 2644 3341 2700 cruce
3370 2656 3535 2703 nunc.

3083 2725 3139 2771 et
3168 2715 3441 2770 credimus
3471 2712 3519 2766 ei
3543 2728 3558 2762 :

3082 2788 3173 2843 45.
3218 2788 3294 2858 (b)
3320 2787 3363 2840 si
3395 2784 3435 2856 -ξ-
3462 2778 3693 2837 conﬁdit

3084 2860 3138 2913 in
3171 2860 3302 2924 Deo,
3336 2858 3531 2911 liberet

3082 2945 3225 2985 nunc
3252 2945 3398 2992 eum,
3425 2927 3470 2981 si

3082 3004 3195 3055 vult
3223 3000 3296 3071 (c)
3328 3014 3451 3057 eum
3483 2997 3560 3068 τε

3082 3072 3215 3128 dixit
3246 3074 3427 3127 enim:

3080 3144 3213 3213 Quia
3242 3144 3340 3198 Dei
3371 3142 3511 3197 ﬁlius
3549 3152 3690 3195 sum.

2709 3261 2938 3317 CODEX
2977 3260 3372 3317 BRIXIANUS.

2249 3354 2531 3427 cemejus.
2557 3354 2623 3409 Et
2648 3357 2927 3411 venientes
2954 3357 3004 3410 in
3036 3357 3207 3411 locum
3240 3356 3329 3427 qui
3361 3354 3558 3409 dicitur
3583 3348 3835 3420 Golgotba

2248 3426 2391 3495 quod
2415 3435 2497 3480 est
2524 3427 2804 3482 Calvariae
2832 3429 3001 3482 locus.
3037 3426 3310 3483 Dederuut
3336 3428 3386 3483 ei
3413 3428 3622 3480 bibere.
3640 3430 3835 3495 acetum

2246 3493 2368 3551 cum
2391 3497 2513 3551 felle
2531 3500 2780 3552 mixtum.
2800 3501 2863 3553 lit
2881 3516 3001 3553 cum
3022 3507 3289 3570 gustasset
3304 3493 3839 3553 noluitbibere.Post-

2246 3584 2406 3639 quam
2430 3578 2608 3624 autem
2631 3572 3015 3625 crurilixerunt
3041 3587 3184 3624 eum.
3200 3571 3500 3624 diviserunt
3523 3570 3836 3639 vestimenta

2246 3636 2366 3708 ejus
2383 3651 2529 3695 Sorte
2554 3643 2850 3696 mittentes.
2876 3641 2945 3696 Et
2972 3643 3222 3696 sedentes
3250 3642 3539 3697 servabant
3564 3654 3685 3694 eum
3714 3636 3834 3708 illic.

2245 3706 2313 3766 Et
2339 3713 2708 3781 imposaeruut
2738 3728 2902 3781 super
2937 3726 3097 3782 caput
3117 3716 3256 3781 ejus.
3288 3728 3501 3766 causam
3531 3712 3655 3780 ejus
3682 3706 3839 3782 scrib-

2247 3794 2376 3837 tam.
2404 3780 2499 3836 llic
2517 3796 2597 3837 est
2620 3784 2776 3840 Jesus
2798 3780 2889 3840 rex
2913 3780 3258 3841 Judaenrnui.
3282 3784 3433 3839 Tunc
3451 3780 3841 3837 crucilixissent

2247 3869 2370 3909 cum
2395 3869 2459 3907 eo
2489 3854 2625 3910 duos
2659 3858 2915 3911 latrones.
2960 3873 3126 3910 unum
3160 3873 3189 3910 a
3217 3857 3443 3909 dextris.
3494 3868 3547 3909 et
3600 3866 3763 3907 unum
3812 3865 3838 3901 a

2251 3925 2508 3979 sinistris.
2538 3928 2949 3983 Praetereuntes
2998 3943 3176 3982 autem
3230 3925 3681 3997 blaSpbetnabant
3724 3937 3838 3976 eum

2255 4008 2535 4051 moventes
2563 4000 2740 4066 capita
2766 4015 2861 4053 sua
2905 4011 2957 4053 et
2984 3999 3248 4055 dicentes.
3279 4000 3379 4064 Qui
3407 3998 3662 4051 destrues
3713 4002 3842 4045 tem-

2257 4070 2399 4138 plum
2430 4070 2518 4123 Dei
2546 4082 2601 4124 et
2624 4072 2673 4123 in
2702 4070 2882 4124 triduo
2913 4072 3040 4125 illud
3071 4070 3409 4128 reaediﬁcas.
3457 4072 3609 4122 salva
3639 4072 3845 4138 temet-

2253 4137 2451 4209 ipsum.
2504 4142 2558 4197 Si
2594 4140 2734 4195 ﬁlius
2768 4142 2857 4195 Dei
2884 4158 2942 4196 es
2972 4143 3241 4197 descende
3268 4142 3337 4196 de
3366 4155 3549 4196 cruce.
3590 4137 3844 4209 Similiter

2246 1583 2442 1628 xerunt
2471 1588 2617 1637 eum,

2250 1644 2549 1699 diviserunt
2572 1645 2674 1699 sibi

2249 1717 2571 1770 vestimenta
2597 1716 2733 1785 ejus,

2251 1799 2452 1841 sortem
2478 1789 2692 1841 mitten-

2253 1869 2354 1924 tes,
2388 1868 2445 1912 ut
2467 1858 2654 1927 imple-

2251 1940 2398 1986 retur
2427 1930 2568 1999 quod

2249 2000 2448 2055 dictum
2480 2010 2561 2054 est

2252 2089 2345 2143 per
2373 2071 2660 2144 proletam,

2250 2144 2521 2198 dicentem
2557 2160 2569 2194 :

2252 2216 2567 2270 Diviserunt

2251 2287 2351 2342 sibi
2379 2286 2668 2342 vestimen-

2251 2368 2303 2413 ta
2330 2372 2469 2413 mea.
2504 2357 2570 2411 Et

2249 2444 2414 2494 super
2451 2439 2654 2484 vestem

2251 2514 2426 2556 meam
2461 2502 2726 2555 miserunt

2250 2583 2475 2627 sortem.

2250 2642 2340 2700 56.
2385 2644 2450 2697 Et
2473 2642 2725 2698 sedentes

2251 2716 2541 2769 servabant
2564 2729 2710 2768 eum.

2251 2786 2341 2840 57.
2385 2785 2454 2839 Ει
2495 2793 2795 2855 posuerunt

2250 2872 2312 2912 su
2322 2872 2415 2927 per
2443 2865 2605 2925 caput

2250 2930 2367 2997 ejus
2392 2942 2609 2983 causam

2251 3001 2369 3069 ejus
2391 3004 2646 3069 scriptam
2676 3019 2690 3056 :

2254 3070 2352 3126 llic
2378 3080 2458 3126 est
2489 3087 2583 3126 rex

2251 3141 2601 3199 Judaeorum.

2202 4258 2207 4261 Α
2252 4206 2306 4266 et
2330 4213 2599 4281 principes
2627 4217 2968 4268 sacerdotum
3001 4214 3308 4267 inludentes
3331 4228 3476 4266 eum.
3538 4225 3665 4264 cum
3713 4206 3844 4281 scri-

2254 4279 2339 4355 bis
2362 4292 2417 4336 et
2438 4284 2745 4355 senioribus
2770 4284 2870 4355 (a).
2906 4293 2960 4338 et
2992 4286 3291 4355 pbarisaeis
3310 4283 3349 4354 -ίο
3375 4282 3647 4355 dicebant.
3702 4279 3843 4355 Alioi

2252 4353 2431 4407 salvos
2464 4354 2607 4408 fecit.
2636 4370 2695 4410 se
2719 4348 2890 4422 ipsum
2926 4348 3029 4410 no'u
3069 4364 3248 4425 potest
3297 4348 3501 4408 salvum
3555 4352 3753 4425 facere.
3802 4348 3842 4399 si

2251 4440 2345 4478 rex
2373 4426 2594 4480 Sdraliel
2628 4434 2713 4480 est
2728 4421 3022 4481 descendat
3053 4421 3195 4482 nunc
3247 4427 3314 4479 de
3340 4441 3523 4480 cruce.
3567 4433 3629 4477 ut
3666 4421 3846 4475 videa—

2248 4513 2387 4549 mus.
2433 4510 2486 4550 et
2514 4499 2800 4551 credamus
2836 4499 2906 4552 ei.
2950 4500 3174 4554 conﬁdit
3206 4500 3254 4551 iti
3286 4497 3455 4551 Deum
3487 4496 3682 4549 liberet
3707 4504 3845 4546 nunc

2242 4582 2364 4621 eum
2392 4568 2435 4622 si
2470 4570 2583 4622 vult
2610 4569 2683 4640 (c)
2710 4585 2833 4624 eum
2858 4571 2914 4641 -j-.
2943 4571 3079 4625 dixit
3099 4573 3244 4626 enim
3272 4569 3396 4640 quia
3429 4568 3520 4622 Dei
3539 4566 3685 4620 lilius
3703 4579 3839 4618 sum.

1229 4680 1631 4739 VARIANTES
1666 4678 2051 4739 LECTIONES
2087 4680 2352 4741 CODICIS
2387 4684 2499 4741 MS.
2539 4687 2595 4741 S.
2637 4686 3144 4745 GERMANENSIS.

611 4823 629 4855 ι
666 4820 820 4871 locus.
846 4820 910 4871 Et

611 4883 817 4933 ’-Jesus

609 4947 632 4979 ³
665 4945 1074 4998 crucifixerunt...
1097 4956 1307 4995 unum...
1334 4950 1386 4995 et
1406 4956 1557 4994 unum

2317 4822 2341 4915 ζ
2370 4820 2751 4937 I(iuﬁfnzile‘stztruit
2767 4824 3081 4889 templum,et
3100 4828 3147 4876 iu
3166 4810 3377 4877 triduum
3394 4824 3512 4877 illud
3531 4823 3844 4876 reaediﬁcat:

1884 5028 2254 5088 BLANCllINl
2289 5032 2519 5090 ΝΟΤιλΕ.

620 5162 646 5191 α
672 5150 828 5221 Quod
852 5150 1095 5221 sequitur
1116 5147 1168 5201 in
1192 5147 1417 5204 Sixtinis
1469 5146 1656 5202 Bibliis
1688 5188 1703 5210 ,
1745 5156 1801 5200 ut
1824 5147 2140 5221 impleretur

544 5219 897 5297 quodidictttut
920 5219 1012 5297 est,
1039 5231 1168 5297 etc.,
1194 5220 1476 5297 omissum_
1497 5225 1765 5272 testantur
1787 5219 1886 5297 viri
1911 5220 2053 5297 docti
2087 5220 2137 5273 in

545 5288 799 5352 omnibus
826 5295 977 5348 libris
1004 5292 1240 5352 antiquis
1268 5290 1509 5344 melioris
1535 5298 1699 5354 notae,
1727 5300 1780 5343 et
1809 5288 1911 5344 huc
1935 5290 1987 5343 in
2010 5290 2141 5344 Mat-

544 5371 690 5422 tbteo
721 5366 1039 5419 translatum
1065 5362 1148 5417 vel
1180 5378 1245 5417 ex
1270 5361 1567 5431 Evangelio
1614 5361 1911 5415 secundum
1934 5361 2137 5417 Jolian-

542 5455 692 5502 nem,
735 5448 827 5491 aut
856 5438 1033 5506 potius
1060 5450 1127 5488 ex
1151 5433 1348 5487 Psalmi
1384 5448 1495 5506 xxi,
1522 5447 1667 5506 vers,
1698 5432 1785 5506 l9.
1822 5434 1981 5506 l.i_ica_e
2004 5433 2138 5506 Bru-

540 5512 724 5583 gensis
754 5503 1027 5563 variantes
1049 5507 1312 5561 lectiones
1334 5503 1589 5558 editionis
1617 5503 1816 5558 Latium
1841 5503 1907 5558 N.
1940 5503 2004 5557 Τ.
2037 5504 2137 5559 hoc

2252 5150 2374 5205 loco
2402 5152 2771 5209 consulendaz.

2321 5222 2348 5306 ξ)
2379 5222 2616 5306 Hilarius
2643 5226 2914 5306 consentit
2940 5227 2991 5282 in
3024 5226 3388 5306 haelectioue
3416 5240 3693 5306 cu_m_ms.
3717 5224 3846 5280 Cor-

2248 5292 2452 5367 beiensi
2482 5312 2495 5361 ;
2528 5297 2629 5350 alia
2688 5296 2888 5367 optima
2930 5297 3259 5367 exemplaria
3292 5298 3661 5353 vetustiSsima
3710 5307 3846 5351 teste

2248 5365 2391 5438 Luca
2424 5367 2683 5438 Brugensi
2728 5365 2923 5437 legunt
2966 5365 3105 5425 cum‘
3146 5385 3250 5423 ms.
3282 5371 3469 5425 codice
3512 5368 3844 5425 Sani-Germ.

2248 5436 2489 5503 destruit,
2517 5436 2834 5511 r'eaediﬁcat.

612 5647 686 5721 (lt)
712 5647 789 5701 Ita
818 5656 871 5703 et
890 5646 1013 5701 cod.
1037 5644 1194 5699 Cant.
1229 5646 1316 5698 καὶ
1340 5645 1647 5715 Φαρισαίων.
1674 5668 1746 5681 —-
1784 5640 1859 5713 (b)
1901 5640 2065 5699 Addit
2093 5643 2137 5697 si

2253 5644 2364 5700 .iam
2398 5646 2519 5702 cod.
2565 5646 2719 5703 Cant.
2751 5647 2869 5704 Lat.
2910 5656 2963 5705 et
2999 5648 3096 5703 Gr.
3140 5650 3203 5704 ιε.
3226 5678 3296 5691 -
3320 5647 3393 5721 (c)
3422 5648 3495 5703 lta
3524 5656 3579 5702 et
3605 5655 3717 5703 tex.
3749 5646 3840 5703 Gr.

530 5720 706 5773 αὐτόν.
