3980 6192
173 229 296 290 3ὶὸ

587 345 815 404 CODEX
854 346 1380 404 VERCELLFNSIS.

160 434 268 511 44.
317 435 380 493 Id
421 437 592 511 ipsum
622 449 804 496 autem
1019 456 1090 498 ne
1110 441 1386 497 videamus

157 521 221 563 et
247 509 527 582 latrones,
1019 514 1092 582 (c)
1121 515 1166 568 si
1197 514 1345 568 venit
1366 511 1567 579 Helias,

154 581 259 650 qui
295 581 546 638 cruciﬁxi
1019 581 1096 658 (Δ)
1129 595 1184 641 et
1203 584 1279 658 (ε)
1303 584 1551 639 liberavit
1575 584 1614 656 ’ί-

153 660 331 705 erant
356 668 477 707 cum
1016 673 1160 712 eum.

152 737 252 795 eo,
297 724 620 795 inpropera-
1014 728 1104 784 50.
1146 727 1304 784 Jesus
1330 734 1511 782 autem
1541 726 1642 783 ite-

149 792 256 880 45.
301 792 524 880 bantéi.
561 796 624 852 Et
655 805 798 868 post-
1013 815 1130 855 rum
1153 801 1392 855 clamans

151 879 330 940 quam
365 879 555 940 eruet-7
1014 886 1145 926 voce
1171 886 1388 940 magna,

155 937 306 990 ﬁxus
336 950 417 993 est
445 940 514 993 ab
545 939 642 994 ho—
1011 943 1188 998 emisit
1217 937 1483 1012 spiritum.
1510 941 1576 996 Et

152 1022 222 1061 ra
253 1016 414 1063 sexta
440 1019 596 1067 tene-
1011 1013 1102 1068 51.
1143 1028 1272 1070 ecce
1297 1013 1479 1067 velum

155 1078 296 1134 brae
329 1079 503 1136 factae
1009 1085 1194 1156 templi
1220 1082 1447 1140 scissum

156 1161 291 1222 sunt
313 1168 474 1222 super
496 1169 557 1208 u-
1006 1169 1090 1212 εει
1122 1161 1176 1211 in
1208 1157 1340 1210 duas

154 1220 432 1276 niversain
1004 1239 1185 1299 partes
1209 1242 1240 1282 a
1267 1242 1418 1299 sum-

154 1301 365 1375 terram
390 1309 556 1366 usque
1005 1298 1092 1353 mo
1115 1315 1282 1370 usque
1309 1298 1406 1354 de-

153 1379 214 1418 m
249 1379 397 1420 oram
425 1382 525 1422 no-
1000 1384 1204 1437 orsum,
1233 1378 1288 1426 et
1316 1379 1424 1424 ter-

153 1450 308 1490 tiam.
999 1456 1060 1496 re
1090 1454 1294 1497 motum
1328 1441 1440 1496 fac-

152 1506 250 1562 46.
291 1507 442 1564 Circa
467 1510 600 1566 hora
628 1525 726 1565 au-
997 1521 1109 1568 tum
1137 1523 1222 1569 est
1242 1528 1388 1584 mag-

155 1588 273 1654 tem_
296 1596 488 1636 nonam
993 1598 1144 1650 num,
1176 1595 1232 1640 et
1254 1595 1437 1654 petrae

151 1650 475 1722 exclamavit
993 1656 1120 1711 lisse
1145 1650 1290 1722 sunt,
1325 1667 1380 1711 et

989 1725 1079 1781 52.
1121 1742 1441 1783 monumen-

990 1805 1040 1863 ta
1070 1800 1334 1868 patefacta

987 1881 1110 1925 sunt
1138 1889 1150 1925 :
1181 1882 1233 1926 et
1261 1871 1399 1926 mult
1439 1910 1452 1922 .
1499 1909 1512 1924 .

985 1954 1118 2008 corp
1147 1982 1160 1996 .
1206 1982 1220 1996 .
1252 1958 1282 1996 a
1309 1957 1465 1997 sanc-

987 2020 1164 2067 torum
1187 2013 1390 2068 dormi-

154 1718 316 1797 Iesus
331 1737 462 1780 voce
491 1740 634 1797 mag-

156 1807 243 1856 na,
270 1795 457 1850 dicens
488 1814 500 1850 :
533 1795 636 1853 ne.

156 1863 211 1924 li.
239 1864 376 1930 Heli,
406 1867 540 1924 lenta
572 1868 705 1923 zalt-

160 1934 345 1991 thani?
370 1939 468 1993 ltoc
489 1951 572 1996 est
598 1959 612 1995 :

162 2006 296 2063 Deus
318 2025 489 2076 meus,
521 2011 662 2069 Deus
689 2028 808 2070 me-

161 2091 240 2150 us,
271 2082 472 2150 utquid
500 2099 588 2140 me
987 2121 1002 2136 .
1047 2123 1061 2137 .
1109 2125 1120 2137 .
1166 2125 1179 2139 .
1207 2100 1324 2150 um,
1356 2101 1476 2140 sur-
1546 2127 1551 2133 .

163 2147 470 2218 dereliquis—
981 2154 1070 2212 55.
1116 2194 1129 2209 .
1175 2198 1188 2212 .
1222 2147 1434 2210 xerunt.
1471 2155 1539 2210 Et

165 2219 247 2276 Π.
285 2223 364 2277 ti?
391 2224 618 2293 Quidam
986 2268 998 2282 .
1046 2269 1059 2282 .
1087 2239 1276 2283 euntes
1305 2227 1372 2282 de

167 2303 326 2348 autem
357 2295 464 2352 illic
984 2337 999 2351 .
1045 2336 1059 2350 .
1089 2314 1356 2354 onumen-

171 2371 372 2432 stantes,
400 2378 453 2422 et
480 2368 632 2424 audi-
985 2408 999 2420 .
1045 2409 1058 2423 .
1104 2409 1118 2424 .
1163 2411 1174 2423 .
1223 2410 1236 2423 .
1267 2379 1357 2426 ost
1387 2385 1569 2425 resur-

171 2447 304 2490 entes
327 2439 616 2496 dicebant:
986 2477 1003 2494 .
1047 2481 1060 2494 .
1109 2481 1122 2495 .
1166 2481 1180 2494 .
1229 2483 1241 2495 .
1277 2457 1434 2497 ooem

173 2503 353 2581 Heliam
382 2521 536 2567 vocat
984 2550 997 2565 .
1044 2551 1059 2568 .
1103 2556 1117 2568 .
1160 2552 1175 2567 .
1207 2530 1254 2581 s,
1289 2528 1451 2568 vene-

1043 2623 1058 2638 .
1103 2627 1118 2643 .
1163 2625 1176 2638 .
1210 2585 1262 2640 in
1295 2601 1453 2640 sanc-

983 2695 997 2708 .
1046 2697 1056 2709 .
1103 2695 1118 2711 .
1164 2697 1177 2711 .
1207 2657 1502 2723 civitatem,

982 2764 996 2780 .
1041 2767 1054 2781 .
1099 2728 1230 2784 .ltis
1255 2743 1419 2800 appa-

168 2577 244 2632 48.
283 2582 397 2636 iste.
430 2584 495 2636 Et
513 2585 688 2639 conti-

169 2663 260 2704 Πυο
291 2667 512 2709 currens

166 2735 291 2776 unus
319 2739 382 2778 ex
403 2726 483 2780 eis
502 2741 593 2782 ac-

160 2806 301 2867 cepta
324 2798 544 2867 spongia

58 2863 62 2936 ξ
160 2863 388 2934 implevit
407 2863 530 2923 ace-

58 2937 60 2940 ’
155 2945 307 3009 ζο,γει
330 2938 565 3009 inposuit

155 3007 208 3061 in
234 3007 548 3072 harundine.

152 3088 205 3133 et
235 3079 390 3134 dabat
418 3082 470 3135 ei
503 3083 654 3138 bibe-

150 3150 239 3204 49.
279 3168 356 3207 re.
388 3155 563 3209 Ceteri
597 3167 726 3209 vero
977 3155 1068 3212 54.
1111 3157 1232 3211 viso
1264 3167 1438 3211 terrae

152 3223 229 3294 (b)
257 3223 503 3280 dixerunt
527 3225 568 3298 ἢ·
596 3243 607 3280 :
632 3225 724 3282 Si-
975 3237 1123 3283 motu
1153 3238 1208 3283 et
1228 3244 1290 3284 ea
1313 3243 1451 3298 quae

581 3336 813 3394 CODEX
851 3338 1318 3397 CORBEIENSIS.

151 3429 379 3499 ldipsum
432 3441 609 3486 autem
661 3443 715 3488 et
762 3430 1019 3497 latrones,
1071 3434 1163 3505 qui
1223 3436 1238 3465 ¹
1291 3433 1533 3491 cruciﬁxi
1585 3443 1745 3490 erant

153 3517 272 3575 eum
295 3517 382 3563 eo.
415 3505 854 3575 improperabant
879 3505 951 3559 ei.
991 3506 1036 3560 A
1066 3513 1219 3559 sexta
1272 3518 1451 3561 autem
1499 3507 1628 3561 hora
1665 3517 1743 3562 te-

151 3573 351 3647 pebrae
378 3575 549 3630 laetae
579 3573 704 3629 sunt
732 3590 896 3644 Super
924 3578 1225 3632 universam
1247 3587 1443 3632 terram
1475 3594 1642 3647 usque
1671 3579 1737 3632 ad

149 3643 336 3700 horam
361 3661 579 3701 nonam.
611 3648 676 3700 Et
700 3643 841 3700 circa
875 3648 1062 3702 horam
1086 3663 1278 3702 uanam
1303 3643 1738 3704 clamavit—Jews

149 3732 279 3771 voce
300 3718 758 3786 magna,dicens:
789 3727 815 3754 ει
845 3719 986 3781 lleli,
1021 3723 1157 3774 lema
1189 3722 1209 3752 ³
1242 3721 1597 3779 sabaclttani?
1635 3721 1736 3776 hoc

150 3797 234 3842 est
263 3805 276 3840 :
330 3787 474 3860 Deus
519 3805 700 3853 meus,
733 3789 873 3844 Deus
902 3807 1053 3846 meus
1078 3832 1093 3855 ,
1128 3801 1184 3845 ttt
1221 3794 1346 3860 quid
1373 3791 1392 3821 ³
1425 3808 1509 3845 me
1539 3793 1736 3846 dereli—

151 3861 307 3926 qttisli
331 3859 354 3912 ἲ
380 3861 607 3927 Quidam
633 3872 809 3915 autem
852 3862 963 3916 illic
984 3872 1214 3930 stantes,
1239 3859 1289 3918 et
1321 3863 1602 3918 audientes
1654 3864 1738 3916 di-

149 3933 373 3985 reliant:
407 3931 610 3986 Heliam
639 3941 793 3986 vocat
815 3934 934 3987 iste.
974 3935 1035 3988 Et
1059 3940 1314 3988 continuo
1342 3949 1568 3988 currens
1597 3951 1735 3990 unus

150 4019 215 4057 ex
240 4004 317 4055 eis
342 4013 623 4075 acceptam
655 4005 932 4072 spOngiam
964 4007 1207 4075 implevit
1232 4017 1409 4071 aceto,
1455 4015 1510 4059 et
1562 4006 1737 4074 impo-

151 4076 254 4126 suit
277 4074 556 4140 arundini,
587 4085 638 4128 et
666 4075 829 4129 dabat
857 4079 902 4130 ei
936 4074 1141 4131 bibere.
1165 4077 1376 4132 Caeteri
1411 4090 1541 4131 vero
1591 4077 1736 4133 dicc-

151 4145 277 4198 bant
305 4162 318 4197 :
351 4145 480 4200 Sine
501 4146 778 4200 videamus
799 4163 867 4202 an
896 4151 1078 4202 veniat
1099 4149 1280 4204 llelias
1316 4149 1549 4203 liberans
1584 4163 1730 4202 eum.

152 4215 301 4270 Ιιιειις
321 4231 505 4271 autem
536 4219 725 4272 iterum
749 4219 994 4274 clantans
1024 4234 1155 4274 voce
1178 4236 1390 4288 magna,
1422 4218 1604 4274 emisit
1629 4221 1737 4288 Spi-

154 4292 328 4342 ritum.
361 4288 428 4343 Et
460 4303 587 4343 ecce
621 4290 796 4344 velum
845 4291 1027 4360 templi
1081 4294 1308 4346 scissum
1361 4301 1444 4344 est
1499 4289 1552 4344 in
1600 4292 1734 4346 duas

156 4370 330 4430 partes
352 4375 381 4412 a
412 4375 624 4413 summo
667 4376 834 4426 ustitte
862 4362 1114 4416 deorsum
1135 4405 1147 4426 ,
1173 4373 1226 4418 et
1255 4374 1394 4417 terra
1443 4374 1584 4416 mota
1630 4375 1734 4428 est,

155 4442 209 4484 et
239 4442 416 4500 petrae
457 4435 658 4486 scissae
709 4441 855 4497 sunt,
883 4442 938 4488 et
964 4443 1306 4488 monumenti
1352 4444 1534 4502 aperta
1567 4444 1732 4488 sunt:

158 4512 210 4555 et
263 4503 423 4557 multa
487 4518 712 4575 Corpora
785 4515 1138 4571 sanetormu,
1202 4507 1291 4575 qui
1363 4507 1730 4568 dormierunt,

159 4582 517 4628 surrexerunt.
576 4573 642 4628 Et
703 4584 962 4630 exeuntes
1039 4577 1105 4630 de
1177 4573 1539 4631 lliOttItmelllis
1613 4584 1735 4646 post

161 4646 594 4701 resurrectionem
645 4647 841 4716 ipsius,
898 4657 1158 4702 venerunt
1213 4649 1264 4701 in
1316 4658 1554 4702 sanctam
1598 4650 1732 4703 civi-

163 4727 311 4771 tatem
343 4758 358 4782 ,
409 4726 464 4770 et
511 4729 876 4787 apparuerunt
926 4722 1127 4773 multis.
1194 4717 1450 4774 Centurio
1503 4730 1681 4774 autem
1712 4760 1728 4782 ,

161 4797 214 4840 et
246 4788 329 4856 qui
371 4803 491 4843 cum
548 4804 613 4841 eo
659 4801 817 4844 erant
848 4832 863 4855 ,
918 4790 1288 4847 custodientes
1335 4790 1561 4860 Jesum,
1615 4793 1732 4846 viso

161 4867 322 4916 terrae
351 4869 497 4916 motu
523 4869 577 4918 et
596 4859 682 4917 his
709 4876 848 4932 quae
872 4859 970 4917 ﬁe-

1117 229 1571 290 EVANGELIUM
1612 224 1987 288 SECUNDUM
2026 225 2465 287 MATTHIEUM.

3381 223 3486 282 διδ

2322 342 2557 401 CODEX
2594 341 3046 402 VERONENSIS.

1881 437 1973 495 44.
2015 438 2070 494 ld
2097 441 2272 509 ipsum
2300 447 2479 494 autem
2717 438 2847 494 Sine
2873 437 3152 509 videamus

1881 520 1936 566 et
1964 508 2224 574 latrones,
2247 511 2338 580 qui
2715 510 2790 637 Le)
2819 510 2865 564 si
2893 509 2932 579 ἰ-
2959 508 3142 564 veniet

1881 581 2120 637 cruciﬁxi
2148 591 2306 637 erant
2457 613 2460 616 ~
2764 581 2918 637 elias.
2949 580 3033 637 (ά)
3063 588 3119 635 et

1879 581 2120 638 cruciﬁxi
2148 576 2306 638 erant
2457 613 2460 616 ~
2715 576 2919 646 Helias,
2949 580 3033 651 (ά)
3063 588 3119 635 et
3145 576 3215 651 (e)
3248 579 3312 636 li-

1877 668 1999 709 cum
2027 670 2114 715 eo,
2145 653 2349 724 impro-
2713 651 2919 724 beravit
2937 651 2976 723 -ξ-
3004 666 3150 715 eum,

1877 726 2142 796 perabant
2166 722 2236 781 ei.
2713 724 2803 781 50.
2845 722 3006 796 Jesus
3029 728 3210 778 autem

1873 795 1964 853 45.
2008 799 2075 853 Ει
2103 806 2382 868 postquam
2406 811 2533 853 cru-
2710 796 2904 852 iterum
2929 795 3169 851 clamans

1873 869 2066 924 cilixus
2095 879 2178 924 est
2207 885 2236 922 a
2265 884 2391 923 sex-
2709 883 2843 924 voce
2868 880 3116 937 magna».

1875 949 1926 994 ta
1957 945 2088 995 hora
2112 941 2370 996 tenebrae
2708 938 2892 995 emisit
2913 937 3074 1009 spiri-

1871 1010 2043 1068 factae
2081 1020 2207 1066 sunt
2238 1027 2327 1066 su-
2709 1019 2844 1066 tum.

1869 1098 1969 1154 per
1990 1083 2299 1139 universam
2707 1083 2798 1138 51.
2842 1082 2909 1138 Ει
2938 1095 3066 1137 ecce
3087 1079 3268 1138 velum

1869 1165 2066 1210 terram
2095 1169 2266 1225 usque
2707 1154 2891 1226 templi
2916 1155 3143 1226 scissum

1865 1226 1933 1281 ad
1962 1225 2150 1282 horam
2175 1242 2277 1282 no-

1865 1314 2010 1352 nam.

1861 1368 1955 1425 46.
1995 1369 2152 1426 Circa
2180 1370 2366 1425 horam

2704 1237 2787 1282 est
2816 1224 2868 1282 in
2898 1224 3036 1280 duas

2702 1307 2883 1370 partes
2902 1311 2933 1351 a
2957 1311 3108 1370 sum-

2701 1369 2793 1426 mo
2820 1383 2989 1440 usque
3012 1369 3109 1425 de-

1863 1455 2059 1496 nonam
2087 1441 2342 1498 clamavit
2699 1455 2911 1508 orsum,

1859 1511 2017 1568 Jesus
2041 1528 2177 1568 voce
2697 1523 2754 1568 et
2780 1523 2923 1569 terra

1849 1599 2050 1654 magna
2073 1603 2086 1639 :
2125 1584 2264 1648 llcli.
2696 1595 2842 1640 muta
2871 1591 2976 1650 est,

2694 1667 2751 1712 et
2777 1670 2960 1728 petrae
2985 1655 3143 1710 ﬁssae

2695 1728 2789 1784 52.
2829 1737 2975 1790 sunt.
3006 1733 3062 1782 et
3087 1737 3280 1781 monu-

2694 1808 2878 1856 menta
2898 1813 3056 1868 aper-

2694 1879 2744 1926 ta
2767 1879 2924 1926 sunt:
2957 1878 3012 1926 et

2691 1945 2856 1998 multa
2886 1954 3114 2012 corpora

2689 2010 2998 2070 sanctorum
3025 2010 3150 2066 dor-

2688 2086 2994 2148 mientium,
3033 2094 3215 2137 surre—

2685 2158 2773 2214 55.
2816 2164 3034 2220 xerunt,
3071 2153 3138 2209 Et
3162 2166 3256 2207 ex-

2684 2237 2875 2284 euntes
2898 2227 2967 2283 de
2985 2240 3108 2281 mo-

2683 2300 2958 2356 numentis
2988 2306 3108 2368 post

2683 2371 3140 2429 resurrectionem

1856 1654 1996 1721 Heli,
2031 1658 2167 1711 lama
2193 1658 2269 1726 (α)
2300 1670 2392 1711 za-

1856 1729 2002 1796 ptani
2025 1728 2101 1799 1'?
2133 1727 2238 1782 hoc

1854 1808 1938 1852 est
1959 1816 1972 1852 :
2008 1801 2147 1854 Deus
2180 1813 2354 1867 meus,

1852 1869 1994 1924 Deus
2027 1887 2178 1926 meus
2202 1912 2218 1936 ,

1850 1950 1908 1995 ut
1937 1943 2063 2010 quid
2093 1957 2178 1998 me
2205 1941 2302 1998 de-

1850 2013 2164 2083 reliquisti?

1847 2084 1938 2139 47.
1979 2084 2208 2154 Quidam

1848 2165 2028 2210 autem

1847 2226 1958 2282 illic
1987 2236 2194 2284 stantes
2209 2271 2225 2295 ,
2339 2296 2342 2298 γ

1847 2307 1903 2352 et
1932 2298 2212 2355 audientes
2235 2301 2287 2354 di
2304 2329 2320 2341 -

1847 2373 2042 2424 cebant
2065 2388 2079 2426 :
2108 2371 2296 2426 Helian

1848 2449 2006 2496 vocat
2035 2445 2156 2498 iste.

2685 2443 2876 2514 ipsius,
2904 2445 3173 2498 venerunt

1845 2511 1936 2568 48.
1979 2514 2050 2568 Ει
2077 2513 2336 2570 continuo

2683 2515 2737 2570 in
2767 2523 3010 2570 sanctam

1846 2599 2071 2641 currens
2104 2601 2242 2640 unus
2681 2587 2978 2644 civitatem.

1845 2670 1916 2711 ex
1949 2659 2033 2730 eis
2055 2668 2275 2730 accepta
2682 2667 2738 2712 et
2761 2658 2943 2712 multis
2968 2670 3067 2726 ap-

1844 2729 2072 2799 spongia
2681 2736 2999 2799 paruerunt.

1846 2797 2088 2869 implevit
2674 2797 2767 2856 54.
2807 2797 3067 2856 Centurio

1845 2882 2020 2934 aceto,
2051 2881 2107 2926 et
2136 2873 2306 2943 impo—
2672 2881 2875 2937 autem,

1844 2943 1954 2996 suit
1986 2944 2292 3011 ltarundiui,
2681 2954 2736 2998 et
2762 2944 2852 3013 qui
2875 2956 2997 2998 cum
3019 2952 3089 3013 eo

1845 3020 1900 3066 et
1930 3013 2092 3068 dabat
2114 3014 2164 3069 ei
2278 3010 2282 3011 ί
2684 3010 2860 3079 erant,
2884 3010 3194 3068 custodien—

1845 3081 2051 3138 bibere.
2685 3095 2765 3141 tes
2794 3084 2974 3140 Jesum
2991 3122 3008 3149 ,
3041 3079 3156 3134 viso

1846 3153 1936 3229 49.
1977 3154 2156 3229 Ceteri
2184 3171 2314 3213 vero
2337 3155 2418 3229 (b)
2684 3165 2980 3229 terremotu

1846 3226 2102 3283 dixerunt
2119 3228 2191 3300 ’ξε
2345 3223 2354 3229 ’
2397 3223 2408 3226 ’
2682 3237 2736 3283 et
2761 3227 2843 3282 his
2868 3239 3004 3297 quae
3028 3223 3124 3277 ﬁe-

2311 3342 2544 3398 CODEX
2581 3340 2975 3400 BRIXIANUS.

1846 3434 2082 3505 Idipsum
2111 3443 2314 3492 autem.
2348 3447 2404 3491 et
2444 3437 2684 3492 latrones
2711 3436 2800 3506 qui
2831 3431 3070 3490 cruciﬁxi
3109 3433 3265 3506 erant
3296 3436 3439 3506 cum

1845 3501 2398 3577 eo'itnpmpcrabant
2444 3509 2532 3563 ei.
2569 3549 2581 3563 .
2616 3501 2838 3564 Aséxta
2888 3518 3066 3560 autem
3111 3501 3242 3556 liora
3289 3505 3442 3550 tene-

1843 3577 1977 3651 brae
2015 3581 2184 3632 factae
2225 3594 2369 3634 sunt.
2433 3597 2596 3651 super
2650 3581 2956 3634 universmn
3017 3587 3216 3631 terram
3266 3581 3436 3651 usque

1839 3649 1908 3704 ad
1965 3648 2152 3723 horam
2196 3665 2414 3706 nonam.
2456 3640 2611 3707 Circa
2647 3652 2834 3706 lteram
2866 3656 3287 3723 autem__lwl_l§"!!
3328 3640 3440 3723 0'2'

1842 3723 2005 3774 mavit
2057 3722 2216 3775 Jesus
2288 3739 2420 3778 voce
2481 3739 2671 3792 magna
2726 3724 2932 3777 dicetis.
2985 3718 3121 3792 ileli.
3176 3713 3312 3790 lleli.
3375 3712 3439 3792 lif

1839 3794 2268 3847 tnusabactltani.
2314 3799 2415 3849 ltoc
2443 3805 2546 3848 Cal.
2582 3791 2722 3849 Deus
2773 3809 2944 3848 meus.
2980 3791 3121 3845 Deus
3163 3798 3334 3840 meus.
3380 3791 3438 3834 ut

1839 3864 1966 3932 qttid
2001 3880 2088 3938 me
2128 3866 2486 3935 dereliquisti.
2537 3866 2764 3934 Quidam
2802 3874 3008 3938 autem.
3050 3861 3161 3914 illic
3191 3863 3430 3938 .Slulllef;

1839 3923 1894 3988 ἐι
1939 3935 2242 3990 audientes.
2279 3923 2720 4006 dicebantfqnia
2773 3936 2959 3990 llelian
2992 3939 3151 3986 vocat
3191 3923 3434 4005 iste..Et

1838 4011 2098 4060 continuo
2128 4009 2426 4063 adcurrens
2457 4025 2598 4062 unus
2617 4024 2680 4062 ex
2709 4009 2787 4062 eis
2812 4013 3030 4075 arcepta
3062 4010 3430 4078 spongea}!!!-

1842 4078 2004 4152 plevit
2033 4091 2208 4152 aceto.
2259 4089 2312 4134 et
2352 4081 2608 4152 imposuit
2645 4066 2960 4152 harundini:
2998 4085 3057 4152 et
3082 4066 3245 4127 dabat
3272 4066 3432 4152 cibi-

1841 4135 2215 4225 bercheteri
2261 4135 2442 4225 auten;
2485 4150 2754 4225 dicebant.
2803 4149 2931 4204 Sine
2975 4146 3251 4225 videamus
3283 4135 3432 4225 (ο).βί

1837 4219 1876 4290 σία
1898 4220 2044 4274 venit
2067 4221 2250 4276 llelias
2275 4224 2485 4276 salvare
2513 4237 2662 4276 eum.
2692 4220 2849 4275 .lesus
2872 4227 3070 4273 autem.
3101 4216 3292 4268 iterum
3321 4209 3432 4290 cla-

1840 4281 1993 4344 t'uans
2042 4306 2174 4347 voce
2219 4309 2431 4362 magna.
2465 4293 2644 4348 emisit
2683 4291 2952 4361 spiritum.
2988 4290 3054 4342 Et
3095 4299 3222 4340 ecce
3253 4281 3430 4362 velum

1837 4364 2025 4430 templi
2049 4367 2278 4418 scissum
2301 4351 2384 4418 εει
2416 4367 2467 4418 in
2492 4367 2623 4417 duas
2647 4351 2825 4432 pailes
2853 4378 2880 4414 a
2904 4373 3118 4415 summo
3145 4368 3317 4422 usque
3336 4351 3429 4432 def

1836 4448 2043 4489 orsum.
2077 4445 2131 4490 et
2162 4447 2304 4490 terra
2337 4446 2478 4491 mota
2499 4446 2602 4489 est.
2634 4431 2688 4490 et
2735 4445 2920 4503 petrae
2961 4433 3161 4485 scissae
3191 4433 3337 4480 sunt.
3381 4431 3433 4477 et

1837 4516 2182 4560 monumenta
2205 4518 2390 4576 aperta
2415 4517 2560 4562 aunl.
2581 4518 2631 4562 et
2655 4508 2818 4560 multa
2849 4517 3074 4572 corpora
3103 4506 3432 4576 sanctorum.

1840 4579 1932 4646 qui
1965 4572 2317 4652 dormierunt.
2353 4578 2822 4652 surrexerunt._l£t
2847 4583 3107 4652 exeuntes
3145 4572 3212 4652 de
3245 4583 3439 4652 monu-

1841 4650 2057 4704 mentis.
2074 4660 2194 4719 post
2220 4652 2670 4706 resurrectionem
2697 4649 2834 4718 ejus.
2857 4647 3254 4720 introierunthin
3277 4651 3433 4720 sanc—

1841 4727 1945 4771 tam
1997 4711 2290 4775 civ'itatem.
2340 4732 2397 4775 et
2444 4711 2810 4792 apparuerunt
2850 4715 3036 4792 multis
3069 4755 3082 4768 .
3113 4755 3126 4768 .
3172 4711 3434 4792 Centurio

1836 4801 2017 4845 autem
2081 4801 2136 4845 et
2173 4793 2262 4861 qui
2309 4809 2431 4847 cum
2476 4783 2541 4847 eo
2610 4802 2766 4847 erant
2811 4790 3176 4846 custodientes
3223 4783 3429 4838 Jesum.

1834 4869 1952 4919 viso
2000 4871 2312 4918 terremolu.
2347 4874 2401 4919 et
2447 4863 2532 4918 his
2563 4878 2699 4934 quae
2728 4863 2826 4919 ﬁe-

816 4977 1214 5037 VARIANTES
1252 4979 1637 5039 LECTIONES
1673 4979 1942 5038 CODlClS
1980 4981 2088 5036 MS.
2129 4979 2188 5036 S.
2230 4979 2739 5038 GERMANENSIS.

217 5078 232 5108 ³
265 5075 341 5125 ﬁxi

217 5140 236 5170 ¹
263 5135 574 5189 ubacthani?

1903 5075 1924 5108 ⁸
1954 5074 2266 5141 dereliquisti
2290 5075 2407 5127 me?

1490 5201 1852 5259 BLANCHlNl
1889 5200 2120 5258 ΝΟΤᾸΞ.

223 5325 245 5353 ³
274 5317 525 5372 llebraica
550 5315 711 5372 verba
745 5315 950 5371 Latinis
990 5317 1269 5388 peregrina
1298 5318 1446 5373 varie
1476 5317 1724 5375 scribun-

162 5392 304 5444 turin
331 5404 456 5443 mss.
491 5389 661 5453 libris,
686 5389 781 5442 sed
813 5389 1010 5457 ubique
1035 5400 1311 5459 corrupte,
1363 5399 1421 5444 ιιι
1466 5405 1592 5445 ante
1627 5405 1724 5444 nos

161 5463 420 5514 adnotavit
463 5459 752 5525 Brugensis
803 5474 947 5527 Saepe
993 5460 1258 5516 laudatus.
1311 5461 1586 5530 lnterpres
1618 5459 1726 5517 Go-

160 5533 320 5587 thicus
345 5548 440 5602 pro
465 5533 584 5598 ‘Bli,
621 5531 804 5586 scribit
835 5533 1069 5602 aspirate
1099 5530 1248 5587 Helei
1276 5548 1296 5598 ;
1322 5542 1378 5589 et
1402 5549 1502 5604 pro
1533 5534 1723 5588 Grieco

1831 5318 1994 5373 Ἠλίαν
2020 5316 2180 5381 infra,
2205 5328 2261 5374 et
2291 5318 2485 5374 Latino
2513 5317 2712 5384 Etiam,
2742 5320 2981 5374 occurrit
3009 5317 3296 5374 Gothicum
3326 5315 3433 5371 ﬂe-

1832 5391 1959 5453 lt'an,
1987 5397 2042 5443 et
2065 5390 2391 5446 Saxonicum
2422 5390 2654 5446 Heliam.
2710 5391 2787 5445 Ita
2822 5390 3086 5445 Maresclt.
3116 5389 3346 5444 Observ.
3377 5389 3430 5442 itt

1832 5475 1976 5516 vers.
2007 5461 2166 5531 Angl.
2194 5461 2323 5516 Sax.
2359 5479 2411 5530 p.
2437 5463 2563 5518 500.
2611 5463 2758 5517 Bene
2808 5463 2967 5528 igitur
2996 5461 3249 5531 coaveuit
3297 5473 3428 5514 mss.

1831 5531 2031 5588 nostris
2055 5529 2177 5588 cum
2203 5529 2540 5588 versidnibus
2568 5533 2739 5597 autiq.
2771 5531 2924 5586 hisce
2953 5529 3214 5586 barbaris.

214 5667 288 5741 (ιι)
332 5667 480 5750 Cod._
519 5667 677 5750 Cant.
744 5672 873 5750 Lat._
896 5672 1375 5750 Zaptltani.‘_Ca_nt.
1405 5675 1501 5731 Gr.
1533 5678 1733 5750 ζᾳφθοενε

1838 5683 1883 5730 et
1922 5689 2084 5750 manu
2126 5673 2414 5750 recentiori
2451 5674 2710 5750 σαφᾷανεί.
2739 5697 2811 5711 —-
2843 5669 2918 5739 (b)
2945 5667 3022 5722 Ita
3050 5673 3108 5719 et
3129 5663 3252 5719 cod.
3276 5664 3433 5722 Cant.

157 5737 300 5798 εἶπες).
323 5765 394 5782 -
419 5741 487 5814 (c)
509 5742 670 5802 Juxta
692 5751 803 5802 ιεχ.
833 5744 927 5803 Gr.
974 5737 1034 5802 ὁὶ.
1061 5774 1132 5788 -ο-
1161 5747 1240 5818 (d)
1284 5747 1358 5803 lta
1395 5754 1452 5803 et
1486 5737 1615 5804 cod:
1658 5749 1729 5804 Ca

1846 5749 1932 5802 καὶ
1971 5748 2153 5802 σώσει.
2186 5775 2255 5787 -
2284 5745 2357 5815 (ε)
2384 5759 2414 5798 υ
2441 5737 2539 5812 pro
2564 5743 2613 5793 ὁ.
2697 5783 2724 5817 η
