1990 3096
272 123 323 152 547

469 186 584 214 CUDEX
607 185 873 214 VERCELLENSIS.

273 229 554 260 ﬁeb....timue-

275 321 282 328 .
306 285 567 330 centes:V.'-'
608 286 615 295 ’
691 323 699 330 .
782 324 788 330 ,
812 323 818 329 .
842 322 849 329 .
871 288 1031 331 ,θάοεῑε-’

273 346 304 365 re
322 338 368 366 Dei
384 338 455 366 ﬁlius
470 344 530 366 erat
691 346 736 366 um
752 346 913 366 monumen-

272 373 332 401 iste.
690 374 735 402 61.
749 374 778 408 ti,
790 380 817 403 et
830 374 905 404 abiit.
919 374 981 402 Erat

689 416 780 437 autem
797 410 832 438 ibi
845 409 900 437 Ma;

688 447 726 473 ria
741 445 875 480 Magdale-

688 488 749 510 nae.
766 486 792 509 et
805 481 890 508 altera

687 516 781 549 Maria,
799 517 898 544 seden-

691 557 731 580 tes
741 560 791 579 con
804 572 811 579 .
834 571 840 579 .
863 571 870 578 .
885 559 927 580 SC-

692 591 819 616 ..ulcr.
842 608 849 616 .
872 607 879 614 .

690 624 734 651 62.
755 623 847 651 Altera
861 627 950 651 autem

690 659 745 692 die,
758 667 826 693 quae
848 680 855 687 .
878 678 885 685 .
907 678 915 686 .
938 679 944 686 .

692 700 754 729 post
767 703 844 729 paras
859 714 866 721 .
889 714 895 721 .
916 710 930 716 -

272 409 318 436 55.
341 427 350 437 .
372 429 378 436 .
396 417 443 437 ran
457 429 463 435 .
484 430 491 437 .
507 414 597 439 autem

271 444 308 472 ibi
325 445 450 473 mulieres

271 481 372 508 multae
384 489 398 507 a
414 482 473 508 lon-

269 523 313 550 ge,
329 516 369 553 (α)
381 516 504 545 videntes
519 517 549 553 1-,
564 525 634 553 quae

270 557 381 579 secutae
395 554 452 580 fue—

270 591 332 614 rant
345 587 436 615 Jesum
453 596 468 615 a
483 587 554 616 Cana
565 588 619 617 Ga-

272 622 345 654 lilea,
362 623 455 651 minis-

270 657 315 685 56.
338 663 441 687 trantes
455 659 498 687 ei:
512 659 531 687 i.
543 673 556 679 -

272 698 313 721 ter
323 701 390 729 quas
405 702 435 722 er
448 715 454 721 .
477 715 485 721 .

271 729 354 757 Maria
370 730 443 765 Mag-
694 738 727 758 ve
738 738 827 758 conve
843 752 849 757 .
873 751 878 756 .
900 746 913 751 -

271 784 280 792 .
304 785 310 791 .
327 765 434 800 alenae,
450 773 466 794 e
480 786 487 793 .
510 787 516 793 .
691 766 823 800 runtprin
839 787 845 793 .
869 786 876 794 .
896 781 909 786 -

270 800 354 828 Maria
368 801 417 829 Jac
431 822 438 830 .
461 821 468 829 .
485 802 492 829 i
690 809 739 836 pes
754 802 849 830 sacerd
868 821 874 828 .
897 822 903 828 .
927 822 934 828 .
957 823 963 829 .
987 823 992 828 .

691 838 940 871 etpbar.....

272 891 279 899 .
301 890 310 899 .
331 892 339 900 .
361 891 369 899 .
391 892 400 900 .
422 892 429 899 .
457 880 501 900 um
523 872 652 902 Zebedei.
690 873 723 899 ad
736 873 823 900 Pilatu
841 893 848 899 .
871 893 878 900 .
901 893 908 900 .
931 893 938 899 .

691 909 1051 937 65.centes:......

272 952 615 972 ...'o...
690 952 937 971 nerem....-

270 978 314 1005 57.
336 983 418 1012 esset,
434 987 487 1007 ve.
511 1000 518 1007 .
541 999 548 1007 .
689 979 803 1007 ratisu.
827 999 834 1007 .
858 1001 865 1007 .
889 1001 894 1007 .
918 1000 953 1007 ..

270 1013 475 1048 quidamhomo
690 1033 698 1042 .
739 1037 745 1042 .
787 1036 793 1042 .
834 1036 840 1042 .
881 1037 888 1043 .
929 1036 935 1043 .
977 1035 984 1042 .
1026 1036 1032 1042 .

270 1049 563 1086 divesab(b)Arima—
691 1071 697 1077 .
736 1072 745 1079 .
785 1072 791 1078 .
832 1070 839 1079 .
880 1071 887 1079 .
927 1072 934 1079 .
976 1070 983 1078 .
1023 1071 1029 1079 .

271 1085 366 1121 tilia-la
382 1085 492 1114 nomine
691 1107 698 1114 .
737 1095 759 1113 .‘
786 1106 792 1114 .
833 1108 839 1113 .
880 1107 886 1115 .
927 1108 934 1115 .
976 1108 982 1114 .
1024 1107 1030 1114 .

270 1156 410 1191 discipul.
434 1178 440 1185 .
463 1178 471 1186 .
493 1177 500 1185 .
523 1178 530 1185 .
553 1165 581 1191 ,λ
690 1158 798 1185 tertium
815 1178 822 1186 .
844 1178 851 1185 .
873 1178 881 1186 .
903 1180 910 1186 .
933 1180 940 1187 .

271 1192 316 1220 58.
336 1197 395 1220 erat
412 1192 486 1221 Jesu.
508 1194 556 1222 llic
570 1202 599 1222 a-
690 1201 840 1228 resurgam.

303 1248 310 1255 .
334 1249 340 1254 .
362 1229 397 1255 sit
409 1229 443 1256 ad
458 1229 527 1257 Pila-
692 1228 736 1256 64.
757 1229 825 1257 Jube
839 1238 903 1265 ergo
914 1237 976 1258 cus-

691 1265 768 1292 todiri
788 1267 880 1299 sepul-

689 1300 784 1327 chrum
797 1308 882 1335 usque

690 1336 716 1363 in
731 1336 802 1363 diem
815 1336 892 1364 terti-

688 1380 734 1399 um
747 1381 753 1399 :
769 1379 802 1398 ne
818 1371 889 1399 forte

689 1408 797 1434 veniant
812 1407 870 1434 dis,

689 1443 772 1478 cipnli
786 1443 855 1477 ejus,
873 1441 900 1471 ei

690 1479 814 1506 furentur
826 1480 900 1512 enin,

690 1519 718 1542 et
727 1514 818 1542 dicant
834 1515 891 1549 ple-

690 1551 715 1577 vi
729 1560 735 1577 :
750 1549 816 1584 Quia
833 1557 926 1587 surre-

689 1586 729 1613 xit
740 1594 754 1613 a
769 1584 894 1613 mortuis.

689 1622 723 1648 Et
732 1622 784 1649 erit
799 1621 891 1648 novis-

688 1657 772 1684 simus
786 1664 863 1684 error

689 1692 768 1733 995°".
778 1692 873 1733 Prif’lii-
882 1726 921 1733 κ..
942 1730 948 1733 .
996 1725 998 1727 ι

687 1728 734 1756 65.
755 1726 800 1754 Ait
815 1727 869 1754 illis
882 1726 1004 1755 Pilatus:

273 1283 280 1289 .
302 1270 359 1295 .m,
375 1268 429 1299 etp
445 1285 452 1292 .
476 1265 618 1294 .tiitco.-

273 1318 281 1325 .
303 1319 310 1326 .
326 1306 358 1326 us
371 1299 444 1327 Jesu.
460 1300 537 1329 Tunc

274 1334 375 1361 Pilatus
385 1335 468 1369 jussit

271 1369 347 1406 reddi
363 1378 471 1406 corpus.

272 1405 317 1433 59.
338 1406 371 1443 _Et
385 1405 445 1434 cum
461 1407 584 1443 accepis-

272 1446 315 1469 set
333 1441 396 1469 Jose
413 1463 420 1469 .
443 1463 449 1469 .
464 1450 524 1470 eor-

272 1484 322 1510 pus
334 1477 408 1510 .lesu,
421 1478 508 1507 invol-

270 1520 311 1552 ιζ.
334 1533 341 1540 .
363 1534 370 1541 .
393 1532 400 1540 .
422 1514 600 1552 ,Δυᾱίηεγη-

271 1547 342 1576 done
356 1549 464 1577 munda.

271 1583 317 1625 ρο.
339 1584 373 1611 Ει
388 1585 477 1619 posuit
488 1594 522 1614 eu
537 1607 544 1613 .
566 1607 573 1615 .

271 1627 298 1646 lll
313 1627 423 1648 monum
441 1641 447 1648 .
470 1641 477 1648 .

273 1662 483 1683 ..uon0v..

275 1690 490 1719 ..odexcide.
512 1712 520 1720 .
542 1713 549 1720 .

482 1774 598 1802 CODEX
617 1775 856 1803 CORBEIENSIS.

274 1819 338 1846 bant
351 1839 358 1851 ,
373 1817 520 1848 timuerunt
539 1821 627 1853 valde,
652 1821 793 1849 dicentes:
816 1821 886 1848 Vere
908 1821 954 1848 Dei
975 1821 1046 1847 ﬁlius
1062 1821 1070 1836 ¹

274 1859 331 1881 erat
346 1855 408 1882 iste.
425 1855 509 1882 Erant
533 1862 620 1883 autem
636 1856 673 1884 ibi
688 1857 814 1884 mulieres
829 1857 929 1884 multae
940 1864 954 1883 a
972 1857 1049 1892 longe
1062 1877 1070 1889 ,

274 1898 343 1924 quae
356 1896 486 1925 sequntae
501 1892 605 1919 fuerant
618 1892 709 1920 Jesum
733 1902 746 1919 a
763 1892 893 1925 Galilaea,
912 1893 1069 1919 ministrari.

274 1931 315 1963 tes
328 1927 352 1953 ei
368 1936 374 1953 ε
396 1928 466 1954 inter
490 1936 558 1962 quas
581 1934 638 1955 erat
660 1928 739 1955 Maria
758 1929 925 1963 Magdalene,
944 1930 971 1955 el
988 1928 1070 1955 Maria

274 1961 364 1989 Jacobi
389 1967 415 1989 et
430 1961 531 1998 Joseph
546 1971 643 1997 uiator,
660 1969 686 1990 et
697 1969 783 1991 mater
796 1961 911 1991 liliorum
924 1964 1068 1991 Zebedaei.

274 1999 361 2035 Quum
374 2005 546 2035 seruantem
559 2000 655 2027 factum
675 2005 758 2033 esset,
775 2001 848 2027 venit
867 2000 975 2035 quidam
988 1999 1070 2026 homo

275 2034 351 2071 dives
364 2034 397 2071 ab
412 2035 422 2049 ’
435 2033 620 2071 Aritnatbaea,
638 2036 746 2062 nomine
767 2033 887 2071 Ioseph,
905 2036 950 2070 qui
966 2041 992 2062 ct
1012 2036 1070 2068 ipse

274 2065 333 2096 erat
361 2070 509 2104 discipulus
537 2065 618 2097 ειεξειι.⁷
634 2071 682 2098 Hic
708 2065 1069 2102 accessit‘adPilatumJt

275 2106 351 2139 petiit
369 2114 467 2139 corpus
494 2106 567 2133 Jesn.
583 2106 657 2134 Tunc
684 2107 785 2133 Pilatus
805 2107 885 2139 jussit
910 2107 984 2133 reddi
1008 2114 1069 2134 eor-

276 2149 333 2174 pus.
352 2139 385 2168 Et
409 2146 520 2176 accepto
545 2150 669 2176 corpore,
690 2143 788 2176 Joseplt
808 2142 940 2169 involvit8
956 2142 1021 2169 illud
1043 2143 1068 2169 in

274 2176 388 2204 sindone
410 2178 519 2204 munda.
539 2178 570 2204 Et
586 2179 674 2212 posuit
697 2178 761 2205 illud
778 2178 804 2206 in
825 2183 1000 2206 monumento
1020 2186 1069 2205 suo

275 2219 359 2243 novo,
388 2213 458 2247 quod
487 2214 625 2241 exciderat
651 2214 675 2241 iu
701 2219 788 2248 petra.
819 2214 851 2241 Et
878 2214 997 2240 advolvit
1025 2221 1070 2240 sa-

274 2254 338 2273 xum
356 2255 481 2282 magnum
502 2249 534 2275 ad
549 2250 646 2275 ostium
662 2250 830 2276 monumenti
842 2271 849 2281 ,
872 2253 898 2276 et
912 2249 988 2276 abiit.
1006 2249 1070 2277 Erat

274 2288 363 2308 autem
381 2283 415 2309 ibi
431 2284 510 2310 Maria
524 2284 688 2319 Magdalene,
701 2291 727 2312 et
741 2287 825 2312 altera
840 2285 931 2316 Maria,
943 2285 1068 2312 sedentes

275 2322 368 2344 contra
391 2320 554 2353 sepulcrum.
580 2320 671 2347 Aitora
684 2326 773 2348 autem
790 2321 835 2348 die
846 2342 853 2354 ,
872 2328 941 2353 quae
954 2325 995 2347 est
1009 2325 1069 2355 post

278 2360 439 2391 paraseeven
450 2360 635 2382 convenerunt
644 2356 779 2391 principes
794 2356 963 2384 sacerdotum
973 2361 999 2383 et.
1010 2357 1071 2391 plia-

274 2389 353 2416 risaei
375 2391 406 2416 ad
423 2390 552 2422 Pilatum,
571 2389 711 2419 dicentes:
727 2389 855 2426 Domine,
872 2389 1069 2419 recordati-stt-

275 2432 345 2455 mus.
362 2426 421 2460 quia
437 2427 564 2453 seductor
576 2428 620 2454 ille
632 2427 795 2455 dixitadlmc
810 2430 921 2455 vivens:
937 2428 1000 2455 Post
1014 2431 1069 2455 tres

274 2459 332 2499 dies
341 2459 490 2499 resurgam.
501 2462 568 2489 Jube
575 2472 639 2498 ergo
646 2464 774 2491 custodiri
784 2465 936 2499 sepulcrum
948 2472 1032 2499 usque
1043 2465 1068 2490 in

274 2496 345 2522 diem
363 2498 472 2523 tertium
486 2507 492 2524 :
506 2506 538 2535 ne
553 2496 621 2525 forte
636 2500 746 2526 veniant
761 2496 883 2535 discipuli
898 2499 956 2534 ejus
966 2521 972 2531 ,
985 2496 1012 2526 et
1028 2496 1069 2535 ltu-

273 2536 368 2569 reutur
380 2539 453 2569 eum,
470 2539 497 2560 et
512 2534 604 2561 dicant
620 2535 688 2569 plebi
703 2544 709 2561 :
725 2533 849 2562 Surrexit
861 2541 874 2561 a
891 2533 1014 2562 uiorluis.
1035 2533 1070 2563 Ει

272 2567 325 2595 erit
340 2568 504 2597 novissimus
519 2577 596 2598 error
609 2567 684 2607 pejor
699 2571 800 2606 priore.
817 2571 860 2598 Ait
876 2570 930 2598 illis
943 2571 1046 2599 Pilatus
1061 2580 1068 2598 :

537 126 671 155 EUSEBll
692 124 862 154 VERCELL.
885 122 1108 154 EVANGELIUM
1129 113 1199 153 CUM
1221 124 1335 153 VAmlS
1354 125 1433 159 COD.
1454 125 1647 155 COLLATUM.

1335 182 1451 212 CODEX
1473 183 1695 212 VERDNENSlS.

1123 229 1196 266 bant;
1214 230 1362 266 timuerunt
1539 231 1565 257 in
1580 235 1664 266 petra.

1121 264 1210 294 valde,
1230 262 1368 293 dice'ntes:
1540 267 1573 293 Et
1580 262 1702 293 'advolvit

1122 300 1192 336 Vere
1206 300 1277 327 ﬁlius“
1539 309 1631 329 saxum
1646 307 1770 336 magnum

1122 335 1171 363 Dei
1185 340 1243 363 erat
1256 335 1308 363 hic.
1539 337 1571 364 ad
1587 335 1764 364 osteuntmo-

1123 371 1167 398 55.
1191 371 1275 398 Erant
1285 371 1374 399 autem
1539 373 1670 406 uumenti,
1690 376 1718 400 et

1122 406 1159 434 ibi
1174 407 1274 434 multae
1539 408 1614 435 abiit.

1122 450 1136 468 ει
1154 443 1242 477 longe,
1260 443 1298 478 (tl)
1313 443 1348 469 \‘i-
1540 444 1585 471 6L
1607 444 1672 471 Erat
1686 448 1776 471 autem

1122 477 1228 510 dentes,
1243 478 1262 513 οξ
1276 486 1344 513 quae
1541 479 1575 507 ibi
1589 480 1670 506 Maria
1684 479 1738 506 Ma-

1124 518 1233 550 §ccutue
1246 520 1322 540 erant
1541 515 1663 550 gdalena.
1678 520 1705 542 et

1122 549 1211 576 Jesuui
1225 559 1239 575 :i
1255 549 1326 576 Gali-
1542 549 1625 578 altera
1641 551 1733 583 Maria,

1122 584 1191 617 laea,
1208 585 1362 612 ministran-

1123 620 1167 646 56.
1191 625 1231 647 les
1245 629 1268 649 et
1283 630 1288 645 :
1306 623 1375 647 inter

1123 663 1189 690 quas
1202 662 1259 682 crat
1272 656 1325 683 illa-

1123 691 1161 718 ria
1176 691 1343 726 Magdalena,

1123 731 1151 754 et
1163 727 1243 754 Maria
1258 727 1304 754 Ja-

1123 762 1194 795 cobi,
1208 767 1235 789 et
1249 760 1363 797 .loseph,

1123 803 1150 825 et
1164 803 1250 825 mater
1266 798 1333 825 lilio-

1125 841 1184 860 rum
1201 833 1345 861 Zebedaei.

1123 869 1168 896 57.
1189 868 1255 896 Cum
1270 876 1332 897 sero
1343 876 1391 896 au‘

1125 909 1178 932 tem
1195 904 1294 931 factum

1123 944 1205 972 esset,
1223 941 1295 967 venit
1308 941 1368 975 qni-

1123 976 1183 1003 datn
1200 976 1281 1003 homo
1294 976 1332 1002 di-

1124 1019 1168 1038 ves
1180 1011 1213 1038 ab
1228 1011 1264 1047 (lt)
1282 1012 1338 1038 Ari-

1124 1047 1203 1074 malia
1219 1049 1248 1082 τ,
1263 1047 1350 1074 uomi-

1124 1090 1158 1109 ne
1169 1082 1280 1118 Joseph,

1123 1119 1167 1153 qui
1181 1123 1208 1146 et
1219 1119 1275 1153 ipse
1288 1118 1327 1145 di-

1122 1154 1243 1188 scipulus
1257 1159 1316 1181 erat

1123 1189 1169 1217 58.
1189 1189 1263 1216 Jesu.
1280 1189 1329 1217 Hic
1343 1196 1388 1216 ac-

1122 1226 1204 1252 cessit
1214 1224 1248 1252 ad
1260 1225 1303 1252 Pi-

1542 587 1667 614 sedentes
1679 590 1771 614 contra

1541 622 1724 656 sepulchrum.

1541 657 1584 684 62.
1607 658 1697 686 Altera
1712 661 1802 685 autem

1541 694 1595 726 die,
1610 701 1678 727 quae
1691 698 1733 721 est

1543 734 1601 763 post
1617 736 1781 764 parascevcn

1542 770 1727 792 convenerunt

1543 801 1678 836 principes
1692 808 1783 828 sacer-

1542 836 1646 867 dotum,
1663 841 1689 863 et
1700 836 1739 863 fa-

1543 872 1622 899 risaei
1635 871 1668 898 ad
1681 871 1726 898 Pi-

1544 907 1638 939 latum,
1652 907 1774 934 dicentes
1791 914 1799 932 :

1543 943 1587 970 65.
1611 943 1734 976 Domine,
1750 950 1792 970 re—

1541 979 1682 1006 memorati
1697 985 1743 1006 su-

1541 1022 1610 1044 mus.
1626 1015 1697 1049 quod
1711 1021 1753 1042 se-

1541 1049 1637 1077 ductor
1652 1050 1696 1078 ille

1541 1085 1609 1112 dixit
1622 1086 1711 1122 adhuc
1725 1085 1763 1122 vi:

1543 1128 1608 1148 vens
1626 1130 1632 1148 :
1648 1121 1711 1148 Post
1725 1125 1780 1148 ter-

1542 1156 1607 1183 tium
1622 1157 1691 1184 diem
1705 1165 1748 1185 re-

1540 1192 1584 1220 64.
1607 1194 1724 1226 surgam.
1738 1191 1812 1219 Juve

1540 1235 1605 1262 ergo
1615 1224 1744 1255 custodiri

1122 1260 1217 1293 latum,
1229 1265 1257 1287 et
1541 1260 1714 1297 sepulchrum

1123 1296 1189 1334 petit
1200 1303 1299 1334 corpus
1540 1307 1625 1334 usque
1640 1299 1666 1326 in
1680 1299 1750 1327 diem

1122 1331 1197 1359 Jesu.
1213 1332 1287 1358 Tunc
1542 1331 1651 1362 teriium
1669 1344 1676 1361 :
1692 1343 1726 1362 ne

1122 1367 1226 1394 Pilatus
1235 1366 1315 1402 jussit
1543 1371 1611 1397 forte
1625 1371 1735 1398 veniant

1122 1402 1198 1430 reddi
1214 1410 1323 1436 corpus.

1121 1438 1166 1465 59.
1189 1438 1221 1465 Et
1240 1442 1352 1473 accepto

1121 1480 1236 1509 corpore
1248 1473 1321 1505 .lesu,

1122 1509 1233 1536 involvit
1245 1509 1310 1536 illud

1121 1544 1149 1572 in
1163 1545 1278 1573 sindone

1123 1581 1167 1608 60.
1190 1581 1299 1608 munda.
1316 1579 1349 1607 Et

1121 1617 1212 1651 posuit
1222 1624 1282 1643 eum
1298 1616 1325 1643 in

1541 1405 1665 1440 discipuli
1682 1406 1750 1441 ejus,

1541 1447 1568 1469 et
1583 1441 1705 1469 l‘urentur

1540 1484 1613 1508 eum.
1627 1482 1655 1504 et

1540 1512 1629 1548 dicant
1645 1512 1702 1548 ple-

1539 1547 1566 1575 bi
1580 1557 1586 1574 :
1604 1547 1738 1584 Surrexit.

1539 1591 1553 1609 a
1570 1584 1694 1611 mortuis.
1711 1584 1743 1611 Et

1539 1620 1592 1646 erit
1607 1618 1769 1647 novissimus

1121 1656 1299 1679 monumento
1353 1685 1359 1690 _
1379 1686 1384 1690 .
1404 1686 1408 1690 _
1539 1662 1618 1682 error
1633 1655 1708 1690 pejor

1122 1694 1266 1725 suojnovo,
1289 1685 1361 1723 quod
1375 1686 1412 1722 (ε)
1543 1685 1640 1725 priori:
1659 1714 1662 1716 .

1121 1722 1220 1751 excidit
1234 1722 1255 1759 ’ἶ-
1300 1722 1305 1723 ⁷
1544 1722 1589 1753 6'5.
1611 1727 1656 1753 Ait
1671 1724 1725 1754 illis
1739 1726 1787 1754 Pi—

1357 1772 1473 1801 CODEX
1494 1767 1691 1803 BRleANUS.

1125 1819 1199 1846 baut.
1226 1820 1373 1847 timuerunt
1399 1820 1477 1848 valde
1513 1820 1642 1848 dicentes.
1670 1821 1741 1849 Vere
1777 1823 1825 1850 Dei
1859 1822 1929 1850 ﬁlius

1124 1859 1166 1882 cst
1196 1854 1256 1883 istc.
1292 1856 1374 1883 Erant
1405 1861 1493 1883 autem
1526 1856 1561 1883 ibi
1597 1856 1726 1884 mulieres
1763 1859 1878 1886 multae.
1913 1866 1927 1885 a

1125 1891 1205 1928 longe
1228 1891 1266 1928 (η)
1284 1892 1406 1918 videntes
1419 1891 1455 1926 1-.
1481 1898 1549 1926 quae
1569 1897 1677 1920 secutae
1696 1899 1777 1920 erant
1800 1894 1893 1921 Jesmn
1914 1901 1927 1920 a

1123 1927 1224 1955 Galilea
1239 1928 1424 1964 ministrantes
1436 1928 1471 1954 ei.
1492 1929 1560 1964 inter
1572 1935 1638 1962 quas
1651 1931 1711 1955 erat
1722 1928 1808 1956 Maria
1820 1930 1930 1964 Magda-

1123 1964 1183 1989 lcne
1195 1968 1221 1989 et
1239 1963 1318 1989 )laria
1333 1963 1438 1990 Jacobi.
1454 1968 1482 1990 et
1495 1962 1594 1998 Josepb
1611 1968 1697 1990 mater
1708 1969 1734 1991 et
1750 1967 1843 1992 mater
1859 1962 1927 1992 tilio-

1124 2006 1183 2025 rum
1205 1998 1333 2026 Zcbedei.
1357 1998 1423 2025 Cum
1449 2003 1538 2025 antetn
1560 2007 1623 2026 sero
1640 1999 1739 2026 luctum
1763 2005 1841 2027 esset
1857 2002 1929 2028 venit

1122 2034 1230 2069 quidam
1256 2035 1336 2061 homo
1352 2034 1426 2060 dives
1442 2034 1476 2061 ab
1501 2034 1538 2068 (ὁ)
1554 2034 1701 2061 Arimathia
1716 2035 1735 2070 1-
1756 2037 1871 2062 nomine
1885 2036 1928 2062 Jo-

1122 2069 1188 2104 seph
1207 2071 1251 2104 qui
1276 2075 1302 2096 nt
1323 2071 1380 2103 ipse
1395 2069 1545 2103 discipulus
1568 2074 1626 2097 erat
1646 2070 1719 2097 Jesu.
1743 2071 1795 2098 llic
1812 2071 1928 2099 accessit

1121 2106 1154 2131 ad
1176 2105 1289 2132 Pilatum
1305 2109 1332 2132 et
1346 2106 1411 2139 pctit
1427 2112 1525 2139 corpus
1540 2105 1615 2133 Jesu.
1633 2106 1708 2133 Tunc
1725 2107 1835 2134 Pilatus
1847 2108 1929 2141 jussit

1122 2141 1178 2167 dari
1193 2148 1302 2174 corpus.
1315 2141 1346 2168 lit
1359 2146 1470 2175 accepto
1481 2148 1594 2175 corpore
1606 2141 1668 2168 Jesu
1683 2141 1799 2176 Josepli.
1810 2143 1927 2169 involvit

1121 2176 1185 2203 illud
1203 2178 1227 2203 in
1243 2176 1356 2204 sindone
1372 2176 1469 2203 munda
1483 2177 1514 2203 Et
1529 2177 1617 2211 posuit
1630 2184 1691 2204 eum
1702 2178 1727 2205 in
1745 2183 1927 2205 monumento

1121 2214 1171 2239 s‘no
1187 2220 1266 2239 novo.
1283 2212 1353 2247 quod
1367 2213 1503 2239 exciderat
1517 2212 1544 2239 in
1566 2219 1651 2245 petra.
1668 2214 1700 2240 Et
1718 2214 1873 2241 advolvens
1888 2221 1929 2239 5;.-

1121 2256 1183 2275 xum
1197 2255 1322 2282 maguum
1337 2248 1369 2274 ad
1384 2249 1483 2274 ostium
1506 2249 1684 2276 monumenti.
1701 2249 1782 2276 abiit.
1800 2250 1867 2277 iii-at
1882 2258 1929 2275 au-

1122 2289 1174 2310 tem
1196 2283 1234 2310 ibi
1260 2284 1341 2310 Maria
1359 2283 1514 2318 Magdalene
1535 2288 1562 2311 et
1583 2284 1667 2310 altera
1690 2282 1773 2311 Maria
1798 2286 1929 2312 sedentes

1120 2324 1213 2347 eontra
1234 2320 1401 2353 sepulcrum.
1417 2319 1507 2346 Altera
1524 2324 1614 2345 autem
1639 2320 1694 2346 die.
1709 2328 1779 2354 quae
1804 2326 1849 2348 est
1868 2325 1929 2355 pust

1122 2355 1305 2390 purasccdem.
1322 2359 1520 2390 convenerunt
1544 2355 1679 2389 print-ipes
1703 2357 1882 2383 sacerdotum
1902 2361 1929 2382 et

1122 2386 1257 2425 pltarisnei
1270 2390 1303 2417 ad
1320 2386 1435 2417 Pilatum
1448 2386 1581 2418 diceliles.
1600 2386 1712 2417 nomine
1723 2392 1868 2419 recordati
1884 2400 1931 2419 su-

1121 2435 1181 2454 Inus
1195 2426 1266 2461 quod
1282 2427 1410 2454 seductor
1424 2426 1468 2452 ille
1486 2426 1554 2453 dixit
1573 2426 1662 2453 adhuc
1678 2427 1773 2453 vivens
1790 2427 1859 2454 Post
1876 2434 1931 2454 ter-

1122 2463 1187 2489 tituu
1199 2463 1271 2489 dietn
1285 2470 1434 2496 resurgam.
1451 2461 1519 2489 .luhe
1537 2470 1603 2496 ergo
1613 2462 1745 2489 custodiri
1761 2464 1926 2496 sepulcrum

1122 2501 1206 2532 usilne
1227 2497 1252 2525 iu
1271 2497 1342 2524 diem
1361 2496 1478 2534 tertluni.
1495 2504 1527 2524 ne
1549 2496 1619 2525 l'u’rte
1634 2498 1775 2534 venientes
1798 2498 1928 2534 discipuli

1121 2535 1180 2568 ejus
1195 2534 1317 2560 furentur
1327 2541 1387 2560 eunt
1399 2537 1427 2560 et
1442 2533 1531 2560 dicant
1546 2534 1627 2567 plebi.
1646 2533 1807 2561 ltesurrexit
1823 2542 1838 2560 a
1856 2533 1930 2561 nini--

1256 2569 1307 2596 erit
1322 2568 1484 2596 novissimus
1498 2576 1584 2596 error.
1609 2569 1684 2604 pejor
1699 2569 1784 2604 priori
1813 2571 1859 2598 Mt
1874 2570 1927 2597 illis

1143 2606 1152 2633 i
1211 2611 1235 2632 s.

1143 2605 1235 2633 ilaths.

613 2664 811 2698 VARIANTES
828 2663 1020 2697 LECTIONES
1036 2660 1169 2697 CDDICI'S
1187 2659 1244 2697 MS.
1265 2668 1294 2696 S.
1315 2661 1573 2696 GERMANENSIS.

300 2719 310 2735 ¹
329 2718 376 2745 iste
389 2723 437 2746 est.

299 2751 310 2767 ²
326 2750 470 2784 Arimathta,

1152 2727 1163 2743 ³
1179 2726 1238 2753 Illud
1249 2726 1352 2772 sindone

951 2799 1132 2828 BLANCHINI
1152 2800 1266 2829 NOTAE.

313 2847 354 2891 (ir)
375 2847 413 2874 Ita
428 2850 455 2874 et
472 2846 548 2875 Cant.
572 2846 631 2876 Lat.
653 2852 680 2876 et
700 2844 752 2877 te'x.
772 2846 851 2877 Grec.
873 2848 1025 2889 Θεωροῦσαι.
1038 2847 1122 2888 —(lz)
1138 2846 1176 2879 Ita
1189 2848 1287 2891 etcod.
1302 2849 1378 2878 Cant.
1394 2848 1562 2890 'ApiiuxOsiaé.
1582 2865 1617 2871 —
1631 2849 1667 2886 (ο)
1690 2847 1726 2878 Ita
1746 2853 1777 2879 et
1807 2846 1865 2882 tex.
1880 2851 1926 2881 Gr.

270 2884 435 2921 ελατὸμησινι
