3980 6192
574 180 675 241 35!

968 298 1202 357 CODEX
1242 296 1783 355 VERCELLENSIS.

1419 388 1754 459 divulgatum

1420 469 1505 516 est
1524 462 1745 533 verbum
1776 461 1867 533 is-j

1422 540 1503 587 tut
1530 540 1659 603 aput
1679 532 1873 589 Judae-

1420 618 1503 669 os,
1530 620 1701 675 usque
1730 605 1781 660 in
1816 604 1912 661 ho—

1418 676 1663 731 diernum
1692 676 1774 730 di-

1419 747 1507 803 16.
1548 763 1655 803 ein.
1688 747 1871 805 Unde—

1415 820 1521 873 cim
1551 830 1733 876 autem

1414 889 1661 959 discipuli
1694 891 1843 947 abie-

1414 972 1541 1017 runt
1566 962 1617 1017 in
1646 961 1791 1018 Gali-

1415 1034 1577 1099 leam,
1609 1036 1660 1088 in
1690 1049 1842 1088 mon-

1417 1114 1491 1172 te,
1527 1104 1621 1161 ubi
1647 1106 1851 1161 consti-

1419 1185 1597 1232 tuerat
1628 1176 1737 1232 illis

1418 1248 1508 1303 17.
1548 1248 1725 1304 .Iesus.
1757 1249 1826 1305 Et
1850 1264 1974 1307 cum
1999 1251 2076 1307 vi-

1416 1319 1625 1375 dissent
1650 1336 1773 1375 eum

1415 1390 1777 1448 adoraverunt
1808 1411 1820 1446 :

572 392 754 451 Nolite
783 395 941 451 timeo

576 481 637 522 re
670 484 684 521 :
718 468 812 526 ite.
843 467 1061 525 nuntia-

575 545 631 594 te
663 538 917 594 fratribus

579 610 737 675 meis,
767 620 826 665 ut
853 620 979 666 eant

575 681 631 737 in
664 680 947 747 Galileam,

575 752 650 808 ibi
674 767 758 807 me
788 753 941 810 vide-

576 824 663 895 11.
706 824 856 879 bunt.
889 825 1043 895 Quae
1071 841 1195 888 cum

574 894 839 961 abissent,
874 894 1002 954 cecc

571 966 789 1034 quidam
812 970 879 1023 de
898 984 1023 1025 cus-

576 1038 793 1094 todibus
824 1056 985 1097 vene-

574 1119 703 1165 runt
724 1110 777 1164 in
805 1112 936 1168 civi-

575 1188 766 1247 tatem,
796 1192 851 1239 et
873 1199 973 1239 nu-

579 1252 852 1309 tiaberunt
874 1257 1029 1324 prin-

573 1324 787 1394 cipibus
811 1342 988 1382 sacer-

574 1396 786 1463 dotum,
817 1407 871 1453 et
890 1400 1025 1455 scri-

576 1466 662 1541 bis
684 1470 863 1524 omnia
892 1486 1031 1541 quae
1416 1464 1635 1541 quidam
1658 1479 1754 1541 au-

572 1537 712 1594 facla
744 1553 892 1596 sum,
910 1536 925 1541 ”
1418 1544 1524 1589 tem
1547 1536 1827 1592 dubitave-

574 1609 664 1688 12,
708 1611 774 1688 Et
801 1616 1116 1688 congregati
1415 1615 1563 1688 εεεηιε

1416 1676 1504 1732 18.
1548 1678 1611 1733 Ει
1634 1679 1901 1737 accedens
1930 1680 2087 1739 Jesus

1415 1747 1627 1805 locutus
1658 1761 1742 1805 est

1414 1822 1515 1886 eis,
1540 1822 1725 1878 dicens
1750 1840 1765 1877 :
1794 1823 1895 1878 Da-

1418 1900 1467 1945 ta
1496 1906 1580 1948 eSt
1609 1893 1742 1948 mihi
1765 1909 1883 1948 0m-

1415 1964 1499 2017 nis
1528 1975 1768 2034 potestas

1414 2034 1468 2089 in
1491 2038 1664 2102 caelo,
1694 2046 1751 2093 et
1777 2038 1832 2093 in

1419 2107 1505 2162 19.
1549 2117 1694 2163 terra
1730 2109 1954 2166 Euntes.

1415 2178 1490 2251 (a)
1522 2195 1663 2235 nunc
1689 2181 1729 2251 -ι-
1756 2181 1949 2239 docete

1413 2267 1602 2307 omnes
1628 2268 1759 2322 geu-

1416 2330 1519 2389 tes,
1555 2324 1891 2393 baptizantes

1414 2408 1510 2449 eos
1536 2396 1590 2449 in
1621 2398 1838 2451 nomine

1413 2464 1614 2532 Patris,
1642 2475 1696 2520 et
1722 2466 1846 2533 Fili,
1871 2476 1926 2523 et

1414 2536 1505 2591 20.
1547 2537 1779 2608 Spiritus
1815 2539 1988 2596 sancti
2022 2557 2033 2593 :
2078 2538 2175 2595 do-

1416 2617 1603 2664 CBIIICS
1632 2624 1727 2663 θοε
1756 2624 1872 2665 ser-

1415 2694 1544 2735 vare
1572 2683 1752 2735 omnia

1414 2767 1786 2822 quaecumque

1415 2826 1663 2879 mandavi
1696 2838 1792 2877 v0-

1414 2895 1515 2950 bis.
1543 2895 1613 2950 Et
1637 2909 1763 2949 ecce
1788 2910 1891 2965 ego

1412 2968 1690 3022 vobiscum
1718 2983 1840 3021 sum

1411 3040 1664 3094 omnibus
1691 3038 1806 3093 die-

1414 3110 1516 3165 bus
1548 3125 1717 3181 usque
1744 3108 1811 3164 ad

1415 3197 1765 3236 consumma-

1417 3254 1617 3307 tionem
1644 3267 1832 3307 saecu-

1415 3325 1471 3379 li.
1498 3325 1575 3397 (b)
1607 3324 1778 3380 Amen
1802 3322 1860 3393 '1‘.

574 1682 856 1754 principes
881 1700 969 1739 sa-

572 1753 857 1810 cerdotum
886 1771 1010 1812 cum

572 1826 900 1891 senioribus,

574 1896 861 1952 consilium
889 1913 980 1955 ac-

574 1977 856 2037 ceperunt,
882 1980 938 2026 et

575 2041 859 2108 pecuniam
886 2057 983 2098 co-

575 2109 783 2180 piosam
807 2111 971 2172 dede-

573 2190 701 2237 runt
732 2184 914 2241 militi-

577 2254 663 2308 15.
709 2254 838 2320 bus,
870 2256 1112 2316 dicentes
1144 2278 1157 2316 :

576 2322 750 2379 Dicite
770 2330 895 2391 quia
915 2328 1000 2383 dis
1016 2361 1029 2370 -

574 2394 740 2466 cipuli
768 2398 884 2467 ejus
906 2414 1035 2456 noc-

575 2476 631 2522 te
660 2468 945 2536 venerunt,

573 2548 631 2594 et
654 2538 814 2595 furati
838 2552 967 2597 sunt

572 2623 721 2674 eum,
756 2613 908 2669 vobis
929 2614 1059 2671 dor-

573 2682 888 2739 mientibus.

574 2754 663 2808 M.
710 2754 773 2809 Et
801 2757 845 2811 si
874 2758 977 2814 hoe
1004 2759 1159 2815 audi-

574 2831 689 2880 tum
714 2826 873 2884 fuerit
902 2844 933 2884 a

574 2894 853 2965 Praeside,
882 2917 982 2959 nos

572 2970 963 3038 persuademus

572 3039 645 3107 ei,
677 3049 731 3094 et
754 3057 980 3101 securos

571 3125 672 3165 vos
699 3110 981 3171 faciemus.

574 3182 665 3236 15.
705 3182 787 3262 Ad
812 3188 887 3262 illi
907 3197 1128 3262 accepta

576 3256 827 3321 pecunia,
861 3257 1004 3313 fece-

575 3333 703 3378 runt
732 3326 871 3382 sicut
899 3344 961 3383 c-

576 3406 697 3450 rant
718 3397 881 3453 docti.
915 3400 978 3455 Et

1043 184 1052 227 ⁷
1104 180 1378 243 EUSEBII
1414 177 1758 240 VERCELL.
1799 180 2167 243 EVANGELll

2288 182 2432 242 CUM
2472 183 2700 242 VARIIS
2735 184 2894 242 COD.
2934 183 3331 246 COLLATUM.
3757 186 3843 249 552

2724 300 2957 358 CODEX
2984 301 3437 359 VERONENSIS.

3114 396 3179 451 Et
3208 396 3447 468 divulga-

3116 477 3224 522 tum
3248 478 3331 523 est
3356 483 3479 524 ver-

3113 539 3239 594 bum
3266 542 3392 594 istut

3114 618 3245 681 aput
3271 610 3527 677 Iudaeos,

3116 698 3285 751 usque
3307 683 3359 737 in

3117 752 3433 808 hodiernum

3116 824 3280 879 diem.

3119 896 3205 952 16.
3247 914 3297 951 χι
3328 905 3505 953 autem
3537 896 3619 953 di-

3116 969 3306 1036 scipuli
3335 969 3483 1025 abie-

3100 1050 3241 1093 .runt
3260 1040 3313 1093 in
3338 1055 3491 1096 mon-

3117 1119 3189 1174 te,
3222 1112 3309 1165 ubi
3333 1126 3465 1166 con-

3115 1183 3364 1236 stituerat
3396 1184 3459 1237 il-

3117 1253 3203 1307 17.
3236 1254 3299 1308 lis
3323 1253 3500 1309 Iesus.
3525 1257 3596 1313 Et

3118 1325 3366 1381 videntes
3392 1342 3515 1383 eum

3118 1396 3475 1452 adoraverunt
3500 1417 3515 1455 :

3118 1467 3334 1533 quidam
3357 1479 3536 1525 autem

3116 1537 3515 1597 dubitaverunt.

3118 1610 3207 1664 18.
3253 1610 3319 1665 Ει
3348 1614 3612 1670 accedens

3116 1680 3273 1735 Jesus
3297 1684 3447 1739 locu-

3118 1762 3205 1806 tus
3226 1764 3308 1808 est
3330 1756 3456 1823 illis,

3115 1824 3303 1879 dicens
3334 1846 3345 1881 :
3383 1829 3487 1882 Da-

3118 1904 3168 1949 ta
3200 1906 3283 1950 est
3304 1899 3433 1953 mihi
3460 1900 3635 1955 omnis

3117 1975 3357 2037 potestas
3378 1973 3430 2026 in
3456 1974 3630 2040 caelo,

3114 2047 3170 2093 et
3197 2040 3249 2092 in
3284 2052 3449 2098 terra.

3114 2110 3204 2191 i_9.
3237 2110 3439 2170 Euntes
3462 2114 3539 2191 (a)
3569 2127 3713 2171 nunc
3728 2112 3763 2184 ³ῖ

3112 2181 3306 2240 docete
3335 2181 3526 2243 omnes

3110 2262 3321 2323 gentes,
3356 2258 3535 2330 bapti-

3111 2335 3295 2382 zantes
3324 2344 3418 2384 €05

3110 2396 3163 2450 in
3200 2400 3418 2457 nomine

3110 2467 3302 2534 Patris,
3332 2483 3387 2527 et
3425 2473 3513 2529 Fi-

3109 2538 3177 2613 li,
3202 2554 3255 2597 et
3284 2544 3514 2613 Spiritus

3108 2610 3202 2669 20.
3245 2610 3415 2669 sancti
3446 2636 3458 2669 :
3490 2616 3698 2673 docen-

3107 2699 3189 2744 tes
3214 2700 3308 2740 COS
3333 2703 3559 2745 servare

3106 2759 3285 2816 omnia
3324 2773 3486 2829 quae.

3107 2845 3337 2899 cumque
3365 2845 3516 2884 man-

3108 2902 3237 2957 davi
3266 2902 3437 2957 vobis.
3469 2902 3537 2958 Et

2283 394 2460 450 Nolite
2490 395 2686 451 timere

2283 482 2380 521 vos
2408 484 2420 518 :
2451 467 2545 532 ite,
2572 482 2708 521 nun-

2285 539 2415 593 tiate
2446 537 2702 594 fratribus

2285 610 2445 673 meis,
2476 622 2530 663 ut
2565 619 2693 665 eant

2288 682 2339 735 in
2362 680 2683 747 Galilaeam,

2287 752 2358 806 ibi
2390 768 2475 805 me
2503 751 2650 807 vide-

2289 824 2369 877 11.
2418 823 2569 877 bunt.
2614 824 2761 890 Quae

2293 899 2350 956 ὦ
2376 909 2498 948 cum
2529 895 2783 964 abissent,
2819 903 2877 961 ὦ

2287 980 2413 1019 ecce
2439 967 2652 1035 quidam
2734 992 2737 995 -

2286 1035 2356 1091 de
2377 1038 2687 1092 custodibus

2287 1109 2625 1163 veneruntin

2286 1180 2578 1247 civitatem,
2612 1189 2667 1235 et

2288 1252 2671 1307 nuntiaverunt

2286 1322 2617 1392 principibus

2286 1396 2627 1448 sacerdotum

2286 1464 2467 1519 omnia
2491 1481 2629 1534 quae

2288 1534 2426 1590 facta
2456 1547 2600 1591 sunt.

2291 1606 2377 1661 12.
2422 1607 2491 1662 Et
2519 1623 2744 1679 congre-

2285 1690 2393 1747 gati
2423 1695 2546 1733 cum
2578 1697 2664 1736 se-

2285 1750 2551 1813 uioribus,

2283 1822 2513 1876 consilio
2539 1837 2631 1877 ac-

2283 1901 2463 1960 cepto,
2492 1895 2775 1962 pecuniam

2281 1964 2369 2018 15.
2411 1968 2692 2035 cepiosam
2723 1967 2815 2022 de-

2280 2035 2477 2089 derunt
2503 2038 2604 2091 mi-

2280 2107 2488 2170 litibus,
2512 2108 2699 2165 dicen-

2275 2187 2357 2232 tes
2382 2195 2395 2229 :
2429 2178 2599 2235 Dicite

2274 2251 2399 2317 quia
2430 2250 2681 2321 discipuli

2276 2322 2393 2389 ejus
2421 2332 2577 2377 nocte

2276 2404 2565 2459 venerunt,
2594 2405 2648 2450 et

2277 2464 2437 2518 furati
2468 2478 2593 2520 sunt

2276 2550 2421 2600 eum,
2455 2537 2610 2592 nobis
2638 2536 2763 2592 dor-

2277 2607 2593 2662 mientibus.

2283 2679 2368 2732 11.
2413 2680 2551 2733 Etsi
2591 2679 2695 2736 hoc

2277 2749 2519 2804 auditum
2551 2750 2717 2807 fuerit

2277 2836 2307 2875 a
2339 2820 2611 2887 Praeside,

2278 2906 2379 2946 nos
2404 2894 2655 2951 suadebi-

2278 2979 2400 3018 ῐῐιυε
2426 2964 2499 3031 εί,
2532 2976 2587 3020 ει
3110 2989 3237 3029 ecce
3262 2989 3361 3042 ego
3382 2989 3475 3029 vo-

2276 3049 2499 3090 securos
2527 3052 2620 3093 vos
3110 3045 3315 3101 hiscunt
3346 3060 3462 3100 sum

2277 3105 2557 3163 faciemus.
3110 3118 3361 3171 omnibus
3399 3117 3517 3173 die-

2281 3177 2370 3233 15.
2411 3180 2492 3253 Ad
2520 3181 2595 3237 illi
2623 3190 2839 3253 accepta

2280 3251 2528 3320 pecunia,
2560 3255 2701 3309 fece-

2277 3333 2407 3376 runt
2436 3324 2573 3377 sicut

2280 3405 2434 3449 erant
2463 3395 2628 3450 docti.

3109 3188 3209 3244 bus
3228 3230 3241 3253 ,
3276 3202 3443 3259 usque

3108 3259 3175 3313 ad
3208 3274 3557 3314 consmnma-

3113 3332 3311 3386 tionem
3344 3333 3575 3386 saeculi.
3606 3332 3687 3403 (b)

3111 3405 3281 3458 Amen
3309 3403 3365 3473 δί’.

827 3511 1241 3561 EVANGELIUM
1291 3514 1631 3560 SECUNDUM
1673 3510 2054 3555 MAT'I‘HJEUM
2098 3508 2419 3553 EXPLICIT.
2454 3526 2530 3537 —-
2575 3511 2814 3555 INCIPIT
2858 3513 3198 3561 SECUNDUM
3242 3517 3615 3561 JOHANNEN.

1007 3600 1237 3659 CODEX
1275 3602 1734 3660 CORBEIENSIS.

577 3674 753 3749 Nolite
782 3679 972 3738 timere
1006 3702 1017 3736 :
1050 3685 1145 3749 ite,
1178 3686 1418 3740 nuntiate
1456 3684 1709 3739 fratribus
1752 3681 1905 3744 meis,
1942 3688 1999 3733 ut
2043 3690 2170 3735 eant

581 3748 633 3802 in
668 3747 984 3824 Galilaeam,
1010 3756 1083 3809 ibi
1106 3747 1191 3812 me
1223 3758 1498 3811 videbunt.
1522 3756 1671 3824 Quae
1692 3770 1854 3821 quum
1883 3752 2165 3819 abiisseut,

578 3823 946 3900 ecce_quiilam
995 3827 1061 3881 de
1085 3828 1401 3883 custodibus
1425 3823 1686 3900 venerunt
1714 3826 1763 3878 iu
1787 3825 2086 3900 civitatem,
2116 3834 2185 3879 et.

579 3896 964 3968 nuntiaverunt
1020 3900 1350 3968 principibus
1403 3897 1744 3953 sacerdotum
1801 3896 1981 3951 omnia
2030 3911 2167 3968 quae

578 3960 716 4041 facta
749 3963 978 4022 fuerant.
1015 3960 1081 4025 Et
1116 3960 1429 4041 congregati
1469 3960 2168 4041 cumsenioribus,‘_cousi-

580 4031 653 4113 lio
679 4047 928 4113 accepto,
972 4031 1253 4110 pecuniam
1283 4031 1557 4113 copiosam
1588 4040 1855 4094 dederunt
1884 4038 2163 4102 militibus,

579 4104 826 4182 dicentes
854 4128 865 4162 :
903 4104 1073 4168 Dicite
1103 4114 1224 4182 quia
1253 4104 1499 4182 discipuli
1531 4113 1649 4179 ejus
1690 4119 1847 4165 ιιοοιο
1880 4118 2161 4182 ῖζξηεηὲηί,

578 4184 634 4230 et
671 4179 827 4249 furati
871 4194 997 4238 sunt
1027 4179 1170 4249 eum,
1221 4179 1833 4240 nobisdormientibus.
1894 4180 1960 4234 Et
1990 4180 2033 4233 Si
2064 4180 2167 4233 hoc

578 4247 819 4304 auditum
883 4254 1050 4310 fuerit
1078 4274 1105 4309 a
1146 4247 1422 4318 I‘rzieside,
1464 4270 1562 4309 nos
1602 4252 1946 4307 suadebimus
1989 4252 2074 4314 ei,
2122 4260 2176 4305 et

576 4334 799 4393 securos
860 4340 955 4381 Vos
1019 4328 1298 4383 faciemus.
1376 4327 1445 4382 At
1501 4326 1575 4380 illi
1641 4331 1857 4393 accepta
1914 4322 2164 4391 pecunia,

583 4389 827 4466 fecerunt
848 4397 989 4451 sicut
1024 4411 1178 4455 erant
1197 4400 1364 4454 docti.
1393 4400 1455 4453 Et
1482 4389 1812 4466 divolgatum
1840 4389 1926 4466 est
1943 4394 2164 4466 verbum

580 4458 721 4542 i_stu_d
752 4468 892 4535 apud
923 4469 1179 4535 Iudaeos,
1211 4486 1382 4542 usque
1410 4471 1461 4523 in
1501 4458 2023 4542 lindi_5riiuin__dietti.
2059 4462 2169 4542 Utt-

579 4530 753 4587 decim
787 4530 983 4613 'autem
1032 4530 1574 4613 disci'puli'abiernut
1619 4540 1670 4592 in
1697 4535 2059 4613 _Galilaeam,
2115 4536 2166 4589 in

580 4613 842 4671 montem,
874 4612 961 4666 ubi
979 4607 1333 4668 constituerat
1360 4614 1466 4667 illis
1485 4611 1661 4667 Jesus.
1696 4609 1759 4663 Et
1778 4607 2022 4662 videntes
2042 4622 2168 4660 eum

579 4673 939 4760 alienaverunt
971 4702 983 4738 :
1014 4686 1230 4754 quidam
1271 4694 1451 4760 autem
1484 4683 1883 4760 dubitaverunt.
1921 4679 1985 4760 Et
2015 4692 2171 4760 accc:

578 4743 897 4825 deusJesus
949 4743 1197 4825 loq'uutus
1227 4768 1309 4812 est
1333 4757 1434 4822 eis,
1467 4756 1653 4810 dicens
1682 4770 1694 4806 :
1727 4752 1857 4825 Dat_a
1904 4758 1985 4805 est
2034 4748 2165 4804 mihi

578 4821 757 4905 omnis
803 4821 1045 4893 potestas
1088 4831 1138 4883 in
1182 4830 1353 4905 caelo,
1380 4821 1461 4905 _et
1510 4828 1561 4880 in
1609 4834 1775 4905 terra.
1805 4821 2012 4905 Euntes
2038 4834 2167 4905 ergo

578 4886 772 4969 $190818
798 4886 987 4969 bﬁlttes
1010 4910 1220 4969 gentes,
1250 4886 1583 4969 baptizantes
1604 4910 1701 4969 eos
1728 4896 1777 4948 in
1822 4894 2040 4949 nomine
2066 4886 2169 4946 Pa-

579 4960 699 5026 lt‘iS,
740 4976 793 5019 et
831 4966 976 5034 Filii,
1011 4960 1080 5026 "et
1129 4960 1359 5039 Spiritus
1406 4970 1580 5025 santi:
1614 4967 1871 5039 docentes
1891 4979 2016 5039 _eos
2051 4978 2166 5039 ser:

574 5045 704 5088 vare
737 5043 917 5113 omnia
945 5035 1356 5113 quaequumqne
1396 5041 1643 5097 mandavi
1674 5038 1844 5093 vobis.
1890 5036 2123 5113 Et_ecce
2147 5035 2163 5066 ¹

572 5117 675 5173 ego
713 5107 987 5167 vobiscum
1017 5107 1134 5168 sum
1164 5107 1415 5170 omnibus
1442 5113 1656 5177 diebus,
1702 5125 1872 5181 usque
1920 5107 1987 5162 ad
2036 5120 2166 5162 con-

572 5182 991 5240 summationem
1021 5188 1240 5242 saeculi.

574 5293 987 5339 EVANGELIUM
1027 5296 1368 5341 SECUNDUM
1412 5296 1795 5341 MATTIIEUM
1841 5291 2241 5337 EIPLICIT.—

2735 3598 2969 3655 CODEX
3011 3601 3400 3659 BRIXIANUS.

2274 3679 2451 3735 Nolite
2482 3681 2671 3737 timere
2711 3681 2782 3735 ite
2814 3683 3053 3737 nuntiate
3078 3682 3337 3737 fratribus
3374 3684 3532 3739 meis.
3566 3694 3631 3739 ut
3663 3693 3797 3740 eant
3836 3685 3885 3738 in

2274 3752 2534 3807 Galilram
2557 3762 2610 3805 et
2637 3752 2706 3807 ibi
2738 3769 2821 3807 me
2849 3754 3121 3807 videbunt.
3152 3754 3300 3822 Quae
3322 3770 3441 3809 cum
3467 3756 3730 3812 abissent
3760 3771 3885 3810 ecce

2273 3823 2488 3894 quidam
2514 3825 2580 3877 de
2604 3824 2919 3878 cusmdilius
2955 3838 3217 3880 venerunt
3253 3828 3303 3880 in
3327 3827 3610 3881 civitatem
3652 3838 3709 3883 et
3746 3844 3887 3882 nun-

2275 3900 2542 3968 tiaveruut
2581 3896 2915 3961 principibus
2960 3897 3297 3951 sacerdotum
3340 3899 3521 3952 oumia
3554 3915 3705 3968 quae
3752 3900 3889 3953 facta

2276 3967 2505 4020 fuerant.
2560 3968 2625 4020 Et
2664 3969 2972 4037 congregati
3013 3983 3133 4022 cum
3163 3968 3487 4023 senioribus.
3519 3967 3766 4025 consilio
3803 3986 3891 4023 ac-

2274 4048 2431 4107 cepto
2455 4040 2704 4093 tollentes
2720 4042 2997 4107 pecuniam
3015 4040 3287 4108 copiosam
3312 4041 3585 4095 dederunt
3618 4042 3891 4097 militibus

2274 4109 2536 4164 dicentes.
2573 4110 2740 4163 Dii-ite
2768 4111 2889 4179 quia
2921 4111 3168 4180 discipuli
3194 4112 3310 4180 ejus
3339 4126 3499 4167 noete
3523 4122 3811 4167 venerunt
3840 4123 3892 4166 et

2274 4180 2432 4234 furati
2482 4192 2604 4233 sunt
2634 4196 2753 4234 eum
2786 4183 2938 4235 nobis
2971 4182 3379 4237 dormientibus.
3416 4184 3478 4238 Et
3508 4184 3558 4238 si
3597 4188 3710 4239 ltoc
3741 4184 3893 4238 audi-

2273 4260 2385 4306 tum
2416 4251 2571 4306 fuerit
2602 4267 2630 4305 a
2663 4252 2939 4307 Praeside.
2987 4269 3085 4307 nos
3126 4253 3412 4308 suademus
3442 4256 3515 4308 ei.
3554 4264 3617 4310 et
3666 4271 3897 4310 securos

2272 4338 2367 4376 vos
2411 4324 2687 4377 faciemus.
2720 4323 2788 4377 At
2818 4324 2890 4378 illi
2920 4334 3135 4393 accepta
3185 4326 3407 4391 pecunia
3454 4324 3727 4381 fecerunt
3756 4328 3896 4381 sicut

2272 4404 2426 4467 erant
2466 4395 2631 4448 docti.
2666 4394 2730 4448 Et
2758 4395 3088 4467 divulgatum
3134 4407 3217 4450 est
3264 4396 3485 4451 verbum
3538 4398 3698 4453 istud
3755 4398 3899 4467 apud

2270 4466 2506 4521 Iudaeos
2538 4481 2707 4531 usque
2747 4467 2800 4519 in
2843 4466 3161 4521 hodiernum
3194 4468 3357 4521 diem.
3399 4467 3677 4523 Undecitu
3711 4466 3897 4523 autem

2272 4536 2517 4611 discipuli
2546 4538 2793 4611 abierunt
2820 4538 2871 4590 in
2903 4538 3163 4611 Qalileam
3191 4540 3240 4592 in
3270 4548 3505 4593 montem
3536 4540 3734 4611 inquo
3764 4556 3899 4595 con-

2272 4608 2520 4663 SIitnerat
2552 4608 2657 4662 illis
2685 4607 2863 4663 Iesus.
2909 4610 2974 4663 Et
3016 4609 3259 4664 videntes
3307 4625 3427 4664 eum
3478 4607 3902 4667 adoraverunt.

2272 4680 2487 4749 quidam
2520 4691 2699 4734 autem
2736 4680 3135 4735 dubitaverunt.
3184 4682 3249 4734 Et
3291 4681 3563 4736 accedens
3594 4683 3791 4738 Iesus.
3823 4685 3905 4738 lo-

2273 4760 2428 4806 cutus
2453 4759 2536 4804 est
2563 4752 2640 4805 eis
2669 4751 2875 4806 dicens.
2904 4751 3033 4806 Data
3057 4760 3141 4806 est
3165 4751 3295 4805 mihi
3334 4752 3512 4806 omnis
3547 4764 3814 4823 potestas
3847 4756 3903 4811 in

2272 4822 2426 4896 caelo
2449 4832 2503 4877 et
2531 4825 2581 4877 in
2613 4835 2778 4877 terra.
2809 4823 3015 4878 Euntes
3042 4838 3170 4889 ergo
3204 4823 3416 4896 docete
3434 4822 3642 4880 omnes
3666 4836 3902 4896 gentes.

2272 4892 2613 4967 baptizantes
2639 4908 2734 4949 eos
2761 4896 2811 4948 iu
2847 4896 3065 4948 nomine
3097 4896 3271 4967 Patris
3294 4904 3349 4949 et
3379 4894 3479 4950 Fili
3528 4905 3593 4950 et
3646 4892 3904 4967 Spiritus

2271 4968 2465 5039 sancti.
2490 4965 2746 5039 docentes
2766 4981 2862 5020 eos
2888 4966 3313 5039 servareomuia
3340 4965 3722 5039 quaecunque
3756 4986 3909 5026 man-

2271 5036 2397 5090 davi
2424 5037 2597 5091 vobis.
2624 5037 2687 5091 Et
2717 5051 2845 5092 ecce
2873 5053 2973 5107 ego
3002 5037 3277 5091 vobiscum
3307 5052 3425 5091 sum
3466 5036 3754 5097 omnibus
3785 5043 3909 5096 die-

2272 5107 2373 5163 bus
2396 5123 2565 5180 usque
2584 5108 2651 5163 ad
2683 5109 3200 5164 consummationem
3232 5109 3450 5164 saeculi.
3484 5107 3572 5181 (b)
3614 5114 3807 5167 Amen
3839 5113 3902 5184 οἳ.

2258 5269 2340 5405 (οὶ
2366 5288 2603 5332 INCIPIT
2647 5289 3061 5333 EVANGELIUM
3104 5288 3443 5334 SECUNDUM
3486 5289 3901 5340 mxumum.

2258 5351 2305 5405 lC
2334 5350 2371 5405 S
2406 5352 2519 5405 MS.
2560 5354 2621 5405 S.
2661 5351 3167 5405 GERMANENSIS.

1262 5360 1652 5417 VARIANTES
1690 5357 2071 5415 LECTIONES
2107 5350 2371 5409 CODICIS
2406 5352 2519 5408 MS.
2560 5354 2621 5408 S.
2661 5351 3167 5409 GERMANENSIS.

1899 5492 2270 5550 BLANCHINI
2307 5489 2532 5546 NOTAE.

644 5589 722 5667 (a)
781 5588 857 5667 Ita
885 5598 943 5667 et
967 5589 1089 5667 co_d.
1137 5587 1294 5667 Cant.
1342 5597 1449 5667 νῦν.
1490 5621 1559 5631 -
1588 5588 1663 5663 (b)
1691 5588 1911 5667 Addunt
1961 5590 2140 5667 ᾼηιεη,
2165 5598 2224 5667 u_t
2251 5598 2361 5643 tex.
2394 5586 2488 5642 Gr.
2519 5584 2689 5667 Ἀμήν.
2710 5583 3039 5667 _quodrcerte
3060 5584 3555 5667 Matihminonezit
3588 5627 3605 5652 ,
3661 5591 3769 5646 sed
3790 5591 3913 5667 Ερ-

571 5655 753 5736 ειςὲςῖω
779 5703 794 5728 ,
835 5660 960 5736 huic
1008 5661 1323 5736 Evangelia,
1375 5662 1518 5736 sicut
1562 5655 1616 5716 et
1645 5655 1882 5736 ’carteris
1906 5702 1941 5736 ,νγ
1973 5660 2076 5715 hoc
2106 5660 2272 5736 verbo
2299 5655 2583 5736 assensum
2604 5657 3030 5714 declarantis.—
3054 5657 3127 5730 (c)
3160 5655 3237 5713 lta
3265 5665 3323 5713 et
3344 5655 3466 5713 cod.
3502 5656 3691 5715 Cant.
3735 5666 3913 5736 nam-

573 5734 733 5804 γέλων
752 5735 886 5790 κατά
911 5730 1440 5803 Mareotica-inlice»,
1485 5730 1713 5809 ἄρχεται
1740 5734 2037 5807 Ebur/70.1w
2080 5734 2216 5790 κατὰ
2234 5730 2479 5787 Ἰωάννην.

632 5426 650 5458 ¹
688 5441 807 5481 ecce
830 5430 1093 5483 vobiscum.
