1990 3096
295 128 348 160 555
558 125 693 157 EUSEBH
714 127 884 161 VERCELL.
906 127 1133 164 EVANGELIUM
1151 128 1223 156 CUM
1244 127 1362 163 VARUS,
1378 127 1456 161 COD.
1476 126 1675 156 COLLATUM.
1891 127 1940 155 32.6

490 186 606 214 CODEX
626 185 896 214 VERCELIENSIS.

295 238 323 262 et
334 233 448 261 mundus

297 277 345 304 per
360 271 447 304 ipsum

297 306 382 332 lactus
398 309 448 335 est.
463 309 491 332 et

296 340 412 367 mundus
424 340 499 367 illum

295 383 349 403 non
370 375 507 410 cognovit.

297 411 340 438 11.
363 411 389 438 In
405 418 452 438 sua
469 411 558 443 venit,

294 450 323 474 ct
334 447 375 474 sui
391 454 455 474 eum

293 490 347 509 non
367 490 478 517 recepe-

295 518 340 545 12.
361 522 432 545 runt.
448 517 539 552 Quod-

295 553 367 588 quod
381 558 471 582 autem

294 594 456 624 receperunt

295 624 369 651 illum
378 645 385 657 ,
403 624 477 652 dedit

295 660 348 687 illis
362 664 475 693 potesta-

293 699 347 722 tem
361 695 430 722 ﬁlios
440 695 477 722 De

295 730 353 758 ﬁeri
362 751 370 764 ,
386 730 428 758 his
437 752 445 764 ,
457 730 504 766 qui

292 766 407 794 credunt
419 767 446 793 in

294 802 404 829 nomine
417 802 476 837 ejus
493 811 500 829 :

294 837 339 865 15.
361 845 415 865 non
426 845 460 865 ex
472 845 534 866 san-

292 873 429 907 guinibus,
444 881 491 900 ne-

293 915 346 943 que
360 916 393 935 ex
406 908 505 940 volun-

294 947 350 971 tate
364 944 465 975 carnis.

294 986 382 1013 neque
395 986 429 1006 ex
444 987 491 1007 vo-

295 1015 396 1042 luntate
408 1014 471 1048 viri,

294 1050 342 1077 sed
355 1058 389 1077 ex
404 1050 461 1077 Deo

294 1085 338 1113 H.
356 1086 410 1113 nati
425 1089 498 1113 sunt.
513 1084 548 1119 Et

297 1121 413 1149 Verbum
424 1128 467 1148 ca-

293 1164 324 1184 ro
337 1157 435 1184 factum
448 1161 501 1190 est,

293 1197 319 1219 et
331 1192 465 1220 inhabita-

292 1227 332 1254 vit
345 1229 371 1255 in
384 1228 461 1256 nobis
474 1236 481 1254 :

295 1267 324 1291 et.
336 1263 451 1290 vidimus

293 1299 407 1334 gloriam
422 1298 493 1332 ejus,

294 1334 407 1369 gloriam
422 1334 490 1361 sicut

294 1370 367 1398 unici
387 1369 436 1397 ﬁlii
452 1378 467 1396 ιι

295 1411 384 1441 patre,
400 1405 495 1440 plenos

293 1441 391 1476 gratia,
403 1445 433 1475 et.
443 1448 489 1469 ve-

294 1476 384 1504 ritate.

295 1512 339 1539 15.
359 1511 498 1541 Johannes
512 1511 520 1527 ι
536 1510 612 1540 testi—

295 1549 390 1581 licatur
402 1548 437 1580 de
450 1547 481 1575 il-

293 1583 329 1615 lo,
345 1587 372 1610 et
385 1583 493 1618 clamat,

294 1618 389 1646 dicens
404 1627 411 1644 :
428 1618 477 1645 Hic

295 1659 348 1687 est,
360 1653 394 1680 de
409 1661 461 1688 quo
475 1653 516 1680 di-

296 1689 322 1716 xi
336 1697 344 1715 :
361 1688 425 1715 Post
438 1696 481 1715 me
497 1696 542 1716 ve—

296 1724 384 1757 niens,
398 1727 462 1751 ante

295 1767 339 1787 me
354 1758 440 1787 factus
454 1764 515 1788 est:

294 1795 421 1829 quoniam
437 1795 492 1829 pri-

294 1838 327 1857 or
337 1837 380 1857 me
392 1834 461 1857 erat.

294 1865 336 1893 16.
358 1864 396 1902 (b)
409 1866 475 1899 Quia
487 1865 505 1902 ᾖ·
518 1865 552 1894 de
566 1865 623 1901 ple—

712 233 833 259 nittnline
844 232 914 267 lels‘

713 276 762 295 nos
778 276 871 295 mnnes

712 305 865 334 accepimus

713 340 827 372 gratiam
845 346 892 373 pro

714 375 757 401 17.
775 376 869 407 gratia.
886 374 988 407 Quoni-

714 383 757 401 ιι.
795 383 869 401 rana.
886 383 973 407 ιλιιοιιι

713 418 754 436 am
775 383 820 437 iex
843 418 888 444 per
903 410 976 445 Moy-

713 452 760 473 sen
775 446 835 473 data
844 448 895 479 est,

712 481 796 515 gratia
809 486 910 512 autem,

713 523 740 544 et
759 518 858 543 veritas
874 523 924 549 per

711 551 805 579 Jesum
816 551 956 584 Christum
967 551 1021 583 [ao-

713 591 737 614 ta
754 592 806 615 est.

713 623 755 650 18.
779 624 861 650 Deum
876 630 957 655 nemo
971 622 1009 656 vi-

711 659 752 686 dit
762 662 771 677 ²
785 666 910 694 umquam
929 667 935 685 :

711 694 762 721 nisi
775 695 870 721 unicus

711 730 781 757 ﬁlius
795 730 881 762 solus,
896 730 933 757 si-

710 773 774 792 num
790 766 885 800 patris,

713 801 772 841 ipse
786 808 897 828 enarra-

712 840 760 863 Vit.

712 871 755 899 19.
778 871 812 899 Et
824 872 875 899 hoc
889 876 931 903 est

712 907 900 935 testimonium

711 942 856 975 Johannis,
867 950 953 977 quan-

712 978 747 1006 do
763 979 895 1006 miserunt

711 1013 745 1041 ad
761 1021 822 1042 eum
840 1013 935 1042 Judaei

712 1049 746 1077 ab
757 1049 913 1085 Hierosoly-

713 1085 764 1112 mis
777 1085 910 1113 Sacerdo-

711 1124 766 1148 tem
781 1125 809 1148 et
823 1121 903 1148 Levi—

712 1161 754 1183 tas
767 1161 796 1183 ιιι
811 1156 926 1184 interro—

710 1195 806 1226 garent
819 1199 880 1219 etim
897 1199 907 1219 :

710 1227 756 1255 20.
777 1227 818 1254 Τιι
831 1227 877 1262 qui
890 1228 932 1255 es?
941 1226 975 1254 Et
986 1234 1050 1256 con-

712 1262 799 1290 fessus
814 1267 866 1295 est,
881 1267 909 1290 et

712 1305 767 1325 non
780 1305 863 1332 nega-

712 1334 767 1360 vit:
781 1334 921 1361 conlessus

712 1372 755 1397 est
771 1373 862 1397 autem
874 1377 881 1395 :

713 1404 782 1438 Quia
794 1412 844 1439 ego
856 1412 911 1432 non

712 1447 771 1468 sum
785 1439 918 1468 Christus.

712 1475 756 1503 21.
773 1475 806 1503 Et
820 1476 969 1511 interroga-

714 1515 812 1539 verunt.
822 1519 884 1539 eum

714 1547 811 1575 iterum
826 1555 832 1573 :
848 1546 917 1581 Quid

713 1590 779 1617 ergo
790 1583 801 1609 ?
817 1582 910 1610 Helias

712 1618 764 1645 es?
777 1618 823 1645 Ait
838 1627 844 1643 :
861 1617 919 1645 Non
933 1624 1005 1646 sum.

713 1653 782 1687 Quid
794 1654 877 1688 ergo?
893 1653 960 1680 Pro-

715 1689 794 1723 pheta
808 1688 858 1716 es?
873 1688 908 1716 Et
921 1696 980 1716 res—

714 1723 809 1758 pondit
822 1733 829 1751 :
845 1723 915 1750 Non.

713 1758 760 1786 22.
782 1758 815 1786 Et
830 1759 959 1787 dixerunt
969 1760 994 1788 ei
1010 1769 1016 1786 :

714 1795 763 1824 Dic
774 1802 839 1830 ergo
851 1803 858 1822 :
874 1795 940 1829 Quis

713 1837 744 1857 es
759 1834 789 1857 ut
802 1837 916 1865 respon-

713 1873 772 1893 sum
787 1866 882 1894 demus

1363 184 1480 213 CODEX
1499 185 1727 214 VERONENSIS.

1145 239 1173 261 et
1187 233 1304 261 mundus

1146 277 1195 304 per
1210 277 1270 297 eum
1287 267 1343 296 fae-

1147 310 1190 332 tus
1206 308 1257 337 est,
1267 309 1294 331 et

1147 341 1262 368 mundus
1275 347 1337 367 eum

1148 384 1200 402 non
1214 376 1350 410 cognovit.

1151 412 1192 438 ll.
1213 411 1240 438 In
1251 409 1303 438 sua
1321 410 1430 446 propria
1445 409 1529 444 venit,

1148 451 1175 474 ct
1189 447 1229 473 sui
1243 454 1303 473 etim

1148 490 1200 509 non
1214 489 1327 517 recepe—

1148 518 1193 545 Η.
1214 523 1276 544 runt
1290 517 1381 551 Quod-

1147 553 1218 588 quod
1233 556 1324 581 autem

1145 593 1308 624 receperunt

1145 632 1218 657 eum,
1233 624 1308 651 dedit

1146 660 1185 688 eis
1201 663 1318 694 potesta-

1148 702 1200 722 tem
1214 695 1281 722 ﬁlios
1297 696 1343 723 Dei

1147 731 1215 762 ﬁeri,
1229 730 1402 758 credentibus

1148 767 1173 793 in
1187 767 1294 793 nomine
1309 767 1368 801 ejus
1379 774 1389 793 :

1148 803 1193 829 15.
1212 802 1263 835 Qui
1276 809 1329 829 non
1346 809 1379 829 ex
1393 809 1456 835 san-

1146 838 1239 873 guine,
1254 845 1342 873 neque

1148 882 1181 901 ex
1197 874 1336 900 voluntate

1148 908 1249 940 carnis,
1266 916 1316 936 nec

1147 952 1179 972 ex
1194 945 1332 971 voluntate

1148 980 1208 1012 viri,
1221 980 1267 1006 sed
1284 987 1321 1007 ex

1149 1015 1206 1042 Deo
1221 1019 1301 1048 natus

1149 1055 1202 1078 est.

1150 1087 1193 1113 14.
1215 1086 1249 1114 Ει
1261 1086 1381 1115 Verbum
1396 1094 1442 1115 ca-

1148 1129 1180 1150 ro
1193 1122 1260 1149 facta
1275 1127 1327 1155 est,

1149 1162 1176 1184 et
1191 1158 1296 1185 habita-

1148 1194 1187 1220 vit
1202 1194 1229 1220 in
1246 1193 1323 1220 nobis
1341 1201 1348 1220 :

1148 1234 1176 1256 et
1191 1229 1307 1256 vidimus

1148 1264 1279 1300 honorem
1293 1264 1364 1300 ejus,

1147 1299 1261 1334 gloriam
1277 1299 1354 1335 quasi

1148 1335 1278 1371 nnigeniti

1147 1378 1162 1401 a_
1177 1370 1262 1411 patre,
1279 1370 1388 1405 plenum

1145 1410 1243 1441 gratia,
1256 1410 1284 1434 et
1297 1414 1343 1434 ve-

1146 1443 1237 1469 ritate.

1148 1477 1192 1504 l5.
1212 1477 1344 1505 Johannis
1361 1482 1400 1505 te-

1147 1514 1290 1545 stiﬁcatur,

1146 1554 1173 1576 et
1187 1548 1224 1584 (a)
1241 1550 1340 1576 clamat
1356 1548 1374 1584 Ῠ
1389 1558 1396 1575 :

1148 1584 1197 1611 llic
1211 1588 1261 1616 est,
1278 1585 1312 1611 de

1166 1627 1200 1646 uo
1213 1619 1269 1647 dixi
1284 1629 1290 1646 :

1146 1627 1200 1689 alio
1213 1627 1269 1647 uixi
1284 1629 1290 1646 :

1171 1663 1197 1682 ιιι
1210 1660 1270 1690 post
1285 1663 1328 1683 me

1145 1691 1231 1724 venit,
1246 1695 1310 1718 ante

1145 1734 1189 1754 me
1205 1726 1290 1754 factus
1305 1731 1347 1754 est
1364 1735 1370 1752 :

1144 1762 1207 1796 quia
1223 1762 1296 1797 ιιι-ἰσι-

1144 1805 1189 1825 me
1204 1803 1275 1825 erat.

1144 1833 1189 1860 16.
1210 1832 1248 1869 (b)
1260 1833 1392 1867 Quoniam
1406 1833 1424 1868 1‘
1440 1833 1474 1860 de

1143 1869 1314 1903 plenitudine
1327 1869 1388 1904 ejus

953 1923 1068 1951 CODEX
1088 1923 1287 1953 BRIXIANUS.

1568 241 1617 260 nos
1632 240 1727 260 omnes

1565 270 1719 302 accepimus

1563 305 1676 339 gratiam
1690 311 1739 336 pro

1566 341 1609 367 l7.
1630 339 1755 374 gratiam.
1772 338 1840 373 Quia

1566 376 1609 403 lex
1623 383 1672 410 per
1682 375 1757 410 Moy-

1567 419 1614 439 sen
1629 410 1692 438 data
1707 415 1759 443 est,

1565 446 1651 482 gratia
1663 451 1765 478 autem,

1566 486 1593 509 et
1605 482 1704 509 veritas
1720 489 1768 516 per

1565 518 1657 545 Jesum
1672 517 1750 545 Chri-

1565 557 1637 580 stum
1652 552 1722 580 facta

1565 592 1617 617 est.

1566 624 1610 652 18.
1633 624 1715 651 Deum
1736 632 1818 652 nemo

1566 659 1632 687 vidit
1647 668 1772 694 umquam
1792 668 1798 686 :

1566 695 1617 722 nisi
1629 696 1786 730 unigenitus

1566 730 1647 762 ﬁlius,
1662 731 1707 765 qui
1721 735 1763 758 est

1566 766 1594 793 in
1605 766 1667 793 sinu
1681 767 1765 801 patris
1774 787 1781 800 ,

1565 801 1623 836 ipse
1636 802 1783 830 enarravit.

1564 837 1608 865 19.
1629 837 1664 864 Ει
1675 837 1726 865 hoc
1740 842 1781 870 est
1794 842 1833 866 te-

1562 874 1721 900 stimonium
1737 872 1784 903 Jo-

1565 908 1670 941 hannis,
1683 916 1744 936 cum

1564 943 1705 971 misissent
1719 943 1753 972 ad

1563 987 1624 1007 eum
1640 979 1736 1007 Judaei

1563 1015 1598 1042 ab
1616 1015 1746 1043 Hieroso-

1563 1050 1644 1086 lymis
1658 1050 1794 1079 Sacerdo-

1562 1090 1604 1113 tes
1616 1090 1644 1114 et
1657 1086 1736 1114 Levi-

1563 1126 1604 1149 tas
1618 1126 1648 1149 ut
1660 1123 1777 1150 interro-

1562 1163 1659 1190 garent
1673 1165 1734 1185 eum
1751 1167 1757 1185 Ζ

1563 1192 1603 1219 Tu
1618 1193 1680 1221 attis
1696 1193 1748 1221 es?

1561 1228 1607 1255 20.
1629 1228 1663 1256 Et
1673 1228 1817 1259 confessus

1562 1268 1615 1296 est.
1631 1269 1658 1292 et
1671 1271 1724 1292 non
1739 1272 1789 1292 ne-

1579 1299 1634 1326 avit
1651 1308 1657 1326 :
1670 1307 1739 1327 con-

1573 1342 1651 1362 essus
1666 1341 1719 1368 est,

1563 1371 1625 1405 quia
1641 1378 1692 1406 ego
1706 1378 1761 1398 non

1561 1414 1620 1433 sum
1632 1406 1769 1434 Christus.

1560 1442 1606 1470 21.
1627 1442 1660 1470 Ει
1673 1442 1698 1469 in
1703 1447 1825 1478 terroga-

1561 1482 1659 1506 verunt
1669 1485 1731 1506 eum

1561 1512 1658 1542 iterum
1670 1534 1676 1546 ,
1689 1513 1783 1543 dicen-

1561 1553 1601 1581 tes
1615 1557 1622 1575 :
1639 1549 1729 1577 Helias

1559 1591 1589 1611 es
1604 1584 1653 1611 tu?
1666 1584 1711 1611 Ait
1727 1592 1735 1611 :

1560 1619 1618 1647 Non
1629 1627 1700 1647 sum.
1713 1619 1783 1653 Quid

1561 1656 1647 1690 ergo?
1659 1656 1795 1690 Propheta

1561 1698 1591 1719 es
1607 1691 1656 1718 tu?
1670 1691 1704 1718 Et
1715 1698 1758 1718 re-

1561 1726 1671 1760 spondit
1688 1735 1694 1752 :
1709 1725 1781 1753 Non.

1560 1761 1606 1788 22.
1627 1761 1662 1789 Et
1675 1761 1804 1789 dixerunt
1818 1771 1826 1788 ε

1561 1797 1609 1824 Dic
1620 1804 1686 1832 ergo
1700 1805 1749 1825 no-

1560 1833 1602 1860 bis
1616 1838 1645 1860 ut
1660 1840 1717 1860 res-

1561 1875 1674 1903 ponsum
1688 1868 1732 1896 de-

293 1975 321 1999 et
335 1970 451 1998 mundus
464 1978 512 2005 per
527 1971 614 2005 ipsum
628 1969 713 1998 factus
727 1974 815 1999 est.et
827 1969 943 1998 mundus
959 1979 1020 1999 eum
1034 1979 1087 1999 non

292 2007 427 2042 Cognovit.
442 2006 470 2034 in
483 2007 589 2041 propria
605 2006 687 2034 venit.
704 2012 731 2033 et
741 2006 783 2033 sui
810 2014 871 2033 eutn
896 2014 950 2033 non
977 2014 1088 2040 recepe-

293 2049 366 2070 runt.
382 2042 533 2077 Quodquod
554 2045 644 2069 autem
667 2046 829 2076 receperunt
848 2049 921 2069 eum.
948 2042 1023 2069 dedit.
1047 2042 1088 2069 eis

292 2082 466 2113 potestatem.
484 2078 553 2105 ﬁlios
567 2078 613 2105 Dei
625 2078 692 2105 ﬁeri.
710 2078 750 2104 his
762 2078 806 2113 qui
832 2078 946 2105 credunt
960 2078 986 2105 in
1002 2078 1089 2105 nomi-

291 2122 326 2142 ne
339 2115 399 2147 ejus
421 2114 471 2147 Qui
487 2121 539 2141 non
555 2121 590 2140 ex
602 2114 787 2148 sunguinihus.
802 2121 888 2148 neque
899 2121 932 2140 ex
948 2114 1088 2141 voluntate

291 2150 391 2180 carnis.
405 2157 491 2184 neque
501 2157 534 2177 ex
547 2150 684 2176 voluntate
692 2150 754 2176 viri.
764 2149 810 2176 sed
827 2157 861 2175 ex
877 2149 932 2176 Deo
948 2150 1001 2176 nati
1015 2154 1087 2177 sunt.

291 2186 322 2212 Et
340 2186 457 2213 Verbum
469 2192 532 2212 caro
547 2185 646 2211 factum
661 2189 710 2211 est.
728 2190 755 2211 et
773 2184 902 2213 habitavit
918 2184 944 2211 in
959 2185 1045 2212 nobis.
1062 2190 1089 2212 et

293 2220 408 2247 vidimus
421 2220 533 2255 gloriam
544 2220 612 2255 ejus.
626 2220 738 2254 gloriam
750 2221 825 2254 quasi
842 2220 971 2255 unigeniti
986 2229 999 2246 ιι
1013 2225 1089 2254 patre

292 2256 400 2290 plenum
419 2257 503 2290 gratia
525 2261 553 2283 ct
575 2256 698 2284 veritate.
725 2255 873 2283 Johannes.
903 2256 1088 2282 testimonium

291 2291 415 2326 perhibet
424 2291 457 2319 de
470 2292 538 2325 ipso.
549 2296 576 2318 et
585 2292 684 2319 clamat
696 2291 800 2319 dicens.
812 2291 861 2318 Hic
872 2296 913 2318 est
923 2291 957 2317 do
968 2299 1020 2325 quo
1033 2291 1090 2319 dixi

287 2327 375 2354 vobis.
383 2327 432 2360 Qui
446 2331 506 2361 post
515 2335 557 2354 me
565 2328 716 2354 venit.ante
728 2335 770 2354 me
784 2326 870 2355 lactus
879 2332 930 2359 est,
941 2327 1003 2361 quia
1015 2327 1089 2360 prior

288 2370 331 2390 me
340 2367 407 2391 erat.
417 2363 450 2390 Et
461 2362 494 2390 de
503 2363 672 2399 plenitudine
682 2363 750 2397 ejus.
763 2370 811 2391 nos
820 2370 914 2391 omnes
921 2363 1088 2396 accepimus.

1143 1977 1170 1999 et
1181 1974 1295 2008 gratiam
1311 1980 1360 2008 pro
1373 1972 1469 2007 gratia.
1485 1972 1553 2006 Quia
1569 1972 1612 2000 lex
1627 1979 1674 2008 per
1688 1971 1800 2006 Moysen
1814 1972 1893 2008 data
1909 1979 1965 2000 cst.

1143 2007 1232 2042 gratia
1240 2007 1330 2036 autem
1340 2013 1367 2036 et
1383 2009 1486 2035 Veritas
1502 2008 1646 2042 perlesum
1654 2007 1792 2035 Christum
1808 2007 1891 2036 facta
1909 2015 1965 2036 est.

1146 2046 1228 2071 Deum
1250 2052 1329 2072 netno
1345 2044 1412 2071 vidit
1425 2052 1562 2079 umqttam.
1579 2044 1733 2079 ttnigenitns
1747 2043 1831 2070 illius.
1856 2045 1909 2078 qui
1924 2049 1968 2071 (νει

1144 2081 1170 2106 in
1186 2081 1246 2107 sinu
1263 2080 1355 2114 patris.
1370 2080 1427 2113 ipse
1444 2078 1572 2107 narravit.
1592 2080 1624 2107 Et
1641 2081 1692 2106 hoc
1704 2084 1743 2107 est
1761 2078 1966 2107 testiinonium

1144 2115 1287 2142 Johannis.
1304 2115 1414 2150 quando
1431 2116 1564 2142 miserunt
1579 2115 1675 2142 Judaei
1687 2115 1720 2141 λιιι
1736 2114 1965 2151 Hierosolymis.

1144 2151 1306 2180 Sacerdotes
1321 2156 1346 2178 et
1363 2151 1470 2178 Levitas
1485 2151 1517 2178 ad
1529 2159 1601 2178 eum.
1615 2155 1644 2177 ut
1655 2151 1864 2184 interrogarent
1882 2160 1966 2179 eum.

1141 2187 1180 2213 Tu
1197 2188 1258 2221 quis
1271 2194 1310 2213 es.
1328 2186 1361 2213 Et
1374 2186 1515 2213 confessus
1527 2192 1578 2213 est.
1594 2191 1621 2214 et
1634 2195 1686 2213 non
1703 2186 1823 2221 negavit.
1841 2188 1966 2214 confes-

1141 2229 1187 2249 sus
1200 2227 1253 2249 est.
1270 2222 1338 2263 Quia
1350 2230 1406 2263 _n'on
1420 2229 1485 2263 sum_
1495 2230 1545 2263 ego
1556 2222 1690 2250 Christus.
1706 2222 1739 2263 Εξι
1758 2222 1968 2263 ξιιιςιτοειιγυ-

1142 2262 1203 2284 runt
1219 2266 1292 2285 eum.
1306 2258 1374 2290 Quid
1387 2265 1450 2292 ergo
1467 2256 1555 2285 llelias
1570 2266 1599 2284 es
1613 2263 1639 2284 tu
1649 2278 1655 2290 ,
1670 2263 1696 2285 et
1712 2257 1787 2285 dixit.
1798 2256 1867 2284 Non
1878 2256 1965 2285 'sutn.

1141 2292 1274 2330 Propheta
1288 2301 1317 2321 es
1334 2298 1369 2320 tu.
1384 2293 1417 2320 Et.
1432 2294 1580 2327 respondit.
1594 2293 1662 2330 Non.
1679 2292 1811 2320 Dixerunt
1829 2301 1908 2330 ergo
1925 2294 1966 2322 ci.

1141 2328 1208 2361 Quis
1221 2336 1286 2364 ergo
1297 2336 1326 2357 es
1347 2334 1385 2357 tu.
1407 2334 1435 2356 ut
1446 2336 1606 2363 reSponsum
1618 2329 1664 2362 de—

913 2420 1030 2449 CODEX
1048 2420 1283 2450 CORBEIENSIS.

321 2477 380 2515 11.³
402 2477 435 2515 in
449 2485 498 2506 sua
514 2478 622 2514 propria
634 2479 653 2515 ἦ
665 2480 749 2508 venit.

321 2512 366 2541 M.
382 2514 491 2550 plenum
504 2512 591 2550 gratia
601 2520 629 2543 et
640 2512 764 2544 veritate.

1175 2480 1221 2507 21.
1243 2480 1553 2516 lnterrogavernnteum
1567 2481 1665 2509 iterum
1679 2490 1685 2508 :
1701 2480 1770 2514 Quid
1781 2487 1856 2516 ergo
1869 2482 1896 2510 2.
1923 2504 1931 2510 .
1959 2502 1968 2510 .

1140 2515 1179 2544 Ne
1193 2524 1258 2551 ergo
1272 2515 1409 2552 Propheta
1422 2524 1453 2544 es
1468 2517 1516 2544 tu?

900 2574 1098 2603 VARIANTES
1115 2573 1320 2604 LECTIONES.

313 2624 322 2638 ι
408 2623 525 2655 perhibet
535 2623 567 2658 ab
673 2622 814 2658 factusuest,

280 2659 328 2689 non
340 2652 447 2691 sciebam
458 2661 515 2680 eum
525 2652 594 2687 quia,
605 2653 802 2686 Vulg.pcrhibet
808 2652 840 2678 de
850 2652 932 2684 ipso...
944 2652 1023 2677 factus
1033 2656 1082 2684 est,

281 2691 523 2749 quiatgdi?liinquam,
535 2717 581 2742 nisi
597 2717 748 2749 unigenittts.
761 2718 819 2741 Mm.
838 2722 943 2747 unquam
954 2723 960 2740 :
970 2715 1017 2740 nisi
1030 2715 1085 2740 uni-

840 2622 882 2658 qui
893 2621 970 2652 prior.
982 2622 1041 2646 Mm.
1058 2623 1085 2646 et
1136 2620 1237 2656 genitus
1247 2619 1312 2657 ﬁlius
1327 2620 1405 2652 solus,
1426 2621 1468 2653 qui
1481 2621 1536 2652 jest.
1562 2621 1635 2653 Vulg.
1655 2623 1971 2655 umquamzunigenitus

850 2659 932 2675 tnso...
944 2652 1023 2675 {auus
1033 2656 1082 2675 ριιι-
1136 2650 1209 2675 ﬁlius.
1225 2658 1266 2675 out
1279 2656 1327 2675 est.

1225 2652 1266 2682 qui
1279 2656 1327 2676 est.

1170 2682 1180 2698 ³
1197 2683 1226 2707 Et
1237 2682 1271 2707 ita
1283 2683 1336 2708 Gut.
1350 2686 1373 2709 et
1385 2684 1446 2711 Mm.

952 2755 1135 2783 BLANCHINI
1155 2756 1268 2786 NOTIE.

316 2802 433 2842 (a)_Post
443 2803 547 2837 clamat,
564 2804 641 2843 deest
655 2803 751 2843 dicens!
763 2802 885 2843 etiamin
893 2800 1127 2843 eod.nca.nt.—'(b)
1142 2802 1180 2830 Ita
1200 2808 1226 2830 et
1243 2803 1310 2831 Cod.
1326 2808 1411 2843 capt”
1434 2804 1484 2843 ὅτις
1500 2804 1541 2843 Ah
1557 2804 1740 2843 hinc,»nempc
1750 2804 1790 2843 ab
1806 2806 1968 2843 adessem-ﬁ

279 2836 433 2872 accepimus.
454 2848 540 2873 usque
557 2839 590 2867 ad
611 2839 693 2868 verba
719 2838 764 2865 illa
785 2836 874 2865 “Ραϐϐὶ
894 2836 932 2870 ὃς,
949 2836 1041 2870 Rabbi,
1057 2836 1100 2872 qui
1117 2836 1177 2873 Cap.
1202 2846 1241 2871 ιιι,
1265 2847 1336 2868 vers.
1351 2836 1502 2873 26,0mnia
1517 2840 1615 2869 desunt
1625 2836 1655 2868 in
1669 2836 1730 2868 cod.
1745 2840 1828 2870 Cant.
1847 2836 1906 2872 Gr:
1937 2836 1971 2873 οἱ

280 2880 366 2908 ιιειιιιε
380 2873 414 2901 ad
428 2882 453 2901 v.
466 2875 510 2903 16.
527 2875 554 2902 in
567 2875 646 2903 Cant.
661 2874 720 2902 Lat.
