3980 6192
545 271 651 330 559
1083 263 1351 323 EUSEBII
1390 258 1732 339 VERCELL.
1777 251 2232 315 EVANGELIUM
2269 253 2412 313 CUM
2451 248 2681 310 VARUS
2717 248 2871 310 COD.
2912 245 3304 307 COLLATUM.
3735 247 3828 307 560

935 379 1169 439 CODEX
1210 375 1755 435 VERCELLENSIS.

558 482 651 540 hui
680 479 933 551 quoniam

561 554 649 610 hic
678 561 761 608 est
786 552 928 607 elec-

560 634 650 682 tus
676 623 841 679 Filius
868 619 982 676 Dei.

560 697 653 754 55.
696 694 877 751 Altera
909 690 998 747 die
1025 689 1126 747 ite-

560 783 682 824 rum
710 764 887 821 stabat

558 838 856 900 Johannes,
883 843 938 890 et

562 925 632 966 ex
657 904 937 977 discipulis

562 981 654 1037 56.
684 973 812 1063 ejus
826 977 955 1033 duo.
974 973 1046 1031 Et

566 1063 863 1123 respICIens

564 1120 751 1180 Iesum
775 1120 963 1176 ambu-

565 1196 789 1259 lantem,
822 1193 900 1248 ait
927 1209 943 1245 :

569 1266 713 1323 Ecce
739 1277 907 1336 agnus

567 1339 687 1403 Dei,
714 1334 841 1393 ecce
868 1334 960 1404 qui

564 1410 706 1467 tollit
728 1422 918 1479 peccaj

573 1492 687 1537 tum
715 1476 923 1535 mundi.

569 1555 660 1610 57.
702 1554 770 1608 Et
797 1549 1084 1605 audierunt

571 1641 643 1682 ex
674 1621 910 1691 discipu-

570 1697 639 1753 lis
664 1699 777 1765 ejus
806 1693 915 1747 duo

572 1769 880 1839 loquentem

569 1839 745 1906 illum,
776 1842 831 1891 et
859 1847 945 1890 se-

565 1910 680 1969 cuti
705 1915 832 1964 sunt

568 1982 773 2039 Jesum.

569 2054 661 2111 58.
700 2052 1007 2110 Conversus

567 2135 749 2181 autem
777 2122 957 2192 Jesus,
988 2127 1044 2177 et

572 2198 589 2229 ¹
622 2196 809 2253 videns
835 2208 931 2249 eos

569 2277 966 2337 sequentesse,

567 2332 776 2395 ait'iliis
801 2356 815 2393 :
843 2332 985 2405 Quid

564 2408 860 2484 quaeritis?

568 2483 652 2539 Ad
683 2482 758 2539 illi
794 2478 949 2537 dixe-

565 2565 692 2612 runt
715 2555 767 2609 ei
793 2572 806 2607 :
846 2548 988 2605 Rab-

568 2626 647 2694 bi,
674 2623 841 2711 (quod
868 2618 1001 2678 dici-

555 2708 644 2754 tur
675 2706 841 2753 inter-

600 2777 865 2825 raetatum

563 2844 840 2913 Magister)

558 2913 647 2970 ubi
681 2926 867 2967 manes
891 2907 915 2962 τ

558 2985 646 3041 59.
693 2983 833 3038 Dicit
859 2980 978 3037 eis:
1011 2978 1117 3036 Ve-

559 3058 697 3127 nite,
712 3065 780 3127 et
810 3053 960 3126 vide—
1039 3114 1048 3127 ι

560 3137 635 3185 te.
682 3123 857 3182 Veneé
943 3166 965 3178 η

554 3206 682 3260 runt
705 3213 857 3269 ergo,

558 3280 614 3326 et
644 3268 898 3323 viderunt

558 3340 652 3396 ubi
683 3338 889 3394 habita-

555 3420 661 3495 ret,
693 3420 748 3467 et
774 3415 905 3480 aput

556 3497 734 3554 ipsum
767 3495 921 3535 man-

555 3563 743 3611 serunt
777 3551 869 3607 illa

557 3626 647 3682 die
671 3642 686 3681 :
719 3624 852 3679 hora
878 3636 976 3677 au-

556 3706 666 3754 tem
695 3704 814 3752 erat
842 3693 919 3751 fe-

556 3784 617 3825 re
647 3767 877 3825 decima.

552 3840 645 3900 40.
689 3840 821 3895 Erat
848 3844 1028 3893 autem

553 3912 800 3969 Andreas
833 3909 945 3965 fra-

555 3993 639 4042 ter
665 3980 902 4038 Simonis

552 4055 698 4113 Petri
733 4069 871 4108 unus

547 4143 614 4185 ex
648 4126 882 4192 duobus,
913 4120 1004 4194 qui

1395 472 1684 528 audierant

1396 545 1463 600 ab
1489 542 1757 610 Johanue,

1395 626 1450 671 et
1474 616 1644 670 secuti
1670 630 1728 669 e-

1395 695 1522 745 rant
1548 687 1717 749 illum.

1397 743 1488 833 ιι.
1531 743 1790 833 Inventi};
1816 755 1941 833 his
2023 748 2026 755 ’

1402 816 1790 900 ρτὶηῑυῐητῶῗ

1403 910 1540 958 trem
1572 915 1731 956 suum

1400 973 1700 1039 Simonem,

1402 1053 1456 1101 et
1480 1045 1555 1099 ait
1581 1043 1659 1099 illi
1686 1060 1698 1097 :
1726 1041 1806 1098 In-

1401 1116 1648 1171 venimus

1402 1187 1673 1251 Messiam,
1708 1181 1875 1257 (quod

1404 1267 1490 1314 est
1520 1260 1785 1327 interpre-

1404 1339 1569 1386 tatum
1600 1328 1868 1383 Christus.

1402 1402 1493 1479 42,
1510 1402 1600 1479 _Et
1624 1394 1957 1479 duxit'illum

1402 1474 1470 1529 ad
1500 1472 1707 1529 Jesum.

1398 1548 1467 1603 Et
1495 1544 1792 1613 respiciens
1824 1546 1849 1554 "
1938 1542 1983 1547 ’“
2070 1544 2075 1547 “

1396 1634 1520 1675 eum
1548 1612 1728 1679 Jesus,
1756 1612 1842 1667 di-

1398 1689 1513 1744 xit:
1542 1687 1624 1741 Tu
1646 1686 1835 1739 Simon

1399 1761 1421 1792 ⁸
1450 1759 1591 1814 illius
1616 1755 1818 1812 Johan-

1398 1846 1496 1888 nes
1517 1849 1528 1883 :
1561 1838 1615 1883 tu
1638 1841 1799 1881 voca-

1401 1902 1544 1958 veris
1572 1898 1786 1969 Cephas

1400 1972 1544 2046 quod
1574 1980 1659 2027 est
1684 1970 1765 2025 in-

1400 2054 1696 2116 terpraeta-

1400 2125 1511 2172 tum
1550 2116 1762 2171 Petrus.

1400 2190 1489 2263 4'5.
1528 2186 1716 2263 Altera
1746 2173 1859 2263 die:
1920 2242 1925 2249 ,

1396 2260 1560 2315 voluit
1590 2258 1740 2313 exire

1396 2331 1453 2386 in
1484 2329 1803 2403 Galilaeam,
1868 2400 1871 2403 ι

1394 2413 1451 2457 et
1478 2399 1679 2455 invenit

1394 2473 1719 2541 Philippum.

1394 2516 1847 2600 ὲῖἒίἵῖᾗῖἶθευε
1865 2516 1879 2592 ξ

1394 2616 1635 2688 Sequere
1657 2628 1765 2668 me.

1389 2686 1503 2742 44(
1527 2687 1653 2740 Erat
1684 2691 1863 2737 autem

1390 2758 1669 2827 Philippus
1696 2770 1727 2827 a_

1389 2825 1673 2887 Bedsaida.
1701 2825 1771 2880 de

1389 2902 1607 2958 civitate
1646 2898 1759 2954 An-

1387 2973 1574 3039 draee,
1606 2981 1660 3026 et
1686 2970 1760 3024 Pe

1388 3043 1480 3101 45.
1524 3044 1614 3098 tri.
1656 3040 1865 3096 Invenit

1391 3115 1672 3185 Philippus
1697 3111 1805 3168 Na-
1828 3166 1831 3169 .

1390 3187 1627 3251 thanael,
1652 3195 1719 3243 et

1387 3258 1519 3314 dicit
1546 3257 1622 3313 illi
1651 3274 1663 3309 :
1693 3255 1865 3321 Quem

1389 3330 1605 3399 scripsit
1635 3327 1783 3399 Moy-

1388 3416 1478 3456 ses
1505 3398 1562 3454 in
1593 3398 1733 3467 lege,

1388 3470 1412 3556 ξ
1436 3480 1491 3527 et
1517 3470 1842 3553 Prophetae,

1390 3555 1695 3597 invenimus

1387 3613 1573 3670 Jesum
1609 3612 1776 3667 lilium

1387 3683 1590 3755 Joseph
1616 3699 1646 3738 a
1673 3682 1776 3737 Na-

1388 3769 1558 3812 zaret.

1386 3829 1478 3883 46.
1518 3827 1611 3883 Ait
1638 3826 1715 3881 illi
1743 3823 1941 3881 Natha—

1386 3900 1509 3957 nael
1534 3914 1550 3953 :
1585 3902 1626 3954 A
1654 3897 1825 3953 Naza-

1386 3980 1471 4027 ret
1500 3979 1677 4041 potest
1706 3971 1803 4024 ali-

1382 4043 1508 4113 quid
1546 4042 1673 4097 bntti
1702 4056 1786 4113 es:

1380 4111 1489 4171 se?
1529 4115 1671 4168 Dixit
1703 4111 1782 4167 illi

2688 364 2924 425 CODEX
2960 360 3408 422 VERONENSIS.

2260 466 2352 522 bui
2380 481 2511 535 quo-
3089 459 3180 517 41.
3221 457 3429 535 Invenit
3456 464 3640 512 autem

2259 532 2409 593 niam
2438 537 2557 604 ipse
3088 546 3247 604 mane
3275 532 3496 585 fratrem

2259 621 2345 666 est
2376 602 2473 666 Dei
2497 609 2671 665 Filius
3088 602 3382 667 Simonem,

2259 682 2486 737 electus.
3088 683 3143 730 et
3172 673 3307 729 dixit
3335 672 3411 728 illi
3438 688 3451 724 :

2258 752 2349 808 55.
2394 752 2614 806 Postera
2635 766 2730 806 au-
3088 745 3395 800 Invenimus

2260 834 2368 879 tem
2399 824 2487 878 die
2516 823 2618 878 ite-
3091 816 3364 883 Messiam,

2260 911 2377 949 runt
2410 894 2584 951 stabat
3089 889 3231 957 quod
3260 897 3343 942 est
3370 888 3453 943 in-

2258 964 2555 1030 Johannes,
3090 967 3473 1030 terpraetatum

2260 1045 2315 1093 et
2340 1038 2449 1092 duo
2478 1029 2640 1092 diSci-
3087 1029 3352 1085 Christus.

2260 1109 2370 1177 puli
2403 1109 2539 1177 ejus.
3089 1103 3179 1157 4'2.
3224 1102 3464 1177 Adduxit
3491 1118 3580 1161 er-

2260 1173 2355 1235 56.
2395 1173 2463 1234 Et
2493 1184 2709 1235 intuens
2734 1180 2828 1235 Je-
3090 1188 3159 1243 go
3183 1189 3307 1229 eum
3336 1173 3403 1229 ad

2259 1266 2378 1308 sum
2405 1251 2689 1306 ambulan~
3089 1245 3295 1301 Jesum.

1880 1326 1899 1395 )
2262 1332 2393 1387 tem,
2423 1323 2597 1395 dixit:
2629 1323 2732 1395 Ec-
3094 1315 3316 1373 Intuens
3342 1331 3431 1371 au-

3093 1396 3199 1443 tem
3240 1404 3363 1443 eum

3091 1459 3271 1519 Jesus.
3302 1459 3470 1515 dixit:

3093 1531 3171 1586 Tu
3198 1548 3259 1587 es
3287 1530 3475 1588 Simon

2260 1394 2696 1521 alia.

2262 1549 2440 1592 autem
2473 1539 2579 1592 duo
2606 1542 2617 1549 “

2262 1608 2511 1677 discipuli
2544 1608 2663 1678 ejus
3097 1602 3355 1678 liliusJo-

2268 1673 2602 1749 loquentem,
3097 1673 3291 1749 hannis
3316 1685 3430 1749 :_tu

2268 1760 2323 1805 et
2344 1746 2521 1806 secuti
2550 1760 2675 1806 sunt
3095 1746 3308 1801 vocaris
3339 1746 3440 1802 Ce-

2266 1821 2472 1878 Jesum.
3099 1816 3231 1889 phas
3258 1818 3401 1889 quod

2266 1893 2356 1948 58.
2397 1891 2705 1949 Conversus
3095 1888 3515 1960 interpraetatur

2264 1974 2443 2019 autem
2469 1963 2646 2033 Jesus,
3094 1958 3306 2033 Petrus.

2266 2037 2402 2090 vidit
2430 2052 2524 2090 eos
2551 2030 2639 2091 se4
3094 2030 3184 2086 45.
3225 2034 3443 2089 Postera
3469 2048 3566 2089 au-

2264 2117 2492 2177 quentes
2522 2123 2601 2173 se,
3092 2112 3202 2177 tem
3230 2104 3318 2159 die
3349 2121 3447 2159 vo-

2263 2173 2319 2234 et
2346 2179 2482 2233 dixit
2506 2179 2584 2233 eis
2611 2195 2622 2231 :
3092 2173 3187 2229 luit
3220 2177 3493 2244 proﬁcisci

2255 2250 2394 2316 Quid
2424 2265 2589 2319 quae-
3089 2245 3141 2301 in
3164 2247 3456 2304 Galilaeam
3476 2288 3492 2314 ,

2254 2322 2418 2376 ritis?
3085 2327 3141 2372 et
3173 2322 3376 2375 invenit

2253 2393 2353 2461 Qui
2384 2392 2640 2447 dixerunt
3087 2389 3415 2461 Philippum.

2252 2460 2303 2519 ei
2328 2482 2341 2516 :
2381 2464 2573 2532 Rabbi,
3085 2460 3155 2532 Et
3184 2463 3312 2516 dicit
3342 2462 3417 2517 illi

2256 2536 2419 2606 (quod
2450 2538 2531 2589 in-
2559 2530 2565 2532 ⁷
3082 2530 3239 2606 .lesus
3261 2551 3274 2587 ε
3305 2534 3544 2604 Sequere

2257 2603 2619 2678 terpraetatur
3080 2603 3170 2658 44.
3214 2620 3328 2678 me.
3353 2603 3482 2678 Erat

2254 2676 2529 2749 Magister)
3081 2686 3259 2730 autem
3290 2676 3453 2749 Filip:

3082 2762 3181 2817 pus
3209 2764 3237 2801 a
3269 2748 3487 2803 Bedsai-

3080 2821 3181 2885 da,
3210 2834 3276 2875 ex
3307 2819 3523 2874 civitate

3083 2889 3362 2955 Andreae,
3385 2904 3438 2945 et

3080 2960 3171 3017 45.
3214 2962 3380 3017 Petri.
3410 2960 3623 3017 Invenit

3081 3045 3258 3089 autem
3288 3033 3533 3104 Filippus

3079 3105 3304 3160 Nataltel
3328 3144 3346 3171 ,
3366 3115 3421 3160 et

3080 3176 3206 3231 dicit
3232 3176 3305 3230 illi
3333 3193 3347 3229 :

3080 3246 3248 3314 Quem
3273 3246 3488 3303 scribsit

3081 3319 3291 3390 Moyses
3313 3320 3364 3374 in

3081 3389 3200 3459 lege
3214 3432 3229 3455 ,
3258 3400 3312 3444 et
3338 3390 3471 3445 Pro-

2255 2748 2357 2803 uhi'
2378 2748 2594 2803 manis?

2254 2820 2341 2875 59.
2386 2821 2474 2875 Ait
2504 2820 2653 2874 illis?

2254 2892 2465 2948 Venite.
2498 2900 2552 2946 et
2582 2892 2661 2947 vi-

2251 2964 2395 3029 dete,
2430 2963 2608 3019 Vene-

2251 3044 2378 3089 runt
2402 3046 2606 3100 autem,

2251 3115 2307 3160 et
2335 3107 2585 3160 viderunt

2251 3178 2343 3232 ubi
2374 3186 2636 3243 maneret,

2251 3259 2306 3305 et
2334 3260 2461 3319 aput
2490 3264 2615 3303 eum

2251 3329 2569 3376 manserunt

2249 3392 2343 3446 illa
2371 3393 2458 3447 die
2484 3409 2497 3443 :

2250 3474 2369 3519 erat
2397 3464 2541 3517 enim
3083 3462 3306 3531 phetae,
3339 3462 3488 3516 inve-

2250 3532 2382 3589 hora
2413 3534 2631 3589 circiter
2888 3582 2891 3585 λ
3082 3534 3259 3587 nimus
3282 3532 3464 3587 Jesum

2249 3606 2477 3661 decima.
3080 3604 3249 3661 tilium
3277 3603 3369 3659 Jo-

2248 3675 2339 3732 40.
2381 3677 2513 3732 Erat
2545 3674 2789 3732 Andreas

2249 3747 2415 3803 frater
2442 3749 2680 3803 Simonis

3078 3677 3209 3745 seph
3240 3690 3271 3729 a
3300 3673 3589 3730 Nazareth.

3078 3747 3169 3802 46.
3212 3748 3354 3801 Dixit
3384 3745 3459 3800 illi

2247 3820 2394 3876 Petri
2425 3836 2562 3874 unus
3078 3818 3336 3873 Natanael
3370 3836 3381 3870 :

2248 3907 2313 3947 ex
2344 3891 2575 3957 duohus,
3079 3892 3120 3945 A
3148 3889 3411 3946 Nazareth
3516 3950 3519 3955 η

2247 3966 2335 4034 qui
2367 3963 2651 4018 audierant
3079 3971 3258 4034 petest
3280 3958 3479 4030 aliquid

2247 3980 2335 4034 qui
2367 3978 2651 4018 auaierant
3118 3978 3258 4018 etest
3280 3978 3394 4030 anqt

2247 4039 2313 4091 ab
2342 4036 2611 4099 Johanne,
3079 3978 3206 4087 lieni
3234 4035 3394 4087 esse?

2247 4118 2301 4162 et
2330 4108 2498 4162 secuti
2529 4114 2656 4162 sunt
2682 4120 2826 4162 eum.
3084 4106 3174 4160 Ait
3198 4106 3272 4159 illi
3301 4103 3389 4157 Fi-

1870 4179 2102 4283 CODEX
2142 4222 2530 4281 BRIXIANUS.

542 4339 633 4399 hui
656 4337 777 4412 quia
810 4336 897 4412 ιιίο
918 4341 1002 4390 εει
1042 4330 1209 4387 Filius
1232 4319 2133 4412 Dci-A'tsrwveedis.i1¢t9u
2240 4317 2464 4412 252-1110.
2500 4313 2992 4412 Pf'l'l‘."{'3-""".°"}
3023 4314 3486 4412 δηξιεηβίηιοτξθξη
3519 4312 3760 4412 “xlix”.

547 4391 1044 4468 stabat-Johannes.
1078 4414 1128 4458 et
1161 4417 1225 4456 ex
1266 4398 1546 4465 discipulis
1571 4396 1689 4464 ejus
1708 4394 1837 4448 duo.
1864 4391 1930 4446 Et
1959 4395 2133 4468 respi-

546 4461 928 4540 Eiéig'iéé'um
970 4475 1333 4531 ambulantem
1384 4461 1539 4540 dixit.
1603 4461 1739 4521 Ecce
1794 4478 1964 4533 agnus
2014 4461 2129 4540 Dei.

546 4535 627 4611 Et
637 4535 932 4609 audierunt
959 4564 1081 4603 eum
1110 4546 1219 4599 duo
1245 4539 1860 4611 discipuli_|oquentem._
1879 4543 1933 4611 et
1959 4535 2131 4587 secuti

547 4606 902 4682 suti'tllesum.
933 4620 1242 4675 Conversus
1272 4606 1451 4667 autem
1489 4606 1665 4682 Jesus.
1715 4616 1787 4682 etA
1816 4606 2003 4682 videns
2041 4620 2135 4659 eus

548 4678 840 4765 setluentes
866 4708 928 4749 se
960 4691 1093 4765 dicit
1115 4686 1214 4765 eis.
1258 4684 1395 4765 Quid
1430 4681 1707 4753 quaeritis.
1746 4678 2133 4765 Quidixerunt

2239 4384 2552 4443 Invenimus
2575 4388 2824 4441 ll-lessiam
2847 4387 2992 4454 quod
3025 4398 3108 4441 est
3133 4389 3546 4455 interpretatum
3570 4384 3856 4441 Christus.

2240 4460 2310 4515 Et
2340 4460 2561 4514 adduint
2588 4474 2712 4514 euut
2744 4458 2809 4511 ad
2838 4457 3048 4513 Jesum.
3104 4458 3336 4512 intuitus
3380 4468 3560 4511 auteiu
3602 4475 3732 4511 eum
3764 4457 3857 4511 Je-

2239 4547 2332 4587 sns
2361 4532 2516 4585 dixit.
2553 4530 2633 4584 Tu
2664 4546 2725 4584 es
2754 4531 2943 4583 Sitnun
2977 4530 3118 4583 (ilius
3146 4529 3431 4583 Johannis.
3467 4538 3519 4583 tu
3550 4529 3851 4582 vocaveris

2238 4602 2473 4673 Cephas.
2509 4602 2653 4672 quod
2686 4601 3081 4673 interpretatur
3112 4602 3325 4655 Petrus.
3366 4600 3858 4673 Sequentiautetn

2238 4669 2333 4729 die
2355 4669 2910 4743 voluit—prolicisei'in
2942 4671 3202 4727 Galileatn
3234 4681 3290 4726 et
3316 4673 3516 4726 invenit
3550 4669 3857 4743 Filippntn.

547 4742 996 4835 quod
1027 4742 1239 4835 dicitur
1269 4742 1718 4835 'i'nterpraetatum
1745 4742 1997 4835 ιξξειείειθι-
2021 4749 2131 4835 ιυὺὶ
2241 4746 2486 4835 ΕιηιιίΙΧίι
2508 4742 2567 4835 ei
2589 4744 2765 4826 Jestis.
2798 4744 3038 4835 Sequere
3070 4760 3173 4796 me.
3212 4744 3339 4835 Errat
3378 4752 3564 4835 autem
3603 4742 3859 4835 Ρίιὲνριις

1022 4812 1148 4887 eis:
1178 4828 1371 4883 Venite
1410 4812 1465 4880 et
1501 4824 1700 4877 videte.
1758 4812 2124 4896 Ve'ncruntet
2235 4833 2263 4869 a
2301 4816 2588 4896 Bellisatda
2625 4816 2862 4896 civitate.
2890 4812 3135 4896 ξΑψΙι-Ξθ
3165 4825 3220 4869 et
3245 4815 3411 4896 Petri.
3441 4815 3655 4896 Invenit
3690 4812 3863 4881 Filip-

543 4889 796 4966 Viderunt
826 4889 1209 4962 ubtimaneret.
1242 4910 1296 4953 et
1339 4907 1467 4966 aput
1505 4901 1998 4966 enmﬁmauseruut
2028 4889 2126 4966 die

541 4960 995 5038 i'llojliora'enim
1037 4984 1155 5028 erat
1185 4970 1337 5040 quasi
1367 4960 1599 5040 decima.
1641 4965 1779 5040 Erat
1801 4973 1981 5040 autent
2012 4960 2124 5040 An:

2232 4903 2328 4957 pu<
2362 4888 2682 4941 Nathauacl.
2719 4898 2771 4940 et
2796 4887 2925 4940 dicit
2957 4885 3028 4940 ei.
3063 4887 3232 4954 Quem
3274 4886 3495 4939 scribsit
3530 4883 3778 4957 Mpyses
3807 4901 3857 4935 Ill

2228 4953 2343 5028 lege
2386 4970 2439 5012 et
2470 4959 2772 5027 Prophetae
2820 4953 3126 5028 invenimus
3155 4957 3547 5028 Jesunililium
3578 4953 3799 5024 JtlSt'pll
3828 4968 3859 5007 a

538 5026 1215 5110 Hééiié'ii-SiéE’Stnii.nis'
1241 5039 1409 5095 Petri.
1453 5052 1590 5091 unus
1634 5052 1698 5092 ex
1749 5034 1984 5110 duobus.
2028 5033 2118 5102 qui
2224 5026 2509 5110 thizareth.
2547 5026 2612 5110 Et
2635 5031 2771 5083 dixit
2796 5029 2858 5110 ei
2896 5027 3218 5110 'Nathanael.
3252 5034 3293 5083 A
3336 5026 3629 5083 Nazaretlt.
3675 5036 3862 5097 potest

536 5103 823 5182 audierant
850 5120 919 5175 ab
946 5116 1215 5173 Johanue.
1248 5121 1305 5169 et
1330 5110 1500 5168 secuti
1532 5110 1750 5164 fuerant
1774 5121 1922 5161 eum.
1963 5103 2120 5158 Inve-

2222 5102 2421 5172 aliquid
2470 5102 2594 5156 boni
2625 5115 2770 5156 esse.
2796 5099 2934 5155 Dicit
2960 5100 3011 5155 ei

1782 5217 2013 5275 CODEX
2050 5216 2524 5289 CORBEIENSIS.

609 5332 701 5388 54.
762 5329 846 5385 uia
874 5325 963 5382 hic
990 5332 1074 5381 est
1093 5322 1299 5379 electus
1327 5318 1443 5375 Dei.

606 5404 698 5463 56.
722 5347 863 5459 Ecce
888 5412 1057 5463 agnus
1072 5395 1188 5463 Dei,
1208 5407 1336 5451 ecce
1353 5391 1442 5462 qui

685 5382 699 5460 ξ
722 5382 863 5459 Ecce
888 5412 1057 5472 agnus
1072 5395 1188 5464 Dei,
1208 5407 1336 5451 ecce
1353 5391 1442 5462 qui
1466 5387 1605 5445 tollit
1624 5392 1901 5458 peccatum
1924 5382 2129 5439 mundi.

536 5692 626 5775 eo:
647 5670 1404 5789 Ἤῗῗῖἕδοέιῗὲὲἔῗῐῄεεδὶᾳω,
1423 5720 1505 5789 qui
1522 5718 1700 5789 dicitur
1721 5714 1957 5789 Christus.
1983 5710 2131 5789 Vulg.

2239 5310 2331 5366 45.
2378 5309 2736 5378 proficiscens
2765 5308 2993 5365 invenit.

2238 5381 2329 5437 45.
2371 5381 2575 5453 Josepli
2605 5381 2699 5453 qui
2726 5390 2810 5437 est
2838 5397 2867 5435 a
2897 5378 3185 5437 Nazareth.

1750 5498 1841 5554 VA
1852 5496 2145 5552 RIANTES
2173 5492 2574 5551 LECTIONES.

597 5613 614 5651 t
652 5611 757 5668 θαι,
780 5618 825 5665 ει
848 5614 969 5663 Mm.
991 5604 1166 5659 videns
1194 5614 1282 5654 eos
1304 5599 1594 5661 sequentes,
1621 5590 1757 5642 dicit.
1785 5585 1934 5653 Vulg.
1961 5587 2136 5639 videns
2237 5590 2500 5668 Christus)2

2302 5653 2323 5715 ξ
2358 5649 2472 5702 Gut.
2487 5650 2617 5701 ﬁlius
2630 5649 2805 5715 Johns.
2824 5653 2942 5703 Mm.
2962 5649 3090 5701 ﬁlius
3104 5649 3354 5715 Johannis.
3382 5650 3526 5715 Vulg.
3548 5649 3695 5703 [ilius
3714 5652 3860 5703 Joua.

2307 5713 2326 5743 ἰ
2358 5715 2466 5765 ϐαι.
2492 5721 2546 5765 ct
2566 5714 2867 5778 PrOphctiis.
2904 5716 3022 5766 Mm.
3048 5721 3101 5765 et
3142 5714 3421 5777 Prophetis.
3454 5713 3603 5776 Vulg.
3644 5723 3703 5767 et
3734 5715 3861 5767 Pro-

532 5802 618 5853 lilc
654 5777 1606 5865 ﬁliiiti'mwfratreni...ﬂessiatu'(quod
1642 5788 1717 5833 est
1746 5780 2135 5847 interpretatum
2244 5777 2441 5839 phetae.
