1990 3096
103 125 146 152 Mil

599 127 825 157 EVANGELIUM
844 128 1028 158 SECUNDUM
1049 129 1243 159 JOllANNEIi.

297 182 416 211 CODEX
437 183 703 214 VERCELLENSIS.

100 229 234 264 Philippus
245 238 252 255 :
271 229 321 258 Ve~

99 266 132 295 ni.
147 271 174 292 et
190 265 260 293 vide.

96 299 137 327 47.
159 300 257 328 Videris
270 308 318 329 au-

98 340 146 363 tem
160 336 239 364 Iesus
250 336 304 364 Na-

98 371 199 399 thanael
212 380 259 400 ve-

100 407 212 435 nientem
227 407 262 435 ad

100 450 137 475 se,
149 443 215 470 dixit
228 443 262 471 de
275 442 331 471 Na-

102 478 219 506 thanaele
229 488 235 505 :

101 515 108 530 ί
121 515 187 542 Ecce
201 522 264 542 vere
278 514 317 543 Is-

98 550 227 582 trahelita,
244 551 271 578 in

96 593 146 620 quo
161 586 239 613 dolus

94 622 136 649 48.
157 629 210 648 non
229 625 271 649 est
291 642 297 649 .
322 644 328 650 .
352 627 362 650 t
381 623 419 650 ait

94 656 130 684 illi
145 657 280 685 Nztthana-

92 693 115 719 el
126 701 133 718 :
151 692 227 721 Unde
241 701 286 721 tne

92 729 162 755 nosti
174 729 185 755 ?

90 763 239 799 Respondit
251 764 342 799 Iesus,

89 804 115 827 et
129 800 198 827 dixit
216 800 272 827 illi:

90 834 249 870 Priusquam

90 875 115 897 te
129 871 271 906 Philippus

89 912 211 936 mearet.
228 915 287 934 cum

89 949 166 970 esses
179 943 230 970 sub
243 943 308 970 licus

87 979 200 1011 arbore,
215 978 271 1005 vidi

88 1013 132 1049 49.
156 1019 192 1041 te.
215 1014 337 1049 Respon-

88 1048 128 1075 dit
143 1049 182 1077 illi
195 1048 293 1077 Nutha-

89 1085 163 1115 nael.
177 1090 204 1113 et
218 1085 306 1113 dixit:

88 1118 207 1153 Rhabbi,
223 1125 250 1148 tu
265 1128 295 1148 es

90 1155 174 1191 Filius
189 1157 245 1191 Dei,
260 1160 287 1188 tu
300 1164 330 1184 es

91 1190 148 1219 Rex
167 1191 288 1220 Istrahel.

91 1226 134 1254 50.
156 1228 333 1261 Respondens

91 1261 177 1295 Iesus,
195 1263 262 1291 dixit
275 1264 331 1291 illi:

93 1297 222 1330 Quoniam
238 1300 279 1326 di-

95 1334 119 1359 xi
134 1334 182 1362 tibi
195 1343 201 1361 :
216 1334 284 1369 Quia

95 1369 145 1396 vidi
166 1376 191 1398 te
211 1378 272 1398 cum

95 1411 166 1433 esses
180 1406 230 1433 sub
250 1406 279 1433 li-

94 1446 139 1467 cus
159 1442 264 1475 arbore,

95 1476 185 1513 credes
196 1486 203 1503 :
224 1477 308 1513 majo-

97 1519 122 1537 ra
138 1512 231 1540 horum
246 1512 285 1541 vi-

96 1545 137 1574 51.
158 1548 243 1577 debis.
265 1549 299 1576 Et
313 1549 351 1577 ait
364 1549 398 1577 il-

98 1581 145 1609 lis:
160 1585 258 1617 Amen,

97 1624 169 1646 amen
183 1619 243 1648 dico

98 1653 169 1681 vobis
176 1675 184 1687 ,
200 1655 300 1684 videbi-

100 1688 130 1715 tis
138 1691 238 1718 caelum

100 1730 210 1759 apertum
218 1747 226 1760 ,
240 1732 268 1754 et

101 1760 205 1795 Angelos
220 1763 266 1791 Dei

102 1797 264 1825 ascendentes
271 1819 279 1830 ,

102 1834 125 1856 et
137 1831 147 1847 ¹
158 1832 330 1869 descenden-j

103 1869 137 1894 tes
149 1875 226 1904 supra
240 1869 338 1897 Filium

207 1924 320 1953 CAPUT
335 1925 365 1954 II.

511 233 619 265 nuptiae
633 234 679 259 lie-

511 268 574 295 bant
590 268 598 282 ³
614 269 637 294 in
654 270 725 296 Cana

511 303 630 330 Galiliiae
644 313 649 329 τ
665 311 691 331 ct
705 312 734 331 c-

510 344 551 365 rat
567 340 601 365 ibi
618 345 704 367 mater

510 374 573 401 Jesn
590 375 684 402 imita-

510 410 536 436 2.
561 415 594 436 ta.
610 411 725 437 Vocatus

510 449 599 473 autem
615 451 673 474 erat

510 485 537 508 et
549 480 639 513 Jesus.
654 486 681 509 et
694 481 747 509 dis—

509 517 590 551 cipuli
605 518 664 550 ejus

509 552 542 579 ad
557 553 673 586 nuptias.

507 588 534 614 5.
556 588 589 615 Et
604 588 693 615 vinum
710 596 764 616 non

508 622 643 651 habebant
651 645 658 654 .

507 660 634 693 quoniam
646 667 712 687 con-

507 700 671 722 summatum

508 735 566 758 erat
583 732 674 758 vinum

508 766 673 802 nuptiarum.

508 801 609 829 Deinde
627 802 692 829 dicit

506 844 592 866 mater
606 838 639 865 ad
653 838 746 865 Iesum
762 846 769 864 :

505 872 603 901 Vinum
620 881 673 901 non

506 907 616 936 habent.

505 944 532 971 4.
555 945 599 972 Ait
611 944 649 972 illi
664 944 762 972 Iesus:
784 943 853 978 Quid

506 980 572 1007 milti
581 1001 587 1010 .
600 985 628 1008 et
638 981 685 1007 tibi

506 1020 548 1042 est
559 1016 676 1043 mulieri

506 1051 625 1078 nondum
637 1059 683 1079 ve-

506 1086 547 1114 nit
560 1087 625 1114 hora
640 1094 708 1114 mea.

506 1121 532 1149 5.
556 1122 625 1150 Dicit
642 1128 729 1149 mater

505 1158 563 1192 ejus
580 1159 710 1186 ministris
723 1166 730 1184 :

505 1193 700 1229 Quodcumque

504 1229 583 1256 vobis
597 1229 697 1257 dixerit
705 1250 712 1263 ,

504 1264 593 1293 tacite.

506 1300 532 1327 6.
554 1300 638 1328 Erant
652 1305 743 1329 autem

505 1336 541 1363 ibi
556 1335 668 1371 hydriae

505 1371 627 1406 lapideae
643 1379 691 1400 sex

505 1408 656 1435 secundum

506 1443 564 1477 puri
569 1442 670 1470 ticatio—

505 1485 567 1505 nem
581 1477 697 1505 Judaeo—

504 1521 581 1547 rum,
596 1514 705 1549 capien-

507 1553 547 1576 tes
561 1554 690 1576 metretas

506 1583 584 1612 binas
599 1585 640 1613 vel
656 1588 711 1612 ter-
725 1604 727 1606 η

507 1620 534 1647 7.
555 1628 613 1648 nas.
628 1620 696 1647 Dicit
710 1619 765 1647 illis

506 1655 583 1683 Jesns
596 1663 603 1684 :
618 1655 730 1691 Implete

507 1690 617 1726 hydrias
629 1690 709 1725 aqua.

506 1725 542 1754 Et
561 1726 692 1761 implebe—

506 1767 569 1789 runt
584 1769 630 1790 eas
643 1770 688 1790 IIS-

506 1805 559 1832 que
572 1797 606 1825 ad
619 1805 693 1826 sum-

506 1840 591 1861 mum.

506 1869 533 1896 8.
553 1869 599 1896 Ait
615 1869 656 1897 eis
668 1868 746 1897 Jesus
760 1877 766 1895 :
782 1867 853 1896 Hau-

506 1905 572 1937 rite,
584 1909 612 1932 et
625 1906 691 1932 terte

507 1940 668 1968 architricli-

1165 188 1281 216 CODEX
1302 187 1529 219 VERONENSIS.

944 233 1051 269 lippus:
1065 234 1148 266 Veni,

943 275 971 296 et
986 270 1056 297 vide.

943 304 988 332 47.
1013 305 1111 333 Videns
1126 309 1216 333 autem

943 340 1023 368 Iesus
1038 341 1166 369 Natanael

943 375 1096 403 venientem
1114 377 1148 403 ad

942 419 973 439 se
983 432 990 443 ,
1004 417 1031 439 et
1044 412 1112 440 dixit

943 446 1042 474 deeo:
1059 447 1130 475 Ecce

943 489 1008 510 vere
1020 482 1138 510 Istrahe-

943 517 1004 550 lita,
1022 518 1048 545 in
1061 526 1115 553 qtto

941 553 1020 580 dolus
1034 561 1086 581 non
1100 559 1151 581 est.

942 587 987 616 ιε.
1009 589 1054 616 Ait
1068 589 1105 616 illi
1121 589 1172 616 Na-

943 625 1030 651 tanael
1047 633 1052 650 :
1068 624 1145 652 Unde

943 667 986 687 me
1003 660 1093 687 nosti?

942 694 1093 730 Respondit
1107 695 1203 730 .lesus,

943 735 970 757 et
985 731 1050 757 dixit
1065 731 1090 758 ei
1105 739 1111 757 :

942 765 1094 801 gntequatn
1112 771 1138 794 te

942 800 1065 837 Filippus
1083 810 1130 829 vo-

941 841 1032 869 caret,
1049 845 1109 864 cum
1125 845 1168 865 es—

941 879 986 900 ses
999 873 1050 899 sub
1063 873 1161 900 arbore

941 907 1073 941 ﬁculnea,
1091 909 1152 935 novi
1168 912 1204 936 te.

940 942 986 970 49.
1008 943 1157 978 Respondit
1168 947 1193 972 ei

941 978 1034 1006 Natael
1047 988 1053 1005 :
1070 979 1156 1007 Rabbi
1169 1000 1178 1012 ,

942 1018 969 1040 tu
984 1022 1013 1041 es
1026 1014 1111 1042 Filius

944 1049 989 1076 Dei
1003 1070 1010 1079 .
1029 1055 1055 1076 tu
1072 1057 1103 1078 cs

942 1092 988 1111 rex
996 1084 1123 1113 Istrahel.

941 1119 987 1148 50.
1010 1120 1161 1155 Respondit
1174 1122 1220 1150 Je-

941 1163 1005 1188 sus,
1020 1161 1048 1183 et
1060 1157 1130 1184 dixit

942 1192 967 1219 ei
980 1199 987 1217 :
1003 1191 1137 1225 Quoniam

941 1226 996 1254 dixi
1012 1228 1058 1254 tibi
1073 1236 1079 1253 :
1094 1228 1132 1255 Eo

942 1262 1015 1297 quod
1031 1262 1147 1291 viderim

944 1302 970 1325 te
984 1298 1034 1325 sub
1047 1299 1127 1326 arbo-

942 1340 973 1361 re
986 1333 1118 1368 [it-uinea,

942 1368 1032 1396 credis
1044 1378 1050 1395 :
1065 1377 1122 1397 ma-

938 1403 998 1438 jora
1013 1404 1111 1432 horum

941 1439 986 1466 51.
1008 1439 1122 1468 videbis.
1137 1441 1171 1469 Et

940 1474 995 1501 dixi
1011 1475 1047 1502 ei.

941 1511 1027 1537 Amen
1037 1531 1044 1543 ,
1060 1518 1140 1538 amen

940 1545 1003 1572 dico
1014 1546 1090 1573 vobis
1099 1566 1107 1578 ,

939 1581 1065 1609 videbitis

940 1617 1046 1644 caelum

939 1657 1062 1686 apertum
1073 1673 1080 1685 ,
1093 1657 1122 1681 et

1363 240 1426 262 sunt
1440 237 1465 263 itt
1476 237 1548 265 Cana

1365 270 1500 300 Galilacae
1513 282 1518 299 :
1532 279 1559 301 et

1363 312 1423 334 erat
1437 308 1472 334 ibi
1488 315 1574 337 mater

1363 342 1391 368 2.
1412 343 1487 370 Jesu.
1505 344 1636 374 Invitatus

1364 382 1407 405 est
1418 383 1507 406 autem
1522 387 1549 408 et

1364 413 1443 441 Jesus
1458 423 1518 443 cum

1365 448 1504 484 discipulis
1517 452 1574 479 suis

1363 485 1396 521 ad
1413 487 1529 521 nuptias.

1364 520 1390 547 5.
1414 521 1446 547 Et
1459 523 1549 550 \‘inttm

1364 564 1418 582 non
1434 557 1515 584 habe-

1362 590 1442 624 bant,
1459 601 1525 627 quo—

1365 627 1436 654 niam
1451 628 1554 656 [initum

1364 668 1423 689 erat
1433 665 1524 692 vinum
1536 673 1583 693 nu-

1364 698 1490 731 ptiarum.

1365 733 1398 760 Et
1410 734 1474 761 dicit
1489 743 1545 763 ma-

1365 772 1405 795 ter
1417 769 1480 797 Jesu
1491 771 1525 799 ad

1364 804 1450 838 ipsum
1465 815 1472 832 :
1489 806 1585 835 Vinum

1363 846 1416 866 non
1434 842 1542 870 habent.

1363 873 1390 901 4.
1413 876 1445 902 Et
1459 876 1526 904 dixit
1538 878 1563 905 ei

1362 909 1441 951 Iesus
1454 920 1460 938 ε
1477 913 1545 951 Quid

1364 947 1445 979 mihi,
1461 952 1488 975 et
1504 949 1550 976 tibi

1364 986 1406 1008 est
1421 984 1535 1011 mulier?

1364 1017 1482 1045 nondum
1497 1020 1571 1047 venit

1365 1052 1430 1078 hora
1448 1061 1518 1082 mea.

1364 1087 1391 1113 5.
1414 1088 1482 1116 Dicit
1496 1095 1582 1118 mater

1363 1122 1423 1157 ejus
1441 1126 1570 1154 ministris
1583 1135 1590 1154 :

1363 1159 1556 1196 Quodcumque

1364 1194 1441 1231 vobis
1451 1194 1549 1224 dixerit
1557 1219 1565 1231 ,

1365 1229 1455 1258 facile.

1366 1265 1392 1292 6.
1416 1266 1498 1295 Erant
1511 1273 1600 1298 autem

1365 1300 1401 1328 ibi
1419 1303 1522 1335 positae

1365 1335 1468 1365 hidriae
1481 1339 1519 1366 la-

1366 1371 1461 1405 pideae
1471 1382 1568 1403 secun-

1364 1407 1428 1434 dum
1443 1410 1536 1442 puriﬁ-

1363 1443 1497 1472 cationem
1514 1446 1561 1473 Ju—

1364 1477 1492 1506 daeorum
1502 1501 1510 1513 ,

1364 1513 1503 1547 capientes

1364 1548 1444 1576 binas
1455 1550 1498 1577 vel

1364 1587 1467 1612 ternas.

1366 1619 1393 1646 7.
1414 1619 1460 1647 Ait
1472 1620 1524 1649 illis
1536 1621 1582 1650 Je-

1363 1661 1410 1691 sus
1423 1664 1429 1681 :
1445 1655 1557 1691 Implete

131 1969 155 1997 I.
176 1970 300 1999 hominis.
315 1971 351 2000 Et

99 2003 136 2032 dic
149 2007 224 2034 tertia

507 1983 552 2003 no.
568 1975 609 2003 Ad
624 1975 661 2002 illi
682 1982 729 2002 au-

506 2011 622 2045 rieruut,
636 2016 663 2039 et
677 2011 725 2038 ad-

939 1686 1059 1725 Angelos
1073 1689 1120 1716 Dei
1362 1689 1473 1725 hydrias

939 1723 1119 1759 ascendentes
1127 1744 1135 1756 ,
1153 1728 1181 1752 et
1361 1723 1469 1759 auuum.

940 1758 1137 1797 descendentes
1361 1758 1396 1788 Et
1411 1762 1541 1797 implebe-

939 1794 973 1821 ad
987 1794 1085 1822 Filium
1098 1795 1147 1823 ho-
1361 1801 1426 1824 runt
1438 1794 1485 1825 eas
1498 1802 1544 1827 its-

940 1829 1031 1858 minis.
1361 1840 1414 1867 que
1425 1841 1528 1862 susum.

1361 1869 1389 1895 8.
1409 1869 1456 1896 Ait
1470 1870 1524 1898 illis

1053 1901 1169 1930 CAPUT
1185 1902 1217 1929 ll.
1360 1902 1440 1931 Jesus
1452 1913 1458 1931 :
1471 1906 1565 1934 Aurite

1361 1947 1433 1967 nttnc
1441 1960 1449 1972 ,
1464 1945 1491 1967 et
1505 1941 1572 1970 ferte

977 1972 1002 1999 I.
1025 1972 1060 2000 Et
1072 1974 1150 2001 tertia
1164 1973 1208 2001 die
1360 1975 1547 2005 arcitriclinio.

940 2008 1050 2043 nuptiae
1065 2007 1152 2037 factae
1361 2010 1394 2037 Et
1406 2011 1504 2039 attule-

750 2064 865 2093 CODEX
884 2063 1028 2091 BRIXIAN
1032 2063 1084 2092 US.

97 2107 229 2153 Philippus
253 2111 320 2153 Veni
340 2116 367 2140 et
382 2113 452 2153 vide.
464 2113 539 2153 Vidit
561 2114 640 2153 {esus
665 2113 825 2153 Nathanael.
840 2120 887 2153 _v_c~

97 2146 207 2173 nientcm
232 2146 268 2174 ad
280 2155 320 2174 se.
344 2152 371 2175 et
383 2149 453 2177 dixit
464 2150 497 2178 de
507 2159 550 2178 eo.
565 2152 635 2179 Ecce
659 2158 722 2178 vere
735 2148 886 2177 Istrahelita

96 2180 120 2207 in
136 2189 187 2216 quo
201 2182 280 2210 dolus
301 2191 353 2210 non
375 2189 426 2212 est.
447 2185 515 2214 Dicit
535 2188 559 2215 ei
582 2186 730 2215 Nathanael
753 2184 830 2213 Unde
845 2191 887 2211 me

96 2217 172 2256 nosti.
188 2218 337 2253 Respondit
355 2219 443 2248 Jesus.
459 2228 485 2248 et
507 2222 578 2250 dixit
602 2224 636 2249 ci.
660 2222 737 2249 l'rius
759 2228 838 2256 quam
862 2224 888 2246 te

96 2250 228 2296 Ξὴίιίιιριξξ
243 2250 369 2296 vocaret.
385 2263 445 2296 cum
469 2258 614 2296 esses_5ub
633 2257 755 2296 ﬁculnea.
768 2250 885 2296 Ividinle-

96 2286 238 2332 Eespondit
256 2290 280 2316 ei
295 2290 442 2332 Nathanael
457 2297 487 2332 et
505 2293 685 2332 dixit__Rat)bi.
705 2296 734 2320 tu
756 2291 890 2332 esuFilius.

98 2322 150 2367 Dei.
166 2330 193 2365 tu
213 2333 242 2352 cs
257 2333 310 2367 rex
326 2326 439 2367 Israhet:
451 2328 605 2367 Respondit
625 2329 714 2367 Iesus.
729 2332 758 2356 et
771 2327 890 2367 dixituei

96 2358 221 2391 Quoniam
247 2361 302 2388 dixi
330 2362 387 2389 tibi.
409 2363 467 2391 Vidi
498 2358 524 2393 te
557 2367 607 2393 sub
639 2365 762 2392 liculnea.
790 2362 888 2390 credis.

97 2395 191 2429 maiora
218 2396 313 2425 horum
342 2398 456 2427 videbis.
484 2400 517 2428 Et
548 2401 611 2428 dicit
624 2402 658 2429 ei.
680 2403 773 2428 Amen.
798 2406 887 2426 amen-

98 2429 263 2474 dicohvobis.
283 2434 362 2474 ebitis
376 2435 419 2462 vid
453 2437 558 2474 caelum
584 2443 709 2471 apertum
741 2440 768 2464 et
799 2434 889 2474 Anti?“

98 2464 135 2509 tos
163 2467 209 2509 Dei
247 2469 424 2509 ascendentes
446 2475 474 2499 et
499 2464 704 2509 descendentes
733 2478 814 2505 supra
840 2464 887 2509 Fi-

99 2500 159 2529 lium
181 2503 308 2532 hominis.
328 2505 359 2533 Et
378 2506 423 2534 die
443 2508 523 2535 tertia
548 2510 657 2544 nuptiae
676 2500 841 2536 ﬂictae'sunt
859 2505 886 2531 in

940 2111 1034 2148 Chatta
1041 2111 1209 2148 Galileae.ret
1218 2117 1277 2140 erat
1291 2118 1377 2140 mater
1388 2113 1451 2141 Jesu
1460 2114 1507 2142 ibi.
1519 2115 1635 2146 Vocatus
1647 2125 1737 2148 autem

940 2151 999 2185 erat
1011 2146 1101 2185 Jews.
1115 2152 1142 2174 et
1156 2147 1282 2185 discipuli
1294 2148 1353 2185 ejus
1367 2150 1399 2176 ad
1414 2152 1530 2185 nuptias.
1549 2152 1581 2180 Et
1595 2146 1737 2184 deﬁciente

941 2183 1013 2220 vino.
1033 2183 1100 2220 Dicit
1116 2184 1317 2220 materJesuad
1329 2183 1502 2220 etthiuum
1522 2196 1574 2215 non
1593 2183 1737 2220 habentEt

939 2218 1043 2254 dicittei
1057 2218 1145 2245 Jesus.
1160 2219 1229 2253 Quid
1249 2219 1316 2247 mihi
1331 2224 1358 2246 et
1373 2218 1419 2248 tibi
1436 2222 1542 2250 mulier.
1558 2227 1675 2253 nondunt
1692 2218 1738 2254 vc;

941 2254 982 2293 nit
1008 2253 1073 2293 hora
1100 2261 1180 2293 mea:
1197 2255 1269 2282 Dixit
1293 2260 1382 2293 autem
1404 2261 1490 2284 mater
1513 2259 1572 2293 ejus
1596 2253 1735 2291 ministris.

940 2288 1134 2327 Quodcumque
1149 2290 1252 2327 'dixerit
1267 2292 1343 2318 vobis
1363 2290 1451 2319 facite.
1469 2288 1553 2322 Erant
1575 2288 1736 2327 amenti-ibi

944 2326 1057 2365 positae.
1071 2325 1164 2365 ydriae
1184 2325 1320 2365 lapideae_
1333 2334 1379 2354 sex
1399 2329 1546 2365 secundum
1574 2325 1737 2365 puriﬁcatio;

943 2367 1005 2399 nem
1045 2360 1220 2399 Judaeoruut.
1248 2363 1409 2399 capientes
1440 2360 1580 2399 Singulae.
1608 2360 1737 2398 metretas

942 2395 1019 2422 binas
1042 2396 1214 2440 vgbterlnas.
1246 2395 1370 2440 Dixiteis
1396 2395 1496 2427 Jesus.‘
1510 2400 1623 2440 implete
1646 2395 1739 2440 ydrias

941 2438 1037 2470 agnam
1054 2431 1278 2470 Etimpleverunt
1305 2441 1361 2460 eas.
1384 2442 1469 2470 ttsque
1490 2436 1523 2463 ad
1543 2431 1740 2469 s'ummninibit

939 2466 1020 2529 dEixit£1
1036 2466 1075 2494 eis
1089 2466 1168 2495 Iesus
1182 2469 1277 2496 Aurite
1301 2477 1382 2497 nunc.
1403 2466 1433 2498 et
1450 2471 1520 2500 terte
1543 2466 1737 2504 architriclino;

965 2509 1000 2528 ta
1020 2516 1034 2522 -

965 2509 973 2528 I.
987 2509 1034 2528 at]—

721 2552 839 2583 CODEX
857 2548 1093 2580 CORBEIENSIS.

130 2597 173 2636 ts.
193 2598 244 2636 sub
256 2599 353 2627 arbore
369 2601 445 2636 ﬁcus,
459 2601 515 2630 vidi
537 2607 573 2631 te.

132 2632 175 2660 50.
195 2634 246 2661 sub
255 2635 352 2663 arbore
366 2632 442 2664 licus.

131 2667 194 2695 CAP.
212 2669 244 2696 ιι.
256 2672 323 2698 --I.
340 2672 377 2699 ibi
395 2673 517 2701 invitata.

129 2703 157 2731 3.
171 2709 199 2732 et
212 2705 304 2734 vinum
320 2714 373 2735 non
392 2709 543 2744 habebant,
564 2709 690 2745 quoniam
719 2714 891 2737 consumma-

944 2602 1000 2625 tum
1016 2600 1057 2623 est
1069 2597 1160 2624 vinum
1175 2598 1340 2632 nuptiarum.

981 2633 1008 2661 7.
1024 2632 1056 2659 Et
1071 2633 1172 2661 vocatis
1188 2633 1267 2661 Jesus
1279 2634 1410 2663 ministris
1424 2656 1431 2669 ,
1445 2635 1515 2665 dixit
1531 2637 1571 2665 eis
1587 2646 1594 2668 :
1616 2638 1742 2676 lmplete,

945 2672 1008 2731 etii.
1025 2702 1058 2730 Et
1072 2703 1193 2732 fecerunt
1210 2705 1281 2733 sicut
1295 2705 1363 2734 dixit
1378 2706 1443 2734 illis.

701 2762 901 2793 VARIANTES
920 2758 1133 2789 LECTIONES.

98 2809 201 2866 micae
214 2814 236 2835 et
246 2811 304 2836 Mm.
315 2811 381 2838 Ecce
392 2814 429 2839 vir
437 2813 560 2840 Israelita.
576 2813 650 2847 Vulg.
662 2814 726 2840 Ecce
738 2818 799 2839 vere
811 2811 890 2836 Isi-ae-

127 2873 138 2888 ³
154 2873 207 2898 Cat.
219 2875 242 2899 et
260 2874 321 2899 Mm.
332 2874 505 2902 dlscendentes
527 2876 557 2902 ad
579 2876 668 2904 Filium
687 2876 799 2904 hominis.
824 2873 898 2905 γαιειι

321 2918 459 2950 ΡΑτιιοι.
487 2919 557 2951 ΧΠ.

943 2806 1128 2832 descendentes
1140 2812 1213 2837 supra
1227 2804 1316 2837 Filium
1328 2806 1443 2837 bomtnis.

974 2838 985 2854 ³
999 2837 1060 2865 Gal.
1077 2835 1238 2872 ln_Chaitaan.
1257 2836 1327 2868 Vulg.
1340 2837 1368 2862 ιι]
1380 2835 1456 2863 Cana.

1457 2908 1497 2939 12
