3980 6192
540 275 647 329 ὖϋῦ

940 383 1175 440 CODEX
1219 381 1759 439 VERCELLENSIS.
1808 410 1813 413 η

545 482 601 538 9.
645 480 897 536 tulerunt.
928 477 1062 534 Cum

541 563 720 608 autem
748 567 873 622 gus-

542 632 714 678 tasset
738 622 915 677 archi-

543 696 790 749 triclinus
819 707 876 747 a-

544 781 646 835 qua
681 767 861 818 vinum

543 837 743 891 factum
763 879 775 897 ,
809 843 863 889 et
889 847 1013 890 nes-

542 908 714 963 ciebat
744 908 884 960 unde

542 979 745 1033 factum
775 986 949 1041 esset,

544 1050 775 1104 ministri
803 1064 898 1101 au-

543 1131 652 1176 tem
684 1120 957 1185 sciebant,

541 1195 632 1263 qui
659 1191 874 1246 haurie-

540 1272 665 1318 rant
689 1276 881 1332 aquam
904 1302 918 1325 ,

540 1343 597 1389 et
621 1333 862 1388 videntes

538 1404 739 1460 factum
759 1446 773 1469 ,
803 1401 905 1457 mi-

538 1477 799 1531 rabantur
823 1492 835 1526 :

538 1558 889 1616 vocatspon-

537 1634 657 1673 sum
697 1614 947 1672 architri-

538 1690 627 1744 10.
668 1691 844 1743 clinus
864 1730 877 1752 ,
908 1694 963 1740 et
982 1687 1057 1741 ait

538 1760 615 1815 illi
641 1779 653 1814 :
678 1760 866 1815 Omnis
887 1757 987 1812 ho-

509 1834 517 1838 “
535 1846 626 1886 mo
658 1831 858 1884 bonum

534 1904 721 1956 vinum
755 1901 864 1969 pri-

535 1987 601 2027 us
629 1973 777 2041 ponit
804 1990 816 2026 :
850 1978 904 2027 et
929 1985 1049 2024 cum

534 2045 782 2099 inebriati
813 2042 929 2098 fue-

531 2116 642 2170 rint
672 2114 920 2169 homines
936 2155 951 2179 ,

530 2186 585 2241 id
604 2230 618 2250 ,
643 2186 787 2256 quod
817 2185 967 2240 dete—

532 2259 646 2313 rius
672 2274 684 2310 :
718 2257 800 2312 Tu
827 2266 1007 2311 autem

530 2329 760 2385 servasti
791 2329 887 2384 bo-

531 2416 659 2455 num
684 2401 867 2454 vinum

527 2487 699 2542 usque
740 2470 921 2525 modo.

528 2538 627 2598 11Ῑ
660 2543 772 2597 Hoc
803 2542 929 2597 fecit
952 2541 971 2570 ¹
1000 2538 1146 2593 initi-

526 2630 617 2668 um
645 2615 922 2683 signorum

525 2684 684 2741 Jesus
715 2686 768 2740 in
792 2684 938 2739 Cana

524 2756 766 2813 Galileae
791 2773 803 2807 :
838 2764 893 2811 et
920 2766 1035 2810 ma-

526 2828 805 2883 nifestavit

521 2900 747 2967 gloriam
772 2911 925 2953 suam
944 2937 958 2960 ,

522 2981 577 3025 et
604 2970 957 3024 crediderunt

520 3041 575 3096 in
611 3042 758 3095 illum
790 3037 1036 3109 discipuli
1069 3038 1211 3104 ejus.

522 3113 610 3166 12.
654 3112 782 3167 Post
808 3113 909 3165 huc
937 3112 1163 3165 descen-

519 3183 600 3239 dit
626 3183 939 3252 Capharna—

519 3269 609 3308 um
636 3254 781 3321 ipse,
813 3262 867 3306 et
894 3266 1006 3305 ma-

520 3333 605 3379 ter
630 3323 749 3391 ejus
767 3366 780 3387 ,
806 3330 862 3376 ct
896 3323 1002 3375 fra-

519 3406 630 3450 tres
656 3412 667 3445 :
702 3402 757 3447 et
785 3393 855 3446 ibi
888 3406 1037 3444 man-

518 3476 708 3521 serunt
736 3463 811 3534 (b)
836 3476 945 3534 non

515 3536 717 3591 multos
744 3532 863 3589 dies
887 3532 943 3602 -ξί,

520 3608 610 3663 15.
653 3608 718 3660 Et
747 3618 915 3675 prope
939 3610 1054 3656 erat

515 3677 723 3734 Pascha
747 3676 983 3732 Iudaeo-

1382 476 1467 530 M.
1514 479 1613 530 mis
1635 476 1791 531 Jesus
1822 493 1834 530 :
1864 485 1919 531 et
1952 476 2035 531 in-

1379 549 1527 603 venit
1556 548 1609 601 in
1641 558 1775 601 tent-

1381 620 1470 689 plo
1496 619 1736 674 venden-

1382 700 1466 745 tes
1487 706 1649 755 oves,
1683 702 1737 745 et
1769 689 1863 745 bo-

1383 778 1475 817 ves
1496 804 1508 825 ,
1534 772 1587 816 ct
1612 762 1821 816 colum-

1380 833 1476 889 bas
1496 875 1509 893 .
1539 843 1594 889 et
1625 848 1779 886 num-

1382 905 1642 959 mularios
1664 919 1749 957 se-

1384 974 1470 1028 15.
1513 976 1723 1029 dentes.
1752 974 1818 1029 Et
1845 974 1922 1029 fe-

1382 1045 1457 1099 cit
1480 1055 1755 1115 tamquam

1382 1118 1651 1185 ﬂagellum
1679 1118 1748 1171 de

1382 1189 1617 1243 restibus
1634 1229 1649 1253 ,
1683 1198 1737 1241 et
1761 1201 1876 1241 om—

1382 1274 1479 1313 nes
1503 1260 1661 1326 ejecit
1684 1258 1753 1312 de

1384 1331 1585 1395 templo
1602 1371 1615 1393 ,
1640 1344 1797 1394 oves,

1381 1411 1435 1455 et
1462 1401 1656 1467 boves,
1684 1411 1739 1453 et
1760 1415 1852 1454 co-

1381 1472 1621 1535 lumbas,
1651 1480 1705 1525 et
1732 1486 1887 1526 num-

1380 1544 1731 1597 mulariorum

1378 1613 1565 1669 eﬂ’udit
1585 1614 1659 1685 (c)
1694 1627 1857 1683 pecu-

1380 1686 1523 1738 niam
1551 1686 1611 1755 ~j-,
1638 1694 1693 1738 et
1733 1698 1887 1738 men-

1378 1770 1433 1809 Sil
1443 1770 1468 1809 S
1498 1771 1685 1809 eOl'Ulll
1714 1769 1773 1809 e-

1378 1825 1467 1880 16.
1510 1828 1689 1881 vertit.
1720 1826 1787 1880 Et
1813 1839 1949 1881 ven-

1374 1896 1626 1953 dentibus
1652 1912 1745 1952 co-

1375 1968 1610 2034 lumbas,
1642 1970 1820 2023 dixit:

1374 2039 1570 2095 Tollite
1598 2041 1733 2095 haec

1374 2110 1552 2175 istinc,
1586 2123 1639 2165 et
1673 2111 1813 2164 noli-

1375 2191 1427 2237 te
1450 2182 1627 2237 facere
1651 2183 1751 2237 do-

1372 2269 1519 2307 mum
1545 2253 1714 2323 patris

1372 2328 1501 2388 mei,
1532 2326 1751 2379 domum

1372 2397 1694 2465 negotiatio—

1372 2466 1460 2518 17.
1506 2469 1610 2521 nis.
1640 2466 1792 2521 Tunc

1372 2552 1706 2591 rememora-

1372 2608 1409 2661 ti
1436 2617 1562 2661 sunt
1587 2608 1750 2661 disci-

1369 2679 1480 2748 puli
1510 2680 1630 2747 ejus
1654 2677 1800 2746 quod

1366 2751 1627 2817 scriptum
1661 2750 1731 2803 sit
1758 2766 1771 2800 :

1437 2820 1597 2875 Zelus
1620 2821 1813 2874 domus

1440 2902 1562 2945 tuae
1588 2891 1825 2945 comedit
1851 2901 1958 2943 me.

1365 2963 1452 3018 18.
1492 2962 1913 3031 Responderunt

1363 3049 1493 3104 ergo
1516 3033 1730 3100 Judaei,

1363 3118 1418 3159 et
1444 3106 1699 3159 dixerunt

1362 3118 1418 3160 et
1444 3118 1699 3159 uixerunt

1361 3177 1411 3229 ei
1444 3194 1458 3230 :
1489 3177 1641 3242 Quod
1674 3178 1785 3245 sig-

1364 3262 1492 3301 num
1521 3258 1710 3302 osten-

1361 3318 1445 3371 dis
1474 3318 1630 3371 nobis
1657 3318 1778 3384 quia

1362 3388 1498 3443 haec
1520 3387 1688 3441 l‘acis?

1256 3517 1261 3525 ,
1363 3459 1449 3513 19.
1494 3457 1792 3527 Respondit
1813 3453 1994 3521 Jesus,

1360 3538 1416 3584 et
1445 3529 1583 3583 dixit
1613 3530 1759 3584 illis:

1360 3600 1570 3655 Solvite
1599 3599 1702 3655 hoc

1358 3672 1645 3741 templum,
1673 3681 1727 3726 et

1081 270 1350 327 EUSEBII
1390 267 1731 326 VERCELL.
1779 268 2228 325 EVANGELIUM
2268 270 2407 326 CUM
2444 271 2677 329 VARUS
2714 272 2869 328 COD.
2908 272 3300 333 COLLATUM.

2684 385 2913 444 CODEX
2954 387 3403 447 VEKONENSIS.

2249 487 2392 532 runt.

2249 548 2301 604 9.
2345 548 2425 603 Ad
2459 548 2547 604 ubi
2578 565 2704 621 gus-

2248 621 2387 674 tavit
2411 622 2623 676 arcitri-

2249 692 2445 744 clinius
2470 708 2663 760 aquam

2251 763 2432 815 vinum
2463 762 2688 834 factum,

2251 842 2305 887 et
2328 834 2604 890 nesciebat

2250 904 2392 959 unde
2419 916 2586 971 esset,

2250 976 2486 1029 ministri
2518 993 2613 1032 au-

2250 1054 2358 1100 tent
2387 1047 2649 1115 sciebant,

2250 1119 2339 1187 qui
2365 1129 2544 1173 autem

2250 1192 2525 1262 attrierant
2541 1206 2757 1262 aquam,

2250 1271 2304 1314 et
2332 1261 2578 1317 videntes
2597 1261 2687 1318 'fa-

2250 1342 2419 1396 ctum,
2446 1332 2609 1387 mira-

2250 1401 2445 1456 bantur
2475 1421 2488 1454 :

2252 1474 2462 1527 vocavit
2488 1489 2581 1528 au-

2250 1553 2359 1598 tem
2388 1560 2644 1615 sponsum

2251 1618 2650 1684 arcitriclinius,

2248 1696 2305 1740 et
2333 1686 2467 1741 dixit
2496 1688 2545 1742 ei
2581 1706 2593 1741 :

2249 1757 2337 1811 10.
2380 1758 2569 1813 Omnis
2600 1758 2762 1815 homo

2244 1826 2298 1881 in
2334 1829 2519 1895 primis
2557 1829 2756 1886 bonum

2246 1898 2427 1954 binum
2463 1902 2611 1969 ponit
2642 1919 2655 1955 :
2689 1912 2744 1958 et

2244 1985 2366 2025 cum
2396 1972 2646 2027 inebriati

2246 2042 2461 2107 fu'eriut,
2498 2053 2624 2098 tunc

2243 2112 2565 2169 intimiorem
2596 2133 2609 2168 :

2241 2183 2321 2238 Tu
2350 2192 2529 2239 autem

2240 2256 2470 2311 serbasti
2502 2257 2705 2313 bonum

2240 2327 2422 2381 vinum
2453 2343 2623 2398 usque

2239 2398 2426 2452 modo.

2242 2468 2330 2523 11.
2375 2469 2488 2524 Hoc
2517 2469 2747 2538 primum

2237 2541 2449 2609 signum
2480 2541 2605 2596 fecit

2234 2609 2391 2664 Jesus
2416 2612 2467 2665 itt
2494 2610 2637 2667 Cana

2234 2681 2510 2738 Galilaeae
2545 2702 2557 2736 :
2584 2692 2640 2737 et

2232 2754 2599 2808 manilestavit
2628 2756 2727 2809 b0—

2232 2839 2421 2878 norem
2446 2842 2622 2892 suum,

2232 2904 2287 2948 et
2312 2895 2661 2951 crediderunt

2231 2965 2284 3018 in
2318 2982 2439 3019 eum
2472 2969 2636 3023 disci-

2230 3037 2342 3104 puli
2369 3038 2475 3092 sui.

2232 3107 2320 3160 12.
2364 3108 2491 3163 Post
2520 3111 2656 3165 haec
2686 3108 2767 3165 di-

2229 3180 2547 3254 s_ce_ndit'(a)
2586 3184 2636 3235 in
2660 3179 2701 3252 ἰ-

2227 3249 2551 3305 Cafarnatim
2578 3249 2714 3321 ipse,

2228 3328 2283 3375 et
2308 3331 2481 3394 mater
2503 3323 2645 3394 ejus,

2226 3400 2283 3446 et
2310 3391 2511 3449 fratres

2226 3461 2345 3531 ejus
2376 3482 2388 3515 :
2420 3475 2475 3518 ct
2505 3465 2578 3519 ibi

2225 3536 2425 3589 mansit
2454 3536 2526 3607 (ὁ)
2562 3550 2669 3592 non

2226 3608 2426 3678 multos
2455 3608 2569 3661 dies
2587 3608 2652 3678 1-.

2226 3675 2315 3729 15.
2359 3678 2424 3749 Et
2448 3680 2496 3731 in
2518 3675 2766 3749 proximo

3088 484 3174 538 14.
3219 492 3272 537 et
3292 483 3537 538 ascendit

3084 554 3240 610 Jesus
3269 556 3319 607 in
3347 554 3467 610 Ilie-

3084 625 3373 696 rosolymis
3407 643 3419 677 :

3083 707 3137 751 et
3164 698 3370 751 invenit

3082 768 3135 821 in
3170 767 3370 837 templo
3398 783 3529 823 vcn-

3080 838 3273 893 dentes
3297 839 3482 900 boves.

3081 919 3133 963 Cl
3159 925 3311 973 OVCS,
3344 920 3398 965 et
3419 925 3508 965 εο-

3081 981 3311 1045 tumbas,
3343 992 3393 1036 et
3427 996 3583 1037 num-

3082 1053 3340 1106 mularios
3364 1053 3640 1111 sedentes.

3088 1123 3175 1196 15.
3219 1124 3286 1196 Et
3319 1123 3447 1196 fecit
3477 1128 3632 1196 quasi

3082 1192 3355 1263 ﬂagellum
3385 1195 3451 1251 de

3084 1264 3338 1329 restibus.
3368 1277 3423 1321 et

3084 1351 3276 1391 omnes
3305 1337 3465 1406 ejecit

3083 1407 3150 1462 de
3174 1408 3395 1478 templo,
3430 1416 3564 1466 oves

3082 1494 3318 1550 quoque,
3352 1492 3405 1534 et
3435 1480 3533 1536 bo-

3080 1566 3196 1616 ves,
3229 1561 3283 1604 et
3312 1566 3467 1606 num-

3082 1621 3436 1677 mulariorum
3468 1618 3607 1679 εσυ-

3079 1692 3264 1783 sisic)

3079 1779 3197 1818 mos
3223 1774 3282 1833 Τ,
3324 1774 3378 1819 et

3080 1850 3294 1890 mensas
3324 1850 3510 1891 eorum

3080 1906 3166 1961 16.
3212 1909 3426 1961 evertit.
3463 1907 3533 1963 Et

3076 1976 3213 2031 dixit
3242 1980 3482 2033 venden-

3078 2048 3223 2103 tibus
3249 2048 3534 2106 columbas
3560 2070 3575 2106 :

3074 2118 3271 2175 Tollite
3299 2120 3399 2175 ista

3075 2189 3221 2254 hinc,
3248 2202 3301 2245 et
3331 2194 3501 2247 nolite

3072 2261 3252 2317 facere
3278 2262 3497 2319 domum

3072 2333 3240 2401 patris
3266 2334 3393 2400 mei,

3072 2404 3293 2476 domum
3323 2418 3491 2476 nego-

3074 2475 3337 2529 tiationis.

3075 2546 3161 2600 17.
3203 2546 3628 2605 Rememoratus

3070 2626 3153 2670 est
3178 2625 3354 2672 autem
3382 2618 3549 2673 disci-

3070 2687 3227 2759 pulus
3254 2690 3371 2759 ejus
3398 2704 3534 2759 quo-

3069 2758 3213 2830 niam
3246 2758 3503 2830 scriptum
3534 2770 3627 2818 est
3651 2780 3664 2815 :

3067 2828 3227 2884 Zelus
3257 2828 3449 2886 domus
3498 2854 3505 2857 -

3065 2909 3188 2955 tuae
3214 2902 3450 2957 comedit
3474 2918 3586 2957 me.

3068 2972 3169 3043 18.
3199 2972 3629 3043 Responderunt

3063 3042 3113 3097 ei
3143 3042 3359 3110 Judaei,

3062 3122 3115 3168 et
3140 3113 3397 3170 dixerunt
3426 3134 3439 3169 :

3060 3185 3214 3252 Quod
3236 3188 3452 3257 signum

3057 3257 3307 3312 ostendis
3333 3274 3429 3314 no-

3060 3325 3144 3382 bis
3168 3329 3311 3397 quod

3062 3397 3198 3453 haec
3222 3400 3391 3455 facis?

3063 3467 3148 3541 19.
3193 3470 3493 3541 Respondit

3060 3538 3242 3607 Jesus,
3272 3538 3327 3597 et
3349 3544 3428 3597 di-

3062 3613 3141 3665 xit
3169 3613 3250 3667 eis
3282 3632 3295 3666 :
3330 3614 3458 3670 Sol-

3060 3682 3171 3737 vite
3201 3684 3303 3740 hoc
3328 3695 3466 3740 tem-

3733 281 3825 337 56l

1358 3744 1412 3797 in
1444 3742 1619 3797 triduo
1642 3759 1726 3797 re-

515 3765 637 3804 rum
653 3789 668 3815 ,
701 3759 756 3803 et
786 3761 977 3802 ascen-

1360 3813 1439 3887 (d)
1464 3813 1737 3868 suscitabo
1760 3812 1827 3867 il-

516 3821 628 3889 dit,
658 3830 710 3876 et
735 3817 1048 3887 Hierosoly-

2224 3759 2343 3801 erat
2367 3747 2575 3803 Pasclia

3062 3753 3231 3822 plum,
3266 3765 3324 3811 et

2224 3815 2579 3889 Iudaeorum,

3063 3827 3119 3879 in
3150 3826 3327 3883 triduo
3353 3827 3489 3883 illud

1839 3926 2077 3983 CODEX
2117 3928 2512 3993 BRIXIANUS.

514 4028 773 4083 tulerunt.
798 4024 872 4081 Ut
892 4035 1071 4078 autem
1097 4021 1330 4091 gustavit
1357 4019 1800 4091 architriclinus.
1818 4034 2006 4087 aquam
2032 4020 2111 4072 vi-

512 4116 638 4154 num
664 4100 882 4153 factum.
908 4107 960 4149 et
991 4090 1322 4148 nouiscieliat
1347 4093 1486 4143 ttttdc
1500 4090 1902 4144 cssetministri
1928 4103 2109 4145 autem

510 4172 753 4225 sciebant
787 4170 878 4234 qui
899 4166 1183 4219 auriebant
1207 4179 1424 4233 aquam.
1444 4173 1569 4216 tunc
1596 4164 1801 4216 vocavit
1821 4176 2104 4229 sponsum.

512 4240 912 4297 arcbitriclinus
940 4248 994 4291 et
1018 4237 1149 4290 dicit
1168 4234 1431 4288 eid)an
1458 4234 1621 4286 homo
1650 4234 1877 4300 primum
1913 4234 2108 4286 llOllUm

510 4315 695 4367 vinum
721 4314 963 4381 ponit.el
986 4305 1383 4381 cuui_incliriati
1405 4305 1603 4359 fuerint
1634 4306 2036 4381 liotuines.tti_uc
2058 4306 2106 4357 id

512 4385 654 4455 quod
684 4376 1059 4455 deterius__est.
1093 4377 1173 4455 Tu
1212 4384 1423 4455 aute_m._
1445 4379 1668 4455 servasti
1697 4376 1894 4455 bonum
1924 4376 2107 4455 vinum

514 4445 687 4522 usque
710 4453 907 4508 adhuc.
926 4452 1034 4505 Hoc
1062 4452 1296 4519 primum
1328 4448 1693 4522 fecit_iuitiu_m
1722 4448 2002 4522 signorum
2026 4445 2109 4501 Je-

512 4517 689 4580 suslin
704 4525 922 4577 Cliauan
955 4517 1213 4577 Galileae.
1242 4532 1293 4572 et
1308 4517 1669 4571 manifestam
1684 4517 1913 4584 gloriam
1930 4532 2102 4571 suam.

512 4607 571 4651 et
601 4596 944 4648 crediderunt
972 4599 1018 4645 in
1051 4607 1173 4644 eum
1202 4589 1449 4657 discipuli
1477 4588 1614 4656 ejus.
1644 4588 1771 4641 PuSt
1806 4589 1939 4641 haec
1976 4589 2108 4642 abiit

515 4668 591 4738 (η)
618 4666 670 4718 in
694 4666 730 4736 ’ξ
759 4663 1136 4738 Capliarnanm
1178 4662 1359 4738 Jcsus.
1385 4668 1449 4738 _et
1480 4670 1653 4712 mater
1673 4660 1809 4725 ejus.
1837 4670 1892 4712 et
1916 4661 2106 4738 fratres

512 4729 651 4808 ejus.
685 4729 739 4791 et
778 4729 1027 4805 diécipuli
1067 4734 1203 4808 ejus.
1239 4744 1291 4785 et
1320 4731 1754 4808 _ibi_manserunt
1786 4746 1894 4783 non
1923 4729 2109 4808 multis

512 4800 726 4864 diebus.
752 4808 817 4861 Et
844 4800 1008 4875 prope
1034 4800 1151 4861 erat
1181 4805 1382 4875 l’asclia
1405 4800 1759 4875 Judaeorum.
1784 4812 1835 4854 et
1866 4802 2112 4875 ascendit

509 4872 856 4952 Jerosolyma
893 4872 1075 4932 Jesus.
1120 4884 1173 4929 et
1219 4874 1425 4929 invenit
1466 4873 1520 4927 in
1566 4874 1772 4943 templo
1804 4872 2104 4927 vendentes

2216 4040 2347 4081 oves
2376 4037 2430 4081 et
2462 4029 2648 4083 boves.
2679 4039 2733 4083 et
2769 4030 3075 4087 columbas.
3106 4042 3161 4088 et
3189 4036 3597 4095 nummularios
3640 4040 3852 4095 seden-

2217 4108 2318 4173 tes.
2368 4100 2434 4173 Et
2465 4103 2666 4173 iaciens
2694 4104 2845 4170 quasi
2888 4102 3164 4173 ﬂagellum
3198 4106 3265 4160 de
3300 4107 3586 4164 funiculis.
3647 4128 3852 4166 omnes

2216 4170 2343 4245 eicit
2381 4172 2447 4245 de
2479 4172 2700 4245 templo.
2734 4175 2866 4245 obes
2919 4170 3140 4245 quoque
3199 4185 3254 4231 et
3307 4179 3496 4233 boves.
3553 4190 3618 4235 et
3684 4198 3854 4235 num-

2214 4242 2565 4295 mularioi-um
2606 4242 2816 4297 effudit.
2868 4261 2979 4299 aes.
3035 4242 3091 4301 et
3144 4264 3358 4303 mensas
3417 4250 3729 4306 subvertit.
3786 4254 3853 4308 Et

2219 4312 2303 4382 liis
2358 4315 2447 4382 qui
2499 4315 2779 4368 columbas
2846 4317 3177 4373 vendebant.
3246 4319 3384 4374 dixit
3430 4321 3674 4377 Auferte
3740 4324 3847 4378 ista

2214 4381 2595 4459 liinc.’_nolite
2662 4386 2845 4459 facere
2898 4388 3118 4442 domum
3178 4391 3344 4459 patris
3402 4394 3528 4446 mei.
3601 4396 3849 4450 domum

2214 4455 2619 4535 negotiationis.
2694 4458 2761 4510 Et
2837 4455 3309 4535 recordati_sunt
3371 4463 3644 4533 discipuli
3696 4468 3847 4535 ejus.

2213 4527 2339 4594 quia
2402 4526 2661 4581 scribtum
2713 4538 2816 4583 est.
2895 4530 3055 4583 Zelus
3129 4531 3322 4586 domus
3378 4526 3527 4587 tuae“
3584 4526 3851 4591 cniitedit

2214 4612 2321 4668 me.
2383 4596 2557 4651 Tunc.
2624 4600 3027 4668 rcSponderunt
3074 4603 3122 4656 ei
3169 4602 3359 4658 Judaei
3427 4614 3482 4659 et
3536 4605 3846 4663 dixerunt.

2212 4667 2373 4742 Quot.
2393 4671 2607 4742 signum
2641 4667 2890 4726 ostendis
2934 4673 3111 4727 nobis.
3142 4678 3263 4742 quia
3314 4677 3448 4731 haec
3479 4674 3653 4731 facis.
3694 4680 3849 4735 Res-

2214 4740 2403 4820 pondit
2432 4741 2587 4820 testis
2613 4749 2673 4820 et
2702 4742 2838 4797 dixit
2876 4745 2977 4820 eis:
3011 4740 3279 4820 Destruite
3308 4748 3409 4802 hoc
3438 4750 3753 4820 templum.
3789 4762 3851 4809 ct

2212 4810 2264 4864 in
2308 4810 2480 4867 tribus
2518 4812 2733 4868 diebus.
2782 4815 3033 4870 excitabo
3066 4817 3133 4871 il-

1770 4963 2002 5019 CODEX
2040 4963 2514 5029 CORBEIENSIS.

583 5066 671 5123 10.
704 5080 826 5120 cum
859 5061 1108 5117 inebriati
1139 5059 1337 5115 l‘uerint
1359 5100 1372 5121 ,
1405 5058 1457 5113 id
1485 5100 1498 5124 ,
1533 5056 1678 5129 quod
1709 5056 1967 5113 deterius.

579 5138 667 5201 12.
706 5136 939 5203 Omittit,
968 5143 1024 5189 et
1063 5131 1313 5202 discipuli
1342 5131 1480 5200 ejus.

567 5352 584 5382 ί
622 5357 737 5401 tum.
763 5346 973 5411 primum
990 5344 1258 5407 signorum.
1295 5337 1439 5406 Vulg.
1465 5340 1655 5391 initium
1679 5339 1948 5404 signorum.

2285 5061 2373 5118 15.
2409 5062 2477 5117 Ει
2506 5062 2633 5119 fecit
2664 5065 2817 5136 quasi
2849 5064 3120 5137 ﬂagellum
3150 5066 3219 5125 de
3244 5078 3407 5127 reste.

1749 5223 1838 5280 VA
1850 5222 2145 5282 RIANTES
2181 5224 2583 5284 LECTIONES.

1841 5446 2205 5504 BLANCHINI
2243 5448 2467 5504 NOTxﬁ.

567 5550 653 5626 (a)_
684 5547 847 5603 Addit
876 5548 951 5609 in,
978 5544 1159 5626 etiam“
1174 5556 1280 5626 teat.
1312 5543 1516 5626 (ξι-λὶς.
1544 5542 1715 5626 ——.__(b)
1746 5544 1823 5626 Ita
1852 5551 1911 5626 et
1948 5551 2055 5626 teit.
2219 5545 2495 5626 adnectite;
2526 5546 2739 5626 ἡμέρας.
2761 5547 2923 5626 :(c)
2948 5548 3024 5603 Ita
3049 5549 3233 5626 versio
3254 5550 3411 5626 Aeth.
3438 5558 3491 5605 et
3503 5550 3836 5626 Origenes.

492 5612 853 5697 T&.x.éppaw_
879 5648 963 5697 -___
1008 5616 1198 5697 (αδ-δη
1228 5612 1855 5697 ,ᾼμηῠι-οείυειιίρτὸυμε.
1887 5612 2215 5697 Institutione
2272 5615 2517 5697 Virginis,
2542 5612 2719 5697 capite
2769 5612 2866 5697 η.
2905 5612 3032 5691 pag.
3054 5619 3186 5697 96b,
3220 5621 3370 5693 legit,
3416 5631 3469 5678 ut
3503 5612 3835 5685 Vercellis

495 5683 703 5770 Schutz-
732 5683 1074 5770 temptanti!
1102 5687 1693 5770 inti-iduo-resusfitalio
1723 5685 1877 5770 illud.
1910 5683 1976 5737 Et
2014 5685 2083 5770 ita
2112 5685 2256 5770 libro
2278 5703 2332 5770 nt
2360 5683 2422 5770 ἃς
2450 5683 2625 5770 itif;
2652 5703 2771 5760 cap.
2830 5690 2885 5757 2,
2912 5683 3050 5770 'p_a'_g.
3088 5691 3213 5760 499,
3264 5683 3366 5749 tiec'
3410 5710 3510 5750 non
3569 5683 3830 5770 Ερίειοιέ

485 5764 623 5820 clas.
666 5762 721 5828 2,
754 5752 875 5830 pag.
913 5758 1071 5815 1098.
1116 5757 1251 5814 Vide
1304 5759 1466 5814 etiam
1515 5758 1572 5815 S.
1618 5756 1976 5830 Augustinum
2022 5753 2085 5811 de
2126 5752 2341 5812 Civitate
2373 5755 2493 5826 Dei,
2525 5758 2617 5815 lib.
2650 5752 2762 5830 xvi,
2793 5752 2911 5832 cap.
2934 5752 3040 5817 ’11.
