1990 3096
120 110 177 139 365

623 114 847 147 EVANGELIUM
864 118 1051 150 SECUNDUM
1068 121 1263 151 JOHANNEM.

324 168 441 201 CODEX
460 171 729 204 VERCELLENSIS.

121 216 171 243 20.
191 217 248 245 iud.
263 218 395 247 Dixerunt

123 257 216 280 autem
227 254 317 281 Judaei
332 263 340 281 :

121 295 195 315 nrt.
211 291 287 316 annis

121 324 290 352 aediﬁcatum

123 365 163 386 est
174 359 223 387 huc
238 368 303 387 tem-

122 395 206 428 plum,
222 401 248 422 et
264 402 289 422 tu
308 397 355 424 tri-

122 430 172 458 bus
186 432 278 458 diebus

122 467 293 494 resuscitabis

121 501 164 528 2L
190 503 250 528 illud
262 503 272 528 ’ἓ
285 503 331 531 llle
340 509 391 530 an-

122 542 174 563 tem
191 538 293 565 dicebat

120 573 152 599 de
169 574 267 607 templo
281 582 340 601 cor-

148 618 194 635 il‘lS
208 618 257 635 5111.

138 618 194 635 111Ίέ
208 618 257 635 illi.

118 616 165 671 ἑὲ.
188 645 330 680 Postquam
345 650 406 674 sar-

116 680 191 708 rexit
204 688 267 715 ergo
281 689 296 707 a

115 716 244 747 mortuis,
261 724 304 744 re-

114 752 257 778 memorati
274 757 337 779 sunt

115 787 241 821 discipuli
255 788 323 821 ejus,

114 824 188 857 quod
205 823 255 849 hoc
271 824 345 858 dixit,

113 865 139 885 et
155 858 329 886 crediderunt

111 895 278 927 scripturae,

110 935 136 967 et
149 930 245 967 verbo,
264 930 331 963 quod
378 963 383 967 ν

109 965 181 992 dixit
196 964 284 992 Jesus.

108 1001 155 1027 9.3.
181 1001 249 1027 Cum
265 1006 352 1028 autem
368 1008 411 1028 es-

106 1041 152 1064 set
165 1036 247 1063 Jesus
263 1036 356 1064 Hiero-

109 1072 228 1107 solymis
246 1080 291 1106 per

109 1108 217 1135 Pascha
233 1107 258 1133 in
274 1107 315 1134 die

110 1144 193 1171 testo.
210 1143 285 1169 multi

109 1187 132 1206 c1
141 1179 294 1205 edederunt

110 1216 135 1241 in
155 1215 268 1241 nomine

109 1251 180 1284 ej-t5.
201 1250 294 1276 viden-

111 1292 151 1312 tes
168 1286 258 1319 signa,
276 1293 341 1320 quae

109 1322 154 1348 9.4.
180 1321 306 1347 faciebat.
320 1321 379 1355 lpse

108 1362 203 1384 autem
220 1356 299 1383 Jesus

109 1401 163 1420 nan
183 1392 312 1419 credebat

110 1437 139 1455 se
155 1428 223 1459 illis,
240 1435 272 1455 eo
286 1428 354 1462 quod

111 1470 207 1491 nosset
220 1471 325 1497 OHIHCS|

111 1500 158 1527 9.3.
182 1504 209 1525 ct
221 1499 283 1533 quia
299 1508 349 1527 non

112 1534 284 1562 desideraret

115 1571 121 1585 ¹
132 1576 160 1597 ut
172 1570 271 1604 aliquis
285 1574 337 1596 tes-

114 1606 259 1632 tiinunium

114 1642 219 1668 diceret
235 1641 269 1668 de
284 1641 330 1668 bo—

116 1678 192 1704 mine
208 1685 214 1702 :
230 1677 285 1711 ipse
299 1677 369 1704 enim

116 1713 222 1739 sciebat
238 1712 301 1747 quid

116 1753 191 1775 esset
206 1749 231 1775 in
246 1747 332 1775 homi-

220 1853 333 1883 CAPUT
353 1854 397 1882 111.

155 1962 182 1989 1.
205 1968 249 1989 ne.
264 1961 327 1989 Erat

119 2069 185 2110 lud.‘
202 2069 333 2110 Dixerunt
357 2077 423 2104 ergo
454 2069 558 2097 Judaei.
599 2069 784 2110 Quadraginta
817 2073 844 2110 ct
870 2076 896 2110 se

120 2106 214 2131 anuis.
243 2105 483 2145 aediﬁcatum-est.
523 2105 674 2145 templum“
693 2106 745 2131 hoc
776 2110 800 2131 cl
832 2109 869 2145 tu.
890 2105 917 2131 iu

120 2141 211 2169 tribus
242 2140 338 2168 diebus
369 2141 500 2168 excitavis
541 2141 618 2168 illud.
646 2140 693 2167 Ille
719 2144 808 2167 autem
843 2140 919 2167 dice-

121 2177 177 2203 bat.
201 2176 235 2203 de
264 2176 365 2211 templo
389 2177 513 2216 corporis
536 2178 599 2216 _su_i.
629 2177 697 2203 Cum
711 2183 921 2216 __ergo__rcsur-

122 2213 242 2239 rexisset
265 2219 281 2238 a
307 2213 430 2239 mortuis.
441 2211 581 2240 recordati
612 2216 677 2239 sunt
702 2211 828 2246 discipuli
849 2211 918 2245 ejus.

120 2249 186 2281 quia
230 2247 281 2275 hoc
308 2247 413 2275 dixerat
441 2253 467 2275 et
499 2247 674 2275 crediderunt
702 2247 863 2274 scribturae.
893 2251 920 2274 et

120 2284 256 2310 sermoni.
271 2291 350 2323 quem
364 2282 431 2323 dixit
444 2283 614 2323 lesuf._Cum
626 2288 720 2323 autem
734 2287 808 2323 esset
823 2282 919 2323 Hiero-

121 2318 249 2354 solymis.
266 2319 291 2345 in
315 2319 358 2345 die
374 2319 445 2346 festo
468 2319 542 2346 multi
567 2319 742 2346 crediderunt
759 2319 785 2345 in
809 2318 920 2345 nomine

121 2354 195 2387 ejus.
210 2354 332 2381 videntes
350 2354 426 2388 signa
442 2362 510 2389 quae
537 2354 662 2382 faciebat.
679 2354 738 2389 Ipse
761 2359 851 2381 autem
867 2360 920 2380 non

122 2390 255 2416 credebat
280 2391 455 2430 semetipsum
489 2390 538 2430 eis.
568 2398 601 2417 eo
624 2390 695 2425 quod
732 2390 789 2430 ip_~e
808 2429 811 2430 ν
831 2393 922 2430 nosset

120 2431 231 2465 omnes.
260 2426 360 2466 etquia
375 2433 429 2466 non
442 2430 501 2466 erat
512 2426 538 2466 ei
560 2433 640 2466 opus.
665 2430 693 2452 ut
716 2426 777 2466 quis
804 2426 922 2466 testimof

119 2459 201 2501 nium
230 2461 384 2501 perhiberet
400 2461 438 2501 de
467 2459 587 2501 nomine:
614 2461 676 2501 ipse
706 2459 778 2488 enim
820 2461 923 2501 sciebat

119 2496 192 2530 quid
203 2502 275 2525 esset
293 2497 319 2525 in
333 2497 453 2525 homine.
473 2496 539 2525 Erat
556 2501 648 2525 autem
668 2497 751 2525 homo
772 2503 805 2524 ex
826 2496 923 2523 Phari-

156 2710 168 2725 ί
191 2708 244 2733 Gut.
255 2712 283 2733 ut
294 2709 335 2739 qui
346 2709 521 2733 testimonium.
539 2708 599 2733 Hm.
619 2710 647 2733 ut
656 2706 834 2732 testimonium.
852 2703 925 2736 Vulg.

115 2744 149 2765 nt
164 2740 223 2771 quis
238 2740 414 2765 testimonium.

156 2767 244 2797 "Gal.
266 2771 311 2796 uisi
326 2772 369 2802 qui
387 2773 461 2796 natus
476 2769 559 2796 fuerit.
578 2771 638 2796 Mnt.
657 2769 706 2794 nisi
722 2772 827 2794 renatus
843 2767 927 2792 fuerit.

541 226 631 249 autem
646 222 728 250 homo

539 257 573 285 de
588 258 752 291 Pbarisaeis.

538 293 580 320 cui
597 301 696 321 nomen

538 328 711 362 Nicodemus,

539 364 669 399 Princeps
681 365 727 392 Ju—

537 399 564 426 2.
585 400 726 428 daeorum.
743 400 792 429 Hic

537 436 611 462 venit
625 436 658 463 ad
670 435 761 464 Jesum

537 476 627 502 nocte.
640 477 667 499 et
682 472 720 499 ait

536 506 574 533 illi
588 515 595 533 :
613 506 711 538 Rabbi,
725 508 778 536 sci-

535 549 607 575 mus,
618 542 689 577 quod
702 551 717 569 a

536 577 591 605 Deo
602 578 701 606 veniin

535 613 673 648 Magister,
686 621 733 641 ne-

533 656 578 676 mo
593 649 664 676 enim
675 657 725 684 po-

533 684 662 720 testhaec
675 685 731 720 sig-

533 727 566 746 na
579 719 679 752 facere,
691 719 760 754 quae

532 758 562 782 tu
577 754 654 787 facis.
671 756 723 783 nisi

533 791 605 818 Deus
618 791 653 818 sit
666 799 728 819 cum

533 826 590 853 illo.

532 861 559 889 3.
581 862 732 896 Respondit
745 863 834 897 Jesus,

532 902 557 924 et
573 897 643 924 dixit
655 898 693 925 illi
708 907 714 925 :
727 898 825 933 Amen,

530 940 609 960 amen
623 933 686 961 dico
697 936 730 961 ti-

531 968 569 1000 bi,
582 969 652 996 ’nisi
663 970 724 1004 quis

532 1009 642 1032 renatus
656 1005 713 1032 tue-

530 1040 566 1066 rit
581 1040 680 1073 denuo,
694 1048 723 1068 n.
745 1060 752 1068 .

531 1080 619 1109 potest
634 1076 710 1103 vide-

531 1118 561 1138 re
573 1118 688 1146 regnum

531 1146 590 1173 Dei.

530 1181 557 1208 4.
579 1181 649 1209 Dicit
664 1182 697 1209 ad
711 1189 772 1210 cum

530 1217 642 1245 Nicode.
666 1237 672 1244 .
697 1239 703 1245 .
727 1238 732 1244 .

530 1252 671 1287 Quomodo
685 1261 733 1288 po-

531 1293 583 1315 test
599 1288 681 1316 bomo
693 1297 737 1317 re-

531 1324 617 1357 nasci,
629 1333 690 1351 ctlm

530 1360 566 1386 sit
578 1361 679 1387 senex?
696 1368 774 1388 num—

531 1394 596 1430 quid
610 1399 700 1429 potest

532 1430 625 1463 homo,
641 1435 672 1457 ut
685 1438 745 1462 nos,

532 1465 543 1481 ³
550 1466 576 1493 in
593 1471 670 1493 utero
684 1473 743 1493 ma-

532 1501 582 1528 tris
596 1509 661 1529 suae
673 1501 722 1529 ite-

532 1544 593 1564 rum
608 1537 734 1570 introire,

532 1577 559 1599 et
568 1573 694 1600 renasci?

533 1608 558 1634 5.
580 1608 730 1643 Respondit

532 1643 613 1671 Iesus
626 1653 633 1670 :

533 1681 630 1711 Amen,
647 1686 725 1707 amen
739 1679 782 1707 di-

533 1722 565 1742 co
578 1715 637 1748 tibi,
651 1714 702 1742 nisi

554 1751 594 1777 uis
608 1755 717 1778 renatus

546 1785 615 1813 ‘uerit
627 1786 661 1813 de
676 1794 706 1812 a-

534 1829 598 1857 qua,
613 1826 640 1849 et
654 1821 688 1849 de
700 1821 804 1857 Spiritu

533 1862 639 1888 sancto,
655 1865 707 1884 non

535 1897 623 1927 potest
636 1893 684 1920 in.
708 1914 714 1920 .
737 1913 743 1920 .
767 1913 773 1919 .

537 1933 797 1955 .......tra-

533 1971 564 1991 re
575 1964 603 1991 in
617 1972 730 1998 regnum

1715 131 1771 162 366

1187 180 1305 210 CODEX
1323 180 1551 214 VERONENSIS.

970 228 1116 256 suscitabo.

969 262 1015 290 20.
1037 264 1165 292 Dixerunt

970 306 1035 333 ergo
1048 299 1143 327 Judaei
1156 308 1163 326 :

968 341 1004 362 11.
1018 339 1046 362 et
1059 343 1095 362 Vl.
1108 343 1156 362 an-

968 370 1011 397 nis
1025 370 1195 398 aediﬁcatum

968 410 1009 432 est
1021 406 1072 433 hoc
1088 411 1156 433 tem-

968 441 1052 474 plum,
1069 446 1095 469 et
1110 447 1136 469 tu

967 476 994 503 in
1010 477 1100 504 triduo
1111 484 1154 504 re-

966 512 1082 540 suscilas
1095 512 1177 540 illud?

965 546 1011 574 2|.
1033 548 1080 576 Ille
1094 554 1184 577 autem

965 583 1074 611 dicebat
1087 583 1122 611 de

966 619 1069 653 templo
1083 626 1181 654 corpo-

965 655 1004 681 ris
1018 655 1069 682 sui.

964 689 1010 717 22.
1031 691 1097 717 Cum
1111 697 1177 726 ergo
1193 698 1239 720 re-

964 726 1083 753 surrexit
1097 733 1112 753 a

963 761 1092 794 mortuis,
1109 769 1153 789 re-

963 797 1107 824 memorati
1121 801 1184 824 sunt

965 831 1090 867 discipuli
1105 832 1173 867 ejus,

964 868 1092 901 quoniam
1107 868 1159 895 hoc

963 902 1081 935 dicebat,
1098 908 1126 931 et

963 939 1138 966 credidemnt

962 975 1125 1008 scripturae,
1135 979 1164 1002 et

963 1009 1058 1042 verbo,
1074 1010 1146 1044 quod

963 1045 1069 1073 dixerat
1083 1045 1172 1072 .Iesus.

962 1080 1009 1108 25.
1029 1081 1096 1107 Cum
1113 1085 1204 1108 autent
1219 1089 1262 1110 es-

963 1121 1006 1144 set
1016 1114 1055 1151 (a)
1068 1117 1093 1142 in
1104 1116 1124 1151 -ι-
1139 1117 1203 1145 Hie-

962 1151 1109 1186 rosolymis
1127 1151 1153 1179 in

964 1186 1036 1215 diem
1052 1187 1150 1214 festum
1166 1187 1218 1214 Pa-

964 1222 1058 1255 scbac,
1074 1223 1153 1250 multi
1166 1231 1226 1252 cre-

963 1258 1093 1286 diderunt
1107 1260 1134 1286 in
1147 1267 1196 1287 no-

963 1294 1038 1321 mine
1056 1294 1126 1329 ejus,
1143 1295 1238 1323 viden-

964 1332 1007 1365 tes
1020 1331 1111 1365 signa,
1127 1338 1197 1365 quae

963 1364 1091 1393 faciebat.

963 1400 1010 1428 24.
1031 1400 1093 1435 Ipse

963 1440 1054 1464 autem
1068 1436 1147 1464 Jesus

964 1478 1019 1498 non
1030 1472 1146 1499 credidit

964 1513 995 1533 se
1010 1507 1061 1539 eis,
1078 1515 1111 1534 eo
1125 1508 1197 1542 quod

965 1542 1048 1569 sciret
1063 1550 1168 1575 omnes,

964 1577 1011 1604 25.
1024 1582 1050 1605 et
1064 1578 1126 1613 quia
1141 1586 1194 1606 non

965 1620 1077 1641 necesse
1096 1614 1190 1642 habuit

965 1652 995 1675 ut
1008 1649 1106 1683 aliquis

964 1684 1156 1721 test_imonium:

964 1719 1121 1754 perhiberet

965 1755 1046 1796 de'eo
1060 1764 1066 1782 :
1084 1756 1143 1791 ipse

965 1797 1038 1818 enim
1052 1797 1165 1820 noverat

964 1825 1029 1859 quid
1045 1833 1118 1855 esset
1132 1828 1161 1855 in

964 1860 1085 1890 homine.

1066 1918 1180 1947 CAPUT
1203 1919 1246 1948 ΙΙΙ.

1002 1964 1027 1992 1.
1043 1964 1110 1992 Erat
1124 1970 1213 1994 autem

789 2021 904 2050 CODEX
926 2022 1122 2052 BRIXIANUS.

971 2069 1052 2110 sacis.
1071 2070 1234 2100 Nicodcmus
1256 2075 1376 2103 nomine.
1399 2076 1494 2106 Prince
1516 2088 1527 2105 ς
1541 2080 1702 2113 Iudaeorum
1722 2087 1771 2117 Hic

971 2111 1044 2142 venit
1059 2106 1091 2133 ad
1107 2106 1199 2134 Iesum
1220 2113 1298 2136 nocte
1311 2116 1338 2138 et
1351 2111 1418 2139 dixit
1431 2113 1466 2141 ei.
1487 2087 1572 2142 [Eahbi
1597 2120 1695 2142 scimus
1709 2125 1769 2142 mm.

601 2069 784 2104 Quadraginta
817 2073 844 2096 ct
870 2076 919 2095 sex

971 2106 1044 2149 venit
1059 2106 1091 2133 ad
1107 2106 1211 2149 Jesnn_i_
1220 2113 1298 2149 nocte
1311 2116 1338 2138 et
1351 2111 1418 2139 dixit
1431 2113 1466 2141 ei.

1250 2149 1497 2193 ister._nepioenim
1514 2157 1600 2185 potest
1615 2155 1680 2183 haec
1695 2149 1773 2193 signa

972 2148 987 2178 ε)
1006 2140 1063 2167 Deo
1074 2143 1170 2169 venisti
1188 2144 1245 2178 Mag

1386 231 1466 258 homo
1479 240 1513 259 ex

1386 266 1549 301 l’liariSaeis,

1384 304 1493 330 nomine
1506 303 1551 331 Ni~

1384 339 1526 371 codemus,

1385 374 1516 409 Princeps
1530 375 1576 403 Ju-

1384 409 1522 439 daeorum.

1384 444 1410 471 2.
1435 446 1482 472 Hic
1499 447 1573 474 venit

1382 480 1416 508 ad
1430 488 1491 508 eum
1503 489 1553 509 no-

1384 520 1440 549 cte,
1456 521 1483 544 et
1497 517 1565 546 dixit

1385 551 1409 578 ei
1425 560 1431 579 :
1446 552 1547 586 Rabbi,

1384 588 1495 624 scimus,
1512 590 1573 624 quia

1384 630 1399 649 a
1417 623 1472 650 Deo
1486 623 1530 651 ve;

1386 658 1449 685 nisti
1462 659 1542 694 Magi-

1383 699 1449 727 ster,
1465 702 1544 722 nemo

1383 730 1455 765 enim
1471 735 1560 765 potest

1382 764 1451 801 baec
1465 764 1541 801 Signa

1384 799 1571 837 facerm—quae

1384 841 1411 862 tu
1428 836 1505 869 facis,
1512 836 1571 865 ’nisi

1383 870 1465 899 fuerit
1478 872 1549 900 Deus

1382 914 1443 933 cum
1459 915 1500 935 90.

1381 942 1408 969 5.
1427 943 1572 978 Respondit

1381 978 1460 1005 Jcsus
1474 1001 1480 1012 ,
1495 985 1522 1006 et

1382 1014 1450 1040 dixit
1465 1016 1502 1042 illi
1519 1024 1527 1041 τ

1382 1049 1467 1076 Amen
1483 1050 1544 1078 dico
1558 1051 1607 1079 tibi
1616 1073 1623 1084 ,

1383 1085 1434 1111 nisi
1452 1086 1511 1120 quis
1527 1092 1637 1116 renatus

1383 1120 1465 1147 fuerit
1480 1121 1569 1150 denuo
1580 1143 1587 1155 ,

1383 1163 1437 1183 non
1453 1161 1543 1191 potest

1383 1198 1497 1254 regnum
1514 1192 1563 1221 Dei

1384 1234 1411 1254 v1
1432 1235 1488 1254 ere.

1384 1227 1488 1260 videre.

1383 1263 1410 1289 ι.
1428 1263 1500 1291 Dicit
1512 1264 1547 1291 ad
1560 1272 1625 1293 eum

1383 1297 1549 1327 Nicodemus
1565 1309 1572 1327 :

1383 1333 1525 1371 Quomodo
1540 1343 1588 1371 po-

1385 1374 1439 1397 test
1453 1370 1536 1398 homo

1384 1405 1471 1436 nasci,
1488 1413 1549 1433 cum

1385 1441 1421 1467 sit
1430 1448 1514 1468 senex
1525 1441 1537 1468 'I

1386 1477 1515 1512 numquid
1530 1484 1578 1512 po-

1333 1514 1336 1516 ’
1387 1515 1440 1538 test
1454 1511 1481 1538 iu
1498 1511 1556 1540 ute-

1387 1553 1420 1573 ro
1433 1547 1528 1575 matris

1387 1589 1453 1609 suae
1466 1582 1556 1611 denuo

1387 1617 1515 1650 introire,
1529 1623 1558 1647 et

1387 1653 1512 1681 renasci?

1387 1687 1415 1724 5.
1431 1689 1583 1724 Respondit

1385 1723 1464 1751 Jesus
1478 1723 1588 1762 {Amen
1598 1747 1608 1762 ,

1384 1766 1464 1787 amen
1480 1760 1542 1790 dico

1385 1795 1432 1822 tibi
1445 1816 1453 1829 ,
1466 1795 1518 1833 nisi
1532 1799 1593 1833 quis

1384 1836 1496 1859 renatus
1510 1832 1590 1861 tuerit
1602 1840 1632 1864 et

1384 1873 1453 1901 aqua
1466 1888 1474 1900 ,
1489 1872 1518 1895 et
1533 1869 1645 1906 Spiritu,

1385 1909 1439 1929 non
1456 1907 1545 1937 potest

1384 1939 1491 1965 renasci

1386 1973 1413 1999 in
1426 1981 1539 2009 regnum
1555 1976 1614 2005 Dei.

1529 2116 1572 2144 bbi
1597 2120 1695 2158 scimus
1709 2116 1772 2158 quia

972 2176 1157 2223 iaAceJre.‘quae
1175 2176 1289 2223 laticis.
1304 2182 1354 2223 nisi
1371 2183 1452 2223 fuerit

973 2212 1166 2259 ponditJ‘csus;
1189 2216 1298 2259 etndixjt
1310 2219 1345 2245 ei.
1362 2218 1448 2247 Amen
1471 2212 1548 2250 amen
1562 2212 1634 2253 *δέξο

1261 2252 1359 2300 denuo.
1376 2263 1427 2300 non
1453 2249 1542 2300 potest
1555 2249 1770 2300 \ideEe-r-eguluiii

974 2282 1032 2310 Dei.
1059 2284 1127 2311 Dicit
1150 2292 1239 2313 autem
1269 2288 1293 2315 ci
1308 2289 1353 2316 Nic

971 2317 1055 2345 homo
1077 2320 1165 2347 denuo
1178 2323 1251 2349 nasci
1279 2331 1341 2351 cum

973 2354 1070 2382 iterum
1091 2356 1117 2382 in
1135 2361 1211 2385 utero
1235 2360 1327 2386 matris
1342 2368 1355 2388 s

1356 2290 1479 2335 odemus.
1512 2294 1653 2335 Quomodo

1364 2331 1399 2353 snt
1421 2334 1514 2370 senex:
1530 2334 1659 2367 numquid
1684 2331 1774 2370 potest

1358 2369 1408 2400 une
1430 2366 1542 2394 introire
1561 2374 1587 2394 et
1604 2366 1772 2400 hasciIRes-

973 2390 1067 2430 pandit
1086 2391 1179 2437 ἔδειξε.
1203 2397 1231 2434 et
1257 2394 1336 2422 dixit.
1354 2396 1440 2437 Amen
1563 2390 1772 2437 dido—utibifbviasi

973 2427 1033 2460 quis
1048 2430 1127 2454 natus
1143 2428 1224 2456 fuerit
1236 2437 1270 2457 ex
1284 2437 1299 2457 a

974 2461 1059 2489 troire
1074 2462 1100 2490 in
1120 2470 1231 2499 regnum

759 2552 877 2581 CODEX
896 2551 1128 2584 CORBEIENSIS.

677 2622 684 2629 .
945 2645 1146 2675 LECTIONES.

984 2703 1057 2735 Vulg.
1071 2704 1118 2728 nisi
1129 2705 1183 2735 quis
1195 2709 1295 2731 renatus
1305 2705 1388 2732 fuerit.

1011 2735 1089 2778 1.639;
1104 2735 1342 2778 ἯΒΨἮἯΨΫΣᾊ
1352 2741 1494 2778 eligimu-
1505 2743 1565 2778 lm-
1578 2745 1604 2770 ίη
1615 2749 1688 2777 “lem
1694 2753 1778 2778 matria

981 2770 1007 2791 et
1017 2767 1094 2792 nasci.
1111 2766 1183 2800 Vulg.
1196 2768 1220 2792 in
1232 2771 1345 2793 ventrem
1357 2771 1472 2797 matris...
1488 2766 1628 2802 εἶιίέὧῖ

793 2819 977 2850 BLANle
1000 2819 1116 2848 NOTAE.

165 2869 208 2902 (ai
229 2870 310 2898 Addit
329 2871 366 2903 in,
383 2878 443 2899 cum
460 2875 513 2898 tcx.
527 2870 574 2898 Gr.
589 2871 624 2897 ἓν.

1300 2438 1353 2467 qua
1380 2437 1408 2461 et
1419 2434 1533 2470 Spiritu.
1556 2446 1610 2467 non
1626 2434 1773 2477 potestin;
