3980 6192
272 247 380 304 569

283 463 372 510 tus
397 464 480 510 est
507 473 520 510 :
544 455 666 526 quia

281 542 395 582 non
425 527 600 582 credi-

275 597 359 652 dit
388 599 440 651 in
472 599 639 652 nomi-

277 684 348 723 ne
372 671 512 723 unici
543 669 624 723 Fi-

280 741 372 795 19.
413 740 466 794 lii
493 741 604 795 Dei.
638 739 753 796 Hoc
781 749 864 796 est

279 823 460 865 autem
485 812 628 879 judi-

279 884 424 937 cium
459 901 472 936 :
501 883 622 949 quia

281 954 378 1008 lux
404 957 551 1008 venit
580 954 632 1006 in

281 1025 386 1079 hoc
416 1024 616 1078 mundo
639 1066 655 1090 ,

281 1107 334 1150 ct
360 1096 667 1151 dilexerunt

278 1166 535 1222 homines
563 1181 658 1236 po-

279 1239 392 1292 tius
422 1239 700 1303 tenebras,

278 1325 446 1380 quam
471 1311 640 1364 lucem
671 1326 686 1362 :

276 1391 440 1436 erant
469 1381 611 1436 enim

1285 247 1733 306 EVANGELIUM
1771 246 2147 306 SECUNDUM
2183 247 2573 306 JOHANNEM.

672 360 906 420 CODEX
949 363 1482 421 VEBCELLENSIS.

1115 457 1412 513 Johannes.

1113 529 1205 585 25.
1242 528 1401 583 Facta
1493 536 1577 584 est
1603 535 1732 601 ergo

1114 602 1360 670 quaesuo
1387 601 1468 654 in-

1117 681 1200 727 ter
1227 671 1491 738 Judaeos,

1113 753 1168 796 et
1197 743 1491 811 discipulos

1112 813 1375 868 Johannis
1401 814 1469 868 de

1115 884 1284 939 Pnrif.
1322 925 1334 936 .
1366 927 1378 938 .
1419 925 1430 936 .
1467 926 1479 937 .

1113 954 1206 1010 26.
1243 957 1306 1010 Et
1334 965 1595 1011 venerunt

1113 1027 1178 1080 ad
1203 1027 1505 1082 Joliannem
1529 1069 1543 1092 ,

1116 1106 1172 1152 et
1199 1099 1454 1153 dixerunt

1115 1169 1165 1222 ei
1195 1187 1208 1222 :
1241 1168 1408 1223 Rahbi
1431 1211 1446 1235 ,
1477 1170 1565 1242 qui

1115 1249 1231 1294 erat
1262 1250 1436 1296 tecum

1117 1319 1265 1366 trans
1289 1311 1478 1368 Jorda-

1114 1397 1219 1437 nen
1243 1425 1257 1447 ,
1292 1384 1376 1437 cui
1406 1384 1530 1438 testi
1544 1413 1562 1427 -

2411 363 2642 422 CODEX
2684 363 3131 424 VERONENSIS.

1977 457 2232 527 quoniam
2275 472 2379 513 non

1976 528 2209 582 credidit
2239 529 2291 583 in
2323 531 2328 538 '

1977 600 2198 653 nomine
2231 601 2354 655 uni-

1976 671 2144 740 geniti
2179 671 2284 725 Fili

1979 741 2096 795 Dei.

1978 812 2065 866 i9.
2102 813 2214 868 Hoc
2244 824 2326 868 est
2356 824 2534 870 autem

1973 882 2233 956 judicium
2268 903 2279 936 :
2313 902 2446 956 quo-

1978 955 2120 1008 niam
2151 957 2237 1009 lux
2270 955 2417 1010 venit

1980 1026 2032 1078 in
2067 1027 2167 1080 hoc
2194 1027 2394 1082 mundo
2411 1070 2424 1091 ,

1978 1105 2032 1150 et
2052 1098 2361 1153 dilexerunt

1979 1168 2226 1223 homines
2258 1169 2435 1239 potius

1979 1241 2229 1293 tenebras
2255 1282 2268 1303 ,
2303 1257 2467 1309 quam

1977 1309 2158 1364 lumen
2193 1327 2206 1362 :
2241 1321 2395 1366 erant

1978 1381 2122 1435 enim
2155 1383 2326 1436 malae

2813 475 3110 516 carcerem.

2811 532 2903 586 25.
2948 532 3110 586 Facta
3143 539 3227 587 est
3253 547 3350 587 au-

2815 611 2924 656 tem
2957 605 3186 670 qutestio

2813 689 2878 729 ex
2909 674 3191 740 discipulis

2813 745 3077 799 Johannis
3107 760 3228 799 cum

2811 815 3030 871 Judaeis
3060 817 3128 871 de

2812 887 3215 942 Puriliratione.

2812 958 2908 1012 26.
2954 959 3020 1012 Et
3046 967 3311 1014 venerunt
3339 958 3406 1013 ad

2813 1028 3116 1084 Johannem
3143 1071 3157 1095 ,
3193 1040 3248 1084 et

2813 1100 3068 1156 dixerunt
3096 1103 3144 1156 ei
3178 1119 3192 1157 :

2812 1171 2984 1226 Rabbi
3009 1214 3022 1236 ,
3052 1174 3144 1242 qui

2811 1255 2932 1297 erat
2957 1253 3132 1298 tecum

2809 1321 2960 1370 trans
2986 1315 3181 1369 Jorda-

2818 1401 2946 1448 nen.
2979 1387 3064 1440 cui
3099 1397 3155 1440 tu

276 1467 450 1523 Opera
477 1453 690 1508 illorum
1116 1457 1355 1508 monium
1385 1455 1508 1509 red-
1977 1465 2177 1518 Operae
2203 1469 2413 1510 eorum.
2815 1458 3183 1512 testimonium

274 1524 451 1598 mala.
561 1595 571 1598 Α
741 1594 753 1598 Α
1113 1523 1298 1598 didisti
1321 1567 1336 1587 .
1362 1539 1499 1598 ecce
1976 1523 2067 1598 20Ζ
2100 1524 2288 1598 Omnis
2312 1528 2456 1584 enim
2483 1571 2496 1594 ,
2815 1529 3135 1598 perhibuisti
3155 1569 3170 1591 ,

274 1595 375 1651 20.
417 1595 632 1657 Omnis,
665 1594 754 1665 qui
779 1608 904 1666 pra-
1115 1596 1201 1650 hic
1229 1596 1496 1666 baptizat,
1977 1594 2069 1664 qui
2098 1597 2241 1649 male
2814 1594 2943 1654 ecce
2973 1600 3058 1654 hic

274 1681 341 1740 va
373 1667 519 1737 agit,
546 1667 654 1721 odit
1112 1679 1164 1740 et
1186 1683 1377 1723 omnes
1406 1684 1498 1722 ve-
1763 1736 1766 1738 γ
1979 1666 2120 1740 agit,
2155 1667 2268 1722 odit
2813 1670 3068 1740 baptizat,
3102 1679 3157 1724 et

272 1738 458 1792 lucem
481 1779 498 1804 ,
532 1747 585 1793 et
609 1751 712 1792 non
785 1790 794 1797 .

271 1809 433 1863 venit
455 1811 508 1863 in
551 1809 629 1862 lu-

268 1895 400 1934 cem
418 1921 433 1944 ,
460 1889 518 1934 ut
539 1895 644 1935 non

265 1961 576 2020 arguantur

267 2038 480 2091 operae
509 2023 622 2092 ejus
653 2039 668 2076 :

268 2093 368 2150 2|.
414 2091 548 2148 nam
563 2093 651 2164 qui
681 2091 760 2147 l'a-

266 2167 349 2220 cit
373 2168 652 2220 veritatem
678 2207 694 2232 ,

265 2237 426 2290 venit
447 2237 499 2290 in
529 2236 606 2290 lu-

1113 1739 1264 1792 uittnt
1295 1739 1360 1792 ad
1392 1740 1563 1792 illum.

1111 1810 1203 1863 27.
1248 1811 1545 1878 Respondit
1570 1809 1666 1866 Jo-

1110 1879 1317 1935 hannes
1333 1922 1349 1948 ,
1379 1891 1435 1936 et
1463 1881 1545 1936 di-

1111 1954 1228 2006 xit:
1262 1952 1376 2006 NOII
1413 1962 1590 2019 potest

1112 2023 1274 2078 homo
1306 2025 1518 2093 accipe-

1110 2110 1169 2150 re
1195 2095 1515 2164 quicquam,

1108 2167 1215 2220 nisi
1243 2167 1315 2220 illi
1343 2166 1527 2220 datum

1109 2237 1270 2292 fuerit
1299 2237 1364 2290 de
1386 2252 1512 2291 cae-

1978 1737 2191 1802 lumen,
2223 1748 2275 1792 et
2302 1754 2408 1795 non

1978 1809 2125 1862 venit
2155 1809 2219 1862 ad
2247 1810 2327 1863 ιιι-

1979 1894 2104 1933 men
2123 1921 2138 1942 ,
2168 1897 2235 1934 ne
2266 1897 2357 1936 ar»

1977 1959 2208 2031 guantur
2229 1967 2427 2023 operae

1979 2036 2098 2088 ejus
2126 2040 2138 2074 :

1978 2092 2069 2146 2t.
2112 2093 2202 2162 qui
2235 2103 2415 2150 autem

1979 2163 2106 2217 facit
2134 2165 2338 2218 verita-

1981 2243 2087 2289 tem
2105 2276 2121 2301 ,
2150 2235 2298 2289 venit

2813 1757 3003 1796 omnes
3031 1742 3256 1796 veniunt

2812 1813 2878 1866 ad
2905 1828 3051 1868 eum.

2811 1884 2902 1938 27.
2948 1882 3246 1949 Respondit
3273 1882 3364 1939 Jo-

2815 1955 3008 2009 hannis
3024 1997 3038 2021 ,
3071 1955 3260 2011 dicens
3290 1971 3304 2009 :

2813 2025 2928 2080 NOu
2961 2035 3138 2095 poteSt
3167 2026 3265 2081 ho-

2813 2113 2904 2151 mo
2928 2099 3176 2166 accipere

2813 2169 3122 2238 quicquam,
3153 2168 3256 2222 nisi

2813 2239 2888 2294 illi
2922 2241 3102 2294 datum
3136 2239 3250 2294 fue-

265 2322 397 2362 cem
421 2350 434 2371 ,
465 2317 524 2361 ut
549 2323 656 2362 ma-
1106 2308 1198 2363 28.
1246 2309 1317 2363 lo.
1354 2307 1459 2376 Ipsi
1490 2322 1584 2364 vos
1618 2316 1726 2363 tes-
1979 2306 2045 2360 ad
2075 2307 2252 2378 lumen
2278 2347 2292 2371 ,
2814 2312 2885 2364 rit
2913 2311 3165 2378 desuper.

265 2379 564 2434 nifestetur
1109 2375 1392 2434 timonium
1979 2386 2038 2431 ut
2074 2375 2426 2436 manifesten-
2810 2381 2902 2436 28.
2944 2375 3064 2449 Ipsi
3083 2397 3177 2435 vos
3205 2382 3354 2437 testi-

264 2465 416 2518 Opus
444 2449 564 2520 ejus
592 2492 606 2517 ,
635 2464 768 2521 quo-
1109 2449 1240 2504 mihi
1273 2451 1450 2520 perhi-
1977 2457 2064 2502 tur
2090 2463 2286 2518 operae
2811 2456 3051 2508 monium
3079 2453 3212 2506 mihi

263 2523 422 2595 nia_m
618 2591 631 2595 Α
1108 2521 1277 2587 belis,
1311 2523 1436 2592 quia
1464 2521 1548 2577 di-
1661 2591 1702 2595 __
1976 2521 2128 2595 ejus,
2155 2536 2296 2595 _qu(_)-
2809 2525 3108 2595 perhibetis
3134 2567 3148 2588 ,
3181 2538 3314 2591 quo-

263 2594 322 2648 in
350 2593 472 2648 Deo
501 2601 581 2646 est
610 2591 717 2647 fac-
1112 2634 1125 2646 .
1171 2634 1185 2647 .
1231 2631 1246 2646 .
1291 2633 1305 2647 .
1332 2591 1434 2646 vo.
1481 2635 1494 2649 .
1542 2633 1555 2647 .
1601 2633 1615 2648 .
1658 2591 1775 2648 Non
1977 2591 2120 2645 niam
2155 2593 2206 2645 in
2238 2593 2350 2649 Deo
2721 2595 2728 2600 ’
2808 2591 2952 2650 niam
2983 2596 3134 2649 dixi:
3177 2596 3292 2650 Non

261 2665 511 2718 22.1um.
537 2663 660 2718 Post
689 2663 823 2719 haec

263 2737 410 2791 exiit
439 2734 594 2788 Jesus
614 2777 628 2798 ,
661 2744 715 2790 et

263 2805 527 2874 discipuli
552 2807 669 2876 ejus

264 2880 323 2933 in
354 2877 662 2948 Judaeamjl

267 2962 481 3004 terram
521 2965 533 3000 :
562 2947 715 3003 et’ibi

266 3019 594 3076 morabatur

1107 2679 1226 2719 sum
1253 2662 1505 2718 Christus
1537 2681 1548 2717 :
1579 2665 1673 2720 sed

1108 2737 1234 2805 quia
1259 2737 1458 2791 missus

1111 2821 1231 2860 sum
1255 2818 1382 2859 ante
1405 2807 1469 2860 il-

1110 2877 1202 2931 29.
1246 2877 1374 2929 lum.
1408 2877 1508 2944 Qui
1539 2878 1633 2930 ha-

1111 2948 1205 3003 bet
1231 2962 1484 3016 spOusam
1511 2989 1524 3012 ,

1110 3033 1348 3088 sponsus
1373 3030 1456 3072 881
1492 3035 1503 3071 ε

1978 2671 2105 2716 sunt
2133 2675 2410 2731 Operatae.

1978 2734 2069 2787 22.
2104 2734 2230 2788 Post
2263 2737 2396 2791 haec
2425 2737 2604 2806 prore-

1979 2815 2098 2858 ctus
2128 2814 2211 2859 est
2234 2807 2393 2862 Jesus
2417 2850 2432 2874 ,
2463 2819 2519 2862 et

1976 2875 2228 2944 discipuli
2261 2878 2378 2946 ejus

1976 2946 2030 2998 in
2059 2946 2319 3002 Judaeam

1981 3025 2182 3070 terram
2219 3035 2232 3073 :
2265 3027 2320 3074 et
2346 3019 2420 3074 ibi

2811 2683 2929 2721 sum
2960 2683 3059 2737 ego
3085 2667 3243 2721 Chri-

2811 2746 2928 2792 stus
2960 2757 2971 2790 :
3004 2738 3098 2792 sed
3130 2738 3252 2806 quia

2811 2810 3144 2878 praemissus
3172 2824 3292 2864 sum

2813 2888 2939 2933 ante
2979 2895 3124 2933 eum.

2811 2949 2903 3004 29.
2946 2950 3047 3016 Qui
3077 2951 3238 3005 habet

2814 3035 3066 3090 sponsam
3079 3061 3091 3083 ,
3121 3035 3284 3087 spon-

268 3107 403 3146 cum
428 3091 565 3155 illis,
599 3099 652 3145 et
1110 3091 1314 3145 amicus
1336 3099 1516 3144 autem
1978 3089 2294 3144 morabatur
2815 3105 2907 3144 sus
2935 3098 3016 3145 est
3042 3109 3054 3142 :
3077 3092 3212 3146 ami-

269 3161 609 3230 baptizabat.
1112 3162 1299 3232 sponsi
1332 3171 1482 3216 stans
1499 3203 1514 3226 ,
1978 3173 2100 3232 cum
2118 3159 2227 3232 eis.
2816 3175 2910 3216 cus
2929 3173 3109 3216 autem

269 3229 366 3289 23.
406 3232 534 3287 Erat
558 3240 749 3288 autem.
1112 3229 1168 3286 ei.
1197 3232 1424 3286 audiens
1455 3233 1520 3286 il-
1977 3229 2068 3302 25.
2115 3231 2241 3285 Erat
2270 3239 2448 3286 autem
2819 3233 3036 3300 sponsi,
3065 3235 3158 3302 qui

268 3305 556 3358 Johanues
1115 3304 1258 3369 lum,
1289 3303 1486 3371 gaudio
1978 3301 2256 3357 Johannes
2286 3303 2381 3358 ba-
2815 3313 2957 3366 stat,
2987 3312 3042 3357 et
3070 3301 3220 3360 audit

269 3375 560 3442 baptizans
590 3377 605 3406 ¹
634 3376 684 3430 in

273 3450 469 3511 Aeno,
503 3461 664 3515 prope
695 3445 794 3503 Sa-

276 3518 375 3572 lim
404 3535 416 3568 :
444 3521 695 3588 quoniam

1114 3376 1306 3446 gaudet
1331 3389 1494 3445 prop-

1117 3455 1200 3501 ter
1225 3462 1412 3499 vocent

1115 3517 1323 3587 sponsi.
1355 3517 1467 3572 Hoc
1491 3533 1577 3573 er-

1979 3374 2193 3439 ptizans
2221 3374 2274 3428 iu

1979 3443 2132 3498 Aeno
2151 3486 2164 3510 ,
2193 3446 2346 3512 juxta

1981 3514 2131 3570 Saliu
2159 3535 2171 3569 :
2194 3517 2458 3586 quoniam

2813 3389 2960 3438 eum,
2992 3377 3190 3444 gaudio

2811 3447 2998 3516 gaudit
3029 3457 3248 3530 propter

2815 3532 3002 3589 vocem
3031 3533 3171 3589 ejus.

277 3604 457 3658 aquae
487 3587 560 3641 ibi
588 3589 728 3644 mul-
1118 3603 1185 3656 go
1215 3589 1467 3658 gaudium
1979 3601 2152 3656 aquae
2184 3591 2385 3642 multae
2818 3588 2932 3643 Hoc
2959 3587 3087 3658 ergo

277 3669 369 3713 tae
397 3668 551 3714 erant
574 3701 588 3723 ,
618 3670 673 3714 et
1117 3675 1296 3713 meum
1332 3660 1523 3729 iniple-
1981 3665 2140 3712 erant
2174 3659 2269 3724 ibi,
2294 3668 2351 3713 et
2815 3659 3070 3729 gaudium
3095 3675 3273 3717 meum

279 3731 600 3795 veniebant,
631 3740 688 3786 et
1119 3732 1209 3784 50.
1256 3742 1368 3784 tum
1405 3740 1507 3786 est.
1543 3730 1700 3786 lllum
1983 3729 2296 3794 veniebant,
2329 3740 2384 3784 et
2816 3732 3056 3800 comple—

278 3800 711 3870 baptizabantur.

279 3872 375 3925 21.
412 3871 654 3927 Nondum
682 3873 831 3929 enim

1119 3811 1334 3870 oportet

1041 3933 1048 3944 ι
1121 3887 1390 3939 crescere,
1422 3889 1508 3928 me

1981 3801 2415 3868 baptizabantur.

1980 3871 2075 3924 24.
2115 3871 2366 3927 Nondum
2395 3873 2538 3928 enim

2820 3801 2912 3858 50.
2957 3813 3065 3854 tum
3091 3812 3194 3858 est.
3225 3801 3382 3856 Illum

2822 3879 3039 3940 oportet
3058 3887 3326 3938 crescere,

3474 248 3580 305 370

2827 3959 2912 3998 me
2943 3954 3123 3997 autem
3165 3943 3440 3998 iuinorari.

2826 4015 2918 4070 51.
2959 4016 3060 4082 Qui
3091 4014 3160 4070 de
3181 4029 3367 4069 susum

1983 3953 2095 3997 erat
2126 3941 2390 4000 Johannis

1987 4021 2207 4069 coactus
2233 4015 2289 4069 in

1122 3952 1299 3998 autem
1331 3945 1522 3999 minui.

1121 4015 1212 4070 ⁸51.
1253 4015 1354 4084 Qui
1386 4017 1454 4070 de
1484 4031 1665 4071 susum

1593 4149 1828 4207 CODEX
1867 4148 2256 4207 BRleANUS.

1997 4263 2159 4317 Facta
2191 4271 2275 4319 est
2303 4277 2432 4332 ergo
2463 4263 2698 4330 qnestio.
2733 4264 2874 4318 inter
2903 4262 3198 4332 discipulos
3224 4262 3504 4318 Johannis.
3537 4274 3594 4320 et

1994 4335 2228 4389 Judaeos
2249 4335 2727 4389 del’urilicatione.
2746 4335 2815 4389 Et
2834 4345 3099 4389 venerunt
3121 4336 3184 4387 ad
3207 4335 3507 4390 Johaunem
3531 4346 3594 4390 et

1995 4407 2244 4461 dixerunt
2282 4407 2351 4460 ei.
2381 4405 2576 4459 Ιῖςιιιιή.
2626 4409 2714 4475 qui
2745 4417 2862 4460 erat
2889 4415 3064 4460 tecum
3116 4415 3262 4459 trans
3289 4405 3585 4460 .lordanen.

1995 4478 2081 4531 cui
2113 4487 2165 4530 tu
2193 4477 2560 4532 testitnOnium
2593 4477 2932 4545 perhibuisti.
2967 4492 3093 4531 ecce
3126 4477 3214 4531 hic
3261 4477 3494 4543 baptizat
3535 4486 3591 4533 et

1996 4564 2188 4602 omnes
2218 4548 2438 4602 veniunt
2467 4549 2530 4600 ad
2564 4564 2684 4601 eum
2723 4547 3018 4616 Re~pondil
3044 4547 3322 4602 Johaunes
3347 4560 3400 4603 et
3430 4549 3586 4602 dixit.

1997 4620 2111 4672 Non
2143 4629 2318 4684 potest
2343 4619 2505 4671 homo
2527 4620 2770 4685 accipere
2792 4619 3076 4687 quicquam
3104 4619 3202 4672 nisi
3235 4620 3392 4673 fuerit
3417 4619 3465 4672 ei
3497 4619 3592 4672 da-

2000 4700 2109 4743 tum
2162 4690 2229 4743 de
2272 4691 2444 4743 caelo.
2471 4689 2574 4758 lp~i
2607 4707 2698 4742 vos
2729 4690 2856 4743 mihi
2893 4691 3256 4744 testiinonium
3297 4690 3593 4757 perhibetis

1999 4760 2140 4831 quod
2193 4761 2430 4814 dixerim
2495 4762 2629 4827 Quia
2700 4777 2805 4814 non
2864 4777 2981 4815 suut
3035 4776 3135 4831 ego
3190 4761 3456 4816 Christus.
3497 4760 3593 4814 sed

2001 4833 2120 4900 quia
2159 4832 2355 4884 missus
2388 4847 2504 4885 smn
2556 4840 2678 4885 ante
2732 4833 2925 4886 illum..
2977 4832 3078 4900 Qui
3139 4834 3297 4886 habet
3339 4847 3593 4901 Sponsam

2001 4918 2235 4970 Sponsus
2307 4910 2409 4956 est.
2468 4903 2674 4955 amicus
2746 4915 2927 4957 autem
2980 4905 3187 4970 sponsi.
3237 4904 3325 4973 qui
3368 4911 3490 4958 stat.
3540 4913 3595 4957 et

282 3942 485 4023 missus
517 3943 688 4000 fuerat

283 4029 336 4067 ID
361 4028 635 4071 Carcerem

289 4276 376 4321 tus
431 4277 530 4321 est.
561 4269 686 4334 quia
737 4281 843 4321 non
888 4266 1061 4320 credit
1131 4265 1184 4321 in
1246 4266 1466 4320 nomine
1509 4264 1770 4334 unigeniti
1801 4263 1891 4317 Fi-

287 4340 320 4390 li
374 4340 486 4393 Dei.
537 4339 648 4394 Hoc
695 4348 778 4392 est
821 4349 999 4392 autem
1050 4337 1334 4406 judicium.
1370 4337 1493 4404 quia
1524 4339 1610 4391 lux
1646 4338 1796 4390 venit
1837 4337 1889 4390 in

289 4408 437 4464 hunc
491 4411 768 4464 mundum.
819 4419 872 4463 et
923 4409 1232 4464 dilexerunt
1281 4409 1548 4462 homines.
1593 4407 1763 4476 magis
1807 4417 1881 4461 te.

288 4482 490 4534 nebras
560 4498 719 4551 quam
785 4481 985 4534 lucem.
1035 4491 1188 4533 erant
1265 4481 1408 4535 enim
1480 4496 1665 4534 eorum
1749 4478 1890 4531 mala

285 4566 479 4616 Opera.
525 4552 712 4607 Omnis
752 4554 898 4606 enim
956 4551 1044 4620 qui
1089 4552 1229 4605 male
1274 4553 1382 4620 agit
1427 4552 1541 4604 odit
1581 4553 1776 4604 lucem.
1835 4556 1891 4602 et

288 4638 404 4676 non
432 4628 573 4677 venit
592 4628 654 4677 ad
688 4626 887 4678 lucem.
915 4636 969 4675 ut
1002 4639 1106 4675 non
1125 4635 1423 4691 arguantur
1441 4637 1603 4693 θρα-τα
1628 4623 1765 4689 ejus.
1795 4623 1886 4686 qui

285 4704 471 4748 autem
499 4693 620 4748 facit
641 4697 928 4748 veritatem
946 4694 1091 4747 venit
1111 4697 1175 4745 ad
1196 4696 1387 4747 lucem.
1408 4706 1456 4745 ut
1477 4693 1891 4745 rnanil’eslcntur

286 4781 457 4832 opera
487 4767 831 4834 ejus.quiain
860 4766 970 4818 Deo
997 4774 1118 4816 sunt
1151 4763 1288 4818 facta
1325 4805 1337 4818 .
1376 4805 1386 4816 .
1424 4765 1546 4818 Post
1569 4765 1722 4817 haec.
1743 4763 1891 4816 venit

285 4835 450 4889 Jesus
465 4838 783 4904 etdiseipuli
811 4836 948 4904 ejus.
974 4839 1024 4888 in
1059 4835 1295 4889 Judmam
1315 4847 1536 4901 terram,
1571 4835 1746 4888 etillic
1768 4848 1890 4886 cum

284 4909 377 4960 eis
397 4909 794 4962 demorabatur.
828 4919 883 4962 et
915 4906 1236 4973 baptizabat.
1257 4907 1382 4960 Erat
1420 4918 1597 4961 autem
1622 4905 1894 4960 etlnllan-

285 4992 399 5030 nes
439 4979 716 5047 baptizms
758 4981 810 5031 in
866 4979 1295 5046 Deserto.juxta
1328 4978 1515 5034 Salim.
1567 4979 1690 5047 quia
1722 4990 1894 5045 aquae
2002 4973 2152 5027 audit
2210 4988 2356 5028 eum.
2408 4973 2604 5047 gaudio
2653 4976 2851 5044 gaudet
2885 4988 3102 5044 propter
3148 4990 3334 5029 vocem
3385 4973 3590 5047 sponsi.

285 5043 842 5104 multae'erantillic.
876 5058 931 5104 et
955 5043 1332 5103 adveniebant.
1362 5061 1416 5104 et
1463 5043 1891 5118 baptizabantur.
2004 5046 2116 5100 Hoc
2184 5059 2315 5114 ergo
2379 5043 3196 5115 gaudiqu'rueuni'impletum
3267 5055 3368 5118 est.
3442 5043 3598 5098 Illum

281 5119 544 5176 Nondum
575 5123 718 5177 enim
747 5122 948 5176 missus
977 5120 1151 5174 fuerat
1175 5122 1226 5174 in
1260 5117 1892 5176 carceremJohannes..
2001 5126 2216 5188 Oportet
2273 5131 2543 5172 crescere.
2591 5132 2677 5171 me
2717 5127 2896 5174 autem
2936 5119 3124 5174 minui.
3175 5117 3275 5184 Qui
3312 5117 3600 5170 desursum

1587 5237 1819 5294 CODEX
1853 5237 2321 5295 CORBEIENSIS.

2078 5353 2152 5408 25
2194 5361 2249 5408 et
2299 5353 2320 5384 ’
2366 5352 2734 5410 adveniebant
2796 5354 2886 5420 ei,
2946 5354 3018 5423 οῗ,
3080 5359 3133 5408 et
3198 5348 3606 5419 baptizabantur

370 5355 463 5411 19.
500 5354 611 5412 Hoc
659 5365 744 5412 est
773 5365 952 5411 autem
980 5353 1240 5427 judicium
1270 5354 1365 5411 Dei
1412 5373 1424 5408 :
1475 5354 1599 5426 quia
1629 5354 1719 5409 lux
1751 5353 1889 5410 venit

394 5427 532 5480 hunc
557 5429 840 5480 mundum.

2078 5353 2152 5408 25

2008 5423 2078 5480 ab
2104 5439 2171 5480 eo

281 5427 350 5481 in
394 5427 532 5482 hunc
557 5429 840 5483 mundum.

374 5498 467 5554 2o.
500 5500 588 5568 qui
617 5499 758 5554 mala
787 5499 916 5570 agit.

1475 5354 1599 5426 quia
1629 5354 1719 5409 lux
1751 5353 1900 5410 venit

1511 5588 1908 5648 VARIANTES
1945 5587 2346 5646 LECTIONES.

374 5709 391 5738 ί
429 5707 538 5757 ϐαι.
566 5709 617 5756 in
640 5706 882 5768 AEnon...
911 5707 1030 5756 Mm.
1054 5706 1102 5754 in
1118 5702 1299 5768 AEnon
1314 5705 1456 5768 juxta
1474 5704 1624 5756 Salim
1644 5712 1778 5754 trans
1798 5703 1908 5751 Jor~
2077 5703 2098 5733 ²
2133 5685 2239 5751 Cat.
2263 5699 2591 5750 adveniebant
2613 5694 2767 5745 multi.
2798 5698 2913 5744 Mm.
2953 5685 3299 5740 adventebant.

282 5773 514 5821 danem.
546 5767 698 5834 Vulg.
727 5772 773 5820 in
792 5769 962 5821 Ennon
981 5768 1123 5832 juxta
1142 5765 1306 5817 Salim.
