3980 6192
515 232 612 287 571

919 342 1149 399 CUDEX
1188 341 1727 403 VERCELLENSIS.

520 436 703 503 venit,
730 438 745 469 ‘
780 452 943 509 supra
1356 436 1514 509 Jesus
1556 436 1740 509 plures
1780 435 1890 491 dis-

524 524 715 563 omnes
746 506 863 565 est.
1358 508 1566 576 cipulos
1590 508 1610 537 ³
1647 506 1813 561 liabe-

525 581 624 648 Qui
652 590 831 635 autem
1358 588 1461 645 ret,
1489 589 1541 633 et
1570 579 1744 646 bapti-

523 667 681 720 supra
715 660 795 705 ter
836 688 851 702 .
897 690 910 704 .
955 690 967 703 .
1016 693 1030 706 .
1359 661 1464 711 zat,
1496 651 1665 711 magis
1694 663 1855 716 quam

522 732 638 788 est,
665 721 733 776 de
758 734 901 779 terra
926 730 1040 789 est,
1358 720 1415 773 2.
1456 721 1750 785 Johaunes,
1781 722 1995 787 (quam-

523 804 577 847 et
604 794 671 845 de
694 802 834 846 terra
864 793 943 845 lo-
1359 807 1517 861 quam
1551 790 1571 821 ‘
1592 791 1749 846 Jesus
1779 791 1855 862 (c)
1886 790 1964 861 ip.

522 864 610 941 1’32.
653 863 989 941 qu_itur._Qui
1362 862 1497 941 se_-j-
1530 877 1635 916 non
1657 863 1842 941 bapti-

522 935 590 1009 de
619 935 770 1009 caelo
802 934 879 1009 (a)
901 932 995 1009 ve-
1360 933 1461 1009 gab
1482 942 1539 999 ιι,
1576 932 1671 987 sed
1701 932 1813 1009 disg

523 1008 622 1070 nit,
653 1005 688 1076 -ξ-
712 1001 963 1076 quodvis
1362 1006 1416 1058 ’5.
1462 1044 1473 1057 .
1520 1045 1537 1076 .
1569 1019 1638 1076 Ρη
1672 1043 1695 1076 ,Δ
1734 1041 1747 1058 .
1776 1001 1938 1074 ejus),
1968 1017 2053 1059 re-

524 1078 624 1140 dit,
658 1073 886 1147 etquod
1365 1075 1529 1144 liquid
1564 1073 1646 1145 (ιι)
1678 1074 1697 1104 ⁵
1728 1073 1988 1147 terram“?

524 1148 765 1213 audivit,
802 1146 877 1218 (b)
907 1158 1015 1207 tes-
1366 1147 1617 1211 Judeam,
1650 1154 1704 1218 et
1732 1145 1843 1201 abi-

527 1218 780 1277 tilicatur.
814 1217 853 1287 έξθ
882 1226 937 1273 et
1370 1219 1409 1271 it
1435 1219 1626 1270 iterum
1659 1217 1711 1273 in

529 1291 897 1344 testimonium
1369 1288 1651 1344 Galileam.

530 1360 651 1428 ejus
682 1374 841 1415 nemo
1366 1362 1421 1414 4.
1462 1358 1758 1423 Oportebat
1784 1374 1877 1413 au-

532 1433 623 1486 33.
665 1431 878 1498 accipit.
913 1431 1014 1503 Qui
1041 1446 1131 1493 ac-
1370 1439 1474 1503 tem
1507 1430 1702 1503 illum“
1741 1440 1887 1486 tran—

528 1503 670 1571 cepit
687 1500 955 1556 testimoi
1368 1502 1478 1571 sire
1506 1516 1599 1570 per
1630 1500 1821 1559 Sama-

534 1570 681 1628 nium
704 1574 821 1641 ejus
848 1614 861 1635 .
1367 1570 1421 1625 5.
1468 1574 1622 1625 riam.
1659 1570 1820 1627 Venit

530 1646 763 1714 signavit
790 1645 911 1713 quia
1367 1658 1499 1711 ergo
1526 1643 1577 1695 in
1607 1643 1735 1696 civi-

531 1716 672 1769 Deus
698 1729 859 1769 verax
888 1722 988 1769 est.
1369 1722 1534 1767 tatem
1566 1714 1758 1767 Sama-

532 1788 622 1839 5l.
666 1785 836 1851 Quem
866 1784 1010 1839 enim
1369 1786 1463 1838 ria:
1486 1824 1500 1845 .
1534 1799 1652 1853 qum
1684 1783 1820 1838 dici-

534 1856 682 1911 misit
711 1856 882 1921 Deus,
1371 1866 1455 1909 tur
1484 1854 1691 1925 Sychar
1712 1896 1727 1921 ,
1759 1855 1879 1925 jux-

537 1928 699 1981 verba
731 1926 823 1981 Dei
854 1925 932 1985 Io-
1371 1937 1420 1980 ta
1452 1941 1639 1995 agrum
1660 1967 1673 1990 ,
1708 1942 1866 1995 quem

537 1998 721 2067 quitur
746 2014 759 2050 :
790 2011 897 2053 nou
1371 1997 1519 2051 dedit
1557 1996 1725 2051 Jacob

534 2074 679 2125 enim
708 2068 774 2122 ad
803 2084 954 2125 men-
1376 2068 1487 2122 ﬁlio
1518 2083 1615 2121 suo
1646 2067 1865 2137 Joseph.

531 2155 715 2195 suram
742 2140 831 2195 dat
1374 2139 1428 2194 6.
1474 2139 1602 2193 Erat
1631 2148 1808 2193 autem

538 2212 628 2285 1’35.
672 2211 1107 2285 Deusspiritum.
1139 2212 1301 2271 Pater

536 2281 711 2352 diligit
738 2280 930 2337 Filium
958 2301 973 2341 ;

541 2353 1050 2411 .....niade-

536 2423 617 2477 dit
649 2426 670 2456 ³
700 2425 750 2478 in
784 2439 944 2483 manu

540 2494 629 2548 56.
672 2494 810 2565 ejus.
838 2495 941 2564 Qui
969 2511 1090 2555 cre-

540 2565 617 2619 dit
648 2566 697 2618 in
733 2564 925 2621 Filium
945 2610 960 2636 ,

544 2636 706 2690 habet
738 2636 902 2693 vitam

541 2716 854 2781 aeternam;
886 2709 979 2781 qui

539 2779 591 2833 in
626 2779 770 2833 dicto
795 2779 966 2835 obau-

544 2849 698 2905 diens
716 2858 814 2923 est
840 2850 980 2923 Filio
1002 2894 1018 2923 ,

542 2935 648 2974 non
678 2920 877 2976 videvit

540 2993 724 3059 vitam,
752 2992 845 3047 sed
879 2996 956 3051 ira

542 3062 637 3118 Dei
666 3072 847 3117 manet
884 3081 973 3123 su-

541 3150 636 3205 per
666 3136 836 3189 illum.

730 3250 961 3308 CAPUT
999 3250 1090 3305 IV.

544 3347 597 3399 1.
638 3344 952 3419 Jesusergo
981 3355 1037 3401 ut
1066 3359 1193 3417 cog-

542 3418 693 3470 novit
722 3416 848 3484 quia

543 3487 836 3540 audierunt

541 3558 840 3623 Pharisaei,
871 3554 1016 3627 quod

1374 2211 1445 2264 ibi
1473 2210 1591 2263 fons
1620 2210 1807 2264 Jacoh.

1372 2280 1532 2336 Jesus
1559 2296 1687 2349 ergo
1716 2280 1833 2334 lati-

1371 2360 1526 2422 gatus
1551 2368 1613 2405 ex
1644 2352 1802 2422 itine-

1374 2421 1457 2487 re,
1488 2424 1507 2453 "
1540 2421 1759 2477 sedebat
1790 2438 1887 2479 su-

1375 2508 1470 2562 pra
1502 2492 1724 2547 fontem.

1375 2564 1513 2618 Hora
1545 2573 1661 2619 erat
1691 2562 1768 2621 fe-

1375 2636 1430 2691 7.
1471 2650 1529 2688 re
1560 2644 1733 2689 sexta.
1765 2633 1835 2690 Et
1860 2648 1954 2691 ve-

1376 2707 1455 2760 nit
1486 2706 1678 2763 mulier
1707 2705 1807 2761 Sa-

1376 2775 1639 2831 maritana
1674 2776 1807 2831 hau-

1378 2849 1489 2903 rire
1518 2863 1735 2916 aquam.

1381 2919 1469 2975 Ait
1498 2915 1579 2972 illi
1604 2918 1799 2973 Jesus:
1832 2917 1906 2973 Da
1936 2915 2065 2973 mihi

1376 2990 1429 3045 8.
1474 2990 1677 3045 bibere.
1712 2988 1901 3057 (Disci-

1378 3062 1489 3129 puli
1520 3061 1662 3115 enim
1701 3061 1818 3129 ejus

1378 3133 1664 3187 habieruut
1695 3132 1746 3185 iu

1373 3204 1643 3257 civitatem
1676 3212 1734 3259 ut

1374 3283 1619 3328 emerent
1648 3287 1735 3326 es-

1376 3345 1429 3399 9.
1472 3343 1621 3412 cas.)
1652 3341 1789 3397 Dicit
1828 3355 1958 3412 ergo

1379 3414 1454 3467 illi
1489 3414 1565 3497 (e)
1600 3413 1794 3497 mulus-r
1822 3413 1859 3485 ’ξ-
1886 3413 1987 3468 Sa-

1380 3483 1639 3555 maritana
1668 3502 1679 3536 :
1711 3483 1789 3539 Tu
1812 3483 1843 3555 ,'
1892 3502 1899 3515 ἠ

1380 3570 1503 3610 cum
1530 3554 1765 3613 Judaeus

1051 230 1323 286 EUSEBII
1361 229 1697 287 VERCELL.
1741 227 2190 289 EVANGELIUM
2232 229 2369 285 CUM
2410 227 2643 285 VARIIS
2682 226 2835 283 COD.
2876 227 3273 284 COLLATUM.
3700 227 3793 284 522

2652 342 2883 400 CODEX
2928 341 3373 398 VERONENSIS.

2224 435 2389 499 venit,
2418 450 2579 503 super
2609 450 2724 490 oin-
3055 436 3236 506 plures
3266 435 3561 505 discipulos

2226 522 2323 561 nes
2352 517 2453 561 est.
2488 507 2585 573 Qui
2617 522 2746 563 vero
3058 508 3204 570 facit,
3238 522 3398 575 quam

2225 594 2287 631 ex
2322 586 2460 630 terra
2502 586 2605 641 est,
2635 578 2702 632 de
3060 576 3355 641 Johannes,
3385 587 3440 632 et

2227 658 2369 702 terra
2400 657 2501 709 est,
2526 657 2579 701 et
2601 648 2669 703 de
3059 648 3113 701 ‘2.
3159 649 3411 717 liaptizat,
3440 648 3662 719 (quam-

2228 728 2375 791 terra
2402 719 2658 788 loquitur.
2706 790 2713 791 ί
3062 736 3229 791 quam
3250 720 3404 775 Jesus
3429 719 3499 791 (ρ)

2228 790 2315 843 52.
2348 789 2446 857 Qui
2480 798 2659 844 autem
2686 790 2753 846 de
3064 791 3179 859 ipse
3207 790 3242 859 -ἲ
3273 807 3377 844 non
3410 789 3502 847 ba-

2227 863 2379 933 caelo
2406 860 2484 933 (a)
2514 862 2659 915 venit
2684 863 2741 933 εἷο,
3066 862 3312 933 ptizaret,
3337 862 3429 915 sed

2229 932 2371 1001 quod
2403 932 2552 992 Vidit.
2584 941 2638 987 et
2700 932 2703 933 ⁷
3069 932 3317 1001 discipuli
3342 933 3484 1001 ejus)
3519 974 3533 997 ,

2229 1003 2454 1075 audivit,
2491 1001 2568 1075 (b)
2596 1014 2674 1058 te-
3068 1003 3120 1057 5.
3159 1002 3392 1075 reliquid
3422 1004 3585 1073 igitur

2232 1084 2403 1127 statur
2428 1074 2465 1144 ’ἶ-
2489 1073 2508 1137 ,⁷
2535 1073 2590 1127 ct
3070 1073 3329 1130 Judaeam
3362 1074 3440 1145 (ά)
3473 1085 3581 1145 ter-

2233 1146 2602 1199 testimonium
2700 1214 2706 1216 Α
3069 1162 3185 1199 ram
3212 1148 3249 1216 -j
3273 1187 3286 1209 ,
3318 1156 3371 1199 et
3397 1144 3579 1214 profe-

2233 1216 2381 1269 illius
2412 1231 2570 1268 nemo
2600 1214 2817 1286 accipit.
3071 1228 3189 1271 ctus
3222 1214 3300 1269 est
3325 1216 3517 1274 iterum

2232 1287 2321 1340 55.
2364 1288 2462 1354 Qui
2494 1296 2671 1342 autem
3075 1288 3128 1342 in
3151 1286 3467 1343 Galilaeam.

2234 1358 2427 1427 accipit
2455 1360 2696 1414 testimo~
3072 1360 3127 1414 4.
3171 1358 3463 1428 Oportebat
3503 1374 3600 1417 att-

2236 1428 2384 1482 nium
2409 1429 2525 1497 ejus
2548 1471 2565 1493 ,
3074 1441 3178 1484 tem
3210 1446 3330 1483 eum
3356 1441 3504 1485 trauv

2236 1500 2468 1568 signavit
2497 1516 2630 1567 quo-
3073 1502 3181 1555 sire
3205 1517 3299 1569 per
3330 1502 3656 1557 Samariam.

2238 1570 2381 1624 niam
2408 1573 2547 1626 Deus
3073 1574 3127 1627 5.
3164 1572 3320 1625 Venit
3348 1574 3509 1642 igitur

2234 1657 2399 1695 verax
2431 1652 2532 1695 est.
3074 1645 3125 1697 in
3156 1645 3429 1699 civitatem

2232 1712 2322 1767 54.
2342 1714 2535 1780 κριιρῐη
2563 1716 2706 1772 enim

2234 1784 2382 1837 misit
2413 1786 2574 1853 Deus,

2236 1854 2400 1908 verba
2429 1856 2520 1909 Dei

3068 1715 3360 1779 Samariae,
3383 1730 3523 1780 quae

3074 1791 3130 1847 ὠ
3161 1784 3355 1839 dicitur
3387 1786 3631 1856 Esycbar
3652 1790 3728 1849 it,

3062 1856 3216 1926 juxta
3244 1857 3556 1925 praedium,

3075 1927 3219 1995 quod
3246 1928 3392 1981 dedit

3074 1998 3241 2053 Jacob
3271 1998 3473 2069 Joseph

3074 2070 3126 2124 6.
3166 2070 3275 2125 lilio
3301 2085 3418 2124 suo.
3452 2069 3587 2127 Erat

3072 2150 3253 2194 autem
3286 2140 3403 2195 fons
3438 2140 3635 2198 Jacob.

3078 2210 3232 2265 Jesus
3256 2212 3415 2280 igitur

3076 2283 3325 2353 fatigatus
3351 2284 3418 2337 ab
3450 2283 3536 2339 itiv

3078 2370 3230 2417 nere,
3269 2354 3487 2408 sedebat

3077 2439 3239 2493 super
3262 2427 3483 2480 fontem.

3080 2494 3221 2549 Hora
3257 2504 3435 2549 autem

3080 2576 3195 2621 erat
3224 2568 3438 2622 circiter
3473 2574 3656 2625 sexta.

3080 2639 3129 2691 7.
3168 2637 3234 2691 Et
3264 2640 3409 2695 venit
3432 2653 3604 2708 quae-

3077 2710 3200 2761 dam
3241 2710 3431 2763 mulier
3456 2724 3487 2762 a

3082 2780 3321 2835 Samaria
3352 2780 3571 2836 haurire

2245 2850 2386 2905 debit
2421 2851 2582 2906 vitam
3082 2866 3297 2920 aquam.

2243 2931 2538 2985 aeternam,
2566 2924 2661 2981 sed
3077 2919 3144 2979 8.7
3175 2922 3315 2975 Dicit
3342 2922 3389 2977 ei
3420 2919 3581 2977 Jesus
3606 2939 3621 2977 :

2246 2992 2322 3045 ira
2356 2994 2444 3046 Dei
2472 2994 2523 3046 in
2550 3012 2613 3050 eo
3079 2994 3154 3047 Da
3190 2993 3318 3046 milii
3346 2992 3549 3049 bibere.

2244 3065 2601 3131 permanebit.
3078 3064 3338 3133 Discipuli
3368 3065 3511 3117 enim

3078 3136 3192 3205 ejus
3221 3135 3464 3189 abierant
3488 3135 3540 3189 in

2239 1926 2477 1993 loquitur
2507 1944 2519 1981 :
2560 1944 2667 1984 non

2238 1998 2381 2051 enim
2413 1997 2476 2049 ad
2503 2015 2651 2054 men-

2240 2082 2417 2139 suram
2446 2068 2535 2123 dat
2560 2071 2826 2139 Spiritum.

2239 2137 2343 2213 1’15.
2375 2139 2534 2194 Pater
2555 2137 2728 2213 diligit

2247 2209 2443 2264 Filium
2476 2229 2487 2263 :
2519 2222 2573 2267 et
2603 2209 2719 2269 om-

2246 2281 2331 2334 nia
2363 2281 2511 2338 dedit
2539 2284 2590 2338 in

2244 2366 2435 2424 t_n_anus
2459 2354 2597 2424 ejus.

2242 2421 2329 2475 56.
2373 2423 2473 2488 Qui
2491 2421 2667 2482 credit

2244 2494 2294 2545 in
2328 2493 2489 2560 Filio,
2521 2496 2683 2552 habet

2242 2564 2403 2619 vitam
2435 2576 2690 2624 arternatn
2722 2588 2734 2621 :

2247 2638 2334 2706 qui
2366 2648 2544 2691 autem

2248 2722 2354 2761 non
2386 2708 2559 2763 credit
2590 2709 2682 2766 Fi-

2245 2779 2337 2842 lio,
2371 2796 2475 2832 non
2507 2784 2585 2835 vi-

2443 3180 2670 3238 CAPUT
2711 3182 2801 3239 Iv.
3078 3180 3434 3263 ιῖἲὲῑίίᾱὼῆιηῖί

2244 3273 2294 3327 1.
2325 3271 2460 3327 Cum
2491 3290 2619 3343 ergo
3078 3278 3227 3331 cibos
3266 3286 3534 3331 emerent.

2242 3345 2585 3418 cognovisset
3078 3348 3131 3401 9.
3176 3348 3313 3401 Dicit
3338 3364 3467 3417 ergo
3506 3345 3555 3402 ei
3592 3346 3671 3418 (ε)

2244 3414 2401 3490 {esus
2430 3416 2643 3472 audisse
3080 3420 3273 3490 mulier
3298 3419 3338 3490 -ι-
3364 3414 3667 3490 SamaritaQ

2246 3486 2585 3555 Pliarisaeos,
3081 3506 3179 3543 na:
3211 3486 3325 3549 Tn;
3341 3506 3463 3544 cum
3490 3489 3569 3543 sis

2243 3558 2384 3626 quod
2408 3558 2567 3613 Jesus
3076 3560 3331 3628 Judaeus,
3364 3574 3601 3633 quomo-

1864 3672 2095 3728 CODEX
2136 3671 2531 3729 BRIXIANUS.

542 3766 693 3822 venit
718 3780 881 3837 super
911 3779 1100 3820 omnes
1150 3772 1233 3837 est
1283 3763 1387 3837 Qui
1417 3773 1499 3837 est
1550 3763 1618 3819 de
1673 3773 1833 3837 terra.
1876 3763 1943 3837 de
1994 3773 2135 3818 terra

542 3848 625 3893 est
668 3847 721 3892 et
754 3836 820 3892 de
850 3848 991 3891 terra
1024 3836 1277 3906 loquitur.
1327 3836 1427 3900 Qui
1460 3844 1637 3889 autem
1688 3836 1769 3906 de
1802 3836 1953 3890 caelo
1991 3837 2137 3891 venit

540 3925 702 3975 super
729 3924 917 3963 omnes
945 3915 1045 3961 est.
1079 3916 1133 3961 et
1162 3907 1305 3977 quod
1337 3906 1470 3960 vidit
1494 3915 1547 3960 et
1595 3905 1820 3960 audivit.
1874 3906 1974 3960 hoc
2031 3917 2137 3959 tes-

543 3982 795 4036 tiﬁcatur.
825 3988 881 4034 et
930 3980 1297 4033 testimonium
1354 3978 1490 4045 ejus.
1548 3992 1706 4031 nemo
1760 3979 1973 4039 accipit.
2034 3978 2132 4046 Qui

541 4052 685 4105 enim
720 4051 914 4118 accipit
962 4049 1327 4103 testimonium
1371 4049 1505 4117 ejus.
1552 4050 1779 4116 signavit
1818 4049 1940 4117 quia
1995 4048 2133 4101 Deus

541 4137 704 4176 verax
736 4132 837 4175 est.
871 4122 1041 4186 Quem
1069 4120 1213 4173 enim
1260 4120 1403 4173 misit
1433 4121 1590 4173 Deus.
1622 4121 1784 4174 verba
1831 4119 1924 4173 Dei
1959 4120 2131 4189 loijui-

540 4202 644 4246 tur.
679 4207 782 4246 nou
811 4193 955 4246 enim
989 4192 1055 4244 ad
1088 4206 1398 4244 mensuram
1444 4190 1535 4244 dat
1574 4191 1845 4258 Spiritum.
1877 4229 1889 4241 .
1924 4228 1937 4241 .
1972 4190 2131 4244 Pater

538 4263 716 4334 diligit
748 4262 940 4318 Filium
961 4272 1038 4334 et
1057 4264 1234 4334 omnia
1264 4262 1415 4316 dedit
1446 4262 1495 4314 in
1525 4277 1685 4315 manu
1714 4264 1849 4334 ejus.
1884 4260 1983 4327 Qui
2013 4276 2130 4314 cre-

539 4334 618 4389 dit
645 4332 697 4391 in
731 4334 925 4389 Filium
957 4332 1117 4387 habet
1164 4333 1325 4386 vitam
1356 4342 1655 4387 aeternam.
1690 4333 1780 4401 qui
1807 4341 1984 4385 autem
2023 4348 2129 4386 non

537 4406 711 4461 credit
744 4405 879 4459 Filio
902 4419 1010 4460 non
1035 4403 1241 4459 videbit
1262 4406 1446 4457 vitam.
1475 4403 1569 4456 sed
1602 4405 1678 4457 ira
1714 4404 1804 4457 Dei
1836 4414 2014 4456 manet
2044 4419 2133 4456 su-

539 4490 637 4543 per
662 4492 807 4531 eum.
840 4474 909 4531 Ut
941 4490 1070 4543 ergo
1096 4475 1351 4544 cognovit
1392 4474 1649 4528 Dominus
1693 4476 1818 4543 quia
1846 4474 2128 4527 audierunt

540 4545 842 4603 Pharisaei.
871 4545 1013 4616 quod
1040 4546 1199 4602 Jesus
1243 4546 1430 4617 plures
1466 4545 1764 4615 discipulos
1796 4546 1938 4599 facit.
1963 4556 2016 4598 et
2039 4546 2131 4600 ba-

2244 3765 2406 3838 ptizat
2431 3766 2546 3833 plus
2574 3782 2733 3836 quam
2759 3767 3058 3823 Iohannes.
3088 3782 3411 3838 quamquam
3441 3766 3613 3838 Jesus
3637 3764 3712 3837 (c)
3743 3765 3852 3835 ipse

2240 3837 2277 3905 -ι-
2296 3852 2399 3888 non
2427 3839 2740 3905 liaptizaret.
2758 3841 2850 3895 sed
2876 3836 3121 3907 discipuli
3141 3840 3278 3908 ejus.
3295 3836 3558 3909 relinquid
3589 3836 3853 3892 Judaeam

2240 3916 2295 3961 et
2324 3910 2452 3960 abiit
2483 3912 2678 3963 iterum
2712 3912 2762 3964 iu
2786 3910 3103 3966 Galilaeam.
3153 3951 3165 3965 .
3203 3910 3708 3977 Oportebatautem
3733 3923 3852 3960 eum

2241 3980 2472 4033 transire
2504 3995 2597 4046 per
2622 3982 2937 4035 Samariam.
2974 3981 3126 4035 Venit
3155 3991 3332 4035 autem
3355 3983 3405 4033 in
3445 3981 3730 4034 civitatem
3759 3981 3856 4034 Sa-

2240 4051 2461 4122 mariae.
2484 4052 3062 4122 quaediriturSychar.
3083 4053 3232 4119 juxta
3250 4051 3521 4113 praedium
3538 4054 3693 4119 quod
3709 4051 3855 4103 dedit

2238 4119 2422 4175 Jacul).
2438 4120 2639 4188 Joseph
2663 4124 2770 4175 lilio
2784 4119 2903 4178 suo:
2924 4125 3049 4177 Erat
3063 4132 3239 4177 autem
3258 4123 3324 4175 ibi
3346 4124 3460 4175 inus
3477 4122 3675 4175 Jaciih.
3698 4123 3853 4174 Jesus

2240 4206 2367 4257 ergo
2402 4191 2669 4261 fatigatus.
2701 4210 2764 4247 ex
2794 4195 3003 4249 itinere.
3037 4195 3254 4248 sedebat
3294 4195 3371 4249 sic
3399 4210 3563 4261 super
3606 4206 3848 4260 puteum.

2242 4263 2369 4315 Erat
2394 4262 2523 4316 liora
2550 4266 2700 4333 quasi
2718 4279 2893 4319 sexta.
2916 4264 3262 4319 Venitautem
3280 4265 3557 4317 mulierde
3574 4264 3848 4319 Samaria.

2220 4336 2417 4387 aurire
2442 4350 2657 4402 aquam.
2682 4336 2741 4389 Et
2762 4336 2897 4390 dixit
2918 4342 2961 4389 ei
2982 4336 3137 4391 Jesiis
3182 4336 3256 4388 Da
3287 4336 3413 4388 mihi
3437 4336 3648 4389 bibere.
3677 4335 3850 4387 Disci-

2240 4404 2349 4471 puli
2374 4420 2501 4459 vero
2524 4406 2658 4474 ejus.
2684 4406 2929 4460 abierant
2953 4410 3002 4461 in
3026 4408 3304 4461 civitatem
3329 4406 3545 4459 utcibus
3570 4415 3847 4460 emerent.

2242 4475 2379 4529 Dicit
2421 4492 2548 4544 ergo
2577 4478 2625 4531 ei
2669 4478 2862 4533 mulier
2910 4480 2997 4532 illa
3040 4478 3396 4534 Samaritana.
3447 4477 3746 4543 Quomodo
3794 4492 3845 4529 tu

2238 4561 2364 4601 cum
2386 4546 2459 4601 sis
2482 4548 2735 4603 Judaeus.

1829 4635 2062 4693 CODEX
2100 4636 2573 4695 CORBEIENSIS.

613 4735 700 4791 56.
744 4734 844 4806 Qui
872 4744 1050 4791 autem
1073 4748 1178 4806 non
1206 4732 1377 4789 credit
1402 4731 1562 4806 Filio.

611 4808 743 4865 CAP.
768 4802 875 4863 Ἰν.
904 4836 974 4846 -
997 4807 1049 4864 l.
1088 4805 1246 4862 Jesus
1276 4813 1459 4859 autem
1482 4804 1733 4875 fatigatus
1756 4817 1821 4858 ex
1841 4802 2034 4859 itinere
2054 4817 2140 4859 se-

2244 4732 2407 4789 debat
2430 4748 2592 4806 super
2619 4744 2858 4806 puteum.
2883 4744 3076 4792 recent.
3106 4750 3289 4804 manu,
3320 4732 3542 4791 sedebat
3571 4747 3767 4803 super.

1791 4918 2183 4978 VARIANTES
2220 4919 2624 4977 LECTlONES.

600 5019 616 5051 ί
655 5016 760 5069 Gal.
786 5028 936 5078 super
959 5027 1147 5075 omnes,
1173 5014 1309 5063 etde
1340 5012 1791 5079 sur-sumptoquitur.
1816 5015 1935 5079 Nam
1960 5016 2041 5079 qui
2067 5016 2131 5065 de

535 5090 670 5131 terra
697 5087 790 5139 est,
820 5076 953 5127 terra
980 5085 1075 5134 est,
1102 5083 1151 5125 et
1173 5090 1233 5124 ex
1262 5076 1650 5141 terraloquitur'.
1679 5078 1770 5136 Qui
1796 5078 1859 5124 de
1883 5076 2019 5126 caelo
2044 5092 2129 5127 ve-

536 5146 630 5203 nlt,
655 5138 806 5203 super
830 5153 1003 5203 omnes
1027 5146 1119 5197 est,
1145 5138 1343 5203 etquod
1368 5138 1500 5203 vidit;
1530 5140 1648 5187 Mm.
1674 5152 1818 5200 supra
1838 5153 2013 5189 omnes
2032 5148 2126 5197 est,

538 5213 590 5255 et
610 5200 673 5255 de
698 5200 889 5253 sursum
924 5201 1154 5264 loquitur.
1182 5200 1298 5264 Nam
1326 5203 1406 5261 qui
1430 5200 1650 5264 depterra
1675 5209 1777 5259 est,
1803 5216 1867 5251 ex
1904 5210 2033 5251 terra
2062 5203 2133 5253 lo-

538 5271 727 5329 quitur,
754 5273 806 5313 et
843 5264 972 5329 quod
992 5260 1137 5329 'vidit.
1190 5260 1455 5329 VulgIQui
1480 5262 1543 5309 de
1570 5276 1761 5312 sursum
1786 5266 1954 5329 venit,
1980 5279 2130 5329 super

536 5325 722 5381 omnes
737 5334 836 5391 est.
864 5325 955 5391 Qui
980 5334 1057 5391 est
1082 5326 1145 5374 de
1171 5332 1304 5391 terra
1329 5363 1342 5385 ,
1362 5326 1425 5374 de
1450 5330 1579 5375 terra
1606 5332 1716 5391 est,
1739 5334 1791 5379 et
1812 5326 1874 5375 de
1902 5325 2131 5391 terraio-

536 5394 721 5453 quitur.
748 5390 845 5448 Qui
864 5388 928 5437 de
944 5388 1083 5437 caelo
1098 5388 1251 5444 venit,
1271 5398 1421 5449 super
1443 5398 1615 5438 omnes
1640 5388 1736 5449 est,
1766 5396 1819 5437 et
1840 5388 1967 5451 quod
1995 5390 2127 5440 vidit.

2301 5017 2321 5083 ξ
2356 5016 2461 5083 Gal.
2488 5022 2533 5083 cl
2558 5020 2676 5067 Mm.
2705 5018 2749 5065 in
2776 5029 2947 5083 manus
2971 5015 3096 5083 ejus.
3114 5011 3674 5083 Vulg._in_manu_ejiis.

2301 5079 2321 5109 ³
2356 5080 2460 5129 Gal.
2488 5080 2693 5143 faceret,
2721 5087 2771 5128 et
2791 5074 3074 5190 baptizabat.
3111 5074 3255 5189 Vulg.
3279 5076 3409 5137 facit,
3439 5082 3490 5123 et
3514 5075 3755 5136 baptizat.

2301 5139 2322 5170 ⁸
2357 5142 2528 5190 Gate!
2555 5145 2669 5190 Mm.
2710 5142 2811 5190 ios-
2874 5155 3002 5189 estis.
3040 5143 3181 5190 Vula.
3242 5152 3369 5188 esus.

2300 5139 2322 5203 9
2357 5142 2462 5190 Gal.
2484 5148 2528 5191 el
2555 5139 2687 5191 Mm.’
2710 5142 2811 5203 ips-
2841 5139 3002 5190 Jesus.
3040 5143 3181 5203 Vulg.
3210 5139 3369 5189 Jesus.

2300 5202 2320 5265 l’
2356 5204 2463 5255 Gal.
2489 5212 2534 5253 et
2561 5207 2678 5253 Mm.
2708 5196 2942 5252 Iudaeam
2968 5196 3167 5265 terrani,
3200 5212 3267 5254 et.
3302 5199 3444 5263 Vulg.
3468 5196 3742 5259 Judaeam,
3776 5206 3847 5247 et.

2298 5264 2319 5329 ξ
2356 5268 2471 5314 Mm.
2500 5266 2572 5314 ire
2595 5282 2701 5327 per.
2738 5266 2880 5329 Vulg.
2912 5268 3117 5315 transire
3146 5264 3251 5328 per.

2298 5328 2318 5357 "
2357 5328 2461 5381 Gul.
2488 5320 2696 5379 sedebat
2716 5320 2884 5392 super.
2912 5331 3032 5381 Mm.
3056 5320 3268 5379 sedebat
3299 5335 3462 5389 supra.
3496 5320 3653 5387 Vulg.
3695 5321 3855 5372 sede-

2805 5164 2811 5173 -
2841 5143 3002 5190 Jesus.
3040 5143 3181 5204 Vulg.

2237 5389 2319 5438 bat
2341 5391 2409 5438 sic
2433 5403 2593 5452 supra.

1895 5470 2263 5526 BLANCHINI
2294 5471 2523 5529 NOTAE.

610 5566 687 5638 (a)
725 5564 856 5619 Post
910 5564 1253 5638 venil,‘deest_
1283 5582 1458 5638 super
1497 5582 1673 5621 omnes
1727 5576 1822 5633 est,
1854 5574 1923 5638 cl,
1961 5566 2123 5638 etiam
2178 5562 2234 5618 in
2279 5564 2589 5638 cod.,Cant.
2621 5596 2691 5608 —
2722 5564 2797 5638 (b)
2850 5568 2985 5621 Ante
3036 5574 3269 5638 testatur,
3305 5565 3459 5638 deest
3487 5566 3584 5638 hoe
3614 5562 3673 5619 in
3711 5563 3851 5638 _cod.

534 5633 749 5714 quodue
775 5638 928 5714 (lant.
961 5666 1033 5678 —-
1061 5634 1337 5714 (c)_Addit
1359 5633 1487 5711 ipse,
1518 5639 1680 5692 etiam
1723 5647 1832 5692 ιρι.
1863 5633 1957 5691 Gr.
1987 5634 2158 5699 αὐτὸς.
2188 5662 2260 5680 -ι
2287 5635 2367 5707 (il)
2417 5637 2490 5692 Ita
2519 5649 2570 5694 et
2609 5633 2739 5693 cod."
2764 5633 2920 5695 Cant.
2964 5646 3076 5714 γῆν.
3107 5636 3266 5713 -—(e)
3291 5637 3419 5695 Post
3448 5635 3665 5707 mulier,
3692 5636 3853 5697 deest

530 5700 645 5775 illa,
663 5700 834 5767 'etiam
881 5710 937 5765 in
964 5700 1094 5764 text‘.
1115 5700 1217 5767 Ἐγ.
