1990 3096
271 100 323 127 575

450 190 454 193 4
467 157 580 186 CODEX
600 156 873 186 VERCELLENSIS.

272 204 373 232 scimus
386 203 458 231 salus
690 208 716 230 te
730 202 878 234 hominem,

273 247 306 267 ex
333 240 444 267 Iudaeis
457 242 508 267 est.

273 275 318 302 23.
339 275 391 303 Sed
406 276 493 302 veniet
512 273 560 301 ho-

271 318 313 344 ra,
329 316 356 338 et
370 318 440 338 nunc
449 316 501 343 est,

275 367 282 373 .
305 366 312 373 .
334 354 377 373 ttm
394 347 402 361 ¹
420 346 474 373 veri
489 345 522 373 ad
545 366 550 372 .
575 365 582 373 .

689 239 733 274 qtti
745 238 808 265 tnihi
825 238 894 265 dixit

688 275 777 301 omnia
794 281 862 308 quae

693 330 698 336 .
722 331 728 337 .
750 310 790 337 cci
804 318 809 335 :
825 308 953 343 numquid

723 367 728 372 .
753 365 759 372 .
780 353 794 372 e
806 350 847 372 est
861 343 984 372 Christus

276 402 281 408 .
305 401 311 408 .
332 386 421 408 atores
434 382 499 408 ado-
691 381 736 409 50.
760 400 766 407 .
790 400 795 407 .
816 401 822 407 .
847 400 852 406 .
874 385 936 407 runt
951 380 984 407 de
996 378 1033 406 ci-

275 437 281 443 .
304 426 310 431 ·
333 417 535 445 abuntPatrem
692 417 814 448 vitalem.
828 421 856 443 et

275 472 281 479 .
305 472 311 478 .
332 453 428 487 spiritu
450 473 456 479 .
480 472 487 479 .
511 472 518 479 .
541 474 548 480 .
692 452 837 480 veniebant

692 484 1049 515 31......m.lttter-

272 523 569 551 Pa.......es
695 521 939 557 .....gab:tnt

272 560 592 595 q........qui
693 559 872 595 ...sciptt-

271 596 304 621 ad
328 615 334 620 .
357 614 364 621 .
385 613 394 621 .
417 614 424 621 .
446 615 452 622 .
477 616 483 622 .
505 603 565 622 eum
692 595 721 625 li.
737 594 876 621 dicentes:

691 630 830 663 M:tgi~ter,
843 636 919 656 mau-

691 666 734 692 52.
750 665 828 692 duca.
842 664 883 691 Ait
900 663 950 690 illis
965 672 970 689 :

691 702 747 736 Ego
760 708 849 728 escam
866 699 911 726 ha-

691 737 742 764 beo
755 736 867 763 mandu-

691 780 719 798 ca
726 781 763 802 re.
779 780 858 804 quam

692 816 738 834 vos
758 807 875 834 nescitis.

692 843 736 870 55.
761 843 889 869 Dicebant
911 846 1001 869 autem

692 879 818 910 discipuli
836 878 888 903 illi-

694 922 724 940 us
740 914 771 940 :td
789 913 903 939 invicem
921 921 927 939 :

692 949 826 983 Numquid
847 949 895 974 ali-

692 986 753 1018 quis
767 984 866 1011 adtulit

692 1020 729 1047 illi
745 1019 859 1047 mandu-

691 1055 737 1083 54.
758 1056 839 1083 care?
855 1055 899 1083 Ait
915 1054 969 1082 illis

690 1091 771 1119 Jesus
783 1100 789 1117 :

692 1127 748 1154 Mea
761 1134 823 1154 esca
839 1132 883 1155 est

692 1168 721 1190 ut
736 1162 832 1190 faciam
847 1170 895 1190 vo-

692 1199 823 1225 lttntatem
839 1205 870 1225 e-

690 1234 746 1268 jus,
760 1233 805 1268 qui
820 1241 863 1260 tne
876 1234 926 1260 mi-

270 630 317 657 Ql.
329 630 354 656 itt
365 630 469 665 spiritu.
483 631 599 660 Spiritus
612 636 654 659 est

273 665 346 692 Deus
364 675 369 692 :
387 667 468 701 etqui
482 668 547 693 ado-

271 706 332 727 rant
345 701 432 733 illum,

271 736 298 763 in
316 757 322 763 .
341 737 431 771 piritu,
446 741 474 764 et
487 745 532 766 ve-

269 773 321 799 rita
344 793 349 799 .
373 792 380 800 .
403 781 417 800 e

270 815 301 834 re
312 815 365 842 opo
386 829 392 835 .
416 828 422 835 .
445 813 492 836 tet.

270 842 316 870 25.
337 844 405 870 Dicit
418 844 456 870 illi
475 864 481 870 .

272 885 317 905 er:
333 878 395 906 Scio
410 879 482 913 quod

272 913 386 941 Messias
399 922 465 942 ven-

273 953 350 985 turns
362 954 413 982 est,
432 950 489 985 (qui

271 984 372 1021 dicitur
386 985 535 1021 Christus.)

272 1019 335 1046 dum
347 1021 452 1048 venerit

271 1055 340 1088 ipse.
356 1056 497 1084 adnuntia-
533 1056 554 1071 ⁹

272 1090 311 1117 bit
326 1091 404 1118 nobis
415 1100 458 1119 om
467 1108 476 1113 -

271 1125 317 1153 26.
334 1127 387 1154 nia.
406 1128 475 1154 Dicit
490 1127 529 1154 illi

271 1161 351 1198 Jestts
364 1171 370 1189 :
388 1162 445 1198 Ego
461 1170 532 1194 sum.

271 1197 317 1229 qtti
332 1197 428 1233 loquor
440 1203 480 1226 te-

272 1240 344 1260 cum.

500 866 505 871 .
523 844 574 871 uli—

272 1268 318 1295 27.
333 1268 367 1296 Ει
382 1270 438 1297 inte
459 1290 466 1297 .
491 1290 497 1296 .
522 1290 527 1295 .
551 1290 557 1295 .
581 1290 588 1296 .
612 1289 618 1295 .
693 1269 738 1301 sit,
754 1273 784 1295 nt
800 1268 905 1301 perﬁci-

272 1311 324 1331 ven
347 1325 352 1331 .
376 1325 383 1330 .
405 1310 469 1332 runt
694 1312 738 1331 am
753 1307 821 1337 opus
833 1304 903 1338 ejus.

272 1339 397 1374 discipuli
407 1340 467 1374 ejus
480 1350 486 1367 :
588 1369 597 1374 Α
693 1340 738 1367 55.
759 1339 854 1367 Nonne
868 1346 917 1366 vos

272 1380 300 1402 et
315 1375 453 1403 miraban-
476 1380 480 1382 '
694 1375 794 1404 dicitis.
808 1374 881 1409 quod

274 1415 365 1446 turqu
385 1431 392 1438 .
416 1431 423 1438 .
445 1432 452 1439 .
477 1431 483 1437 .
507 1431 513 1439 .
537 1433 542 1438 .
693 1410 783 1438 adhuc
798 1415 877 1446 quat-

273 1447 340 1474 muli
361 1467 367 1473 .
391 1466 398 1472 .
420 1467 427 1474 .
452 1468 458 1473 .
482 1468 487 1474 .
694 1451 755 1473 tuor
770 1446 872 1473 mensis

273 1486 412 1516 queretur.
425 1483 478 1511 Ne-
692 1486 766 1515 sunt,
779 1486 807 1509 et
824 1488 894 1508 tues-

273 1525 319 1544 mo
334 1522 423 1545 tamen
692 1517 730 1544 sis
744 1516 837 1544 venit?
861 1516 912 1543 Ec-

692 1560 724 1580 ce
737 1552 798 1580 dico
810 1560 843 1579 vo
866 1572 873 1579 .

694 1588 807 1615 Elevate
821 1595 886 1615 ocu-

694 1623 736 1650 los
749 1629 866 1656 vestros,

694 1663 721 1686 et
736 1659 827 1686 videte
841 1666 884 1685 re-

693 1694 788 1728 giOnes
795 1714 803 1726 ,
818 1701 883 1729 quo-

694 1730 765 1756 niam
781 1729 859 1756 albae

696 1764 737 1799 (ά)
755 1769 818 1792 sunt
833 1764 851 1799 3L
864 1764 897 1791 ad
913 1771 983 1791 mes-

695 1800 740 1827 56.
762 1807 829 1827 sent.
846 1800 898 1833 Qui
913 1808 971 1827 mc-

696 1836 737 1868 tit,
755 1836 908 1863 mercedem

694 1872 807 1905 accipit,
822 1876 849 1899 et
862 1879 927 1899 con-

692 1911 770 1942 geret
787 1907 859 1935 fruc-

273 1552 347 1590 dixit
358 1553 396 1588 (α)
410 1553 448 1580 illi
460 1554 489 1590 ηιε
505 1553 574 1587 Quid

273 1589 375 1622 queris,
390 1593 438 1616 aut

273 1623 337 1656 quid
356 1624 448 1657 loque-

274 1658 313 1685 ris
324 1666 385 1685 cum
397 1659 463 1685 illa?

273 1693 319 1720 28.
335 1693 461 1728 Reliquit]
474 1700 538 1728 ergo

274 1728 398 1763 hydriam
414 1737 460 1756 su-

275 1770 319 1790 am
335 1764 443 1797 mulier,

275 1804 303 1825 et
316 1799 384 1826 abiit
399 1799 425 1826 in
441 1799 482 1827 ci~

273 1834 396 1867 vitatem,
413 1840 441 1862 et

274 1869 343 1906 dixit
357 1870 396 1905 (b)
409 1869 512 1898 homini
527 1871 546 1906 ’ί-
562 1879 567 1897 ;

273 1904 320 1932 29.
335 1904 438 1940 venite,
453 1906 530 1933 vidc~

537 99 675 129 EUSEBll
694 97 864 127 VERCELL.
886 96 1116 125 EVANGELIUM
1135 96 1206 125 CUll
1228 95 1340 124 VARllS
1358 95 1436 125 COD.
1456 94 1655 124 COLLATUM.

1081 1638 1086 1643 ε
1124 1622 1167 1648 vel
1183 1622 1246 1656 quid
1260 1629 1323 1649 cum

1863 93 1909 121 5Ἷῦ

1339 154 1455 183 CODEX
1473 153 1699 183 VERONENSIS.

1543 200 1654 229 minem.
1669 199 1715 234 qui
1732 198 1774 226 di-

1542 237 1583 263 xit
1596 236 1660 263 mihi
1674 235 1765 262 omnia

1540 279 1724 306 quaecumque
1739 269 1779 297 fe-

1541 308 1563 333 ci
1578 317 1583 333 :
1598 306 1725 341 nutttqttid

1540 342 1596 376 ipSe
1608 347 1649 369 est
1668 341 1813 369 (iltristtts‘i

1539 378 1582 405 5t).
1599 379 1634 413 (r)
1650 379 1678 404 lit
1692 378 1712 412 ἢ·
1727 377 1850 404 exierunt

1542 415 1574 439 de.
1590 415 1707 444 civitate,
1724 419 1750 439 et

1542 449 1685 476 veniebant
1701 449 1733 475 ad

1543 492 1616 512 Olim.

1544 520 1588 547 51.
1605 520 1779 547 Postmodttm
1795 527 1844 547 att-

1543 561 1596 584 tem
1611 557 1744 591 rogabant

1543 599 1605 619 eum
1626 591 1764 626 discipuli,
1777 604 1780 605 ν

1543 627 1666 655 dicentes
1677 635 1683 654 :
1702 626 1799 659 llahbi,

1543 664 1686 690 manduca.

1541 698 1587 726 5‘2.
1604 698 1644 725 Ad
1659 698 1704 725 ille
1716 697 1788 725 dixit
1800 697 1856 725 eis:

1544 734 1601 769 Ego
1617 741 1707 761 eseam
1722 733 1810 760 habeo

1543 769 1717 802 manducare,
1734 776 1813 804 quam

1543 813 1593 832 vos
1607 805 1727 832 nescitis.

1545 841 1590 869 35.
1612 841 1709 868 Dicunt
1722 844 1813 868 autem

1544 876 1668 911 discipuli
1685 876 1743 911 ejus

1545 912 1577 939 ad
1590 913 1748 939 alterutrum
1766 922 1771 939 :

1545 947 1679 982 Numquid
1692 947 1743 973 ali-

1544 984 1604 1018 quis
1616 984 1641 1011 ei
1657 983 1747 1011 attulit

1544 1018 1727 1045 manducare?

1544 1054 1589 1081 54.
1610 1054 1680 1081 Dicit
1695 1054 1747 1081 illis

1543 1089 1624 1117 Jesus
1640 1098 1646 1116 :
1662 1089 1719 1117 Mea

1545 1133 1608 1153 esca
1619 1129 1661 1152 est
1672 1131 1700 1152 ut

1547 1161 1642 1188 faciam
1654 1161 1750 1188 volun-

1547 1201 1629 1224 tatem
1642 1196 1702 1231 ejus
1711 1217 1719 1229 ,

1546 1233 1590 1267 qui
1607 1239 1650 1259 me
1663 1232 1713 1259 mi-

1546 1268 1582 1295 sit
1591 1288 1598 1299 .
1614 1272 1678 1295 etut
1697 1275 1757 1302 per-

1545 1303 1635 1331 ﬁciam
1649 1310 1718 1338 opus

1545 1339 1613 1373 ejus.

1544 1374 1589 1402 55.
1610 1374 1706 1402 Nonne
1720 1381 1769 1401 vos

1543 1410 1651 1442 dicitis,
1666 1417 1732 1445 quo—

1546 1446 1618 1473 niam
1631 1451 1761 1481 quattuor

1544 1481 1632 1509 adhuc
1648 1481 1750 1508 mensis
1758 1500 1765 1512 .

1543 1522 1570 1543 et
1582 1517 1676 1544 messit
1689 1516 1763 1544 venit
1775 1524 1782 1543 :
1821 1536 1827 1542 .

1544 1552 1614 1579 Ecce
1626 1552 1686 1579 dico

1543 1588 1622 1615 vobis
1634 1597 1640 1614 ε
1653 1587 1786 1616 Adlevate

1543 1624 1636 1651 oculos
1651 1628 1758 1651 vestros
1768 1643 1777 1656 ο

1543 1663 1570 1686 et
1584 1658 1695 1694 aspicite

1543 1694 1680 1730 regiones,
1696 1694 1759 1730 quia

1542 1729 1620 1757 albae
1636 1730 1676 1767 (ά)
1690 1734 1753 1757 sunt
1764 1729 1784 1766 ’ξ-

1542 1773 1556 1792 a
1572 1773 1699 1793 messem.

1541 1800 1587 1829 56.
1604 1800 1640 1836 (ε)
1656 1801 1716 1828 Jam
1731 1800 1752 1836 νι-
1766 1800 1813 1836 qui

1541 1837 1633 1868 metit.
1650 1844 1752 1864 merce-

1494 1879 1497 1881 ’
1540 1872 1602 1899 dem
1615 1872 1712 1907 accipit
1721 1892 1730 1904 .

1540 1912 1568 1935 et
1580 1911 1744 1943 congraegat

1123 200 1195 227 niam
1207 200 1281 228 salus
1295 207 1328 228 ex

1123 236 1222 264 Judaea
1242 241 1293 263 est.

1122 272 1168 299 25.
1181 271 1234 299 Sed
1248 271 1323 299 venit
1336 271 1384 299 ho-

1123 315 1165 340 ra,
1180 311 1207 334 et
1220 314 1291 334 nttnc

1124 348 1176 373 cst.
1189 351 1250 370 cum
1267 343 1325 370 veri

1124 378 1283 405 adoratores
1296 377 1362 406 ado-

1125 415 1223 441 rahnnt
1237 413 1358 446 Patrem,

1126 450 1152 476 in
1168 449 1266 485 spiritu
1281 454 1308 476 et

1126 486 1248 512 veritate.
1266 485 1373 512 Etenim

1127 521 1206 548 Pttter
1225 521 1293 547 tales

1125 557 1240 591 quaerit,
1257 557 1301 591 qtti

1124 593 1237 618 adorent
1253 599 1315 619 eum

1124 627 1169 654 24.
1188 628 1214 653 in
1225 627 1330 662 spiritu.
1348 626 1409 661 Spi-

1124 662 1192 689 ritus
1205 668 1245 690 est
1259 663 1347 690 Dens:

1124 703 1151 725 et
1164 705 1222 728 eos.
1237 700 1282 732 qui

1124 733 1239 761 adorant
1253 742 1324 767 cum,

1125 769 1152 796 in
1168 769 1263 803 spiritu
1277 774 1305 797 et

1126 805 1241 832 veritate
1252 809 1360 839 oportet

1126 840 1208 867 adora
1214 848 1252 868 re.

1125 875 1170 902 25.
1189 875 1257 903 Dicit
1272 876 1295 903 ei
1310 874 1425 903 mulier:

1126 911 1191 938 Scio
1204 911 1264 945 quia
1279 912 1351 939 Mes--

1124 947 1178 973 sitts
1194 947 1277 980 venit,
1294 947 1351 981 (qtti

1124 981 1222 1009 dicitur
1239 982 1387 1016 Christus.)

1124 1024 1184 1044 cum
1202 1024 1267 1052 ergo
1282 1026 1332 1046 ve-

1124 1054 1195 1080 nerit
1209 1053 1267 1086 illc,
1280 1054 1328 1081 ad-

1124 1088 1257 1116 nuntiavit
1273 1089 1352 1117 nobis

1124 1125 1226 1151 omnia.

1124 1159 1170 1186 26.
1188 1160 1258 1187 Dicit
1274 1160 1299 1187 ei
1315 1160 1362 1187 ,Ια-

1124 1202 1188 1222 sus:
1206 1195 1263 1230 Ego
1279 1203 1349 1228 sum,

1126 1231 1172 1265 qui
1184 1230 1281 1265 loquor

1128 1271 1229 1293 tecmn.

1125 1301 1171 1328 27.
1189 1301 1222 1328 Ει
1235 1301 1326 1329 statim
1343 1310 1389 1330 ve-

1125 1341 1224 1364 nerunt
1237 1338 1362 1372 discipuli

1125 1373 1184 1406 ejus
1197 1381 1203 1399 :
1220 1377 1248 1401 et
1262 1373 1346 1400 mira-

1124 1407 1225 1435 bantur
1239 1416 1273 1436 eo

1124 1443 1196 1474 quod
1209 1451 1271 1471 cum
1285 1451 1344 1471 mu-

1124 1478 1191 1506 liere
1205 1479 1371 1514 loqueretur.

1123 1514 1209 1542 Nemo
1221 1520 1311 1543 tamen

1124 1549 1162 1585 (ﬂ)
1180 1550 1204 1586 ei
1219 1551 1238 1586 ’ξ-
1250 1550 1338 1578 dixit:

1124 1585 1192 1618 Quid
1208 1587 1326 1620 quaeris,

1124 1663 1155 1683 ea
1171 1657 1312 1691 loqueris?

1124 1692 1177 1729 28.7
1187 1692 1311 1727 Reliquid
1327 1693 1408 1729 igitur

1125 1728 1222 1755 mulier
1238 1728 1361 1764 ltydriam

1124 1770 1213 1794 suam.
1230 1768 1257 1791 et
1270 1764 1335 1791 abiit

1124 1799 1150 1826 itt
1165 1798 1312 1833 civitatem,
1327 1805 1355 1828 et

1123 1833 1193 1870 dixit
1207 1834 1244 1870 (I7)
1261 1836 1378 1863 homini-

1123 1869 1169 1897 29.
1182 1869 1239 1906 rhus
1249 1870 1286 1906 1-:
1303 1871 1407 1906 Venite,

1125 1910 1152 1932 et
1163 1905 1254 1934 videte
1268 1906 1317 1935 ho-

934 1965 1048 1994 CODEX
1068 1965 1264 1996 BRIXIANUS.

272 2011 347 2041 salus
376 2019 410 2039 ex
432 2010 543 2039 Judaeis
562 2015 612 2038 est.
637 2010 690 2039 Sed
720 2011 812 2039 veniet
836 2012 922 2044 hora,
950 2017 976 2040 et
1002 2021 1073 2040 ttunc

273 2052 315 2074 est
330 2048 437 2081 quando
461 2047 517 2074 veri
537 2046 706 2074 adoratores.
740 2047 892 2075 adorabunt
917 2048 1071 2075 Patremin

272 2083 367 2117 spiritu
392 2088 420 2110 et
444 2083 565 2109 veritate.
590 2082 657 2109 Nam
673 2088 698 2109 et
723 2082 803 2110 Pater
825 2083 892 2111 tales
907 2084 1013 2117 quaerit
1026 2085 1070 2118 qtti

272 2118 387 2146 adorent
413 2126 487 2146 eutn.
512 2118 628 2152 Spiritus
652 2123 694 2145 est
721 2118 801 2145 Deus.
840 2125 866 2146 et
892 2119 937 2154 qui
958 2119 1072 2146 adorattt

271 2161 344 2181 eum.
370 2154 398 2181 in
419 2154 516 2189 spiritu
540 2159 567 2181 et
596 2155 708 2181 veritate
723 2158 831 2189 oportet
851 2155 975 2181 aderare.
1003 2155 1072 2182 Dicit

271 2190 296 2216 ei
326 2189 433 2217 mulier.
472 2189 578 2217 Scimus
609 2190 670 2224 quia
706 2188 817 2216 Messias
855 2194 983 2216 venturus
1018 2196 1069 2217 est.

269 2225 315 2259 qui
331 2225 429 2251 dicitur
443 2224 569 2252 Christus
583 2245 590 2258 ,
617 2232 678 2251 cum
691 2232 755 2259 ergo
771 2226 893 2258 venerit,
922 2225 966 2252 ille
990 2226 1068 2253 nobis

269 2260 441 2286 adnuntiabit
463 2261 565 2287 omnia.
593 2260 662 2287 Dicit
683 2261 707 2287 ei
731 2260 809 2287 Jesus
822 2260 879 2293 Ego
894 2268 952 2287 sutn
968 2261 1012 2295 qui
1029 2261 1068 2288 lo-

268 2302 338 2330 quor
354 2299 453 2322 tecum.
472 2296 503 2322 Et
517 2295 647 2322 continuo
662 2301 794 2323 vettetunt
811 2296 935 2330 discipuli
950 2296 1019 2330 ejus,
1040 2302 1066 2324 et

268 2330 438 2358 mirabantur
452 2331 514 2366 qttia
528 2339 588 2358 cutn
606 2331 719 2358 muliere
734 2331 901 2365 loquebatur.
925 2331 1009 2358 Nemo
1025 2336 1065 2359 ta-

266 2373 330 2402 Enen
345 2366 421 2402 dixit.
438 2366 506 2400 Qttid
519 2367 626 2400 quaeris
639 2388 646 2398 ,
668 2371 714 2393 aut
732 2367 795 2401 qttid
812 2367 931 2402 loqueris
947 2374 1007 2394 cutn
1022 2375 1063 2394 ea.

266 2401 393 2435 Reliquid
406 2409 470 2438 ergo
485 2402 591 2438 ydriatn
606 2410 682 2428 sttatn
699 2402 806 2438 tnulit-r.
842 2408 868 2430 et
881 2404 946 2431 abiit
962 2403 986 2429 in
1001 2403 1066 2430 civi-

264 2441 359 2464 tatem.
389 2442 416 2464 et
430 2437 496 2465 dicit
515 2438 570 2464 illis
583 2437 737 2465 hominibus
752 2437 848 2466 Venite
868 2438 958 2466 videte
980 2438 1066 2465 humi-

1126 2021 1187 2040 ncm
1201 2013 1247 2048 qui
1263 2012 1331 2039 dixit
1343 2012 1408 2039 mihi
1421 2012 1509 2040 omnia
1520 2020 1705 2048 quaecumque
1715 2011 1776 2040 feci.
1791 2011 1921 2048 numquid

1126 2049 1182 2083 ipse
1196 2054 1237 2076 cst
1248 2048 1380 2084 Christus.
1397 2048 1525 2075 Exierunt
1543 2056 1608 2084 ergo
1622 2048 1656 2076 de
1668 2049 1775 2076 civitate
1789 2052 1817 2076 et
1830 2049 1919 2076 venie-

1124 2084 1190 2112 bant
1200 2084 1234 2110 ad
1247 2091 1320 2120 eum.
1333 2083 1404 2111 Inter
1418 2084 1485 2120 haec
1498 2083 1587 2111 autem
1604 2084 1734 2120 rogabant
1747 2092 1820 2111 eum.
1837 2084 1918 2111 disci-

1126 2120 1179 2154 puli
1193 2119 1251 2153 ejus
1266 2119 1398 2147 dicentes.
1417 2119 1502 2147 Rablti
1526 2119 1669 2147 manduca.
1686 2120 1731 2148 Ille
1747 2125 1839 2147 autent
1854 2120 1919 2147 dixit

1123 2155 1170 2181 eis.
1184 2155 1239 2189 Ego
1251 2155 1340 2182 cilium
1353 2155 1439 2182 huheo
1451 2156 1612 2183 manducare
1635 2163 1714 2190 quem
1728 2163 1775 2183 vos
1791 2155 1916 2183 nescitis.

1122 2190 1254 2218 Dicebtnt
1268 2198 1334 2225 ergo
1349 2190 1474 2226 discipuli
1491 2192 1523 2217 ad
1540 2191 1656 2218 invieetn
1669 2191 1803 2225 Numquid
1818 2191 1919 2226 aliquis

1123 2226 1220 2253 adtulit
1248 2226 1273 2253 ei
1291 2225 1465 2253 manducare.
1482 2226 1551 2254 Dicit
1565 2227 1590 2254 ei
1604 2226 1693 2254 Iesus.
1704 2225 1920 2254 Mettseihusest

1123 2266 1152 2288 ttt
1165 2261 1259 2289 faciam
1275 2261 1441 2297 voluntatem
1457 2262 1514 2296 ejus
1530 2263 1574 2297 qui
1586 2269 1629 2289 tne
1640 2262 1722 2290 misit.
1738 2268 1764 2289 et
1776 2263 1916 2297 periit-iam

1121 2304 1190 2331 opus
1205 2297 1273 2332 ejus.
1290 2296 1348 2324 Non
1361 2304 1395 2325 ne
1411 2305 1459 2324 vos
1478 2296 1578 2325 dicitis.
1594 2298 1665 2332 quod
1682 2296 1919 2333 adhttc'quattuor

1121 2340 1229 2360 menses
1245 2338 1391 2366 supersunt
1411 2339 1439 2360 et
1453 2333 1550 2360 messis
1564 2334 1649 2361 venit.
1661 2334 1736 2361 Ecce
1748 2333 1811 2360 dico
1828 2333 1917 2360 vobis.

1121 2367 1221 2395 chate
1233 2368 1326 2395 Oculos
1343 2373 1457 2396 vestros.
1472 2374 1499 2396 et
1512 2369 1602 2397 videte
1613 2369 1746 2403 regiones.
1761 2368 1825 2404 quia
1840 2369 1917 2397 albae

1120 2409 1183 2430 sunt
1194 2404 1250 2438 jatn
1273 2404 1307 2430 ad
1324 2411 1449 2432 messem.
1466 2404 1499 2431 Et
1514 2405 1561 2440 qui
1582 2410 1675 2433 metet.
1691 2404 1847 2433 mercedem
1868 2411 1915 2432 ac-

1120 2439 1195 2473 cipit.
1212 2443 1239 2466 et
1251 2445 1397 2475 congregat

905 2494 1020 2523 CODEX
1039 2494 1271 2523 CORBEIENSIS.

297 2541 344 2570 Ἡ.
358 2546 386 2569 et
400 2541 512 2576 eos,qui
526 2540 647 2575 adorant,
665 2541 692 2569 in
707 2541 812 2576 spiritu,
827 2546 879 2569 etc.

296 2577 342 2605 28.
359 2582 386 2605 et
399 2576 637 2613 dixitrhominibus
655 2586 661 2603 :
683 2576 779 2605 Venite
790 2602 798 2613 ,
823 2581 850 2605 et
864 2577 953 2605 videte
969 2576 1058 2605 homi-

259 2621 333 2647 nem,
351 2613 396 2648 qui
423 2612 491 2640 dixit
502 2613 603 2640 omnia.

1150 2542 1194 2569 5‘2.
1210 2549 1289 2577 quem
1303 2549 1351 2570 vos
1360 2550 1415 2570 non
1423 2543 1507 2571 scitis.

1149 2577 1194 2606 36.
1210 2576 1333 2614 obtigerit
1347 2576 1474 2614 fructum,
1490 2583 1544 2607 etc.

877 2672 1074 2701 VARIANTES
1088 2671 1289 2702 LECTIONES.

288 2721 297 2736 ι
315 2721 370 2745 Gal.
382 2720 446 2746 verit
457 2720 608 2745 adoratores.
622 2721 683 2745 Mm.
693 2720 738 2745 viri
750 2719 900 2745 adoratores.
917 2718 990 2752 Vulg.
1002 2719 1057 2745 veri

1110 2719 1263 2745 adoratores.

930 2772 1115 2801 BLANCHINI
1135 2774 1250 2803 ΝΟΤᾸΕ.

285 2824 419 2862 (atAddit
431 2825 472 2856 ei,
498 2823 656 2862 etiamucod.
673 2822 752 2862 Cant.
768 2823 849 2862 αξὶτῷ.
869 2836 905 2862 -_—-
919 2822 958 2858 (ὁ)
969 2822 1040 2862 A_nte
1051 2823 1213 2862 hominibus.
1237 2825 1386 2862 deestt'llt's2
1408 2825 1434 2853 in
1455 2830 1527 2854 textu
1544 2825 1644 2862 pariter
1658 2825 1763 2862 Graeco.
1774 2841 1811 2847 —
1825 2826 1862 2862 (ε)
1874 2826 1911 2855 tu

244 2863 271 2886 et
284 2858 344 2887 cod.
361 2860 437 2887 (lant.
454 2861 543 2887 καί.--
556 2859 594 2895 (d)
609 2858 674 2887 Post
688 2860 746 2886 tum
758 2878 765 2890 ,
779 2858 856 2886 deest
865 2859 923 2892 jam
934 2878 941 2891 ,
955 2858 1037 2887 etiam
1060 2859 1086 2887 in
1106 2860 1168 2888 cod.
1184 2859 1263 2888 Cant.
1276 2875 1311 2881 -
1324 2860 1361 2896 (ei
1375 2860 1414 2889 lta
1429 2866 1455 2890 ct
1467 2862 1529 2890 cod.
1544 2858 1625 2891 Cant.
1639 2861 1697 2892 es».
