3980 6192
98 587 176 641 28.
220 585 354 666 venit
387 585 512 665 hora
528 625 542 646 ,

101 673 188 727 qua
215 670 397 719 omnls,
428 671 514 723 qut
610 716 614 719 ,

101 747 144 783 ιη
177 742 468 783 mOuumen-

101 801 158 854 tis
181 810 309 864 sunt,
340 796 484 850 audi-

101 882 176 925 ent
203 872 217 901 ¹
249 884 421 923 vocem

100 941 174 998 9.9.
215 940 280 1008 (α)
305 939 418 1008 ejus
441 938 479 1009 ’ἲ
504 957 516 991 :
550 947 606 994 et
635 952 820 1008 proce-

103 1014 208 1067 dcnt
231 1014 250 1043 ¹
278 1013 360 1079 qui
391 1012 483 1065 ho-

103 1099 154 1138 na
181 1084 416 1145 fecerunt,

102 1156 145 1209 in
177 1167 423 1208 resurrec-

106 1228 271 1280 tionem
297 1227 395 1278 vita
436 1265 448 1276 .
495 1263 509 1276 .

104 1299 174 1368 qui
195 1297 315 1377 male
339 1311 367 1350 e
402 1333 415 1348 .
464 1337 476 1348 .
517 1325 543 1334 -

102 1377 221 1432 runt,
251 1383 351 1421 tur
388 1406 400 1418 .
446 1407 460 1420 .
511 1407 522 1418 .
575 1395 600 1406 -

102 1440 489 1494 recti.....

100 1510 234 1576 judtci
273 1549 284 1562 .
332 1549 344 1561 .

104 1579 714 1636 50.No.......

106 2377 252 2426 meam,
279 2363 364 2418 sed
389 2363 524 2434 ejus,

106 2435 168 2494 qui
190 2450 258 2490 me
285 2434 438 2489 misit.

106 2503 166 2557 51.
201 2505 244 2560 Si
271 2520 360 2576 ego
388 2505 648 2562 testimo-

109 2576 221 2647 nium,
245 2578 409 2647 perhi-

107 2645 179 2725 Ι)ςο
201 2645 259 2725 de
279 2666 383 2717 me,
414 2660 520 2705 tes-

109 2720 330 2775 timouium

109 2802 238 2843 meum
266 2808 361 2848 non

109 2871 169 2912 ρει
193 2877 370 2918 verum.

109 2930 172 2983 δί.
193 2933 334 3005 Alter
358 2943 468 3002 est,
498 2932 607 3005 qui

113 3004 414 3061 testimonium

114 3076 302 3139 perhibet
322 3078 385 3134 de

121 3180 131 3192 ο
162 3183 170 3194 .
205 3162 260 3201 e:
285 3160 332 3206 et
355 3148 502 3204 scitis

1057 224 1502 286 EVANGELIUM
1541 226 1913 288 SECUNDUM
1951 227 2340 289 JOHANNEM.
3252 233 3358 292 386

465 344 689 403 CODEX
728 343 1269 402 VERCELLENSIS.

894 795 984 851 54.
1028 795 1048 826 ³
1088 793 1373 849 timonium

892 868 1098 937 accipio
1133 885 1146 920 :
1177 863 1272 919 sed

891 939 1024 992 haec
1055 938 1177 991 dico
1200 945 1259 989 ut

891 1025 986 1063 vos
1010 1011 1142 1062 salvi
1166 1008 1304 1061 sitis.

889 1081 978 1134 55.
1021 1080 1114 1134 Ille
1138 1089 1252 1134 erat
1278 1077 1363 1131 lu-

890 1168 1050 1208 cerna
1082 1154 1284 1214 lucens,

892 1235 946 1278 et
978 1223 1196 1276 inlumi-

893 1310 1050 1348 nans.
1079 1293 1185 1346 Vos
1207 1305 1302 1344 au-

896 1376 1000 1420 tem
1029 1365 1227 1418 voluis-

895 1438 960 1490 tis
985 1437 1049 1490 ad
1075 1437 1263 1488 horam

892 1509 1138 1561 exultare
1161 1507 1212 1559 in

892 1579 984 1633 56.
1029 1578 1149 1632 luce
1175 1575 1312 1644 ejus.
1347 1573 1460 1644 Ego

892 1660 1072 1702 autem
1102 1646 1272 1700 habeo

890 1721 1260 1775 testimonium

891 1792 1062 1860 majus
1084 1804 1242 1860 quam

889 1858 1184 1917 Johanties.
1217 1858 1286 1914 0-

890 1948 1014 2003 pern
1048 1933 1214 1996 enim,

890 2020 1027 2073 quae
1063 2003 1212 2057 dedit

889 2074 1022 2129 mihi
1045 2074 1206 2129 Pater

889 2157 949 2200 ut
976 2147 1063 2200 illa
1097 2141 1308 2214 perﬁci—

889 2233 1001 2282 am,
1029 2220 1141 2286 ipsa
1165 2229 1300 2284 Ope-

890 2304 949 2343 ra
975 2287 1219 2343 testimo—

892 2361 1039 2413 nium
1065 2360 1272 2421 dicunt,

891 2432 1146 2500 quoniam
1170 2428 1273 2482 Pa-

893 2512 975 2556 ter
1001 2517 1086 2556 mc
1115 2501 1259 2554 misit
1285 2517 1296 2550 :

895 2574 982 2628 57.
1025 2581 1079 2628 et
1106 2573 1228 2642 quia
1260 2584 1348 2624 me

896 2645 1039 2698 misit
1071 2644 1250 2707 Pater,

895 2716 986 2770 ille
1018 2715 1085 2770 de
1117 2730 1200 2769 me
1232 2722 1338 2770 tes—

897 2787 1184 2841 tituonium

897 2858 1027 2912 dicit
1055 2875 1068 2911 :
1095 2868 1270 2925 neque

897 2944 1084 2983 vocem
1113 2941 1230 2996 ejus

899 3015 1150 3070 umquam
1180 3011 1274 3050 au-

895 3071 1074 3137 distis,
1106 3083 1282 3137 neque

897 3144 1134 3223 speciem
1159 3140 1276 3223 ejus

897 3215 986 3268 38.
1027 3213 1254 3279 vidistis,
1287 3219 1341 3265 et
1364 3223 1484 3264 ver-

900 3286 1027 3338 bum
1061 3286 1204 3336 illius

901 3372 1006 3411 non
1037 3354 1249 3410 habetis

903 3442 1211 3482 manentem

903 3499 955 3554 in
985 3499 1137 3552 vobis
1168 3515 1180 3550 :
1205 3497 1328 3567 quia

903 3584 1063 3639 quem
1094 3569 1240 3624 misit

904 3642 1015 3710 ille,
1039 3641 1164 3696 huic
1191 3655 1287 3696 vos

2197 343 2430 404 CODEX
2468 343 2925 401 VERONENSIS.

1753 439 1845 496 28.
1889 449 1988 494 est.
2023 439 2200 496 Nolite
2592 438 2895 494 Johannem
2928 447 3019 494 :et
3053 449 3134 498 le-

1757 511 1943 565 mirari
1975 513 2123 576 haec,
2593 511 2909 565 stimonium
2937 512 3121 580 perhi-

1756 585 2010 651 quoniam
2041 584 2220 638 veniet
2592 580 2710 636 buit
2739 581 2975 636 veritati.

1757 652 1912 720 hora,
1943 654 1994 708 in
2020 669 2122 722 qua
2594 653 2685 707 54.
2729 652 2843 719 Ego
2872 661 3054 710 autem
3083 669 3191 712 non

1756 739 1966 780 omnes.
1993 725 2084 793 qui
2595 723 2666 779 ab
2693 725 2913 779 homine
2942 734 3022 781 te-

1755 795 1810 850 in
1842 794 2204 850 monumentis
2596 795 2910 851 stimonium
2942 812 3033 852 ac-

1757 876 1906 931 sunt,
1937 866 2157 920 audient
2239 934 2248 936 μ
2597 866 2771 936 cipio:
2801 868 2895 922 sed

1756 953 1942 992 vocem
1973 938 2050 1008 (α)
2081 938 2198 1006 ejus
2224 934 2262 1005 ’ξ’
2294 948 2306 983 ε
2598 934 2733 992 haec
2758 937 2878 993 ideo
2899 938 2985 993 di-

1758 1018 1812 1063 et
1843 1019 2126 1078 resurgent
2183 1075 2199 1078 _
2597 1021 2665 1063 co
2690 1019 2747 1064 ut
2771 1024 2868 1064 vos
2894 1010 3025 1065 salvi

1757 1079 1848 1135 29.
1889 1081 1979 1150 qui
2006 1075 2148 1133 bona
2177 1075 2257 1132 fe-
2598 1079 2688 1133 35.
2731 1081 2870 1135 sitis.
2913 1081 3007 1136 llle
3049 1089 3165 1137 erat
3210 1081 3291 1138 lu.-

1758 1161 1971 1214 cerunt,
2001 1151 2052 1204 in
2598 1165 2762 1206 cerua
2789 1153 3011 1218 ardens,

1758 1222 2214 1277 resurrectionem
2601 1232 2654 1278 et
2678 1223 2884 1278 lucens.
2913 1222 3020 1278 Vos

1759 1294 1902 1348 vitae
1931 1310 1944 1344 :
2599 1308 2733 1350 vero
2760 1293 3008 1349 voluistis

1759 1365 1847 1432 qui
1873 1372 2052 1418 autem
2603 1365 2850 1419 exultare
2881 1365 2947 1419 ad

1758 1436 1942 1505 iniqua
1969 1438 2278 1504 gesserunt,
2604 1436 2790 1490 horam
2817 1437 2868 1491 in
2902 1437 2973 1490 Iu-

1761 1507 1814 1560 in
1842 1505 2196 1577 resurrectio-
2603 1511 2748 1563 mine
2778 1507 2918 1577 ejus.

1761 1593 1885 1633 nem
1915 1576 2123 1642 judicii.
2605 1579 2696 1633 36.
2723 1576 2835 1645 Ego
2861 1587 3038 1632 autem

1762 1649 1850 1706 30.
1893 1647 2008 1702 Non
2033 1647 2177 1700 enim
2603 1647 2780 1705 habeo
2813 1647 3048 1704 testimo-

1762 1731 1980 1792 poSsum
2011 1731 2110 1788 ego
2602 1720 2750 1792 nium
2784 1721 2957 1792 majus
2977 1719 3061 1775 Jo-

1762 1806 1792 1844 a
1821 1806 1906 1846 me
1929 1791 2050 1861 ipso,
2605 1791 2846 1846 hannen.

1761 1861 1940 1916 facere
1953 1860 2115 1934 ’quic-
2602 1862 2776 1934 Opera
2807 1864 2976 1927 enim,

1762 1949 1944 2004 quam.
1975 1931 2126 2004 Sicut
2602 1931 2742 2001 quae
2770 1934 2919 1988 dedit
2950 1934 3081 1989 mihi

1763 2000 1907 2076 enim
1930 2000 2114 2076 audio,
2601 2000 2765 2059 Pater
2788 2013 2847 2059 ut
2876 2021 2990 2076 per-

1761 2075 1834 2129 ita
1862 2084 1918 2128 et
1942 2073 2163 2146 judico:
2605 2075 2780 2130 ﬁciam
2811 2073 2898 2142 ea,
2933 2077 3048 2146 ipsa

1761 2155 1816 2200 et
1837 2144 2097 2215 judicium
2603 2162 2768 2215 opera
2793 2162 2934 2216 quae

1762 2233 1942 2271 meum
1969 2215 2176 2290 justum
2609 2217 2686 2290 (ά)
2717 2217 2876 2281 facio,
2909 2217 2948 2288 -ξ-
2973 2218 3119 2290 testi-

1765 2298 1848 2342 est
1874 2305 1886 2340 :
1914 2286 2036 2357 quia
2059 2300 2168 2359 non
2606 2286 2845 2344 monium
2878 2286 3059 2359 perhi-

1763 2374 1966 2429 quaero
1987 2357 2178 2411 volun-
2605 2360 2732 2415 bent
2755 2360 2823 2415 de
2850 2357 2958 2428 me,

1764 2440 1927 2485 tatem
1961 2443 2157 2491 meam,
2605 2433 2696 2488 37.
2737 2432 2992 2501 quoniam
3017 2432 3177 2490 Pater

1762 2502 1857 2556 Sed
1889 2502 2221 2556 voluntatem
2603 2518 2691 2558 me
2713 2503 2858 2557 misit
2886 2520 2898 2555 :
2925 2516 2980 2559 et

1763 2574 1901 2641 ejus,
1934 2573 2025 2644 qui
2051 2585 2144 2644 tne
2183 2641 2193 2644 _
2269 2637 2281 2644 _
2603 2575 2695 2644 qui
2723 2590 2811 2630 me
2841 2575 2989 2630 misit

1764 2590 1901 2655 ejus,
1934 2590 2025 2714 qm
2057 2590 2144 2624 me
2183 2641 2194 2652 _
2603 2591 2695 2644 qm
2723 2590 2933 2658 memis

1764 2654 1912 2715 tuistt
1967 2647 2018 2711 b)
2051 2641 2226 2715 Patris
2255 2637 2315 2711 τ.
2604 2645 2785 2708 Pater.
2815 2661 2933 2715 Ipse

1763 2715 1853 2770 3t.
1895 2712 1960 2770 Si
1974 2730 2074 2783 ego
2093 2712 2246 2767 testi-
2608 2712 2980 2772 testimonium

1765 2789 2010 2858 monium
2036 2783 2216 2854 perhi—
2610 2788 2861 2858 perhibet
2890 2787 2958 2844 de

1763 2857 1872 2912 beo
1901 2857 1969 2910 de
1998 2871 2106 2919 me,
2609 2857 2698 2914 inc
2728 2876 2742 2912 :

1768 2927 2136 2982 testimonium
2607 2944 2784 2999 neque
2813 2943 3000 2984 vocem

1767 3014 1950 3054 meum
1975 3013 2080 3051 nou
2607 3000 2725 3069 ejus
2753 3013 3008 3070 umquam

1769 3081 1853 3124 est
1877 3084 2090 3124 verum.
2607 3070 2856 3137 audistis,
2887 3084 2984 3125 ne-

1769 3141 1860 3196 52.
1898 3139 2051 3212 Alius
2080 3147 2187 3202 est,
2608 3157 2715 3212 que
2741 3144 2966 3211 ﬁguram

1772 3213 1863 3282 qui
1894 3209 2217 3282 testiﬁcatur
2609 3209 2846 3280 vidistis,

1770 3281 1958 3354 deme
1990 3300 2002 3334 :
2037 3291 2092 3335 et
2120 3281 2235 3335 scio
2612 3283 2705 3339 38.
2745 3295 2799 3339 et
2820 3281 3043 3339 verbum
3067 3281 3185 3354 ejus

1770 3353 1899 3424 quia
1921 3369 2105 3408 verum
2129 3359 2212 3406 est
2235 3423 2238 3424 ν
2613 3371 2722 3410 non
2751 3355 2964 3410 habetis

1771 3423 2144 3482 testimonium
2175 3423 2253 3493 (c)
2615 3427 2670 3482 in
2698 3427 2850 3482 vobis
2867 3441 2982 3481 ma-

1773 3497 1892 3566 ejus
1914 3497 1973 3566 'j‘,
2004 3495 2148 3566 quod

1775 3569 2094 3622 testiﬁcatur
2126 3566 2194 3622 de
2221 3580 2328 3622 me.

1773 3639 1863 3694 '53.
1906 3637 2016 3694 Vos
2048 3637 2274 3695 misistis
2299 3636 2366 3692 ad

2616 3509 2839 3581 rientem
2871 3515 2886 3552 :
2919 3513 3056 3581 quo:

2616 3583 2760 3625 niam
2786 3584 2946 3640 quem
2973 3585 3074 3624 mt-

2619 3642 2690 3697 sit
2716 3641 2830 3710 ille,
2853 3641 2979 3696 huic

1392 3759 1623 3817 CODEX
1660 3759 2054 3819 BRIXIANUS.
2072 3769 2086 3827 ἲ

132 3885 197 3950 est.
212 3877 364 3936 Nolite
377 3880 564 3936 mirari
593 3879 719 3933 hoc.
737 3877 860 3946 quia
880 3875 1062 3932 veniet
1091 3876 1245 3932 hora.
1273 3875 1449 3950 iu'qua
1480 3889 1671 3950 omnes
1770 3877 1880 3948 Ego
1895 3887 2074 3932 autem
2090 3891 2194 3932 non
2213 3875 2507 3950 abhomine
2523 3879 2888 3935 testimonium
2901 3880 3127 3950 accipio.
3141 3879 3236 3935 sed
3251 3879 3386 3937 haec

133 3949 190 4013 Qui
214 3951 385 4006 fuerint
413 3955 464 4006 in
497 3950 875 4007 monumentis
916 3949 1138 4003 audient
1166 3963 1352 4002 vocem
1385 3947 1460 4019 (α)
1492 3949 1607 4014 ejus
1638 3948 1674 4017 ἰο
1780 3947 1904 4004 dico
1937 3957 1993 4002 ut
2022 3965 2119 4004 vos
2149 3949 2283 4003 salvi
2313 3951 2454 4004 sitis.
2494 3949 2590 4004 Ille
2611 3961 2730 4006 erat
2752 3952 2967 4007 lucerna
2999 3947 3198 4007 ardens
3224 3961 3277 4006 et
3303 3952 3385 4006 iu-

133 4029 167 4096 et
194 4024 476 4086 procedent.
509 4025 604 4092 qui
640 4026 776 4096 b0_n:t
801 4019 1078 4085 fecerunt,
1110 4019 1183 4096 _in
1216 4019 1672 4096 resurrectionem
1781 4035 1934 4096 cens.
1972 4020 2075 4096 vos
2104 4031 2284 4096 autem
2317 4021 2571 4096 voluistis
2593 4025 2836 4096 exultare
2873 4022 2940 4096 ad
2990 4022 3177 4078 horam
3211 4023 3261 4076 in
3302 4023 3386 4096 _lu-

136 4091 247 4165 )iiae.
297 4097 377 4165 qui
419 4091 552 4148 vero
606 4093 745 4146 mala
778 4101 1063 4165 gesserunt
1109 4091 1182 4165 in_
1217 4095 1672 4165 resurrectionem
1783 4093 1930 4165 utine
1977 4092 2116 4165 ejus.
2154 4093 2264 4162 Ego
2310 4102 2513 4165 autem.
2561 4094 2736 4149 haben
2788 4094 3176 4165 testimonium.
3208 4093 3383 4165 majus

131 4161 279 4234 iudicii.
307 4164 418 4220 Non
453 4182 681 4234 possunt
711 4178 812 4233 ego
841 4179 870 4217 a
904 4179 989 4217 me
1013 4162 1132 4230 ipso
1161 4162 1340 4216 facere
1362 4163 1670 4231 quicquam.
1781 4161 2048 4218 Johaunc.
2075 4161 2252 4231 Opera
2275 4163 2418 4217 enim
2446 4179 2583 4231 quae
2613 4165 2760 4218 dedit
2784 4163 2915 4218 mihi
2937 4165 3116 4220 Pater.
3147 4174 3206 4218 ut
3224 4161 3386 4234 perﬁ—

136 4231 205 4308 Sal
224 4237 342 4291 sicut
361 4231 523 4291 audio
551 4231 765 4305 judico.
791 4235 1120 4302 etjudicium
1143 4249 1320 4308 meum
1345 4235 1548 4301 justum
1569 4241 1673 4308 est.
1782 4235 2037 4308 ciamAea.
2067 4237 2180 4308 ipsa
2204 4249 2368 4303 Opera
2395 4251 2531 4308 quae
2550 4249 2658 4308 ego
2679 4237 2756 4308 (ά)
2781 4236 2938 4290 facio.
2962 4237 2999 4308 ἦ
3022 4231 3388 4308 testimonium

138 4302 319 4365 quianon
340 4324 507 4377 quero
522 4302 857 4360 voluntatem
878 4306 1187 4378 meam.sed
1218 4304 1545 4378 voluntatem
1561 4305 1676 4373 ejus
1782 4302 2170 4378 perhibeut'de
2220 4302 2326 4360 me.
2375 4302 2498 4376 quia
2544 4302 2703 4362 Pater
2733 4302 2819 4361 iue
2863 4302 3006 4361 misit
3039 4316 3093 4363 et
3121 4309 3211 4378 qui
3241 4307 3390 4361 misit

136 4385 193 4449 qu:
214 4394 298 4449 me
324 4375 488 4435 niisit.
538 4379 599 4433 Si
633 4393 736 4447 ego
783 4377 1150 4430 testiinonium
1182 4376 1444 4449 perliibeo
1472 4375 1539 4429 de
1569 4393 1672 4430 me.
1784 4392 1871 4430 me
1910 4377 2091 4431 Pater.
2124 4376 2242 4446 ipse
2273 4375 2641 4449 testimonium
2682 4378 3028 4449 perhibetde
3057 4375 3166 4434 me}
3211 4393 3390 4448 neque

139 4447 440 4521 testimonium
497 4446 686 4521 meum
730 4463 836 4502 non
894 4459 976 4503 est
1003 4463 1226 4521 verum.
1273 4446 1425 4521 Alius
1465 4457 1547 4501 eSt
1585 4449 1675 4515 qui
1783 4463 1972 4521 vocem
2005 4450 2124 4518 ejus
2148 4463 2400 4521 umquam
2429 4446 2891 4518 audistisfneque
2918 4448 3140 4521 ﬁguram
3165 4449 3284 4520 ejus
3303 4446 3389 4503 vi-

144 4519 444 4576 leslimOuitttn
503 4520 762 4590 perhibet
811 4521 879 4573 de
922 4535 1027 4573 me.
1066 4528 1122 4574 et
1151 4517 1268 4573 scio
1300 4520 1430 4590 quia
1487 4534 1676 4572 verum
1783 4519 1959 4573 distis.
1987 4517 2045 4574 et
2061 4517 2284 4574 verbum
2307 4519 2426 4588 ejus
2450 4535 2557 4575 non
2584 4517 2864 4577 habetisiu
2886 4517 3038 4578 vobis
3055 4517 3388 4578 manentem.

141 4597 197 4662 εῖι
223 4595 569 4662 testimonium
601 4591 742 4662 quod
772 4591 1017 4660 perhibet
1075 4590 1146 4644 de
1182 4590 1404 4662 meVos
1455 4590 1680 4662 misistis
1784 4591 1905 4661 quia
1933 4606 2091 4661 quem
2120 4591 2380 4646 misitille
2401 4591 2526 4648 huic
2543 4606 2640 4648 vos

144 4656 187 4706 ad
224 4659 497 4720 lohannem
571 4656 635 4719 ei
700 4656 1064 4718 testimonium
1111 4660 1384 4731 perhibuit
1439 4660 1674 4715 veritati.

1348 4775 1583 4833 CODEX
1619 4774 2095 4836 CORBEIENSIS.

192 4865 260 4948 ἓξ.
296 4871 417 4948 Dico
442 4874 598 4928 enim
627 4871 816 4948 vobis:
849 4870 1025 4948 lfiolite
1053 4871 1237 4926 mirari
1268 4870 1390 4948 hoc.
1465 4942 1476 4948 _
1791 4943 1804 4948 _
1833 4873 1948 4948 “53.
2005 4871 2112 4948 Yos
2143 4872 2246 4943 ipsi
2288 4871 2512 4948 misistis
2539 4873 2610 4930 ad
2638 4889 2762 4932 me:
2791 4883 2848 4933 et
2875 4873 3243 4934 testimonium
3269 4887 3368 4947 per

193 4939 262 5014 5‘2.
293 4942 434 4999 Alter
463 4954 583 5010 est,
633 4946 720 5012 qui
755 4943 1122 5000 testimonium
1167 4942 1417 5014 perhibet
1445 4942 1514 4998 de
1557 4957 1680 4999 me:
1789 4943 1965 4999 hibuit
2005 4939 2246 5000 Joannes
2275 4944 2344 5000 de
2384 4961 2492 5002 me.

150 5010 281 5091 fama:
306 5017 434 5085 quod
479 5010 748 5091 sequitur,
794 5025 868 5091 et_
889 5016 1004 5070 scio
1029 5010 1184 5086 quod
1203 5029 1388 5071 verum
1416 5021 1503 5070 est
1534 5015 1685 5070 testi-
1862 5017 1951 5071 57.
1994 5031 2172 5089 neque
2195 5016 2438 5090 speciem
2467 5019 2586 5091 ejus
2611 5018 2846 5078 vidistis.

150 5086 356 5153 monium,
385 5087 533 5160 quod
563 5088 812 5158 perhibet
837 5086 907 5144 de
932 5101 1039 5142 me.

1339 5199 1732 5256 VARIANTES
1768 5196 2172 5255 LECTIONES.

196 5313 207 5388 ξ
238 5314 328 5388 gat.
351 5323 392 5367 et
411 5319 532 5388 Mm.
560 5332 728 5370 vocem
755 5323 859 5388 ejus
880 5335 892 5368 :
914 5329 980 5370 et.
1014 5320 1164 5388 Vulg.
1176 5333 1351 5388 vocem
1369 5318 1482 5388 Filii
1512 5320 1626 5370 Dei.
1824 5382 1834 5388 _
1862 5319 1883 5350 ³
1917 5319 2036 5388 M_m.
2061 5317 2123 5368 ab
2143 5317 2422 5372 hominibus
2444 5321 2794 5376 testimonium.
2827 5320 2973 5388 Vulg.
2997 5321 3060 5372 ab
3081 5319 3278 5371 homine
3297 5327 3405 5374 tes-

192 5375 323 5446 [ϐαι.
345 5383 454 5446 quia
479 5384 688 5446 bona...,
713 5375 838 5433 male
883 5375 1260 5444 egeruntf'Mm.
1289 5382 1416 5433 male
1457 5389 1691 5446 egerunt.
1800 5382 2070 5431 timouium.

159 5434 264 5499 Vulg.
284 5434 373 5503 qui'
384 5444 569 5495 bona...
598 5444 721 5494 mala
745 5434 976 5509 egerunt.

1420 5527 1791 5585 BLANCHINI
1830 5527 2063 5586 NOTAE.

189 5618 258 5696 ,(η)
284 5622 350 5676 ha
371 5634 567 5700 et_tex.
599 5621 690 5677 Gr.
719 5623 1074 5700 abroﬁ._——(b)
1089 5622 1252 5682 Addit
1273 5621 1446 5700 Patris
1474 5625 1778 5700 etia_m_tex.
1812 5624 1905 5681 Gr.
1931 5625 2236 5700 πατρὸς.-
2263 5622 2337 5698 (c)
2355 5623 2583 5681 Additur
2602 5624 2750 5696 ιλιαδ,
2775 5622 2829 5678 iu
2857 5621 2980 5677 cod.
3010 5629 3228 5690 quoque
3249 5617 3413 5680 Cant.

165 5695 294 5749 me.
330 5724 397 5738 -
423 5697 504 5770 (Δ)
545 5698 684 5751 Ante
706 5700 860 5768 facio,
891 5696 1045 5752 deest
1076 5712 1191 5767 ego,
1215 5696 1452 5753 etiamin
1485 5695 1607 5751 cod.
1635 5695 1791 5752 Cant.
