1990 3096
303 133 356 163 587

497 191 612 220 CODEX
631 192 903 221 VEBCELLENSIS.

304 246 358 266 non
370 236 459 266 credi-
721 239 869 271 quaeritis?

305 274 349 301 tis.
721 274 766 302 45.
788 274 878 302 Nolite
891 273 1003 302 arbitra-

304 310 350 338 59.
371 309 495 337 Scrutate
509 308 602 345 Scrip—
723 318 753 338 re
766 311 835 345 quod
852 317 902 345 ego

306 350 390 378 turas,
407 345 433 372 in
449 346 507 380 qui-
722 353 771 373 vos
787 353 898 372 accusa-

304 381 354 409 bus
368 388 415 408 vos
428 383 500 409 exis-
723 386 799 409 turus
813 389 872 408 Sum

305 417 406 443 timatis
420 417 447 443 in
461 417 495 443 il-
722 422 786 451 aput
798 417 915 449 Patrem,

303 452 338 479 lis
351 453 432 478 vitam
447 460 493 479 ae-
722 458 762 480 est
775 454 819 487 qui
831 453 841 468 '
858 459 905 478 vos

304 491 409 514 ternam
423 487 506 515 habe-
723 492 833 515 accuset
847 487 922 522 Moy-

304 531 334 550 re
351 531 357 550 :
371 523 432 550 illae
445 528 525 556 sunt,"
723 531 778 555 ses,
791 524 817 550 in
832 530 911 557 quem

304 566 374 592 quae
390 558 461 585 testi-
723 558 768 586 46.
791 558 917 594 speratis.
931 558 960 586 Si

305 595 427 621 monium
438 594 482 620 di-
724 594 795 621 enim
810 596 903 621 crede-

305 634 369 656 cunt
381 629 414 656 de
426 637 469 656 me
486 638 492 656 :
724 631 789 656 retis
802 630 898 665 Moysi,

305 665 332 692 in
345 664 443 699 quibus
459 673 507 698 pu-
723 664 870 693 crederetis

723 707 750 728 et
767 702 831 728 mihi
843 709 853 728 :
867 701 902 729 de
917 709 960 729 me

723 737 795 763 enim
808 737 851 764 ille
865 738 951 771 scrip-

722 772 768 799 47.
790 773 834 799 sit.
850 772 903 800 Sed
917 780 978 800 cum

722 807 857 835 mandatis
869 809 899 834 il-

722 843 775 870 lius
786 851 838 870 non
848 851 905 871 cre-

722 877 804 910 datis,
816 887 930 913 quomo-

723 913 758 941 do
772 915 863 941 verbis
875 922 933 941 ine-

723 949 746 976 is
761 950 895 977 credetis?

823 1006 936 1034 CAPUT
959 1006 1000 1034 Vl.

759 1053 783 1080 1.
805 1053 869 1080 Post
885 1055 950 1081 haec
969 1054 1034 1081 abiit

722 1088 800 1116 Iesus
816 1093 891 1116 trans
905 1096 963 1116 ina-

722 1132 753 1151 re
763 1124 882 1151 Galilcae

722 1159 874 1187 Tiberiadis
891 1169 897 1186 :

306 702 369 727 latis
383 707 432 727 vos
444 701 526 727 vitam

305 735 405 763 habere
421 745 426 761 :
441 735 492 762 hae

304 777 377 803 sunt,
390 779 458 805 quae
469 771 503 798 de

304 814 347 833 me
359 807 508 834 testiﬁcan-

303 843 349 870 40.
370 847 414 869 tur
428 850 436 869 :
451 847 541 869 etnec
557 842 598 870 sic

305 878 386 904 vultis
401 877 478 904 veni-

304 920 335 940 re
349 913 381 940 ad
396 920 439 939 me
454 917 483 939 ut

304 949 388 975 vitam
403 948 435 974 ha
440 949 502 975 bea-

304 982 350 1010 4l.
373 985 416 1010 tis.
436 982 555 1011 Gloriam

304 1019 339 1047 ab
353 1020 471 1047 homini-

304 1054 355 1082 bus
370 1062 422 1081 non
439 1062 483 1082 ac-

304 1089 350 1116 42.
371 1091 452 1125 cipio.
465 1091 474 1106 ί
491 1089 544 1118 Sed
557 1097 620 1125 cog-

305 1126 367 1153 novi
384 1133 444 1158 vos,
460 1126 530 1161 quod

305 1162 445 1189 caritatem

306 1197 353 1224 Dei
368 1205 420 1224 non
438 1197 486 1224 ha-
722 1194 750 1221 2.
772 1195 935 1229 sequebatur

305 1232 376 1260 betis
390 1233 418 1260 in
430 1239 479 1260 vo-
723 1229 764 1266 (ά)
778 1237 867 1258 autem
878 1232 897 1266 ’ξ’
910 1230 985 1258 illum

305 1267 358 1295 bis.
723 1266 801 1293 turba
816 1266 911 1299 multa,

305 1304 350 1331 45.
372 1303 429 1338 Ego
445 1303 505 1330 veni
523 1303 549 1330 in
566 1310 615 1331 no-
722 1301 850 1364 Elimiam
864 1303 900 1328 vi-

306 1340 379 1364 mine
394 1340 481 1364 Patris
742 1337 823 1364 ebant
839 1337 895 1364 sitr—

306 1340 379 1366 mine
394 1337 481 1366 Patris
722 1337 823 1364 debant
839 1337 895 1399 si};—

306 1376 369 1399 mei.
383 1379 411 1399 et
423 1382 475 1399 non
722 1380 767 1399 na.
781 1380 850 1399 uuae
872 1380 895 1399 at

305 1376 369 1407 mei,
383 1379 411 1402 et
423 1382 475 1402 non
722 1380 767 1404 na,
781 1380 850 1407 quae
861 1372 945 1400 facie-

305 1411 441 1445 accipistis
455 1418 499 1437 me
512 1419 518 1437 :
723 1408 785 1445 bant
800 1416 881 1442 supra

304 1446 326 1471 si
343 1443 411 1473 alter
428 1453 508 1473 vene-
722 1443 854 1470 infirmos.

303 1480 338 1508 rit
352 1481 380 1509 in
394 1482 480 1509 nomi-
722 1479 749 1506 5.
772 1479 845 1506 Abiit
859 1486 924 1514 ergo
938 1478 964 1506 in
980 1487 1057 1508 mon-

722 1519 775 1541 tem
789 1514 869 1542 Jesus
886 1526 892 1543 :
908 1520 935 1543 et
948 1515 984 1542 ibi

721 1550 833 1578 sedebat
845 1558 907 1577 cum

721 1585 861 1626 discipulis

720 1629 787 1649 SllIS.

720 1657 748 1684 4.
770 1657 854 1683 Erant
869 1661 960 1684 autem

721 1692 731 1707 ³
747 1693 772 1718 in
788 1692 915 1725 proximo

722 1727 826 1755 Pascha
842 1727 901 1755 dies

722 1763 852 1790 solemnis
862 1763 910 1791 Ju-

721 1797 862 1825 daeorum.

303 1524 339 1545 ne
350 1524 409 1549 suo,
425 1517 499 1545 illum

303 1552 453 1586 accipietis.

303 1586 349 1614 44.
359 1588 512 1628 'Quomodo
526 1595 573 1623 po-

305 1628 381 1650 leSlIS
391 1631 439 1650 VOS
449 1631 507 1651 cre-

303 1658 378 1689 dere,
396 1658 509 1691 gloriam

303 1693 338 1720 ab
350 1693 464 1720 invicem

303 1728 487 1763 accipientes:

303 1769 331 1799 et
344 1764 459 1799 gloriam

303 1797 338 1826 ab
348 1797 432 1827 ‘unico
445 1806 499 1827 non

1103 1800 1107 1803 '
1158 1805 1199 1827 est
1212 1802 1296 1833 solus,
1313 1808 1365 1828 non

570 133 706 163 EUSEB"
723 133 894 163 VERCELL.
915 131 1141 163 EVANGELIUM
1160 131 1232 161 CUM
1258 130 1369 159 \‘ARIIS
1387 129 1464 159 COD.
1479 129 1677 159 COLLATUM.
1891 129 1933 158 588

1373 187 1488 216 (ΣΟΒΕΧ
1507 187 1731 216 VEBONENSIS.

1570 236 1700 271 quaeritis
1713 236 1725 262 ?

1570 274 1615 300 4.5.
1636 272 1724 299 Nolite
1738 274 1834 305 putare

1571 309 1697 343 quoniam
1709 313 1761 343 ego

1571 351 1619 371 vos
1631 347 1695 378 aput
1707 342 1816 378 Patrem

1571 378 1610 416 (a)
1624 377 1757 416 accusabo
1770 377 1790 413 τ
1799 398 1807 410 ,

1574 419 1616 442 est
1628 415 1673 450 qui
1685 415 1733 450 bos

1572 455 1681 478 accuset
1696 449 1771 484 Moy-

1572 494 1625 518 ses,
1642 485 1680 521 (b)
1697 488 1723 512 in
1737 490 1815 521 quem

1572 530 1620 549 vos
1633 519 1763 554 sperastis
1773 519 1801 554 -ικ

1572 557 1617 585 46.
1638 557 1665 584 Si
1680 557 1751 584 enim
1766 562 1828 583 crc-

1573 593 1673 620 deretis
1683 591 1777 627 Moysi,

1573 628 1720 656 crederetis

1573 664 1686 691 forsitan
1701 667 1729 691 et

1155 244 1202 264 VOS
1216 244 1269 263 non
1284 242 1344 263 cre-

1153 272 1226 299 ditis.

1153 307 1198 335 59.
1219 307 1345 335 Scrutate
1360 305 1481 341 Scriptu-

1154 351 1209 377 ras,
1225 344 1350 375 quoniam

1154 378 1255 412 putatis
1265 386 1313 405 vos

1154 413 1180 441 in
1197 415 1260 449 ipsis
1274 416 1357 441 vitam

1155 454 1293 477 aeternam
1311 450 1357 475 lia-

1154 485 1220 513 bere
1236 494 1243 511 :
1258 491 1285 512 et
1300 486 1374 519 ipsae

1155 526 1227 554 sunt,
1244 529 1313 555 quae
1327 525 1366 547 te-

1155 557 1311 583 stimonium
1329 562 1388 589 per-

1155 591 1249 619 hibent
1261 592 1294 618 de
1309 598 1352 618 me
1366 599 1372 617 :

1156 628 1290 662 inquibus
1307 634 1354 661 pil-

1156 664 1219 689 tatis
1235 670 1281 690 vos
1298 663 1337 689 vi-

1157 704 1210 725 tam
1223 698 1340 725 habere:
1575 700 1641 727 mihi
1656 707 1662 726 :
1679 699 1712 726 de
1726 705 1770 725 me

1158 734 1224 760 haec
1238 739 1311 766 sunt,
1574 736 1645 762 enim
1662 735 1707 762 ille
1720 734 1787 761 scri-

1157 777 1226 803 quae
1242 769 1316 796 tesii-
1573 771 1619 798 4'7.
1641 771 1702 805 psit.
1719 769 1786 796 Nam
1801 769 1825 797 si

1157 806 1272 832 ticantur
1286 805 1320 832 de
1574 806 1645 833 illius
1660 806 1757 833 litteris

1156 842 1202 867 40.
1224 848 1285 867 me:
1300 844 1326 867 et
1343 845 1397 865 non
1574 849 1627 869 non
1642 841 1765 873 creditis,

1156 876 1238 903 vultis
1254 876 1348 902 venire
1574 877 1708 912 quomodo
1722 876 1813 912 Verbis

1156 912 1189 939 ad
1205 919 1248 939 me
1261 915 1291 939 ut
1574 911 1642 941 meis
1653 911 1790 941 credetis?

1155 949 1237 1010 33'"
1250 946 1349 974 “abea’
1671 969 1788 998 CAPUT
1807 968 1854 996 γι.

1158 1019 1203 1046 4i.
1224 1018 1362 1045 Honorem
1377 1016 1411 1043 ab
1611 1019 1636 1045 1.
1658 1017 1722 1045 Post
1737 1016 1805 1043 haec
1820 1015 1880 1043 abiit

1158 1053 1315 1081 hominibus
1576 1053 1656 1081 Jesus
1669 1058 1744 1080 trans
1759 1059 1839 1080 mare

1158 1097 1211 1116 non
1228 1089 1340 1122 accipio.

1158 1125 1203 1152 4-2.
1225 1125 1279 1152 Sed
1294 1122 1408 1159 cognovi

1158 1169 1219 1193 vos,
1232 1168 1359 1195 quoniam

1159 1205 1212 1223 non
1226 1196 1329 1223 habetis

1160 1232 1303 1258 caritatem
1321 1229 1371 1258 Dei

1158 1268 1204 1294 43.
1225 1267 1252 1293 in
1265 1267 1351 1294 vobis.
1368 1265 1423 1300 Ego

1159 1311 1221 1330 vent
1232 1310 1259 1330 In
1273 1310 1361 1329 nomi—

1160 1347 1193 1365 ne
1208 1339 1295 1365 Patris
1308 1337 1377 1371 mei,

1159 1379 1188 1402 et
1202 1381 1254 1401 non
1270 1373 1376 1407 accepi-

1159 1410 1209 1436 stis
1222 1417 1265 1436 me
1280 1417 1287 1435 :
1303 1410 1325 1436 si

1158 1445 1228 1472 alius
1242 1445 1346 1472 venerit

1159 1480 1186 1507 in
1200 1482 1309 1507 nomine

1158 1524 1219 1549 suo,
1236 1516 1312 1542 illum
1329 1516 1400 1543 reci-

1158 1550 1204 1577 44.
1226 1552 1298 1586 pitis.
1313 1549 1456 1584 Quomodo

1159 1588 1272 1621 potestis
1286 1594 1333 1614 vos

1158 1623 1280 1655 credere,
1293 1622 1339 1657 qui

1158 1657 1290 1685 honorent
1304 1658 1338 1685 ab

1158 1693 1274 1721 invicem
1290 1694 1397 1728 accepi-

1157 1728 1207 1756 stis
1222 1738 1228 1755 :
1245 1733 1272 1756 et
1285 1729 1371 1757 hono-

1157 1772 1216 1792 rem
1229 1765 1299 1799 ejus,
1317 1765 1362 1799 qui

1574 1089 1713 1130 palilaeae
1727 1087 1770 1151 (ei.

1574 1133 1600 1151 tu
1615 1129 1706 1151 partes
1716 1124 1734 1151 +

1571 1124 1600 1187 ξι
1615 1123 1738 1187 ita:
1748 1123 1805 1186 is

1573 1196 1706 1230 quebatur
1717 1194 1759 1229 id)

1573 1236 1664 1258 autem
1678 1231 1697 1266 -ι-
1711 1238 1773 1257 cum

1575 1267 1652 1294 turba
1668 1266 1764 1298 multa,

1575 1302 1637 1337 quia
1649 1302 1777 1329 videbant

1575 1338 1746 1400 ῗζέἷῗὲιξείέἳιέθ

1575 1409 1738 1436 iniirmibus.

1575 1444 1602 1472 3.
1623 1443 1751 1471 Ascendit
1767 1450 1813 1470 cr-

1574 1488 1609 1515 go
1619 1479 1699 1507 Jcsus
1709 1480 1735 1506 in

1575 1520 1694 1543 montem
1708 1535 1717 1548 ,
1730 1518 1758 1542 et

1577 1551 1615 1578 ibi
1628 1551 1741 1578 sedebat

1577 1594 1639 1628 cum
1650 1585 1792 1621 discipulis

1578 1630 1646 1649 SlllS.

1574 1657 1602 1684 4.
1624 1657 1689 1685 Erat
1701 1660 1795 1685 autem

1574 1693 1601 1721 in
1615 1693 1740 1728 proximo

1573 1729 1678 1756 Pascha
1691 1728 1749 1756 dies

1573 1764 1658 1792 festus
1669 1763 1716 1791 Ju-

1572 1800 1713 1828 daeorum.

966 1856 1083 1885 CODEX
1102 1856 1298 1887 BRIXIANUS.

302 1912 355 1931 non
364 1903 485 1932 creditis.
494 1903 655 1932 Scrutamini
663 1903 815 1932 Scribturas
826 1904 887 1939 quia
895 1911 943 1931 vos
950 1904 1063 1939 putatis.
1074 1905 1099 1932 in

300 1941 456 1974 ipsisvitam
465 1946 601 1967 aeternam
613 1939 722 1967 habere.
740 1946 767 1967 et
782 1940 833 1966 hae
848 1945 923 1967 sunt.
938 1948 1008 1975 quae
1025 1941 1101 1967 testi-

300 1977 420 2002 monium
431 1976 614 2011 perhibentde
622 1983 674 2003 me.
682 1980 709 2003 et
721 1983 774 2003 non
782 1976 861 2002 vultis
876 1977 967 2004 venire
975 1976 1007 2002 ad
1021 1984 1063 2002 me
1072 1981 1100 2003 ut

300 2012 383 2038 vitam
391 2012 520 2038 habeatis.
530 2011 648 2039 Gloriatu
657 2012 850 2038 abhuminibus
859 2020 911 2038 non
921 2012 1038 2046 accipio.
1046 2012 1099 2039 Sed

299 2048 478 2082 cognoviVos.
486 2047 547 2081 quia
558 2047 731 2074 dilectionem
739 2047 796 2074 Dei.
806 2055 857 2073 non
870 2048 975 2074 habetis
988 2049 1014 2074 in
1023 2048 1098 2074 vobis

299 2083 375 2118 ipsis.
390 2084 445 2118 Ego
460 2083 556 2110 veniin
567 2083 676 2110 nomine
691 2082 778 2110 Patris
786 2083 850 2115 mei,
866 2089 893 2110 et
908 2091 960 2109 non
974 2083 1096 2117 accipitis

300 2126 353 2146 me.
378 2119 399 2145 si
415 2119 484 2145 alius
497 2119 602 2146 venerit
623 2120 648 2144 in
664 2119 774 2145 nomine
785 2126 845 2145 suo.
859 2119 933 2145 illum
945 2119 1093 2152 accipietis.

298 2155 560 2189 Quomodupotestis
573 2154 751 2181 voscredere.
763 2154 915 2189 gloriamab
930 2154 1044 2181 invicem
1053 2163 1097 2181 ZIC'

299 2190 430 2225 cipiuntcs
436 2196 463 2218 et
476 2190 589 2224 gloriam
596 2197 665 2225 quae
676 2198 689 2215 a
697 2190 754 2216 Deo
765 2189 825 2216 solo
835 2194 876 2216 est
889 2197 941 2215 non
952 2190 1093 2224 quaeritis.

299 2224 387 2254 Nolite
407 2231 496 2253 autem
520 2224 625 2261 putare.
651 2225 714 2260 quia
736 2232 787 2261 ego
806 2225 995 2260 (a)_acmsabo
1010 2226 1028 2260 -ζ-
1048 2233 1097 2253 vos

1155 1909 1221 1940 aput
1232 1905 1351 1933 Patrem.
1366 1910 1405 1934 est
1417 1906 1461 1942 qui
1478 1911 1587 1942 accuset
1598 1913 1646 1933 vos
1660 1905 1806 1942 Moysesin
1818 1910 1894 1942 quem
1906 1906 1946 1941 vos

1155 1938 1271 1975 speratis
1289 1941 1318 1970 Si
1345 1938 1580 1978 enim'crederetis
1603 1938 1865 1978 Moysifcrederetis
1879 1938 1946 1978 forsi-

1157 1973 1200 2004 tan
1217 1981 1243 2004 et
1258 1978 1333 2004 mihi.
1349 1978 1383 2005 de
1399 1985 1442 2005 me
1457 1978 1531 2005 enim
1546 1977 1593 2005 ille
1606 1973 1723 2005 scribsit.
1736 1976 1766 2003 Si
1782 1979 1871 2003 autem
1887 1973 1946 2012 illius

1156 2013 1253 2040 litteris
1275 2021 1329 2040 non
1345 2013 1465 2041 creditis.
1481 2014 1617 2048 quomodo
1636 2013 1704 2040 meis
1726 2012 1821 2048 verbis
1835 2009 1945 2048 creditis-

1156 2048 1220 2085 Post
1243 2049 1309 2076 haec
1329 2049 1394 2076 abiit
1412 2043 1497 2076 Jesus'
1510 2055 1583 2076 trans
1600 2056 1675 2076 mare
1686 2047 1818 2085 Galileae.
1832 2050 1858 2085 et
1877 2043 1947 2085 Tibe-

1156 2084 1248 2111 riadis.
1273 2089 1301 2111 et
1312 2091 1420 2112 secutae
1435 2090 1498 2112 sunt
1511 2092 1571 2111 eum
1585 2085 1679 2112 turbae
1694 2084 1796 2110 multae
1808 2083 1868 2116 quia
1883 2080 1947 2106 vitle-

1152 2124 1213 2157 rant
1224 2120 1298 2155 signa
1314 2128 1382 2155 quae
1396 2121 1511 2157 faciebat
1525 2128 1607 2155 super
1619 2120 1752 2157 inﬁrmos.
1771 2116 1898 2157 Ascendit
1911 2122 1947 2157 ef-

1151 2163 1186 2190 κο
1210 2156 1234 2181 in
1248 2150 1380 2183 vanlI-lelll
1402 2156 1492 2183 Jesus.
1515 2162 1542 2183 et
1557 2150 1591 2183 ibi
1610 2156 1722 2183 sedebat
1738 2162 1801 2181 cum
1817 2150 1947 2190 discipulis

1152 2188 1219 2217 Suis.
1237 2191 1302 2218 Erat
1315 2197 1405 2219 autem
1422 2191 1731 2227 proximoPascha.dies
1739 2190 1825 2218 festus
1837 2188 1946 2216 Judaeu-

1151 2234 1222 2253 I‘lllll.
1520 2242 1524 2244 γ

935 2281 1051 2310 CODEX
1071 2282 1307 2312 CORBEIENSIS.

335 2330 380 2358 59.
400 2330 562 2358 Scrutamini
587 2329 758 2364 Scripturas,
773 2329 800 2356 in
822 2329 921 2364 quibus
935 2337 984 2357 vos
1000 2332 1099 2365 putatis

298 2366 383 2393 vitam
399 2372 538 2393 aeternam
554 2366 665 2392 habere.

334 2403 381 2429 41.
402 2402 521 2430 Gloriam
538 2401 571 2428 ab
586 2400 749 2428 hominibus.

334 2437 380 2465 43.
400 2439 426 2464 in
451 2438 561 2464 nomine
576 2437 662 2464 Patris
677 2437 729 2464 mei
745 2437 817 2471 veni,
831 2437 842 2452 ⁸
857 2440 884 2464 et
896 2444 949 2465 non
965 2437 976 2453 ⁵
993 2439 1099 2473 accepi-

299 2474 348 2502 stis
362 2482 368 2500 :
384 2473 403 2508 -1-
417 2474 439 2500 si
455 2472 524 2500 alius
538 2473 653 2500 venerit.

333 2508 380 2536 44.
400 2508 541 2543 Quomodo
555 2510 669 2544 potestis
682 2515 732 2537 vos
743 2508 866 2542 credere,
880 2508 995 2544 gloriam
1008 2509 1042 2537 ab
1057 2509 1099 2537 in-

1156 2332 1242 2359 vicem
1258 2337 1438 2366 quaerentes:
1457 2337 1489 2360 et
1510 2332 1635 2367 gloriam,
1650 2338 1718 2367 quae
1731 2330 1766 2358 ab
1782 2330 1830 2357 illo
1844 2328 1901 2357 solo
1914 2328 1950 2354 est

1156 2367 1321 2431 mdis}ch
1343 2419 1378 2424 —
1392 2405 1418 2432 1.
1430 2409 1504 2431 trans
1516 2411 1589 2430 mare
1603 2403 1752 2434 Galilaeae,
1764 2401 1776 2417 ι
1788 2400 1863 2428 illius
1878 2398 1951 2437 Τίὺς-

1155 2438 1257 2467 riadis:
1293 2441 1458 2474 sequebatur
1490 2445 1579 2467 autem
1607 2440 1681 2466 illum
1705 2437 1872 2470 multitudo,
1893 2440 1949 2470 qum

1154 2477 1208 2501 etc.
1231 2493 1238 2500 .
1260 2493 1269 2502 .
1290 2494 1297 2502 .
1314 2475 1348 2503 de
1359 2475 1411 2509 his,
1424 2476 1470 2511 qui
1485 2475 1704 2503 inﬁrmabantur.

929 2567 1125 2598 VARIANTES
1144 2570 1346 2599 LECTIONES.

330 2617 410 2651 {Gn}.
422 2616 472 2651 Sed
491 2617 647 2651 cognovimus
658 2635 665 2651 ,_
677 2617 734 2651 quia
750 2615 912 2651 dilectionem.
931 2622 977 2640 non
990 2616 1095 2651 habetis.

300 2649 373 2681 Vulg.
384 2649 435 2674 Sed
447 2649 549 2678 cognovi
563 2655 613 2677 vos,
626 2648 681 2678 quia
697 2647 854 2671 dilectionem
868 2647 913 2671 Dei
930 2654 977 2671 non
992 2649 1095 2673 habetis.

329 2680 339 2696 ¹
357 2680 409 2705 Gal.
423 2683 445 2705 ει
457 2681 515 2713 dim.
531 2686 572 2703 vos
582 2681 683 2713 accuset
694 2678 818 2713 Moysi-5...
828 2679 877 2708 jam
886 2682 1009 2708 sperastis.
1027 2679 1095 2713 Vulg.

329 2686 339 2696 '
357 2686 409 2705 σαι.
423 2686 445 2705 ει
457 2686 515 2703 Mm.
531 2686 572 2703 vos
584 2686 683 2703 accuset
695 2686 818 2708 moysI-s...
828 2686 1009 2708 iumsperastis.
1027 2686 1097 2713 Vulg.

296 2715 396 2737 accusat
408 2718 448 2736 vos
461 2711 565 2742 Moyses,
581 2712 604 2734 in
616 2716 665 2741 quo
678 2717 719 2734 vos
729 2711 841 2739 speratis.
850 2741 857 2742 ί
881 2740 885 2742 Δ

300 2772 302 2774 _
329 2744 340 2761 ⁸
358 2744 411 2769 θαι.
425 2744 448 2768 in
462 2740 604 2774 prdximum.
619 2743 677 2767 Min.
690 2742 821 2772 proximus.
837 2740 910 2771 Vulg.
923 2743 1068 2772 proximum.

1182 2619 1193 2653 ξ
1211 2618 1264 2653 ραι,
1279 2623 1302 2645 Μ
1311 2621 1370 2645 Mm.
1384 2623 1411 2645 et
1422 2626 1471 2653 non
1483 2620 1612 2653 accepistis
1623 2626 1672 2645 me.
1722 2652 1725 2653 ν
1759 2648 1765 2653 _

1182 2650 1199 2687 ι,
1215 2650 1327 2687 ψεαρ,
1342 2652 1459 2687 accipitis.
1481 2652 1535 2678 Gut.
1544 2645 1577 2678 ἐι
1593 2653 1653 2677 Mm.
1665 2648 1790 2683 praeterito
1799 2651 1913 2680 tempore,
1924 2645 1948 2669 ιιι

1153 2681 1208 2705 cod.
1224 2681 1380 2708 Cofbeiensis.

1185 2712 1195 2727 ‘
1212 2714 1273 2738 Mm.
1283 2713 1456 2740 ’l'iberidianis.

962 2794 1149 2825 BLANCHINI
1168 2798 1284 2827 ΝΟΤίΕ.

320 2858 373 2901 ,(ιι)
397 2858 434 2885 Ita
453 2860 568 2901 ειηξαξί
582 2855 826 2901 9153737331663-
845 2867 881 2874 —
902 2852 939 2888 (ιι)
953 2852 1032 2881 Juxta
1062 2858 1116 2882 tex.
1139 2856 1187 2884 Gr.
1204 2860 1239 2889 εἰς
1254 2858 1281 2887 δν
1295 2861 1368 2896 ὑμεῖς
1382 2861 1515 2891 ἠλπίκατε.
1531 2860 1613 2897 -(ο)
1627 2859 1665 2888 lta
1692 2862 1719 2886 et
1734 2857 1798 2885 cod.
1815 2856 1895 2885 Cm.
1912 2854 1943 2885 εἰς

298 2895 329 2923 τὰ
339 2889 414 2931 λιιᾶρη.
431 2907 466 2913 -
480 2891 519 2928 (ά)
533 2891 572 2919 Ita
584 2895 611 2919 et
625 2889 687 2919 cod.
700 2889 777 2918 Cant.
792 2889 829 2918 δέ.
