1990 3096
291 120 343 150 591
562 115 698 147 EUSEBII
716 114 885 144 VERCELL.
907 114 1133 144 EVAXGELIUM
1151 114 1224 144 CUM
1243 114 1358 143 VARUS
1377 113 1456 143 COD.
1471 112 1670 143 COLLATUM.
1885 113 1931 144 59!

1358 172 1473 201 CODEX
1492 170 1718 200 VERONENSIS.

491 172 605 202 CODEX
628 172 894 201 VERCELLENSIS.

297 222 339 250 lG.
366 222 467 249 Etcum
482 227 543 248 sero
714 228 768 247 non
787 223 846 247 erat

295 258 395 285 factum
407 261 479 285 esset
489 276 496 289 ,

298 293 444 321 dcsccnde-

298 336 359 357 runt
373 328 454 355 disci-

298 366 341 392 l7.
359 364 414 399 puli
429 363 487 398 ejus
501 361 536 390 ad

298 408 382 428 mare.
398 400 431 426 Et
442 407 487 426 as-

299 435 450 463 ceiidcruiit

299 471 327 499 in
344 479 427 503 nave,
443 474 470 498 et
481 470 502 497 i-

301 508 366 535 bant
380 511 454 533 trans

301 550 378 571 mare
392 542 419 569 in
429 540 481 571 Ca-

303 579 456 614 pharnaumr
467 586 473 604 ε

305 613 313 641 ζ
333 633 339 640 .
362 617 374 641 t
388 613 516 641 tenebrae

302 649 360 686 jam
376 654 472 686 erant:

715 257 765 283 nisi
782 264 833 282 ttiia
846 276 852 287 ,
868 255 892 281 in

714 300 766 325 qua
783 291 910 317 ascmtle-

715 332 775 354 rant
790 327 906 360 discipu—

716 363 732 389 li
749 362 811 389 Jesu
825 383 830 393 ,
843 368 869 389 et
884 361 956 396 quod

716 407 769 425 non
786 398 864 425 simul

716 442 777 461 cum
791 434 908 467 discipu-

717 470 750 496 lis
763 469 818 495 Silis
835 469 917 496 intra-

718 506 756 531 vit
768 505 846 532 Jesus
864 505 889 530 iii
906 511 951 530 na-

719 541 822 572 vicula,
839 540 884 567 sed
901 545 958 566 lati-

721 581 776 603 lum
798 577 916 610 discipu-

721 612 738 638 li
753 612 810 646 ejus
828 613 950 638 abierant
967 619 973 637 :

720 647 765 674 ‘23.
787 648 856 674 aliae
871 652 960 674 autent

304 683 333 713 et
343 685 461 713 nondum
721 683 864 710 naviculae

304 726 414 749 venerat
427 719 508 748 Jesus
721 723 856 746 venerunt

303 756 338 785 ad
353 756 426 784 illos.
723 754 757 781 de
772 753 915 782 Tiberiade

308 814 315 821 .
355 811 363 819 .
402 811 410 819 .
450 809 459 818 .
498 810 505 817 .
546 810 554 818 .
724 797 809 824 prope
822 791 911 817 locum

307 828 351 856 18.
371 834 470 862 magno
482 833 544 853 ven~
723 825 768 852 ubi
784 825 899 852 mandu-

308 868 336 891 to
350 862 431 890 llante
443 882 451 895 ,
465 863 521 897 jam
725 865 857 888 caverunt

308 898 447 934 surgebat.
582 931 589 934 Α
725 903 834 934 partem.

307 931 388 963 l9.'.
414 953 422 961 .
445 939 507 961 cum
522 931 603 959 remi-
725 932 771 959 24.
791 932 859 959 Cum
874 938 949 967 ergo.
972 953 978 959 .
995 947 1008 952 -

344 989 353 998 .
376 973 452 997 ssent
464 969 504 996 fe-
726 968 838 996 dissent.
861 987 867 994 .
889 982 911 994 .-

311 1027 318 1033 .
341 1025 348 1033 .
375 1025 383 1032 .
402 1004 491 1033 stadia
504 1010 560 1031 xxv
726 1004 778 1031 bae
792 1002 874 1038 quod.
898 1024 904 1031 .
928 1023 934 1030 .
959 1024 966 1030 .
989 1023 997 1031 .

307 1041 351 1070 vel
364 1041 491 1074 xxx,vi-
727 1047 780 1067 non
796 1046 822 1066 e.
845 1059 852 1066 .
875 1059 882 1066 .
905 1059 911 1066 .
935 1059 941 1065 .
965 1059 973 1066 .
996 1054 1018 1066 .-

308 1077 376 1106 dent
388 1076 480 1104 Iesum
495 1082 553 1103 aln-
726 1083 779 1110 que
792 1074 829 1101 di.
853 1094 860 1101 .
882 1094 890 1101 .
911 1094 919 1101 .
941 1094 948 1102 .
964 1075 983 1102 li

310 1114 449 1142 bulantem
463 1119 508 1139 su-
727 1110 802 1146 ejus.
818 1117 914 1138 ast-en-

309 1157 358 1185 pra
373 1155 448 1175 mare
460 1167 468 1180 ,
482 1151 510 1175 et
726 1147 904 1185 derunt_con-

726 1181 816 1209 festim
832 1181 859 1208 in
875 1189 920 1208 na-

726 1216 845 1250 viculas,
861 1221 888 1244 et
902 1225 947 1246 ve-

727 1256 828 1280 nerunt
840 1251 892 1280 Ca-

726 1288 876 1323 pharnauin

747 1331 846 1350 uaeren
851 1328 890 1351 tes

746 1361 773 1387 5.
793 1358 898 1386 Jesum.
914 1358 949 1386 Et
963 1358 1040 1387 inve-

728 1398 827 1423 nerunt
842 1394 919 1421 illum

730 1435 804 1457 trans
818 1437 891 1457 mare
903 1450 911 1464 ,

729 1470 758 1493 et
769 1466 896 1493 dixerunt

729 1501 770 1529 illi
787 1510 793 1528 :
811 1500 898 1528 Rabbi
912 1521 920 1533 .
937 1503 945 1516 '
958 1508 1044 1536 quan-

729 1537 765 1565 do
780 1537 831 1564 hoc
845 1536 937 1564 venis-

728 1572 775 1600 26.
797 1572 834 1599 ti‘l
850 1572 1002 1606 Respondit

730 1609 784 1635 illis
798 1607 879 1635 Jesus
889 1628 897 1639 .
912 1607 1006 1635 dicens
1023 1616 1029 1634 :

730 1643 817 1671 Amen
829 1663 836 1674 .
853 1650 933 1670 amen

730 1680 793 1706 dico
804 1679 880 1705 vovis
898 1687 905 1705 :

730 1715 863 1750 quaeritis
877 1720 921 1740 me

730 1749 785 1777 non
795 1750 806 1764 ¹
820 1749 882 1784 quia
903 1749 944 1776 vi-

730 1785 809 1813 distis
822 1786 897 1819 signa
911 1804 919 1817 ,

731 1819 768 1856 (ε)
782 1825 811 1849 et
829 1819 950 1856 prodigia
965 1819 984 1855 ᾧ
996 1841 1003 1853 ,

312 1191 397 1226 ριύρε
406 1190 479 1226 nave

312 1221 372 1249 ﬁeri
380 1241 387 1254 ,
403 1221 500 1246 timue—

311 1257 357 1285 20.
379 1259 450 1283 runt.
466 1253 569 1287 Quibus

310 1293 370 1328 ipse
382 1291 419 1318 ait
431 1299 436 1316 :
452 1290 509 1324 Ego
525 1295 586 1315 sum
597 1308 605 1321 ,

311 1328 395 1356 nolite
409 1332 486 1354 time-

310 1363 356 1391 21.
379 1371 416 1390 re.
433 1362 471 1397 (a)
486 1359 620 1387 Volebam

311 1407 375 1435 ergo
387 1400 493 1432 accipe-

313 1443 343 1464 re
356 1435 430 1463 illutn
446 1435 471 1460 in

313 1478 409 1499 navem
420 1478 426 1497 ἒ
441 1473 469 1497 ει
482 1474 533 1495 na-

311 1507 352 1534 vis
361 1504 506 1541 confestim

311 1539 382 1570 facta
396 1545 440 1570 est
450 1539 486 1568 ad

312 1583 411 1607 terram
421 1597 429 1610 ,
445 1577 471 1603 in

311 1613 357 1641 22.
374 1609 429 1648 qua
441 1612 526 1638 ibant.
541 1609 589 1637 Al.

313 1654 371 1677 tera
384 1647 430 1675 die
443 1653 500 1673 tur-

312 1684 364 1712 bae
372 1704 380 1716 ,
394 1689 464 1718 quae
476 1685 529 1709 sta-

312 1719 379 1748 bant
392 1723 466 1745 trans

313 1761 406 1786 mare,
421 1753 497 1780 vide-

313 1794 376 1818 runt
391 1790 452 1830 quia
466 1788 503 1816 al.
526 1802 548 1816 .-

313 1833 330 1854 a
344 1824 469 1853 navicula

1147 220 1190 248 16.
1213 219 1279 248 Cum
1295 224 1386 248 autem
1400 227 1447 247 ve-

1145 263 1227 291 spere
1241 256 1338 283 factum

1146 297 1219 319 esset
1229 313 1236 325 ,
1251 291 1393 320 discende-

1148 332 1210 355 runt
1223 328 1347 362 discipuli

1147 363 1207 395 eius
1222 363 1254 390 ad
1270 371 1353 391 mare.

1150 399 1193 425 l7.
1217 399 1248 425 Et
1261 399 1439 427 ascendentes

1149 434 1319 468 naviculam,
1334 436 1426 462 venie-

1149 469 1213 497 bant
1228 474 1304 498 trans
1316 479 1375 497 nia-

1150 513 1180 533 re
1195 506 1221 532 in
1235 506 1396 534 Calarnautn
1414 515 1421 534 :

1151 546 1177 568 et
1191 549 1250 568 cum
1262 542 1317 576 jam

1152 578 1277 604 tenebrae
1294 577 1379 605 factae

1152 618 1243 640 essent
1259 621 1265 639 :
1284 613 1402 640 nondum

1153 653 1263 676 venerat
1275 649 1308 675 ad
1322 657 1370 677 eos

1152 683 1242 711 Jcsns.

1155 720 1198 747 l8.
1220 719 1293 747 Mare
1306 725 1396 747 autem
1407 742 1414 754 ,

1153 756 1321 783 validissimo
1336 761 1415 783 vento

1155 790 1238 819 ﬂante
1248 812 1255 823 ,
1268 792 1389 827 insurge-

1156 826 1200 854 19.
1217 827 1289 854 bant.
1307 827 1341 854 Et
1353 835 1414 855 cum

1156 863 1333 897 remigassent
1348 869 1401 890 sta-

1156 897 1200 924 dia
1216 899 1291 933 quasi
1305 906 1356 925 xxv

1156 933 1201 961 vel
1214 941 1271 960 xxx
1285 954 1292 965 ,
1311 933 1403 961 vident

1158 969 1249 996 Jesum
1266 969 1408 996 ambulan-

1160 1009 1214 1032 leni
1228 1012 1309 1039 super
1323 1013 1381 1032 ma-

1160 1048 1190 1068 re
1202 1061 1209 1067 .
1226 1046 1252 1067 et
1265 1042 1340 1075 juxta
1356 1049 1402 1068 na-

1159 1084 1219 1104 vem
1234 1076 1291 1104 ﬁeri
1302 1097 1308 1108 .
1325 1082 1353 1104 et

1161 1113 1308 1140 timuerunt
1321 1113 1378 1140 val-

1158 1148 1203 1175 20.
1225 1149 1268 1176 de.
1286 1148 1331 1176 Ille
1343 1153 1433 1176 autem

1159 1183 1227 1211 dixit
1246 1184 1285 1210 eis
1301 1193 1307 1210 ε
1323 1184 1379 1219 Ego

1159 1226 1218 1246 sum
1229 1240 1236 1251 .
1252 1219 1336 1247 nolite

1161 1255 1266 1282 timere.

1160 1290 1205 1316 21,
1228 1290 1265 1325 (a)
1283 1290 1415 1331 Yolebant
1429 1291 1449 1327 ἰ-

1162 1333 1227 1360 ergo
1241 1334 1366 1367 reetperc

1164 1368 1225 1388 eum
1240 1370 1266 1388 In
1281 1369 1330 1388 na-

1162 1397 1276 1424 viculam
1294 1406 1301 1424 :
1317 1402 1345 1425 et

1164 1435 1254 1460 statim
1271 1434 1346 1460 navis

1163 1468 1279 1496 accessit
1291 1469 1324 1496 ad

1165 1508 1262 1540 terram
1272 1525 1279 1537 ,
1294 1504 1319 1532 iii
1332 1512 1384 1540 qua

1164 1539 1249 1566 ibant.

1164 1575 1210 1601 ‘22.
1231 1575 1322 1602 Altera
1335 1581 1425 1603 autem

1164 1610 1208 1637 die
1225 1611 1302 1637 turba
1313 1631 1320 1642 ,
1333 1618 1401 1646 quae

1165 1646 1253 1673 stabat
1268 1651 1342 1674 trans

1165 1688 1240 1709 mare
1254 1702 1261 1714 ,
1278 1682 1349 1709 vidit

1165 1717 1227 1751 quia
1246 1717 1382 1752 navigium

1166 1753 1231 1779 aliut
1247 1760 1300 1779 non
1316 1757 1375 1781 erat

1166 1788 1216 1814 nisi
1233 1796 1317 1816 unum
1335 1788 1371 1823 ib)

1171 1823 1230 1850 illut
1239 1824 1258 1859 -ι-
1268 1845 1275 1857 ,
1289 1829 1317 1852 et
1328 1824 1389 1859 quia

972 1877 1089 1906 CODEX
1107 1878 1302 1909 BRIXIANUS.

313 1933 379 1961 Cum
393 1935 483 1959 autem
498 1937 559 1958 sero
575 1930 674 1957 factum
689 1933 761 1956 esset
775 1927 973 1956 descenderunt
983 1926 1108 1963 discipuli

312 1969 372 2004 ejus
388 1968 421 1995 ad
438 1975 531 2004 niare._
547 1966 578 2004 Et
598 1964 775 1992 ascendentes
797 1965 822 2004 i_u
838 1964 958 2004 navicula
976 1970 1109 1990 venerunt

314 2000 389 2032 trans
399 2003 506 2031 marein
513 2002 547 2029 Ca
553 2003 699 2036 pliarnaum
707 2005 733 2027 et
741 2000 867 2027 tenebrae
875 2001 928 2034 jattt
938 2000 1023 2026 laetae
1033 2005 1111 2026 erant

312 2045 340 2068 et
355 2040 473 2067 nondum
487 2043 596 2066 venerat
617 2037 649 2063 ad
667 2044 713 2063 eos
727 2036 817 2063 Jesus.
836 2036 907 2062 Mare
924 2041 1014 2061 autem
1028 2041 1109 2061 vento

312 2084 409 2111 magno
433 2076 523 2111 ﬂante.
547 2072 717 2111 exsut'gtrbat.
739 2071 805 2098 Cum
830 2079 904 2111 ergo.
919 2072 1107 2111 reiiiigzisseiit.

333 2106 389 2138 misi
414 2110 499 2138 stadia
532 2106 776 2144 vigintiquinque.
802 2112 848 2133 aut
873 2106 991 2137 tiiginia.
1020 2107 1112 2133 vident

333 2120 389 2138 mist
414 2120 499 2138 stauta
532 2120 622 2144 Vlglltu
648 2120 776 2142 ψιιιιιμιιτ.
802 2120 848 2133 alus
873 2120 991 2137 ιιιμιιιιιι.
1021 2120 1110 2133 viuum

312 2120 405 2175 gesum
431 2146 613 2173 ambulantem
642 2151 723 2177 Sllpttl'
740 2150 824 2169 mare.
855 2148 880 2168 Cl
906 2149 990 2176 prope
1016 2150 1110 2169 navem

313 2185 479 2210 venientem.
508 2186 535 2208 et
558 2182 714 2207 timuerunt.
754 2179 800 2205 Ille
840 2183 929 2204 autent
954 2177 1021 2203 dixit
1061 2179 1110 2205 eis,

315 2218 374 2253 Ego
387 2226 446 2244 sum
472 2218 555 2244 nolite
583 2217 686 2242 timere.
706 2215 744 2249 (ιι)
761 2212 926 2253 γριυικιιιιῇ⁴
940 2221 1014 2253 ergo.
1041 2214 1111 2240 acci-

316 2250 380 2288 pe're
402 2261 463 2280 eum
486 2254 511 2288 in
541 2260 646 2278 navem.
672 2255 698 2277 et
730 2250 820 2288 statim
848 2250 923 2288 navis
962 2250 1030 2288 facta
1059 2254 1110 2275 est.

314 2284 347 2317 ad
373 2293 480 2316 terram.
506 2287 532 2315 in
549 2295 629 2323 quam
651 2288 734 2323 ibant.
759 2286 857 2323 Altera
872 2284 925 2311 die.
952 2284 1029 2323 turba
1043 2292 1112 2323 quae

313 2324 404 2354 stabat
436 2328 511 2352 trans
536 2319 621 2351 mare.
651 2321 789 2349 viderunt.
815 2320 876 2355 qiiia
903 2319 1025 2347 navicula
1045 2321 1110 2347 alia.

1163 1937 1216 1956 non
1239 1935 1297 1958 erat
1320 1930 1367 1957 ibi.
1390 1931 1442 1958 nisi
1464 1937 1517 1958 una
1541 1935 1570 1959 et

1562 227 1615 246 nou
1627 217 1708 246 simul
1721 223 1817 245 ascen-

1562 254 1599 282 dit
1612 261 1673 281 cum
1688 253 1771 280 disci—

1563 290 1633 332 pulis
1646 289 1702 316 suis
1716 288 1796 332 Jesu's

1565 324 1591 353 in
1608 332 1702 352 navem
1718 345 1724 357 ,
1740 324 1789 352 sed

1565 361 1614 388 soli
1629 359 1755 395 discipuli

1564 396 1623 430 ejus
1639 395 1748 422 fuerunt
1764 404 1771 421 :

1564 432 1610 459 25.
1632 436 1658 459 et
1673 430 1710 466 (ε)
1725 438 1786 459 cum

1566 475 1661 502 super-

1566 503 1704 531 venissent
1716 502 1735 538 -ί-

1567 539 1637 566 aliae
1651 545 1733 566 naves

1569 582 1583 601 a
1597 574 1757 606 Tiberiade.

1569 617 1638 646 quae
1654 610 1679 636 iii
1698 617 1759 646 pro:

1570 647 1643 673 ximo
1657 650 1735 673 erant
1750 645 1789 673 lo-

1569 689 1602 709 co
1611 702 1618 713 ,
1635 681 1690 708 illic
1708 681 1754 709 ubi

1569 717 1800 744 manducaverant

1570 760 1666 816 Eanem
1676 773 1684 786 ,
1702 760 1783 788 quem

1591 788 1749 816 enedixerat

1591 788 1749 816 enedixerat

1572 824 1713 852 Dominus.

1572 860 1618 887 24.
1639 858 1706 887 Cum
1720 866 1785 894 ergo

1574 895 1705 923 vidissent
1719 900 1774 922 tur-

1575 931 1624 958 bae
1639 932 1710 966 qttod
1723 930 1768 958 Je-

1574 974 1621 994 sus
1636 974 1688 994 non
1704 970 1746 994 est

1574 1002 1627 1036 ibi,
1644 1009 1732 1037 neque
1745 1001 1787 1030 di-

1575 1039 1672 1072 scipuli
1685 1040 1744 1074 ejus
1757 1059 1764 1071 ,

1575 1074 1616 1109 (ιι)
1634 1078 1795 1110 acceperunt

1574 1111 1627 1138 sibi
1645 1111 1696 1146 ipsi
1711 1118 1759 1138 na-

1574 1148 1676 1174 viculas
1695 1146 1715 1182 -ι-
1727 1167 1735 1179 ,
1749 1150 1777 1174 et

1575 1187 1710 1210 venerunt
1732 1184 1758 1210 in

1576 1217 1741 1245 Cafarnaum

1598 1259 1750 1281 uaercntes.

1598 1290 1624 1317 5.
1647 1290 1680 1317 Et
1695 1297 1756 1317 cum
1774 1287 1849 1316 inve-

1579 1324 1684 1352 nisscnt
1697 1332 1761 1353 eum

1582 1365 1656 1388 trans
1676 1367 1751 1388 mare
1758 1380 1766 1392 ,

1581 1395 1707 1424 dixerunt
1721 1395 1746 1424 ei
1763 1404 1770 1422 :

1580 1431 1666 1459 Rabbi
1679 1452 1687 1465 ,

1581 1467 1688 1499 quando

1580 1502 1625 1530 hic
1638 1504 1754 1532 venisti?

1579 1538 1625 1566 26.
1646 1537 1798 1575 Respondit

1579 1579 1670 1602 autem
1685 1574 1725 1603 eis
1737 1574 1784 1603 Je-

1580 1618 1627 1638 sus
1637 1631 1645 1643 ,
1659 1615 1687 1638 et
1701 1611 1768 1638 dixit
1783 1617 1791 1636 :

1580 1646 1666 1674 Amen
1674 1666 1681 1679 ,
1702 1653 1781 1674 amen

1581 1682 1643 1709 dico
1658 1682 1734 1710 vobis
1755 1691 1764 1710 :

1581 1718 1710 1752 quaeritis
1724 1724 1769 1745 me

1583 1761 1637 1780 non
1651 1753 1713 1788 quia
1728 1753 1769 1780 vi-

1583 1787 1668 1816 distis’
1675 1790 1751 1823 signa
1765 1787 1813 1824 (ε),

1585 1828 1612 1852 et
1626 1824 1746 1860 prodigia
1757 1824 1778 1860 -ι-
1788 1844 1796 1858 ,

1593 1930 1656 1972 quia
1679 1937 1733 1971 non
1749 1929 1830 1972 simul
1853 1925 1943 1972 intravit

1161 1964 1242 1993 Jesus
1267 1973 1327 1993 cum
1353 1966 1494 2000 discipulis
1514 1967 1571 1994 suis
1602 1960 1629 1994 in
1671 1966 1805 1993 navicula.
1832 1964 1874 1992 sed
1903 1960 1942 1989 soli

1163 2000 1288 2036 discipuli
1301 2002 1360 2036 ejus
1384 2003 1516 2030 abierant.
1543 2003 1611 2029 aliae
1634 2009 1699 2029 vero
1715 2007 1809 2029 ‘naves
1833 2000 1944 2027 venerunt

1164 2044 1178 2063 a
1205 2037 1346 2066 Tiberiade
1371 2038 1446 2072 juxta
1467 2039 1568 2066 locum.
1593 2037 1638 2065 tibi
1664 2038 1944 2072 niaiiducavcrantl?

1165 2080 1237 2099 nem.
1264 2081 1344 2106 quem
1370 2070 1510 2101 benedixit
1535 2073 1675 2101 Dominus.
1690 2073 1757 2101 Cum
1773 2070 1944 2108 ergiiviilissel

1167 2110 1254 2135 turba.
1272 2110 1331 2143 quia
1346 2109 1425 2136 JCStis
1440 2118 1492 2136 nun
1510 2116 1581 2136 esset
1594 2109 1640 2136 ibi.
1658 2117 1744 2143 neque
1755 2106 1875 2143 discipuli
1887 2106 1943 2136 θλυί·

1168 2142 1347 2171 ascenderunt
1376 2145 1517 2172 ciuile-stitit
1546 2145 1571 2171 lll
1601 2145 1746 2171 naviculas.
1779 2149 1805 2171 et
1826 2142 1944 2169 venerlllll

1167 2180 1352 2213 Capliarnauui
1370 2186 1529 2215 quaerentes
1549 2181 1650 2207 Jesuni.
1668 2181 1699 2207 Et
1721 2181 1878 2207 invenerunt
1894 2180 1943 2215 et")!

1169 2209 1241 2251 traiis
1252 2224 1334 2243 tiiarc.
1347 2209 1514 2243 nt'dixerunt
1527 2218 1560 2243 ei.
1574 2216 1658 2242 Ralilii
1672 2216 1780 2251 quando
1793 2216 1841 2241 ltuc
1851 2209 1942 2251 velli-ﬁll

1167 2250 1362 2284 lit-spontliteis
1374 2252 1462 2278 Jesus.
1479 2257 1506 2279 et
1521 2252 1587 2278 dixit
1600 2247 1687 2279 Anii-ii
1700 2260 1779 2278 amen
1795 2250 1853 2277 dico
1866 2247 1942 2284 vobis.

1167 2279 1355 2320 quaeritisnic.
1373 2296 1424 2315 non
1432 2289 1494 2322 quia
1505 2288 1607 2315 vidistis
1623 2288 1697 2322 signa
1717 2287 1754 2322 (e)
1770 2282 1910 2321 etprodigia
1918 2279 1942 2314 1‘.

956 2378 1073 2407 CODEX
1091 2378 1341 2414 CORBEIENSISJ

351 2430 394 2459 l9.
416 2429 502 2458 stadia
514 2427 608 2464 viginti
623 2426 665 2464 vel
677 2426 800 2464 triginta.

318 2502 335 2508 __
348 2466 395 2494 21.
415 2461 557 2493 confestim
580 2462 657 2491 navis
674 2462 744 2490 facta
771 2466 813 2489 est
836 2461 870 2489 ad
896 2466 1011 2496 terram,
1033 2469 1113 2497 quam

317 2502 470 2572 'bgfuquia
492 2543 547 2564 non
571 2533 694 2563 introivit
706 2533 786 2562 Iesus
803 2532 884 2562 simul
900 2540 962 2561 cum
976 2532 1116 2568 discipulis

1169 2427 1266 2464 sulsiiu
1281 2435 1375 2455 navem
1388 2449 1396 2462 ,
1412 2427 1460 2456 sed
1475 2428 1526 2456 soli
1539 2427 1664 2463 discipuli
1679 2428 1747 2463 ejus.
1789 2461 1797 2464 _
1864 2458 1880 2464 __

1202 2463 1248 2491 25.
1271 2464 1340 2492 aliae
1371 2458 1446 2493 vero.
1474 2484 1481 2491 .
1510 2484 1516 2491 .
1544 2458 1656 2499 pauein,
1687 2458 1767 2500 quem
1789 2458 1946 2490 benedixcrat

1168 2498 1310 2529 Dominus.

943 2590 1139 2620 VARIANTES
1156 2591 1358 2621 LECTIONES.

345 2644 355 2659 ⁸
373 2643 433 2667 Mm.
445 2639 566 2672 quomodo
576 2639 632 2664 huc.
649 2638 722 2672 Vulg.
731 2638 829 2672 quando
839 2638 897 2663 huc.

314 2675 332 2695 r.
347 2675 358 2690 ι
375 2674 429 2698 ϐαι.
441 2669 498 2704 ᾧ]ὶὲ
509 2671 628 2704 quaeritis
644 2669 715 2704 me..'.
735 2670 805 2704 signa
823 2673 850 2694 et
861 2669 972 2704 prodigia
984 2690 991 2702 ,
1003 2669 1049 2704 sed
1058 2670 1116 2702 quia

314 2701 479 2732 manducasiis
490 2701 525 2729 ex'
535 2703 637 2734 panibus
647 2702 720 2734 meis,
731 2705 765 2727 et.
778 2701 839 2726 Mm.
851 2702 908 2732 quia
919 2702 1039 2732 quaeritis
1047 2701 1117 2727 uie...

1168 2640 1247 2670 signa,
1259 2639 1303 2664 sed
1323 2640 1380 2671 quia
1398 2639 1563 2665 manducastis
1582 2645 1680 2670 panem,
1699 2641 1733 2664 et.
1744 2636 1827 2671 “Vulg.
1844 2629 1946 2666 quaeritis

1168 2669 1243 2696 me...
1253 2669 1338 2702 signa;
1347 2671 1392 2696 sed
1403 2672 1461 2703 quia
1472 2669 1636 2696 manducastis
1647 2676 1680 2696 ex
1696 2669 1804 2702 panibus,
1817 2670 1849 2692 et.

980 2744 1163 2774 BLANCHINI
1182 2745 1296 2774 NOTAE.

352 2795 391 2832 (a)
405 2794 445 2823 Ita
458 2799 487 2823 et
499 2797 556 2832 tes.
572 2791 619 2820 Gr.
629 2791 779 2832 j9¢}ov-_—
793 2790 830 2832 (ρ)
851 2791 932 2832 {Uidit
949 2791 1031 2832 illud,
1046 2793 1132 2832 etiam
1150 2797 1205 2821 tex.
1225 2793 1375 2832 Grasgsfvo.
1390 2809 1437 2832 ⁵-
1454 2794 1551 2832 (alita
1565 2798 1591 2822 et
1610 2793 1672 2832 eqd.
1687 2792 1765 2832 Cant.
1779 2791 1897 2832 ιλθὸγτατν.
1916 2798 1945 2805 -

315 2826 364 2869 (ά)’
374 2826 410 2869 lla
424 2835 451 2859 et
460 2830 523 2858 cod.
534 2829 611 2869 (iam:
624 2826 714 2869 ἔλαϐον
726 2826 826 2869 ὶῆυῖοῖς
835 2827 962 2865 πλοιάρια.
975 2827 1053 2862 -—(e)
1074 2829 1156 2869 Addit
1168 2835 1195 2857 et
1210 2829 1328 2869 prodigia
1341 2851 1347 2863 ,
1360 2830 1442 2858 etiam
1454 2826 1515 2858 cod.
1531 2830 1612 2858 Cant.
1633 2830 1690 2858 Lat.
1702 2835 1728 2857 et
1742 2829 1789 2856 Gr.
1802 2828 1842 2855 καὶ
1851 2826 1941 2863 τέρατα-

317 2861 439 2903 hécjuon
453 2874 525 2895 vers.
540 2864 666 2892 Gottliica
679 2883 686 2897 ,
698 2861 845 2898 ex_Johan.
859 2861 919 2899 cap".
936 2871 962 2891 IV
974 2883 981 2897 ,
998 2861 1070 2891 vers.
1089 2864 1142 2898 ιδ,
1157 2870 1186 2893 ut
1197 2861 1313 2893 videtur.
