3980 6192
188 230 284 285 393

543 344 774 401 CODEX
813 342 1349 401 VERCELLENSIS.

184 436 273 492 sed
301 437 415 505 quia
450 452 597 493 man.
989 436 1200 507 Moyses
1228 433 1378 490 dedit

184 507 403 565 ducastis
425 507 489 564 de
989 508 1141 561 vobis
1172 521 1363 575 panem

181 580 425 648 panibus,
454 586 508 636 et
535 594 631 635 sa-
988 578 1057 634 de
1088 579 1238 634 caelo
1263 619 1278 639 ,
1310 579 1402 635 sed

182 651 329 705 turali
358 650 502 705 estis.
990 650 1147 706 Pater
1173 665 1325 705 meus

180 720 260 776 ‘27.
296 721 594 791 Operamini
990 720 1083 776 dat
1119 720 1273 775 vobis
1303 736 1395 790 pa-

183 809 277 847 non
304 807 473 849 escam
500 833 516 858 ,
988 806 1112 848 nem
1139 792 1207 845 de
1232 792 1383 847 caelo

183 878 305 934 quae
326 865 460 933 perit
483 906 500 928 ,
528 863 626 922 sed
987 863 1141 934 illum
1168 864 1190 895 ²
1220 878 1429 918 verum.

182 950 340 990 escam
360 978 376 1002 ,
406 952 544 1006 quae
987 934 1080 1006 55.
1120 933 1281 988 Panis
1311 934 1455 990 enim

183 1017 342 1061 manet
368 1007 420 1061 in
446 1007 529 1062 vi-

184 1088 273 1132 tain
298 1085 589 1146 aeternam,

181 1164 318 1219 quam
350 1149 514 1205 Filius

180 1218 389 1275 hominis
417 1221 512 1274 da-

175 1294 243 1344 vit
268 1290 431 1346 vobis.
459 1291 620 1348 Hunc

176 1363 299 1417 euim
324 1361 477 1419 Pater

178 1434 190 1465 ¹
225 1433 435 1505 signavit
466 1435 635 1490 Deus.

164 1504 540 1579 '38.;Dixeruot
554 1520 697 1579 ergo

173 1575 229 1630 ad
254 1576 389 1630 illum
420 1596 433 1631 :
463 1577 606 1646 Quid

175 1646 402 1703 iaciemus
430 1660 492 1705 ut

176 1732 434 1787 aperemus

175 1804 313 1858 opera
344 1790 438 1847 Dei
460 1792 486 1845 ἲ

173 1860 249 1932 29.
287 1861 573 1932 Respondit
605 1860 723 1918 illis

173 1930 309 1987 Iesus
328 1975 343 1998 ,
372 1930 427 1989 et
451 1934 593 1989 dixit
623 1950 638 1987 :

176 2002 271 2060 Hoc
291 2014 370 2060 est
394 2019 530 2075 onus

177 2076 255 2130 Dei
281 2116 295 2142 ,
325 2085 380 2131 ut
403 2076 597 2133 creda-

175 2146 236 2220 tis
259 2147 305 2200 in
328 2163 447 2220 eum
471 2162 640 2220 quem

181 2218 307 2273 misit
329 2219 433 2276 ille.

992 1004 1086 1060 Dei
1115 1014 1234 1077 est,
1264 1007 1355 1077 qui
1383 1006 1505 1063 des—

985 1077 1169 1133 cendit
1200 1076 1267 1131 de
1288 1076 1418 1133 cae-

985 1148 1037 1202 lo
1064 1190 1078 1212 ,
1109 1157 1163 1204 et
1188 1148 1348 1203 vitam

984 1217 1078 1275 dat
1111 1219 1233 1274 huic
1265 1235 1420 1274 mttu-

984 1290 1074 1346 54.
1116 1292 1206 1346 do.
1240 1291 1502 1347 Dixerunt

985 1376 1115 1432 ergo
1140 1363 1206 1417 ad
1234 1362 1384 1417 illunt
1414 1380 1427 1417 :

986 1433 1212 1505 Domine
1235 1474 1251 1501 ,
1283 1448 1502 1505 semper

984 1503 1051 1559 da
1076 1505 1231 1560 nobis
1260 1505 1401 1560 bunc

986 1591 1201 1645 panem.

984 1647 1076 1703 55.
1114 1647 1206 1702 Ait
1237 1646 1534 1731 illis'Jesus'
1571 1668 1583 1704 :
1625 1647 1742 1720 Ego

985 1733 1102 1773 sum
1141 1734 1291 1789 panis
1317 1735 1398 1774 vn-

985 1797 1072 1844 tae
1106 1808 1120 1845 :
1153 1791 1243 1861 qui
1272 1791 1417 1846 venit
1490 1823 1513 1835 --

984 1861 1050 1916 ad
1079 1876 1196 1930 me,
1226 1876 1330 1917 non
1368 1878 1427 1918 e-

986 1934 1157 1988 suriet
1186 1950 1199 1986 :
1230 1944 1281 1988 et
1308 1934 1400 2003 qui

985 2004 1168 2060 credet
1197 2046 1211 2070 ,
1243 2021 1349 2058 non

985 2076 1133 2131 sitiet
1158 2091 1415 2143 unquam.

976 2146 1079 2202 56.
1119 2146 1225 2203 Sed
1254 2146 1364 2201 dixi
1399 2162 1495 2202 vo-

885 2249 904 2271 .
987 2220 1072 2276 bis
1098 2260 1115 2285 ,
1143 2218 1399 2289 quoniam

981 2298 1037 2346 et
1061 2288 1083 2320 ³
1113 2290 1306 2345 videtis
1328 2330 1344 2355 ,
1373 2298 1429 2346 ct

982 2375 1089 2416 non
1108 2362 1282 2418 credi-

984 2433 1075 2489 37.
1098 2433 1187 2489 tis.
1212 2430 1405 2499 Omne,
1427 2431 1572 2503 quod

986 2504 1076 2558 dat
1105 2504 1234 2558 mihi
1258 2505 1438 2571 Pater,

989 2574 1055 2630 ad
1076 2590 1163 2631 me
1189 2575 1335 2631 venit
1360 2590 1374 2629 :

990 2655 1044 2703 et
1073 2647 1163 2717 qui
1190 2648 1339 2703 venit

990 2718 1057 2771 ad
1084 2734 1190 2783 me,
1210 2733 1314 2772 non
1347 2717 1463 2774 abi-

176 2289 250 2362 ;‘30.
286 2289 538 2346 Dixerunt
568 2304 713 2362 ergo

174 2360 275 2433 illi:
304 2362 446 2430 Quod
477 2377 613 2433 ergo

175 2431 285 2487 iacis
310 2442 361 2488 tu
388 2431 602 2504 signuin
638 2474 655 2499 ,

176 2515 221 2556 ut
245 2504 507 2561 videamus
522 2547 539 2572 ,

175 2585 219 2629 et
240 2576 507 2632 credamus

175 2647 293 2720 tibi?
319 2647 440 2718 quid
470 2662 615 2720 ope-

174 2716 249 2771 '5|.
283 2716 449 2775 raris?
473 2716 680 2776 Patres

175 2790 320 2845 nostri
340 2806 488 2847 man—
991 2788 1083 2844 58.
1101 2789 1194 2860 cio
1212 2805 1333 2845 eum
1362 2807 1377 2845 :
1408 2805 1544 2860 quo-

177 2861 477 2918 ducaverunt
992 2860 1135 2915 niam
1168 2859 1392 2915 descen-

176 2946 340 2988 manna
366 2933 417 2989 in
446 2934 546 2989 di-
992 2929 1048 2986 di
1073 2930 1141 2986 de
1165 2932 1338 2997 caelo,
1368 2946 1473 2986 non

178 3014 300 3058 serto
316 3047 331 3073 ,
356 3006 493 3061 sicut
510 3020 573 3062 s-
995 3013 1054 3057 ut
1078 3002 1271 3058 faciam

178 3076 377 3145 criptum
404 3086 487 3132 est
516 3096 531 3131 :
990 3074 1320 3131 voluntatem

264 3146 448 3203 Panem
482 3148 554 3204 de

266 3218 405 3274 caelo
430 3219 590 3276 dedit

265 3289 361 3345 illis
388 3307 539 3347 man-

265 3359 473 3419 ducare.

179 3428 267 3505 '5}.
288 3432 646 3505 Respondens
670 3430 857 3499 Jesus,

180 3501 292 3556 dixit
316 3501 419 3560 illis
446 3523 462 3562 :

181 3570 326 3644 Amen
344 3617 360 3644 ,
382 3590 539 3633 amen

181 3642 283 3701 dico
309 3642 462 3706 rubis
492 3667 507 3706 :
540 3645 666 3703 Non

989 3161 1185 3212 meam,
1225 3146 1319 3201 sed
1350 3145 1489 3216 ejus,

988 3219 1078 3285 qui
1106 3232 1194 3273 me
1223 3216 1367 3272 misit

990 3288 1078 3343 59.
1113 3288 1185 3360 (ο)
1209 3288 1384 3343 Patris
1409 3286 1474 3359 ἰη
1507 3286 1651 3343 Haec

989 3369 1077 3415 881
1102 3370 1282 3415 autem
1307 3374 1406 3414 νο-

989 3430 1168 3487 luntas
1193 3431 1333 3502 ejus,
1478 3424 1483 3431 ’

990 3502 1083 3573 qui
1104 3502 1250 3557 misit
1265 3502 1366 3558 Pa—

992 3573 1087 3628 tris
1111 3590 1125 3627 :
1154 3584 1211 3628 ut
1235 3589 1417 3639 omne,

988 3644 1134 3717 quod
1158 3645 1307 3701 dedit
1330 3644 1354 3677 "
1373 3646 1473 3704 mi-

1152 225 1604 284 EVANGELIUM
1643 226 2009 289 SLCUNDUM
2051 228 2436 286 JOHANNEM.

1846 2873 2057 2912 ‘manna
2085 2858 2313 2912 mandu-

2278 342 2507 401 CODEX
2548 345 2999 401 VERUNENSIS.

1852 437 1947 493 sed
1976 438 2099 507 quia
2137 452 2290 492 man-
2684 452 2877 508 panem
2906 438 2973 493 de
2992 454 3114 495 cae-

1851 509 2089 564 ducastis
2117 508 2184 564 de
2689 510 2759 573 lo,
2792 510 2885 563 sed
2916 509 3076 565 Pater

1849 580 2080 650 panibus
2104 622 2120 641 ,
2153 588 2208 635 et
2683 596 2838 635 meus
2865 581 2959 633 dat
2980 596 3077 636 vo-

1849 652 2027 706 satiati
2058 651 2227 722 estis.
2284 721 2289 722 ί
2687 653 2770 707 bis
2798 666 2992 722 partem
3014 652 3083 708 de

1849 722 1941 779 27.
1981 721 2295 793 Oper-amitti
2347 738 2355 744 ·
2683 721 2841 779 caelo
2860 723 3010 777 illum

1847 809 2028 850 escam
2055 835 2069 857 ,
2108 807 2216 847 non
2684 809 2871 849 verum
2896 809 3112 863 panem.

2682 866 2772 921 55.
2808 865 2968 921 Panis
2989 866 3131 922 enim

2688 937 2781 991 Dei
2802 947 2905 995 est.
2937 939 3026 1007 qui

2687 1007 2969 1064 desrcndit
2993 1009 3061 1063 de

2688 1079 2863 1139 caelo.
2894 1091 2947 1135 et
2964 1082 3127 1135 vitam

2692 1150 2769 1223 (α)
2797 1150 2934 1223 dans
2961 1151 3003 1223 τι
3033 1154 3156 1208 huic

2691 1222 2917 1276 mundo.

2690 1292 2779 1369 51.
2826 1293 3087 1369 Dixerunt
3110 1312 3239 1369 ergo

2691 1364 2759 1419 ad
2790 1381 2914 1419 eum
2952 1382 2965 1417 :
2992 1366 3095 1419 Do-

1846 880 1985 936 quae
2012 864 2183 933 perit,

1847 936 1943 991 sed
1968 950 2185 1018 escam,
2218 949 2358 1017 quae

1847 1016 2128 1076 permanet
2152 1016 2206 1060 tu
2237 1016 2316 1059 vi-

1849 1088 1954 1132 tam
1989 1090 2287 1139 aeternam,

1845 1165 2006 1218 quam
2030 1147 2200 1203 Filius

1847 1220 2081 1275 hominis
2120 1218 2267 1274 dabit

1848 1291 2023 1346 vobis.
2057 1294 2211 1345 llunc

1846 1363 1992 1418 enim
2024 1363 2182 1416 Pater

1846 1434 2083 1504 signavit
2115 1433 2279 1487 Deus.

1845 1503 1938 1561 28.
1974 1505 2234 1559 Dixerunt
2263 1503 2422 1572 igitur

1845 1576 1912 1631 ad
1941 1590 2064 1631 eum
2100 1593 2114 1630 :
2146 1574 2284 1643 Quid

1846 1645 2107 1702 faciemus
2131 1657 2190 1701 ut

1847 1733 2136 1787 operemus
2154 1732 2283 1787 ope-

1846 1789 1939 1844 29.
1963 1806 2075 1844 ram
2110 1789 2239 1843 Dei?
2269 1787 2374 1843 Re-

1848 1862 2064 1931 Spondit
2085 1859 2262 1925 Jesus,

1850 1940 1908 1987 et
1933 1934 2067 1987 dixit
2088 1935 2202 1987 eis:

1853 2003 1967 2058 lloc
1988 2012 2075 2058 est
2098 2016 2234 2071 Opus

1849 2073 1968 2137 Dei.
1995 2083 2054 2127 ut
2080 2071 2314 2128 credatis

1850 2144 1906 2199 in
1938 2160 2066 2216 eum,
2079 2160 2240 2216 quem

1853 2217 1969 2287 ipse
2000 2214 2166 2270 misit.

1854 2288 1943 2343 50.
1981 2287 2244 2343 Dixerunt
2270 2299 2400 2354 ergo

1859 2360 1907 2414 ei
1937 2376 1953 2414 :
1985 2358 2139 2426 Quod
2162 2367 2340 2411 autem

1861 2439 1916 2484 tu
1941 2429 2073 2485 facis
2099 2430 2333 2500 signum,

1861 2511 1919 2556 ut
1946 2501 2249 2565 videamus,

1859 2582 1915 2628 et
1938 2573 2220 2627 credamus

1861 2644 1999 2700 tibi?
2019 2643 2147 2715 quid
2174 2658 2303 2715 ope-

1859 2715 2032 2770 raris?

1859 2787 1952 2842 51.
1993 2787 2181 2841 Patres
2211 2786 2380 2840 nostri

2692 1437 2859 1494 mine.
2893 1451 3110 1502 semper

2690 1507 2759 1561 da
2781 1507 3104 1564 nobishunc

2691 1593 2907 1648 panem.

2695 1651 2784 1704 55.
2815 1651 2955 1705 Dixit
2976 1650 3057 1706 eis
3081 1651 3175 1708 Je-

2694 1734 2788 1776 sus
2822 1737 2836 1773 :
2871 1722 2984 1791 Ego
3011 1737 3129 1777 sum

2696 1807 2865 1862 panes
2891 1798 3034 1849 vitae
3060 1811 3073 1846 :

2694 1865 2785 1933 qui
2811 1865 2959 1919 venit
2981 1864 3047 1920 ad

2695 1950 2805 2001 me,
2830 1950 2934 1991 n0u
2967 1936 3174 1993 esuriet
3199 1955 3211 1989 :

2693 2015 2748 2061 et
2772 2008 2862 2077 qui
2891 2007 3065 2062 credit
3092 2009 3144 2063 in
3169 2024 3279 2075 me,

2695 2093 2800 2130 nou
2830 2078 2977 2132 sitiet
3004 2094 3122 2132 um-

2695 2147 2785 2203 56.
2816 2165 2996 2217 quam.
3031 2149 3138 2205 Sed
3171 2149 3288 2206 dixi

2697 2219 2871 2277 vobis.
2904 2224 3157 2289 quoniam

2698 2300 2752 2345 ct
2780 2291 3009 2358 vidistis,
3043 2292 3136 2348 sed

2702 2377 2807 2415 non
2828 2363 3073 2419 creditis.
3140 2416 3153 2425 ,

2700 2433 2793 2506 57.
2833 2432 3028 2506 Omne,
3058 2435 3201 2506 quod

2701 2505 2795 2558 dat
2824 2504 2957 2560 mihi
2984 2504 3166 2574 Pater,

2700 2575 2769 2631 ad
2789 2593 2875 2632 nte
2898 2579 3106 2633 veniet:

2701 2656 2916 2714 etcum,
2951 2650 3038 2716 qui

2701 2720 2848 2774 venit
2874 2720 2941 2773 ad
2967 2735 3075 2786 me,

2704 2806 2811 2863 non
2845 2790 2921 2862 (ὁ)
2944 2793 3122 2860 apello
3150 2791 3188 2863 ’ί-
3212 2808 3228 2846 :

2701 2860 2793 2916 '58.
2823 2860 2923 2915 nec
2950 2863 3093 2915 enim
3123 2860 3208 2917 di-

2701 2931 2887 2991 scendi
2917 2932 2984 2986 de
3011 2934 3186 2998 caelo,

2704 3010 2763 3056 ut
2793 3001 2986 3055 faciam
3019 3018 3114 3057 vo-

2703 3073 2966 3127 luntatem
2984 3089 3185 3141 meam,

2705 3144 2799 3198 sed
2818 3144 3149 3200 voluntatem

2708 3213 2783 3285 (ε)
2817 3214 2990 3298 Patris
3017 3216 3077 3288 ιι.
3105 3218 3197 3289 qui

2709 3301 2794 3340 me
2817 3297 2985 3340 tlitslt.

2707 3357 2797 3413 59.
2828 3358 2971 3413 Haec
2988 3366 3074 3415 est
3094 3375 3190 3416 au-

2709 3437 2816 3484 tent
2849 3430 3097 3487 voluntas

2707 3499 2847 3571 ejus,
2875 3502 2967 3571 qui
2998 3505 3145 3560 misit

2707 3570 2786 3645 (ά)
2815 3570 2903 3627 me
2923 3573 2999 3643 1-:
3034 3589 3088 3629 ut
3116 3590 3237 3634 om-

2707 3660 2798 3712 ne,
2828 3645 2975 3715 quod
3006 3646 3157 3704 dedit

1859 2937 2118 2984 caverunt
2145 2927 2197 2981 in

1861 2998 2100 3062 deserto,
2128 3000 2269 3052 sicut

1861 3071 2122 3138 scriptum
2144 3079 2227 3125 est
2251 3085 2265 3123 :

1862 3140 2066 3196 Panem
2092 3139 2162 3195 de
2183 3139 2338 3194 caelo

1862 3212 2013 3267 dedit
2036 3214 2116 3267 eis
2147 3226 2300 3266 man-

1860 3283 2082 3338 ducare.

1861 3354 1952 3411 52.
1988 3353 2128 3409 Dixit
2145 3361 2326 3410 autem

1862 3428 1941 3482 eis
1967 3425 2123 3482 Jesus
2148 3443 2161 3478 :
2193 3425 2388 3493 Amen,

1862 3513 2018 3553 amen
2046 3496 2171 3552 dico

1860 3571 2018 3625 vobis
2048 3587 2073 3641 :7
2094 3567 2227 3641 Non
2245 3568 2390 3641 Moy-

1862 3655 1952 3697 ses
1975 3640 2125 3695 dedit
2146 3639 2298 3695 vobis

1485 3760 1723 3818 CODEX
1758 3757 2157 3814 BRIXIANUS.

182 3855 397 3926 sedquia
425 3855 801 3912 manducastis
831 3870 898 3912 ex
939 3855 1190 3926 panibus.
1236 3863 1290 3910 et
1341 3856 1564 3911 saturati
1612 3856 1766 3910 estis.

183 3925 462 3997 Operatnini
488 3937 699 3984 autem.
729 3942 835 3981 non
865 3925 1065 3983 cibum.
1097 3926 1189 3995 qui
1221 3930 1378 3994 perit.
1440 3927 1535 3987 sed
1590 3928 1768 3982 cibum

183 4002 256 4065 qui
284 4014 559 4069 permanet
589 3999 644 4054 in
673 3999 835 4054 vitam
858 4010 1334 4069 aeternamquem
1356 3998 1771 4052 Filiusltominis

190 4069 315 4124 dabit
343 4073 493 4127 vobis
512 4071 672 4127 Hunc
692 4072 835 4125 enim
868 4070 1025 4125 Pater
1046 4073 1279 4136 signavit
1312 4070 1477 4126 Deus.
1510 4070 1770 4124 Dixerunt

187 4153 297 4211 ergo
316 4144 378 4197 ad
407 4160 555 4198 eum.
582 4142 722 4208 Quid
746 4141 1025 4196 faciemus.
1055 4148 1113 4195 ut
1138 4158 1429 4211 operemur
1455 4156 1617 4210 opera
1652 4142 1765 4194 Dei.

187 4206 457 4283 Respondit
497 4206 684 4271 Jesus.
730 4224 786 4269 et
822 4213 956 4267 dixit
992 4215 1092 4267 eis.
1126 4206 1239 4267 Hoc
1270 4222 1353 4268 est
1386 4206 1525 4281 opus
1556 4211 1674 4283 Dei.
1708 4220 1770 4265 ut

188 4282 395 4339 credatis
418 4288 469 4340 in
487 4300 617 4342 eum
630 4300 788 4355 quem
813 4284 903 4339 ille
925 4286 1088 4338 misit.
1108 4282 1608 4355 Dixeruutei.Qmul
1636 4297 1767 4352 ergo

190 4360 234 4405 tu
246 4370 443 4425 signum
455 4357 615 4412 facis.
633 4354 1043 4410 utvitleamuset
1057 4357 1344 4410 credamus
1358 4354 1612 4425 tibiquid
1637 4369 1767 4423 ope-

191 4427 325 4480 raris.
348 4428 534 4484 Patres
559 4428 729 4482 nostri
761 4442 955 4481 manna
983 4427 1444 4482 manducaveruut
1474 4434 1525 4479 in
1549 4426 1767 4481 deserto

192 4496 307 4550 sicut
332 4500 591 4555 seribtum
622 4506 725 4554 est.
756 4498 956 4553 Panem
983 4498 1051 4552 de
1083 4499 1238 4554 caelo
1261 4498 1410 4553 dedit
1433 4499 1513 4552 eis
1541 4499 1768 4551 mandu-

193 4569 491 4641 careDixit
534 4586 666 4641 ergo
702 4570 785 4625 eis
822 4568 999 4625 Jesus.
1037 4573 1207 4627 Amen
1236 4586 1394 4625 amen
1436 4570 1560 4625 dico
1590 4567 1766 4641 vobis.

194 4633 291 4694 Non
316 4640 522 4714 Moyses
548 4633 700 4698 dEdit
725 4641 878 4698 vobis
923 4656 1113 4711 panem
1154 4641 1223 4697 de
1263 4643 1435 4697 caelo.
1466 4641 1560 4695 sed
1608 4640 1770 4693 Pater

1878 3868 2029 3909 meus
2066 3851 2159 3906 dat
2185 3852 2337 3924 vobis
2365 3866 2557 3921 panem
2586 3853 2653 3909 de
2683 3853 2852 3909 caelo.
2887 3854 3049 3912 Panis
3077 3858 3221 3915 enim
3254 3863 3345 3919 Dei
3371 3878 3477 3924 est.

1874 3926 1963 3994 qui
1993 3923 2277 3978 descendit
2300 3924 2369 3978 de
2396 3926 2566 3978 caelo.
2595 3933 2650 3980 et
2675 3926 2766 3980 dat
2798 3934 2958 3980 vntam
2987 3932 3113 3984 huic
3134 3936 3354 3989 mundo.
3394 3923 3481 3991 Di;

1875 4005 2070 4074 xerunt
2090 4010 2221 4074 ergo
2251 3997 2466 4074 ad‘eum
2495 3995 2743 4074 Domine.
2774 4001 3072 4068 Semperda
3103 4006 3257 4058 nobis
3286 4025 3477 4074 panem

1873 4066 2037 4150 hunc.
2073 4107 2102 4150 ._
2123 4069 2186 4120 lit
2230 4066 2363 4120 dixit
2392 4068 2470 4121 eis
2502 4065 2668 4150 JAcsusA
2694 4070 2804 4149 Ego
2836 4065 2954 4150 sunt
3001 4075 3153 4140 panis
3195 4065 3356 4133 vitae.
3386 4084 3477 4150 qui

1873 4139 2103 4193 vcnitad
2132 4153 2235 4208 me.
2266 4154 2370 4191 non
2396 4141 2596 4191 osurict
2622 4148 2677 4191 et
2697 4141 2785 4208 qui
2809 4140 2976 4194 credit
2997 4139 3045 4195 tn
3075 4159 3178 4200 me.
3203 4164 3309 4202 non
3334 4139 3481 4206 διιῖρι

1874 4226 2147 4280 umquam.
2203 4207 2309 4280 sed
2358 4208 2470 4262 dixi
2519 4207 2863 4280 vobisfqma
2909 4212 3122 4268 vidistis
3169 4233 3255 4273 me
3300 4231 3476 4277 etnon

1874 4230 2147 4280 “iniquum.
2203 4230 2309 4263 neu
2358 4230 2470 4262 urxt
2519 4230 2689 4265 voms.
2737 4230 2863 4265 «tua
2909 4230 3122 4268 Vtutsus
3169 4233 3255 4273 me
3300 4231 3476 4277 etnon

1874 4281 2201 4336 credidistis.
2250 4279 2421 4333 Omne
2472 4282 2613 4349 quod
2666 4230 2815 4335 dedit
2849 4281 2982 4336 nubi
3035 4286 3212 4341 Pater.
3266 4293 3333 4344 ad
3393 4311 3480 4352 tne

1876 4355 2073 4428 veniet.
2104 4359 2162 4428 et
2190 4366 2327 4428 eum
2344 4351 2433 4421 qui
2473 4355 2652 4428 veniet
2693 4359 2893 4428 ad_me.
2925 4371 3028 4408 non
3059 4361 3280 4428 expello
3310 4367 3476 4421 foras,

1875 4425 2129 4494 quoniam
2154 4422 2274 4476 ideo
2298 4423 2552 4494 descendi
2580 4424 2647 4477 de
2668 4424 2842 4477 caelo.
2870 4440 2976 4479 non
3005 4437 3061 4480 ut
3082 4422 3271 4486 lacium
3289 4436 3481 4491 volun-

1877 4492 2039 4549 tatem
2061 4508 2234 4549 meam
2262 4492 2358 4566 sed
2393 4493 2726 4550 voluntatem
2755 4496 2872 4566 ejus
2901 4499 2991 4566 qui
3024 4514 3110 4554 me
3138 4506 3302 4559 misit.
3334 4509 3480 4565 Haec

1875 4571 1961 4621 est
1983 4576 2171 4644 autent
2188 4565 2438 4644 voluntas
2471 4566 2605 4635 ejus.
2632 4568 2721 4635 qui
2753 4565 2836 4638 (d)
2872 4565 2957 4622 me
2983 4570 3205 4644 misit-jx
3234 4586 3290 4632 ut
3316 4594 3481 4637 omne

1877 4638 2020 4708 quod
2052 4636 2203 4690 dedit
2228 4636 2329 4690 mi—
2766 4636 2773 4638 ’
3091 4647 3114 4673 ¹

1472 4749 1708 4809 CODEX
1743 4746 2217 4809 CORBEIENSIS.

370 4849 495 4920 quid
522 4849 672 4906 enim
696 4848 988 4920 operaris?

255 4916 335 4973 32.
375 4916 568 4992 nauem
599 4921 668 4977 de
701 4916 857 4978 coelo
882 4920 1035 4977 illum
1064 4935 1270 4980 verum.
1309 4919 1407 4979 Dei
1438 4920 1584 4977 enim
1612 4921 1768 4993 panis

1875 4857 1959 4904 est
1988 4844 2264 4973 ,dqui’de
2321 4826 2477 4902 coelo
2515 4845 2839 4917 descendit,
2893 4861 2948 4909 et
2993 4853 3085 4910 dat
3139 4857 3302 4916 vitam
3354 4863 3480 4923 huic

1876 4935 2005 4973 mu"
2048 4933 2102 4973 οο

1876 4933 2102 4974 111111100.

1425 5033 1819 5092 VARIANTES
1854 5030 2259 5091 LEC'I‘IONES.

253 5124 269 5198 ξ
298 5130 410 5198 itm.
436 5130 745 5198 signiﬁcavit.
775 5130 921 5196 Vulg.
945 5133 1171 5198 signavit.

251 5189 271 5261 ξ
301 5193 412 5261 ym.
437 5189 600 5261 Yet-us
624 5189 931 5261 euitnnaui's.
963 5189 1109 5261 fulg.
1136 5196 1285 5246 Panis
1308 5195 1460 5247 enim.

252 5250 272 5281 ⁸
301 5253 402 5305 ϐαι.
437 5258 637 5319 vidistis,
662 5264 732 5308 et.
764 5250 912 5323 Vulg.
939 5250 1125 5309 vidis't'is
1143 5272 1241 5321 me,
1270 5263 1342 5309 et.

1940 5129 1967 5211 ἶ
1993 5129 2318 5211 Ερέςίεὶῐῖξὲ·
2334 5127 2791 5211 εξπὲἓβξίείῖδίξιῖτέιοξξ
2806 5133 3008 5211 Perdat"
3031 5148 3096 5187 ει
3118 5142 3482 5211 θο.ίιυίαιιιοητ,

1880 5193 1969 5262 sed
1993 5189 2545 5262 resoscitaboiltudiq.
2576 5191 2724 5257 Vulg.
2748 5189 2867 5246 mibi
2884 5233 2901 5259 ,
2934 5211 3033 5248 non
3066 5189 3454 5262 ρει-αειὶιιξίέδ

1882 5255 1973 5305 sed
1999 5254 2293 5304 resuscitem
2315 5251 2432 5303 illud
2453 5252 2529 5303 in‘
2675 5248 2699 5257 ν
2884 5248 2899 5259 ι
3066 5248 3089 5262 τ
3110 5248 3147 5251 π
3164 5248 3267 5252 nm
3306 5248 3368 5257 -..
3393 5248 3483 5271 η,

1502 5336 1876 5396 BLANCHINI
1913 5336 2147 5392 ΝυΤΑΕ.

263 5425 336 5524 in)
358 5428 486 5524 Tex.
515 5433 612 5524 (fr.
640 5433 996 5524 Δᾷιδιξύς..Νι)ιι
1022 5436 1127 5520 alia
1156 5450 1295 5524 vero
1334 5435 1403 5491 de
1425 5450 1587 5524 causa
1619 5433 1789 5524 dans‘
1809 5447 1908 5522 pro
1955 5431 2065 5524 εἰᾼιιιΔ
2085 5430 2445 5524 interpretem
2471 5433 3026 5524 vertisse‘existitno,
3056 5437 3159 5495 nisi
3195 5446 3317 5524 quia
3362 5461 3489 5508 ante

199 5492 549 5583 διῆὸῦςεάθθέι
576 5492 833 5583 articulus
857 5507 903 5563 ὁ.
947 5508 1036 5579 qui
1080 5506 1296 5583 quidem
1326 5517 1601 5583 cutn‘antc
1625 5492 1943 5563 καταϐσξίνων
1976 5492 2248 5575 praetixus
2290 5502 2471 5583 inerit,
2505 5492 3073 5583 antedtdodcratione
3095 5492 3490 5583 c§..j‘..“.'.2u'.'.'.ii‘;

199 5575 516 5650 miotttissus
545 5586 648 5633 est.
677 5580 948 5649 lnterpres
964 5574 1119 5650 ergo,
1140 5649 1143 5650 ν
1164 5579 1340 5634 habita
1374 5577 1584 5633 ratione
1611 5574 2010 5650 conjuucitoms
2051 5585 2099 5631 et
2124 5615 2140 5640 ,
2169 5574 2365 5650 vertit,
2399 5576 2507 5650 dat.
2558 5574 2887 5650 llujustnodi
2928 5574 3491 5650 exempla'versionis

198 5643 349 5728 inulta
372 5660 655 5728 occurrunt
683 5651 737 5704 in
761 5643 1013 5728 llfs'atmis.
1032 5643 1201 5728 ἱ-(ιι)
1229 5643 1792 5728 Ροεειῳηειιοηιιυὲςξι
1812 5649 2136 5728 [crastinam
2168 5646 2220 5699 in
2253 5646 2376 5701 cod.
2401 5644 2634 5700 Cant.—
2657 5644 2729 5713 (ο)
2751 5648 2915 5703 Addit
2937 5643 3115 5702 Putris
3134 5658 3256 5705 cod.
3280 5643 3493 5728 quoqué

199 5712 345 5769 Cant.
388 5721 600 5799 πατρὸς.
648 5750 722 5764 -—
752 5722 831 5795 (d)
862 5722 985 5777 PoSt
1010 5739 1108 5787 tne,
1134 5712 1293 5778 deest
1337 5712 1508 5779 Patris
1559 5712 1719 5778 etiam
1750 5712 1822 5776 ιη’
1852 5720 1987 5778 God.
2018 5720 2172 5775 Cant.

617 5818 891 5881 Ρηιιυι.
952 5818 1095 5882 XII.

2810 5810 2889 5871 13
