3950 6194
130 202 133 203 ί
216 210 315 259 ηεξ--

116 512 123 519 ι

112 736 278 831 τί.)

112 840 185 913 //

416 1125 422 1131 -
493 1115 596 1165 ego
612 1100 822 1151 locutus

488 246 593 304 399

888 352 1121 411 CODEX
1160 353 1709 411 VERCELLENSIS.

1332 466 1453 505 mus
1469 450 1493 504 ?
1514 450 1674 504 verba

1330 522 1473 575 vitae
1505 533 1683 577 aeter-

1332 592 1420 647 70.
1454 609 1553 647 nae
1577 594 1759 648 habes.
1792 591 1860 646 Et

1334 679 1432 717 nos
1458 664 1688 720 credidi—

1330 750 1469 817 ntus,
1501 747 1553 789 et
1576 751 1773 817 Cogno-

1330 822 1504 861 vnuus
1529 824 1651 875 quia

1335 887 1389 932 tu
1421 894 1479 931 es
1503 880 1751 938 Christus
1776 882 1907 938 Fili-

1335 964 1398 1003 us
1424 950 1539 1005 Dei.

1334 1021 1425 1075 71.
1469 1022 1765 1092 Πρευοηάἱι
1787 1025 1968 1092 Jesus,

1333 1100 1389 1146 et
1419 1094 1553 1148 dixit
1586 1097 1693 1151 illis
1727 1115 1739 1149 :

1335 1163 1523 1219 Nonne
1555 1184 1656 1238 ego

1335 1251 1431 1291 vos
1457 1254 1549 1293 xu.
1580 1241 1689 1293 ele-
1766 1270 1769 1271 ν

1334 1308 1420 1376 gi:
1451 1319 1503 1362 et
1523 1326 1586 1364 ex
1616 1310 1768 1367 vobis

1336 1395 1472 1433 unus
1500 1380 1689 1434 diabo-

1333 1450 1422 1505 72.
1464 1456 1549 1505 lus
1572 1453 1690 1507 est?
1718 1455 1739 1484 '
1771 1454 1991 1509 Dicebat

1334 1532 1510 1576 autem
1541 1524 1734 1580 Judam

1334 1592 1609 1649 Simonem
1642 1596 1768 1651 Sca—

1336 1665 1476 1720 rioth
1508 1683 1521 1718 :
1557 1668 1643 1722 hic
1670 1668 1811 1721 enim

1336 1736 1489 1790 illum
1523 1748 1639 1792 erat
1668 1747 1776 1792 tra-

1338 1807 1573 1875 diturus,
1603 1825 1727 1864 cum

1338 1892 1481 1935 8‘58!
1514 1896 1649 1935 llllUS

1338 1949 1407 2006 de
1435 1967 1529 2006 xu.

1529 2065 1757 2123 CAPUT
1797 2065 1910 2121 Vll.

1347 2160 1396 2212 ’1.
1424 2158 1553 2213 Post
1576 2156 1647 2229 (e)
1672 2160 1786 2213 haec
1805 2158 1843 2228 ’θ
1870 2157 1890 2188 ⁸
1915 2172 2030 2212 am-

1341 2230 1560 2284 bulabat
1596 2230 1751 2285 Jesus

1346 2300 1398 2355 in
1422 2300 1707 2366 Galileazn,

1344 2387 1452 2425 11011
1492 2387 1637 2427 8111111
1688 2392 1695 2401 ³

1344 2442 1576 2497 habebat
1607 2458 1703 2512 po-

1350 2522 1600 2567 testatem
1626 2516 1675 2566 in

1348 2584 1549 2639 Iudaea
1590 2584 1777 2639 ambu-

1347 2655 1492 2709 landi
1516 2673 1529 2710 :
1561 2658 1754 2725 quoni-

1344 2742 1429 2781 am
1458 2742 1681 2796 quaere-

1347 2799 1475 2851 bant
1503 2797 1692 2854 Judaei

1348 2869 1497 2924 illum
1523 2869 1738 2924 occide-

1345 2940 1400 2995 2.
1444 2957 1522 2995 re.
1552 2942 1877 2995 Eratautem

1347 3028 1515 3083 prope
1539 3013 1658 3066 dies
1682 3012 1778 3064 ies-

1348 3124 1361 3138 .
1407 3124 1420 3138 .
1469 3125 1480 3137 .
1522 3083 1873 3149 Judaeorum,

1346 3155 1699 3225 Scenopegia.

1348 3228 1401 3282 3.
1448 3227 1711 3280 Dixerunt
1750 3225 1828 3297 (ς)
1867 3240 1953 3281 er-

1348 3297 1466 3367 goi-
1489 3297 1554 3351 ad
1590 3298 1737 3350 illum

1352 3369 1546 3422 fratres
1573 3368 1723 3436 ejus:

1350 3438 1544 3493 Transi
1569 3438 1715 3502 hinc,

488 457 611 514 ritis
641 453 839 509 Filium

492 525 730 583 hominis
752 538 938 579 ascen-

493 600 710 655 dentem
743 598 832 649 ubi

490 680 616 725 ante
647 668 796 722 erat?

493 742 583 797 64.
610 739 841 804 Spiritus
871 746 975 803 est,
999 736 1089 807 qui
1112 734 1195 789 vi-

490 814 701 871 viﬁcat:
727 826 849 864 nam

494 900 620 940 earn
646 882 779 937 nihil
811 897 938 951 pro-

492 955 615 1011 dest
639 970 652 1007 :

489 1028 678 1091 verba,
709 1039 847 1095 quae

495 1185 614 1225 sum
649 1169 823 1233 Vobis,

492 1240 718 1302 Spiritus
737 1250 791 1293 et
817 1237 922 1291 vita
949 1251 994 1291 s.
1042 1276 1054 1289 .
1104 1274 1117 1288 .

494 1313 583 1368 65.
611 1311 713 1367 Sed
735 1327 797 1365 ex
832 1309 982 1364 vobis

495 1393 622 1439 sunt
651 1382 840 1452 aliqui,

495 1455 588 1522 qui
618 1470 722 1508 non
749 1469 868 1509 rre-

493 1527 647 1582 dunt.
674 1525 894 1580 Sciebat

493 1601 636 1654 enim
664 1598 733 1652 ab
759 1597 862 1650 ini—

495 1671 569 1725 tio
600 1670 756 1725 .lt-sus
780 1670 795 1699 ¹
812 1664 905 1736 qui
924 1679 1007 1721 es-

493 1750 615 1796 sent
646 1757 750 1793 non
781 1754 903 1793 cre-

495 1813 707 1874 dentes,
738 1819 793 1865 et
815 1808 907 1868 nui

493 1892 660 1948 esset,
681 1882 769 1949 qui
803 1878 952 1933 illum

499 1954 799 2009 traditurus

497 2026 589 2081 66.
622 2036 759 2080 erat.
787 2023 853 2078 Et
877 2020 1023 2077 dice-

492 2097 617 2151 hat:

496 2168 792 2236 Propterea
823 2165 937 2221 dixi

495 2240 675 2303 vobis,
716 2253 879 2292 nemo

494 2321 676 2381 potest
710 2308 853 2363 veni-

497 2379 559 2437 re
586 2381 651 2435 ad
676 2396 784 2444 me,
811 2379 911 2433 nisi

496 2453 576 2508 illi
605 2451 790 2507 datum

496 2524 662 2580 fuerit
681 2541 708 2576 a
734 2522 808 2593 (ὁ)
839 2519 1052 2593 Patre-2'

499 2596 589 2650 67.
624 2595 699 2650 Ex
732 2592 833 2647 hoc
865 2592 1017 2648 multi

500 2682 565 2721 ex
592 2665 874 2732 discipulis

499 2739 617 2806 ejus
648 2738 896 2791 abierunt

496 2818 646 2865 retro
673 2826 685 2862 :
716 2818 771 2863 et
797 2823 911 2861 am-

499 2880 643 2950 plius
671 2895 791 2934 cum
824 2880 884 2931 il-

502 2952 557 3006 lo
582 2968 686 3005 non
714 2950 903 3005 ambu—

498 3023 769 3078 laverunt.

502 3094 592 3150 68.
619 3094 703 3148 Ait
723 3093 882 3149 Jesus
901 3090 968 3146 ad
985 3105 1044 3145 xi
1069 3106 1082 3144 :
1104 3087 1271 3143 Nutu—

500 3165 629 3231 quid
660 3174 714 3218 et
743 3181 836 3221 vos

500 3234 589 3291 69.
621 3236 782 3289 vultis
808 3234 923 3288 ire?
946 3233 1084 3287 Res-

508 3306 697 3372 pondit
717 3306 900 3359 Simon

507 3378 703 3431 Petrus
726 3392 739 3428 :
768 3375 1019 3439 Domine,

504 3447 573 3502 ad
604 3462 763 3518 quem
788 3444 888 3500 ibi-

1015 233 1675 295 EUSEBH'VERCELL.
1721 233 2175 294 EVANGELIUM
2213 234 2355 294 CUM
2393 234 2627 293 VARUS
2664 234 2821 292 COD.
2864 233 3263 294 COLLATUM.

3680 238 3780 297 400

2626 351 2859 410 CODEX
2900 351 3354 411 VERONENSIS.

3039 446 3105 499 ad
3137 462 3291 515 quem
3324 445 3423 499 ibi-

3040 533 3159 571 mus
3186 518 3210 571 ?
3238 518 3397 572 verba

2201 447 2320 501 ritis
2340 446 2537 502 Filium

2201 518 2436 573 hominis
2458 532 2648 573 ascen-

2199 590 2414 645 dentem
2444 590 2535 645 ubi

2200 660 2299 715 fuit
2330 661 2516 727 prius?

2200 731 2289 787 64.
2333 732 2569 798 Spiritus
2594 740 2697 797 est,

2200 806 2290 874 qui
2315 805 2567 868 vivilicat;

2201 891 2322 929 nam
2353 891 2480 929 caro
2503 877 2584 930 ni-

2201 946 2273 1000 hil
2302 948 2551 1013 prodeest
2571 963 2584 1001 :

2198 1018 2361 1073 verba
2386 1060 2401 1084 ,
2432 1033 2569 1089 quae

2200 1104 2301 1159 ego
2332 1092 2541 1144 locutus

2200 1176 2319 1215 sum
2344 1160 2517 1225 vobis,
2541 1160 2651 1230 spi—

2200 1233 2336 1286 ritus
2362 1234 2436 1299 (a)
2467 1241 2551 1288 est
2568 1232 2605 1303 ἦ·

2202 1313 2255 1358 et
2282 1304 2410 1357 vita.

2201 1375 2291 1430 65.
2334 1373 2440 1430 Sed
2471 1391 2540 1429 ex
2562 1373 2714 1430 vobis

2202 1456 2325 1500 sunt
2348 1446 2586 1514 quidam,

2200 1519 2290 1585 qui
2323 1535 2426 1572 non
2468 1518 2716 1572 credunt.

2203 1590 2419 1644 Sciebat
2436 1591 2579 1644 enim

2208 1660 2277 1714 ab
2308 1660 2460 1715 initio
2489 1660 2577 1715 Je-

2208 1746 2304 1803 sus
2331 1731 2425 1803 qui
2453 1740 2634 1787 essent

2210 1802 2495 1867 increduli,

2210 1883 2265 1928 et
2288 1875 2408 1943 quis
2428 1882 2573 1928 esset

2211 1947 2508 2000 traditurus
2535 1960 2679 1999 eum.

3038 589 3179 642 vitae
3199 600 3452 643 aeternae

3034 659 3123 714 70.
3166 659 3355 714 habes.
3391 660 3457 713 Et
3481 674 3583 715 nos

3036 731 3389 795 credidimus,
3420 740 3475 785 et

3037 802 3391 868 cognovimus
3411 818 3545 872 quo-

3035 876 3178 928 niam
3202 882 3256 927 111
3279 889 3339 929 es
3358 873 3525 930 Filius
3552 876 3666 933 Dei.

3037 945 3125 999 71.
3160 946 3460 1013 Respondit
3480 954 3485 959 '

3034 1014 3191 1071 Jesus
3217 1038 3229 1071 :
3261 1017 3448 1073 Nonne

3034 1086 3135 1155 ego
3167 1103 3264 1143 vos
3294 1104 3389 1144 xu.

3036 1161 3171 1230 elegi
3205 1178 3218 1213 :
3243 1176 3379 1215 unus

3038 1238 3217 1286 tamen
3241 1248 3305 1286 ex
3345 1232 3497 1288 vobis

3038 1302 3289 1358 diabolus
3318 1315 3400 1359 est
3424 1305 3444 1358 ?

3036 1373 3127 1429 72.
3163 1375 3385 1431 Dicebat

3037 1456 3216 1501 autem
3249 1448 3317 1503 de

3033 1515 3167 1571 Juda
3199 1519 3421 1574 Simone

3036 1588 3304 1644 Scarioth:
3338 1592 3423 1646 hic

3040 1660 3183 1714 enim
3218 1662 3384 1717 tradi-

3038 1738 3192 1786 turus
3222 1748 3345 1789 eum
3377 1743 3523 1799 erat,

3039 1816 3162 1857 cum
3195 1816 3341 1861 8558'.
3378 1821 3518 1861 unus

3040 1873 3110 1929 de
3138 1890 3235 1931 xn.

2212 1992 2681 2072 ἔξιξῖὶὶῖὲὲιῖεἰῖξ
3238 1992 3466 2050 CAPUT
3511 1994 3632 2051 VII.

2213 2086 2440 2155 Propter
2468 2090 2569 2143 hoc
3050 2086 3097 2138 1.
3142 2086 3270 2141 Post
3301 2087 3373 2158 (ε)
3403 2088 3539 2144 haec
3561 2087 3600 2158 'j‘

2212 2158 2327 2213 dixi
2356 2160 2530 2222 vobis.
3046 2158 3361 2212 ambulabat

2212 2230 2335 2299 quia
2362 2247 2523 2285 nemo

2212 2314 2391 2370 pmest
2410 2304 2596 2358 venire

2212 2373 2278 2426 ad
2314 2388 2417 2430 me.
2449 2376 2550 2428 nisi

2215 2444 2267 2498 ei
2296 2444 2480 2498 datum
2506 2445 2620 2500 fue-

2212 2516 2284 2587 rit
2313 2533 2340 2567 a
2383 2513 2457 2586 (ὁ)
2491 2516 2649 2574 Patre
2846 2577 2855 2584 .

2214 2586 2304 2641 67.
2321 2657 2330 2660 _
2350 2587 2426 2640 Ex
2452 2589 2553 2642 hoc
2582 2588 2650 2660 (c)
2671 2586 2757 2644 er-

2213 2671 2281 2725 go
2307 2657 2344 2728 ’ξ-
2367 2660 2518 2712 11111111
2551 2657 2617 2715 ex

2216 2729 2497 2801 discipulis
2525 2732 2644 2801 ejus

2214 2799 2461 2854 abierunt
2491 2799 2672 2857 retro:

2214 2872 2375 2925 etiam
2403 2887 2526 2926 cum
2550 2890 2626 2936 eo,

2211 2942 2321 3009 jam
2351 2958 2454 2996 non
2478 2945 2842 2999 ambulabant.

2215 3014 2305 3087 68.
2352 3016 2489 3069 Dixit
2513 3015 2592 3087 (d)
2622 3027 2802 3072 autem
2827 3016 2865 3086 ἦ

2214 3083 2373 3139 Jesns
2398 3087 2461 3140 ad
2491 3083 2603 3143 xtt':

2214 3154 2485 3227 Numquid
2515 3170 2569 3213 et

2213 3243 2312 3281 vos
2344 3230 2503 3285 vultis
2521 3230 2640 3285 ire?

3048 2228 3206 2300 ιεειιε
3242 2228 3311 2300 (1)
3346 2230 3398 2284 in

3049 2299 3352 2370 Galilaea-g-
3380 2342 3393 2365 ,

3052 2387 3159 2425 non
3204 2388 3347 2425 enim

3052 2442 3285 2497 habebat
3311 2451 3452 2513 pote-

3053 2523 3245 2569 statem
3280 2515 3331 2569 in
3378 2514 3471 2569 Ju-

3053 2586 3187 2641 daea
3225 2586 3504 2642 ambulare
3538 2604 3555 2642 :

3052 2657 3175 2727 quia
3204 2656 3395 2712 Judaei

3052 2731 3386 2798 quaerebant
3429 2728 3515 2782 in-

3056 2800 3303 2855 terlicere
3328 2815 3476 2856 eum.

3053 2870 3109 2924 2.
3160 2872 3288 2925 Erat
3313 2883 3492 2928 autem

3055 2941 3108 2996 in
3136 2958 3383 3014 proximo
3409 2943 3533 2998 dies

3056 3017 3339 3069 sollemnis
3372 3014 3468 3071 Ju—

3053 3085 3314 3141 daeorum
3338 3128 3353 3151 ,
3386 3088 3525 3142 Sce-

3052 3156 3107 3211 5.
3142 3158 3424 3228 nepegiae.
3460 3156 3564 3211 Di-

3052 3239 3247 3301 xerunt
3274 3228 3352 3301 (g)
3376 3229 3476 3299 igi-

2215 3296 2304 3372 69.
2348 3300 2704 3372 Respondeas
2724 3310 2903 3358 autem
3052 3308 3140 3372 tur
3161 3300 3201 3370 ’Ξ-
3229 3296 3451 3355 8111111111

2213 3368 2398 3426 Simon
2429 3368 2638 3437 Petrus,
3051 3368 3248 3425 fratres
3275 3372 3443 3439 ipsius
3479 3392 3490 3423 :

2214 3439 2391 3499 dixit:
2424 3445 2672 3510 Domine,
3050 3441 3245 3497 Transi
3278 3443 3437 3509 hinc,
3466 3454 3531 3499 et

1847 3530 2081 3588 CODEX
2120 3532 2516 3595 BRIXIANUS.

509 3659 628 3716 ritis
639 3656 835 3712 Filium
852 3648 1503 3709 hominis.ascendentem
1519 3646 1606 3699 ubi
1622 3657 1734 3703 erat
1758 3648 1924 3715 prius.
1941 3649 2112 3719 Spiri—

507 3740 691 3786 tusest
710 3729 852 3783 enim
875 3727 964 3796 qui
980 3722 1222 3778 vivificat
1244 3736 1373 3796 caro
1387 3719 1517 3774 nihil
1536 3720 1772 3796 prodest.
1790 3721 1955 3796 verba
1970 3738 2109 3789 quae

506 3819 607 3874 ego
642 3803 853 3855 locutus
877 3790 1188 3874 submittis.
1214 3794 1437 3863 spiritus
1460 3798 1586 3874 sunt
1608 3801 1661 3874 et
1686 3790 1811 3874 vita.
1986 3802 2112 3874 sunt

504 3862 720 3945 quidam
756 3888 823 3924 ex
870 3868 1023 3945 vobis
1072 3864 1166 3932 qui
1206 3862 1311 3918 non
1347 3862 1594 3945 credunt.
1625 3862 1840 3944 Sciebat
1871 3864 2014 3917 enim
2041 3864 2110 3945 ab

508 3933 665 4000 1111110
692 3939 979 4002 Jesus.uni
1002 3950 1185 3990 essent
1228 3951 1333 3989 non
1365 3933 1652 3989 credentes
1685 3935 1735 3985 111
1759 3950 1904 4005 eum.
1934 3944 1989 3990 et
2018 3936 2109 4005 qui

508 4026 627 4073 erat
652 4032 772 4069 eum
794 4012 1109 4066 traditurus.
1128 4007 1193 4061 Et
1217 4006 1448 4060 dicebat.
1482 4004 1773 4071 Proliterea
1797 4004 1909 4059 dixi
1934 4004 2105 4062 vobis.

505 4090 628 4159 quia
673 4098 832 4139 nemo
882 4090 1059 4159 po_tes_t
1086 4083 1271 4159 venire
1299 4077 1364 4131 ad
1391 4092 1511 4159 me.‘
1533 4076 1633 4129 nisi
1660 4075 1821 4129 fuerit
1850 4077 1899 4130 ei
1924 4078 2110 4159 datum

504 4146 536 4213 a'
567 4161 726 4213 Patre
758 4146 901 4210 meo.
931 4153 1010 4207 Ex
1039 4154 1143 4205 hoc
1193 4150 1277 4221 (d)
1331 4164 1459 4216 ergo
1491 4146 1525 4217 ἦ·
1554 4160 1820 4216 tempore.
1868 4151 2019 4202 multi
2045 4164 2111 4204 ex

504 4229 786 4299 discipulis
817 4226 953 4295 ejus.
990 4224 1445 4299 abierunt_retro.
1480 4221 1693 4299 etlultra
1725 4221 1974 4299 cumﬂillo
2005 4236 2109 4299 non

508 4288 874 4355 ambulabant.
905 4296 1043 4349 Dixit
1075 4308 1205 4361 ergo
1248 4290 1407 4345 Jesus
1430 4290 1496 4361 ad
1521 4290 1807 4361 duodecim
1840 4288 2111 4360 Numquid

507 4382 563 4427 et
585 4387 681 4427 vos
712 4371 872 4425 vultis
903 4368 1003 4422 ire.
1034 4360 1403 4434 Responditei
1430 4360 1619 4415 Simon
1643 4360 1854 4415 Petrus.
1883 4362 2111 4417 Domine

2214 3650 2287 3707 ad
2315 3669 2472 3722 quem
2506 3654 2723 3709 ibimus.
2757 3654 2923 3710 verba
2954 3654 3095 3710 vitae
3126 3653 3384 3712 aeternae
3416 3654 3611 3712 habes.
3647 3656 3823 3713 Etuos

2222 3725 2553 3797 credidimus
2590 3739 2642 3781 et
2684 3729 3059 3797 Cognovimns.
3096 3728 3218 3796 quia
3250 3738 3304 3781 tu
3337 3742 3398 3782 es
3437 3726 3697 3785 Christus
3745 3727 3823 3782 Fi-

2223 3795 2337 3870 lius
2365 3796 2480 3870 Dei.
2512 3795 2813 3868 Respondit
2863 3800 2942 3853 eis
2973 3795 3153 3854 Jesus.
3203 3797 3318 3853 Non
3345 3814 3412 3853 ne
3442 3815 3551 3870 ego
3577 3817 3674 3857 Vos
3701 3800 3824 3854 duo-

2220 3865 2397 3922 decim
2427 3869 2590 3939 elegi.
2622 3865 2674 3923 et
2704 3886 2840 3923 unus
2888 3886 2950 3924 ex
3002 3871 3157 3924 vobis
3193 3870 3443 3939 diabolus
3468 3865 3559 3925 Est
3619 3871 3825 3926 Dicebat

2221 3951 2401 3993 autem
2454 3940 2521 3994 de
2572 3940 2708 3995 Juda
2770 3942 3017 3997 Simonis
3061 3941 3345 3997 Scariotis.
3396 3943 3480 3996 hic
3523 3943 3673 3997 enim
3724 3951 3824 3994 tra-

2221 4010 2435 4065 diturus
2451 4022 2569 4065 erat
2591 4012 2737 4066 eum:
2758 4028 2878 4067 cum
2911 4022 3057 4066 esset
3088 4028 3227 4067 unus
3248 4012 3318 4067 de
3357 4013 3675 4070 duodecim.
3705 4013 3827 4068 Post

2220 4080 2290 4150 (ε)
2332 4083 2464 4136 haec
2494 4083 2532 4153 εἴ
2559 4084 2877 4137 ambulabat
2919 4083 3077 4138 Jesus
3104 4087 3152 4138 in
3200 4084 3501 4139 Galilaeam
3551 4100 3659 4140 non
3685 4084 3821 4139 enim

2218 4154 2436 4227 volebat
2495 4155 2546 4207 in
2594 4154 2855 4227 .Iudaeatn
2906 4156 3208 4227 ambulare.
3253 4157 3376 4226 quia
3408 4155 3609 4211 Judaei
3667 4169 3826 4227 quae-

2216 4223 2410 4297 rebant
2466 4240 2589 4278 eum
2651 4226 2991 4281 interlicere.
3051 4226 3179 4280 Erat
3229 4223 3410 4280 autc-tn
3461 4229 3519 4281 in
3583 4223 3825 4297 proximo

2216 4293 2341 4371 dies
2366 4293 2537 4350 festus
2557 4297 2887 4371 lutlaeorum
2918 4298 3274 4371 chnopegia.
3304 4293 3671 4371 Dixerunttg)
3702 4310 3825 4367 ergo

2214 4364 2253 4434 ’ἓ
2277 4366 2343 4420 ad
2376 4382 2498 4421 eum
2556 4368 2752 4423 fratres
2778 4369 2917 4438 ejus.
2970 4364 3323 4424 Transibinc

1798 4496 2031 4552 CODEX
2059 4498 2531 4558 CORBEIENSIS.

581 4622 672 4681 64.
718 4636 840 4677 nam
864 4634 993 4675 caro
1022 4632 1128 4672 non
1163 4614 1403 4686 prodest,
1428 4613 1651 4683 Spiritus
1679 4622 1736 4686 et
1757 4612 1863 4686 vita
1895 4621 1997 4668 est.

579 4695 667 4752 65.
701 4693 915 4751 Sciebat
946 4690 1088 4747 enim
1115 4684 1278 4744 Jesus
1308 4689 1520 4758 (recent.
1546 4685 1751 4754 manu),
1782 4684 1850 4758 ab
1870 4686 2045 4758 initio.

582 4768 673 4823 66.
718 4780 876 4819 neuio
918 4772 1091 4829 potest
1117 4756 1327 4824 venire,
1354 4757 1455 4811 nisi
1487 4759 1647 4809 fuerit
1686 4765 1739 4810 et
1777 4756 1962 4811 datum
2012 4757 2111 4812 de-

510 4854 727 4895 sursum
750 4853 779 4890 a
806 4836 989 4889 Patre.
1016 4831 1226 4885 additur
1252 4830 1317 4883 ad
1346 4846 1450 4894 me,
1484 4839 1675 4882 recent.
1711 4845 1887 4881 manu.

580 4910 670 4965 67.
705 4918 759 4963 et
781 4905 1014 4969 amplius
1047 4917 1169 4956 cum
1196 4901 1287 4955 illo
1315 4915 1421 4954 non
1447 4899 1822 4955 ambulabant.

584 4981 675 5037 68.
710 4979 862 5037 Dixit
886 4991 1017 5045 ergo
1045 4972 1153 5027 illis
1183 4972 1487 5028 duodecim.

2285 4614 2376 4671 69.
2408 4615 2575 4671 verba
2602 4615 2745 4673 vitae
2777 4626 3038 4677 aeternae
3055 4618 3317 4676 Dominus
3336 4619 3529 4676 habes.

2290 4687 2380 4742 70.
2414 4688 2582 4743 Filius
2609 4690 2847 4747 Deivivi.

2285 4758 2374 4812 72.
2418 4758 2715 4827 Ιιιρίνὶειὺςιι
2742 4763 2883 4816 enim
2909 4762 3129 4819 tradere
3155 4778 3302 4827 cum.
3327 4777 3465 4819 unus
3496 4777 3627 4818 cum
3656 4766 3817 4817 esset.

2285 4831 2417 4905 pr.
2453 4830 2725 4905 νΙΙ.-τ-1.
2767 4848 2877 4905 11011
2917 4837 3062 4890 enim
3114 4834 3348 4890 habebat
3394 4842 3728 4905 potestatem
3774 4834 3823 4887 in

2218 4899 2477 4957 Judaeum
2510 4904 2841 4959 ambulandi.

1758 5066 2156 5128 VARIANTES
2193 5071 2598 5132 LECTIONES.

576 5173 587 5205 ι
628 5174 745 5222 Mm.
770 5169 854 5233 qui
882 5173 1051 5217 essent
1072 5163 1356 5214 credentes.
1389 5159 1537 5228 Vulg.
1564 5163 1647 5225 qui
1672 5168 1843 5214 essent
1864 5175 1960 5211 non
1996 5176 2111 5214 cre-

508 5238 610 5329 dei!
614 5243 739 5346 [3:1,
761 5293 955 5343 dicebat
976 5291 1106 5341 enim
1131 5288 1158 5338 J
1165 5288 1304 5337 udam
1341 5287 1553 5337 Simonis
1594 5287 1919 5338 Scariothis...
1941 5286 2003 5336 de
2024 5300 2109 5337 xu.

505 5364 626 5412 Mm.
654 5356 860 5408 Dicebat
894 5356 1027 5405 enim
1066 5352 1240 5401 Judam
1277 5350 1525 5400 Simonem
1549 5351 1915 5401 Scariothem...
1940 5350 2004 5398 de
2026 5364 2110 5400 XII.

2219 5165 2610 5278 JELIEIIDicebat
2632 5179 2799 5224 autem
2820 5171 2849 5222 ⁴1
2854 5172 2995 5223 udam
3020 5174 3229 5224 Simonis
3248 5172 3594 5225 Iseariotem...
3624 5186 3689 5223 ex
3704 5172 3819 5222 duo-

2284 5294 2305 5323 ³
2341 5293 2444 5361 G_at.
2476 5296 2843 5361 pet-ambulabat
2865 5297 3011 5361 Jesus
3033 5300 3083 5349 in
3107 5297 3388 5361 Galilaeam.
3412 5296 3815 5361 Mmtperambu-

2218 5354 2385 5404 labatJ
2392 5354 2509 5407 esus
2524 5357 2807 5410 Galilaeam.
2829 5358 2974 5428 Vulg.
2994 5360 3272 5411 ambulabat
3288 5360 3433 5411 Jesus
3449 5361 3503 5410 in
3525 5354 3811 5440 Galilaeam.

1815 5456 2185 5513 BLANCIIINI
2223 5460 2455 5518 NOTAE}.

572 5561 738 5689 ςαμιιι
770 5567 825 5614 et
855 5565 983 5611 text.
1018 5553 1115 5610 Gr.
1139 5555 1271 5608 ἑστι.
1300 5566 1472 5621 grzrca
1503 5549 1932 5621 syntaxis.-—-(b)
1968 5551 2095 5603 Post
2118 5549 2298 5618 Patre,
2327 5555 2483 5612 deest
2511 5575 2645 5625 meo,
2675 5561 2836 5616 etiam
2863 5562 2916 5617 in
2948 5562 3069 5618 cod.
3102 5563 3337 5619 Cant.—
3362 5561 3432 5634 (c)
3461 5561 3637 5619 Addit
3670 5576 3807 5634 ergo.

572 5656 583 5688 ι
612 5676 621 5685 ,
659 5646 876 5689 ,ιιιηαιιρ
905 5629 1065 5681 Cant.
1099 5620 1203 5678 οὖν.
1236 5651 1305 5661 -
1335 5623 1412 5689 (d)
1442 5620 1513 5674 Ita
1557 5631 1609 5674 et
1630 5621 1753 5673 cod.
1783 5620 1941 5675 Cavit.
1976 5620 2030 5689 δέ
2054 5620 2204 5689 —(e)
2234 5626 2363 5682 Ροδι
2418 5628 2544 5683 haec
2574 5633 2725 5687 deeSt
2753 5646 2927 5689 autem
2950 5676 2965 5689 .
2987 5636 3146 5689 etiam
3179 5636 3230 5689 in
3256 5635 3378 5689 cod.
3404 5632 3807 5689 ουκ-10111.

497 5620 1065 5707 cod.'qttoqtm_Catit.
1099 5620 1203 5707 0:33.
1236 5620 1412 5707 τέω)
1442 5620 1941 5707 11ξ1ί1ιι1·011.-011;11.
1976 5620 2030 5707 ξέ
2054 5620 2204 5695 —(e)
2234 5626 2363 5682 Ροδι
2418 5628 2544 5683 haec
2574 5620 2725 5687 deest
2753 5646 2927 5689 autem
2950 5676 2965 5702 ,
2987 5636 3146 5690 etiam
3179 5636 3230 5690 in
3256 5620 3809 5707 0011)(111111.-(Ῑ)Ἰιέι

497 5714 552 5762 et
587 5688 721 5759 text.
757 5688 849 5757 G'r.
876 5703 927 5752 ἓν
953 5706 1016 5772 τῇ
1040 5688 1458 5769 taminiae—4(9)
1490 5694 1563 5747 Ita
1584 5702 1640 5747 et
1667 5702 1803 5747 text.
1836 5690 1931 5747 Gr.
1964 5688 2072 5749 οὖν,
