  <div class='ocr_page' id='page_1' title='image "/cluster/home/n/w/nwhite01/storage/ocr_20150623/12/uva.x000826551/207.png"; bbox 0 0 3950 6194; ppageno 0'>
   <div class='ocr_carea' id='block_1_1' title="bbox 529 219 3282 285">
    <p class='ocr_par' dir='ltr' id='par_1_1' title="bbox 529 219 3282 285">
     <span class='ocr_line' id='line_1_1' title="bbox 529 219 3282 285; baseline -0.002 -4"><span class='ocrx_word' id='word_1_1' title='bbox 529 224 634 285; x_wconf 72' lang='grc' dir='ltr'><strong>ιῦὅ</strong></span> <span class='ocrx_word' id='word_1_2' title='bbox 1060 221 1329 279; x_wconf 79' lang='lat' dir='ltr'><strong>EUSEBII</strong></span> <span class='ocrx_word' id='word_1_3' title='bbox 1368 219 1705 283; x_wconf 62' lang='lat' dir='ltr'><strong>VERGILL.</strong></span> <span class='ocrx_word' id='word_1_4' title='bbox 1753 220 2196 279; x_wconf 63' lang='lat' dir='ltr'><strong>EVANGELIUM</strong></span> <span class='ocrx_word' id='word_1_5' title='bbox 2236 220 2376 276; x_wconf 75' lang='lat' dir='ltr'><strong>CUM</strong></span> <span class='ocrx_word' id='word_1_6' title='bbox 2423 220 2653 279; x_wconf 71' lang='lat' dir='ltr'><strong>VAltllS</strong></span> <span class='ocrx_word' id='word_1_7' title='bbox 2693 221 2850 285; x_wconf 82' lang='lat' dir='ltr'><strong>COD.</strong></span> <span class='ocrx_word' id='word_1_8' title='bbox 2889 219 3282 278; x_wconf 80' lang='lat' dir='ltr'><strong>COLLATUM.</strong></span> 
     </span>
    </p>
   </div>
   <div class='ocr_carea' id='block_1_2' title="bbox 926 336 1734 395">
    <p class='ocr_par' dir='ltr' id='par_1_2' title="bbox 926 336 1734 395">
     <span class='ocr_line' id='line_1_2' title="bbox 926 336 1734 395; baseline -0.006 0"><span class='ocrx_word' id='word_1_9' title='bbox 926 339 1155 395; x_wconf 81' lang='lat' dir='ltr'><strong>CODEX</strong></span> <span class='ocrx_word' id='word_1_10' title='bbox 1195 336 1734 395; x_wconf 79' lang='lat' dir='ltr'><strong>VERCELLENSIS.</strong></span> 
     </span>
    </p>
   </div>
   <div class='ocr_carea' id='block_1_3' title="bbox 532 443 1051 491">
    <p class='ocr_par' dir='ltr' id='par_1_3' title="bbox 532 443 1051 491">
     <span class='ocr_line' id='line_1_3' title="bbox 532 443 1051 491; baseline 0 -3"><span class='ocrx_word' id='word_1_11' title='bbox 532 443 1051 491; x_wconf 71' lang='grc' dir='ltr'><strong>οε.....ιθι</strong></span> 
     </span>
    </p>
   </div>
   <div class='ocr_carea' id='block_1_4' title="bbox 534 505 1140 568">
    <p class='ocr_par' dir='ltr' id='par_1_4' title="bbox 534 505 1140 568">
     <span class='ocr_line' id='line_1_4' title="bbox 534 505 1140 568; baseline -0.005 -9"><span class='ocrx_word' id='word_1_12' title='bbox 534 545 549 559; x_wconf 95' lang='grc'><strong>.</strong></span> <span class='ocrx_word' id='word_1_13' title='bbox 599 541 613 553; x_wconf 79' lang='grc'><strong>.</strong></span> <span class='ocrx_word' id='word_1_14' title='bbox 654 544 667 558; x_wconf 94' lang='grc'><strong>.</strong></span> <span class='ocrx_word' id='word_1_15' title='bbox 717 545 730 558; x_wconf 93' lang='grc'><strong>.</strong></span> <span class='ocrx_word' id='word_1_16' title='bbox 772 505 920 568; x_wconf 85' lang='lat' dir='ltr'><strong>rina,</strong></span> <span class='ocrx_word' id='word_1_17' title='bbox 961 514 1140 560; x_wconf 89' lang='lat' dir='ltr'><strong>utrum</strong></span> 
     </span>
    </p>
   </div>
   <div class='ocr_carea' id='block_1_5' title="bbox 532 576 1055 636">
    <p class='ocr_par' dir='ltr' id='par_1_5' title="bbox 532 576 1055 636">
     <span class='ocr_line' id='line_1_5' title="bbox 532 576 1055 636; baseline 0.011 -7"><span class='ocrx_word' id='word_1_18' title='bbox 532 591 597 631; x_wconf 88' lang='lat' dir='ltr'><strong>ex</strong></span> <span class='ocrx_word' id='word_1_19' title='bbox 626 576 738 631; x_wconf 87' lang='lat' dir='ltr'><strong>Deo</strong></span> <span class='ocrx_word' id='word_1_20' title='bbox 766 586 867 636; x_wconf 80' lang='lat' dir='ltr'><strong>est.</strong></span> <span class='ocrx_word' id='word_1_21' title='bbox 898 591 963 633; x_wconf 87' lang='lat' dir='ltr'><strong>an</strong></span> <span class='ocrx_word' id='word_1_22' title='bbox 994 591 1055 634; x_wconf 85' lang='lat' dir='ltr'><strong>e-</strong></span> 
     </span>
    </p>
   </div>
   <div class='ocr_carea' id='block_1_6' title="bbox 530 647 920 715">
    <p class='ocr_par' dir='ltr' id='par_1_6' title="bbox 530 647 920 715">
     <span class='ocr_line' id='line_1_6' title="bbox 530 647 920 715; baseline 0.013 -19"><span class='ocrx_word' id='word_1_23' title='bbox 530 662 601 715; x_wconf 70' lang='lat' dir='ltr'><strong>go</strong></span> <span class='ocrx_word' id='word_1_24' title='bbox 630 647 745 707; x_wconf 74' lang='lat' dir='ltr'><strong>ipse</strong></span> <span class='ocrx_word' id='word_1_25' title='bbox 773 663 801 700; x_wconf 90' lang='lat' dir='ltr'><strong>a</strong></span> <span class='ocrx_word' id='word_1_26' title='bbox 834 662 920 701; x_wconf 90' lang='lat' dir='ltr'><strong>me</strong></span> 
     </span>
    </p>
   </div>
   <div class='ocr_carea' id='block_1_7' title="bbox 531 717 1061 789">
    <p class='ocr_par' dir='ltr' id='par_1_7' title="bbox 531 717 1061 789">
     <span class='ocr_line' id='line_1_7' title="bbox 531 717 1061 789; baseline 0.002 -16"><span class='ocrx_word' id='word_1_27' title='bbox 531 718 620 774; x_wconf 76' lang='grc'><strong>18.</strong></span> <span class='ocrx_word' id='word_1_28' title='bbox 665 717 1002 789; x_wconf 68' lang='grc' dir='ltr'><strong>Ιυιμκιτ.,ρυί</strong></span> <span class='ocrx_word' id='word_1_29' title='bbox 1031 734 1061 774; x_wconf 80' lang='lat' dir='ltr'><strong>a</strong></span> 
     </span>
    </p>
   </div>
   <div class='ocr_carea' id='block_1_8' title="bbox 527 791 889 859">
    <p class='ocr_par' dir='ltr' id='par_1_8' title="bbox 527 791 889 859">
     <span class='ocr_line' id='line_1_8' title="bbox 527 791 889 859; baseline 0.003 -16"><span class='ocrx_word' id='word_1_30' title='bbox 527 804 590 843; x_wconf 88' lang='lat' dir='ltr'><strong>se</strong></span> <span class='ocrx_word' id='word_1_31' title='bbox 618 791 850 857; x_wconf 83' lang='lat' dir='ltr'><strong>loquitur</strong></span> <span class='ocrx_word' id='word_1_32' title='bbox 872 830 889 859; x_wconf 83' lang='lat'><strong>,</strong></span> 
     </span>
    </p>
   </div>
   <div class='ocr_carea' id='block_1_9' title="bbox 526 861 934 931">
    <p class='ocr_par' dir='ltr' id='par_1_9' title="bbox 526 861 934 931">
     <span class='ocr_line' id='line_1_9' title="bbox 526 861 934 931; baseline -0.005 -18"><span class='ocrx_word' id='word_1_33' title='bbox 526 861 753 931; x_wconf 75' lang='lat' dir='ltr'><strong>gloriam</strong></span> <span class='ocrx_word' id='word_1_34' title='bbox 777 876 934 919; x_wconf 81' lang='lat' dir='ltr'><strong>su:im</strong></span> 
     </span>
    </p>
   </div>
   <div class='ocr_carea' id='block_1_10' title="bbox 527 933 899 1003">
    <p class='ocr_par' dir='ltr' id='par_1_10' title="bbox 527 933 899 1003">
     <span class='ocr_line' id='line_1_10' title="bbox 527 933 899 1003; baseline 0.008 -19"><span class='ocrx_word' id='word_1_35' title='bbox 527 934 739 1001; x_wconf 85' lang='lat' dir='ltr'><strong>quaerit</strong></span> <span class='ocrx_word' id='word_1_36' title='bbox 763 974 778 999; x_wconf 91' lang='lat'><strong>,</strong></span> <span class='ocrx_word' id='word_1_37' title='bbox 809 933 899 1003; x_wconf 85' lang='lat' dir='ltr'><strong>qui</strong></span> 
     </span>
    </p>
   </div>
   <div class='ocr_carea' id='block_1_11' title="bbox 528 1013 912 1069">
    <p class='ocr_par' dir='ltr' id='par_1_11' title="bbox 528 1013 912 1069">
     <span class='ocr_line' id='line_1_11' title="bbox 528 1013 912 1069; baseline 0.005 -11"><span class='ocrx_word' id='word_1_38' title='bbox 528 1013 710 1058; x_wconf 78' lang='lat' dir='ltr'><strong>autem</strong></span> <span class='ocrx_word' id='word_1_39' title='bbox 744 1019 912 1069; x_wconf 82' lang='lat' dir='ltr'><strong>quae-</strong></span> 
     </span>
    </p>
   </div>
   <div class='ocr_carea' id='block_1_12' title="bbox 529 1075 854 1142">
    <p class='ocr_par' dir='ltr' id='par_1_12' title="bbox 529 1075 854 1142">
     <span class='ocr_line' id='line_1_12' title="bbox 529 1075 854 1142; baseline 0.012 -15"><span class='ocrx_word' id='word_1_40' title='bbox 529 1078 592 1128; x_wconf 88' lang='lat' dir='ltr'><strong>rlt</strong></span> <span class='ocrx_word' id='word_1_41' title='bbox 625 1075 854 1142; x_wconf 76' lang='lat' dir='ltr'><strong>gloriam</strong></span> 
     </span>
    </p>
   </div>
   <div class='ocr_carea' id='block_1_13' title="bbox 527 1145 961 1217">
    <p class='ocr_par' dir='ltr' id='par_1_13' title="bbox 527 1145 961 1217">
     <span class='ocr_line' id='line_1_13' title="bbox 527 1145 961 1217; baseline 0.002 -17"><span class='ocrx_word' id='word_1_42' title='bbox 527 1145 667 1217; x_wconf 85' lang='lat' dir='ltr'><strong>ejus.</strong></span> <span class='ocrx_word' id='word_1_43' title='bbox 696 1147 785 1215; x_wconf 88' lang='lat' dir='ltr'><strong>qui</strong></span> <span class='ocrx_word' id='word_1_44' title='bbox 812 1146 961 1201; x_wconf 90' lang='lat' dir='ltr'><strong>misit</strong></span> 
     </span>
    </p>
   </div>
   <div class='ocr_carea' id='block_1_14' title="bbox 525 1217 977 1277">
    <p class='ocr_par' dir='ltr' id='par_1_14' title="bbox 525 1217 977 1277">
     <span class='ocr_line' id='line_1_14' title="bbox 525 1217 977 1277; baseline 0.009 -6"><span class='ocrx_word' id='word_1_45' title='bbox 525 1229 673 1277; x_wconf 87' lang='lat' dir='ltr'><strong>eum.</strong></span> <span class='ocrx_word' id='word_1_46' title='bbox 702 1217 787 1271; x_wconf 82' lang='lat' dir='ltr'><strong>liic</strong></span> <span class='ocrx_word' id='word_1_47' title='bbox 814 1233 977 1275; x_wconf 83' lang='lat' dir='ltr'><strong>verax</strong></span> 
     </span>
    </p>
   </div>
   <div class='ocr_carea' id='block_1_15' title="bbox 523 1288 932 1359">
    <p class='ocr_par' dir='ltr' id='par_1_15' title="bbox 523 1288 932 1359">
     <span class='ocr_line' id='line_1_15' title="bbox 523 1288 932 1359; baseline -0.002 -16"><span class='ocrx_word' id='word_1_48' title='bbox 523 1297 632 1355; x_wconf 89' lang='lat' dir='ltr'><strong>est,</strong></span> <span class='ocrx_word' id='word_1_49' title='bbox 652 1300 706 1342; x_wconf 88' lang='lat' dir='ltr'><strong>et</strong></span> <span class='ocrx_word' id='word_1_50' title='bbox 736 1288 932 1359; x_wconf 90' lang='lat' dir='ltr'><strong>iniqui-</strong></span> 
     </span>
    </p>
   </div>
   <div class='ocr_carea' id='block_1_16' title="bbox 527 1360 954 1416">
    <p class='ocr_par' dir='ltr' id='par_1_16' title="bbox 527 1360 954 1416">
     <span class='ocr_line' id='line_1_16' title="bbox 527 1360 954 1416; baseline 0.009 -4"><span class='ocrx_word' id='word_1_51' title='bbox 527 1368 612 1412; x_wconf 96' lang='lat' dir='ltr'><strong>tas</strong></span> <span class='ocrx_word' id='word_1_52' title='bbox 644 1361 695 1412; x_wconf 93' lang='lat' dir='ltr'><strong>in</strong></span> <span class='ocrx_word' id='word_1_53' title='bbox 725 1360 817 1414; x_wconf 91' lang='lat' dir='ltr'><strong>illo</strong></span> <span class='ocrx_word' id='word_1_54' title='bbox 848 1375 954 1416; x_wconf 89' lang='lat' dir='ltr'><strong>non</strong></span> 
     </span>
    </p>
   </div>
   <div class='ocr_carea' id='block_1_17' title="bbox 525 1429 1165 1503">
    <p class='ocr_par' dir='ltr' id='par_1_17' title="bbox 525 1429 1165 1503">
     <span class='ocr_line' id='line_1_17' title="bbox 525 1429 1165 1503; baseline 0.006 -18"><span class='ocrx_word' id='word_1_55' title='bbox 525 1429 616 1485; x_wconf 79' lang='grc'><strong>19.</strong></span> <span class='ocrx_word' id='word_1_56' title='bbox 657 1438 761 1503; x_wconf 68' lang='lat' dir='ltr'><strong>est.</strong></span> <span class='ocrx_word' id='word_1_57' title='bbox 798 1430 986 1493; x_wconf 85' lang='lat' dir='ltr'><strong>Nonne</strong></span> <span class='ocrx_word' id='word_1_58' title='bbox 1016 1431 1165 1503; x_wconf 80' lang='lat' dir='ltr'><strong>Moy-</strong></span> 
     </span>
    </p>
   </div>
   <div class='ocr_carea' id='block_1_18' title="bbox 526 1500 909 1556">
    <p class='ocr_par' dir='ltr' id='par_1_18' title="bbox 526 1500 909 1556">
     <span class='ocr_line' id='line_1_18' title="bbox 526 1500 909 1556; baseline 0.003 -1"><span class='ocrx_word' id='word_1_59' title='bbox 526 1515 615 1555; x_wconf 89' lang='lat' dir='ltr'><strong>ses</strong></span> <span class='ocrx_word' id='word_1_60' title='bbox 639 1500 787 1555; x_wconf 81' lang='lat' dir='ltr'><strong>dedit</strong></span> <span class='ocrx_word' id='word_1_61' title='bbox 815 1518 909 1556; x_wconf 91' lang='lat' dir='ltr'><strong>vo-</strong></span> 
     </span>
    </p>
   </div>
   <div class='ocr_carea' id='block_1_19' title="bbox 524 1573 947 1645">
    <p class='ocr_par' dir='ltr' id='par_1_19' title="bbox 524 1573 947 1645">
     <span class='ocr_line' id='line_1_19' title="bbox 524 1573 947 1645; baseline 0.009 -18"><span class='ocrx_word' id='word_1_62' title='bbox 524 1573 612 1627; x_wconf 89' lang='lat' dir='ltr'><strong>bis</strong></span> <span class='ocrx_word' id='word_1_63' title='bbox 643 1575 813 1645; x_wconf 85' lang='lat' dir='ltr'><strong>legem</strong></span> <span class='ocrx_word' id='word_1_64' title='bbox 846 1593 859 1626; x_wconf 89' lang='lat'>:</span> <span class='ocrx_word' id='word_1_65' title='bbox 889 1586 947 1631; x_wconf 88' lang='lat' dir='ltr'><strong>et</strong></span> 
     </span>
    </p>
   </div>
   <div class='ocr_carea' id='block_1_20' title="bbox 519 1660 906 1699">
    <p class='ocr_par' dir='ltr' id='par_1_20' title="bbox 519 1660 906 1699">
     <span class='ocr_line' id='line_1_20' title="bbox 519 1660 906 1699; baseline 0.005 -2"><span class='ocrx_word' id='word_1_66' title='bbox 519 1660 680 1698; x_wconf 89' lang='lat' dir='ltr'><strong>nemo</strong></span> <span class='ocrx_word' id='word_1_67' title='bbox 711 1661 780 1699; x_wconf 85' lang='lat' dir='ltr'><strong>ex</strong></span> <span class='ocrx_word' id='word_1_68' title='bbox 810 1661 906 1699; x_wconf 77' lang='lat' dir='ltr'><strong>V0-</strong></span> 
     </span>
    </p>
   </div>
   <div class='ocr_carea' id='block_1_21' title="bbox 520 1715 1014 1785">
    <p class='ocr_par' dir='ltr' id='par_1_21' title="bbox 520 1715 1014 1785">
     <span class='ocr_line' id='line_1_21' title="bbox 520 1715 1014 1785; baseline -0.002 -16"><span class='ocrx_word' id='word_1_69' title='bbox 520 1715 607 1769; x_wconf 83' lang='lat' dir='ltr'><strong>bis</strong></span> <span class='ocrx_word' id='word_1_70' title='bbox 641 1715 763 1769; x_wconf 80' lang='lat' dir='ltr'><strong>facit</strong></span> <span class='ocrx_word' id='word_1_71' title='bbox 796 1716 1014 1785; x_wconf 84' lang='lat' dir='ltr'><strong>legem?</strong></span> 
     </span>
    </p>
   </div>
   <div class='ocr_carea' id='block_1_22' title="bbox 519 1787 1102 1859">
    <p class='ocr_par' dir='ltr' id='par_1_22' title="bbox 519 1787 1102 1859">
     <span class='ocr_line' id='line_1_22' title="bbox 519 1787 1102 1859; baseline 0.014 -20"><span class='ocrx_word' id='word_1_72' title='bbox 519 1787 613 1859; x_wconf 69' lang='lat'><strong>20.</strong></span> <span class='ocrx_word' id='word_1_73' title='bbox 654 1787 792 1855; x_wconf 86' lang='lat' dir='ltr'><strong>Quid</strong></span> <span class='ocrx_word' id='word_1_74' title='bbox 810 1804 905 1859; x_wconf 75' lang='lat' dir='ltr'><strong>me</strong></span> <span class='ocrx_word' id='word_1_75' title='bbox 937 1801 1102 1859; x_wconf 77' lang='lat' dir='ltr'><strong>quae-</strong></span> 
     </span>
    </p>
   </div>
   <div class='ocr_carea' id='block_1_23' title="bbox 519 1856 888 1912">
    <p class='ocr_par' dir='ltr' id='par_1_23' title="bbox 519 1856 888 1912">
     <span class='ocr_line' id='line_1_23' title="bbox 519 1856 888 1912; baseline 0.005 -2"><span class='ocrx_word' id='word_1_76' title='bbox 519 1857 642 1910; x_wconf 84' lang='lat' dir='ltr'><strong>ritis</strong></span> <span class='ocrx_word' id='word_1_77' title='bbox 671 1856 888 1912; x_wconf 85' lang='lat' dir='ltr'><strong>occide-</strong></span> 
     </span>
    </p>
   </div>
   <div class='ocr_carea' id='block_1_24' title="bbox 518 1927 903 1995">
    <p class='ocr_par' dir='ltr' id='par_1_24' title="bbox 518 1927 903 1995">
     <span class='ocr_line' id='line_1_24' title="bbox 518 1927 903 1995; baseline 0.01 -14"><span class='ocrx_word' id='word_1_78' title='bbox 518 1927 617 1981; x_wconf 87' lang='lat' dir='ltr'><strong>re?</strong></span> <span class='ocrx_word' id='word_1_79' title='bbox 658 1929 903 1995; x_wconf 76' lang='lat' dir='ltr'><strong>Respon-</strong></span> 
     </span>
    </p>
   </div>
   <div class='ocr_carea' id='block_1_25' title="bbox 520 2000 916 2064">
    <p class='ocr_par' dir='ltr' id='par_1_25' title="bbox 520 2000 916 2064">
     <span class='ocr_line' id='line_1_25' title="bbox 520 2000 916 2064; baseline 0.01 -11"><span class='ocrx_word' id='word_1_80' title='bbox 520 2000 601 2053; x_wconf 89' lang='lat' dir='ltr'><strong>dit</strong></span> <span class='ocrx_word' id='word_1_81' title='bbox 631 2002 783 2053; x_wconf 86' lang='lat' dir='ltr'><strong>turha</strong></span> <span class='ocrx_word' id='word_1_82' title='bbox 803 2040 819 2064; x_wconf 87' lang='lat'><strong>,</strong></span> <span class='ocrx_word' id='word_1_83' title='bbox 859 2011 916 2057; x_wconf 89' lang='lat' dir='ltr'><strong>et</strong></span> 
     </span>
    </p>
   </div>
   <div class='ocr_carea' id='block_1_26' title="bbox 517 2070 927 2129">
    <p class='ocr_par' dir='ltr' id='par_1_26' title="bbox 517 2070 927 2129">
     <span class='ocr_line' id='line_1_26' title="bbox 517 2070 927 2129; baseline 0.01 -4"><span class='ocrx_word' id='word_1_84' title='bbox 517 2070 655 2125; x_wconf 82' lang='lat' dir='ltr'><strong>dixit</strong></span> <span class='ocrx_word' id='word_1_85' title='bbox 686 2089 701 2125; x_wconf 88' lang='lat'><strong>:</strong></span> <span class='ocrx_word' id='word_1_86' title='bbox 733 2071 927 2129; x_wconf 83' lang='lat' dir='ltr'><strong>Demo-</strong></span> 
     </span>
    </p>
   </div>
   <div class='ocr_carea' id='block_1_27' title="bbox 524 2143 1068 2201">
    <p class='ocr_par' dir='ltr' id='par_1_27' title="bbox 524 2143 1068 2201">
     <span class='ocr_line' id='line_1_27' title="bbox 524 2143 1068 2201; baseline 0.009 -7"><span class='ocrx_word' id='word_1_87' title='bbox 524 2143 719 2196; x_wconf 91' lang='lat' dir='ltr'><strong>nium.</strong></span> <span class='ocrx_word' id='word_1_88' title='bbox 766 2144 948 2201; x_wconf 84' lang='lat' dir='ltr'><strong>.ab.</strong></span> <span class='ocrx_word' id='word_1_89' title='bbox 994 2161 1068 2199; x_wconf 91' lang='lat'><strong>.:</strong></span> 
     </span>
    </p>
   </div>
   <div class='ocr_carea' id='block_1_28' title="bbox 517 2217 998 2283">
    <p class='ocr_par' dir='ltr' id='par_1_28' title="bbox 517 2217 998 2283">
     <span class='ocr_line' id='line_1_28' title="bbox 517 2217 998 2283; baseline 0.015 -20"><span class='ocrx_word' id='word_1_90' title='bbox 517 2217 641 2283; x_wconf 84' lang='lat' dir='ltr'><strong>quis</strong></span> <span class='ocrx_word' id='word_1_91' title='bbox 670 2223 723 2267; x_wconf 88' lang='lat' dir='ltr'><strong>te</strong></span> <span class='ocrx_word' id='word_1_92' title='bbox 760 2230 830 2282; x_wconf 91' lang='lat' dir='ltr'><strong>qu</strong></span> <span class='ocrx_word' id='word_1_93' title='bbox 873 2255 889 2272; x_wconf 92' lang='lat'><strong>.</strong></span> <span class='ocrx_word' id='word_1_94' title='bbox 934 2256 947 2270; x_wconf 94' lang='lat'><strong>.</strong></span> <span class='ocrx_word' id='word_1_95' title='bbox 980 2245 998 2257; x_wconf 87' lang='lat'><strong>-</strong></span> 
     </span>
    </p>
   </div>
   <div class='ocr_carea' id='block_1_29' title="bbox 515 2285 915 2340">
    <p class='ocr_par' dir='ltr' id='par_1_29' title="bbox 515 2285 915 2340">
     <span class='ocr_line' id='line_1_29' title="bbox 515 2285 915 2340; baseline 0.003 -1"><span class='ocrx_word' id='word_1_96' title='bbox 515 2286 585 2339; x_wconf 87' lang='lat' dir='ltr'><strong>rit</strong></span> <span class='ocrx_word' id='word_1_97' title='bbox 616 2285 915 2340; x_wconf 81' lang='lat' dir='ltr'><strong>occidere?</strong></span> 
     </span>
    </p>
   </div>
   <div class='ocr_carea' id='block_1_30' title="bbox 513 2354 1169 2425">
    <p class='ocr_par' dir='ltr' id='par_1_30' title="bbox 513 2354 1169 2425">
     <span class='ocr_line' id='line_1_30' title="bbox 513 2354 1169 2425; baseline 0.005 -16"><span class='ocrx_word' id='word_1_98' title='bbox 513 2354 605 2409; x_wconf 78' lang='grc'><strong>21.</strong></span> <span class='ocrx_word' id='word_1_99' title='bbox 651 2356 951 2421; x_wconf 75' lang='lat' dir='ltr'><strong>Restiottdit</strong></span> <span class='ocrx_word' id='word_1_100' title='bbox 976 2357 1134 2416; x_wconf 79' lang='lat' dir='ltr'><strong>Jesus</strong></span> <span class='ocrx_word' id='word_1_101' title='bbox 1152 2398 1169 2425; x_wconf 87' lang='lat'><strong><em>,</em></strong></span> 
     </span>
    </p>
   </div>
   <div class='ocr_carea' id='block_1_31' title="bbox 514 2426 901 2485">
    <p class='ocr_par' dir='ltr' id='par_1_31' title="bbox 514 2426 901 2485">
     <span class='ocr_line' id='line_1_31' title="bbox 514 2426 901 2485; baseline 0.01 -4"><span class='ocrx_word' id='word_1_102' title='bbox 514 2436 569 2481; x_wconf 90' lang='lat' dir='ltr'><strong>et</strong></span> <span class='ocrx_word' id='word_1_103' title='bbox 591 2426 732 2481; x_wconf 86' lang='lat' dir='ltr'><strong>dixit</strong></span> <span class='ocrx_word' id='word_1_104' title='bbox 761 2429 901 2485; x_wconf 91' lang='lat' dir='ltr'><strong>illis:</strong></span> 
     </span>
    </p>
   </div>
   <div class='ocr_carea' id='block_1_32' title="bbox 482 2496 860 2567">
    <p class='ocr_par' dir='ltr' id='par_1_32' title="bbox 482 2496 860 2567">
     <span class='ocr_line' id='line_1_32' title="bbox 482 2496 860 2567; baseline 0.003 -14"><span class='ocrx_word' id='word_1_105' title='bbox 482 2504 489 2511; x_wconf 86' lang='lat'><strong><em>&#39;</em></strong></span> <span class='ocrx_word' id='word_1_106' title='bbox 518 2496 693 2553; x_wconf 89' lang='lat' dir='ltr'><strong>Unum</strong></span> <span class='ocrx_word' id='word_1_107' title='bbox 722 2514 860 2567; x_wconf 90' lang='lat' dir='ltr'><strong>opus</strong></span> 
     </span>
    </p>
   </div>
   <div class='ocr_carea' id='block_1_33' title="bbox 516 2568 961 2631">
    <p class='ocr_par' dir='ltr' id='par_1_33' title="bbox 516 2568 961 2631">
     <span class='ocr_line' id='line_1_33' title="bbox 516 2568 961 2631; baseline 0.018 -10"><span class='ocrx_word' id='word_1_108' title='bbox 516 2568 624 2623; x_wconf 77' lang='lat' dir='ltr'><strong>feci</strong></span> <span class='ocrx_word' id='word_1_109' title='bbox 642 2611 655 2631; x_wconf 86' lang='lat'><strong>.</strong></span> <span class='ocrx_word' id='word_1_110' title='bbox 685 2581 739 2623; x_wconf 93' lang='lat' dir='ltr'><strong>et</strong></span> <span class='ocrx_word' id='word_1_111' title='bbox 768 2586 961 2629; x_wconf 81' lang='lat' dir='ltr'><strong>omnes</strong></span> 
     </span>
    </p>
   </div>
   <div class='ocr_carea' id='block_1_34' title="bbox 509 2638 1120 2701">
    <p class='ocr_par' dir='ltr' id='par_1_34' title="bbox 509 2638 1120 2701">
     <span class='ocr_line' id='line_1_34' title="bbox 509 2638 1120 2701; baseline 0.011 -9"><span class='ocrx_word' id='word_1_112' title='bbox 509 2638 604 2694; x_wconf 88' lang='lat'><strong>22.</strong></span> <span class='ocrx_word' id='word_1_113' title='bbox 646 2641 921 2701; x_wconf 78' lang='lat' dir='ltr'><strong>miramini</strong></span> <span class='ocrx_word' id='word_1_114' title='bbox 949 2662 963 2700; x_wconf 89' lang='lat'><strong>:</strong></span> <span class='ocrx_word' id='word_1_115' title='bbox 994 2641 1120 2701; x_wconf 89' lang='lat' dir='ltr'><strong>ldeo</strong></span> 
     </span>
    </p>
   </div>
   <div class='ocr_carea' id='block_1_35' title="bbox 511 2711 844 2769">
    <p class='ocr_par' dir='ltr' id='par_1_35' title="bbox 511 2711 844 2769">
     <span class='ocr_line' id='line_1_35' title="bbox 511 2711 844 2769; baseline 0.012 -4"><span class='ocrx_word' id='word_1_116' title='bbox 511 2711 664 2765; x_wconf 89' lang='lat' dir='ltr'><strong>dedit</strong></span> <span class='ocrx_word' id='word_1_117' title='bbox 691 2713 844 2769; x_wconf 86' lang='lat' dir='ltr'><strong>vobis</strong></span> 
     </span>
    </p>
   </div>
   <div class='ocr_carea' id='block_1_36' title="bbox 510 2783 991 2856">
    <p class='ocr_par' dir='ltr' id='par_1_36' title="bbox 510 2783 991 2856">
     <span class='ocr_line' id='line_1_36' title="bbox 510 2783 991 2856; baseline 0.008 -19"><span class='ocrx_word' id='word_1_118' title='bbox 510 2783 730 2856; x_wconf 68' lang='lat' dir='ltr'><strong>Moyses</strong></span> <span class='ocrx_word' id='word_1_119' title='bbox 757 2785 991 2856; x_wconf 89' lang='lat' dir='ltr'><strong>circum-</strong></span> 
     </span>
    </p>
   </div>
   <div class='ocr_carea' id='block_1_37' title="bbox 515 2855 984 2929">
    <p class='ocr_par' dir='ltr' id='par_1_37' title="bbox 515 2855 984 2929">
     <span class='ocr_line' id='line_1_37' title="bbox 515 2855 984 2929; baseline 0.006 -20"><span class='ocrx_word' id='word_1_120' title='bbox 515 2856 779 2929; x_wconf 64' lang='lat' dir='ltr'><strong>cisionem</strong></span> <span class='ocrx_word' id='word_1_121' title='bbox 808 2874 821 2909; x_wconf 90' lang='lat'><strong>:</strong></span> <span class='ocrx_word' id='word_1_122' title='bbox 850 2855 984 2929; x_wconf 90' lang='lat' dir='ltr'><strong>(non</strong></span> 
     </span>
    </p>
   </div>
   <div class='ocr_carea' id='block_1_38' title="bbox 512 2925 975 2998">
    <p class='ocr_par' dir='ltr' id='par_1_38' title="bbox 512 2925 975 2998">
     <span class='ocr_line' id='line_1_38' title="bbox 512 2925 975 2998; baseline 0.002 -17"><span class='ocrx_word' id='word_1_123' title='bbox 512 2940 579 2981; x_wconf 89' lang='lat' dir='ltr'><strong>ex</strong></span> <span class='ocrx_word' id='word_1_124' title='bbox 594 2925 830 2998; x_wconf 72' lang='lat' dir='ltr'><strong>Moysen</strong></span> <span class='ocrx_word' id='word_1_125' title='bbox 856 2925 939 2982; x_wconf 81' lang='lat' dir='ltr'><strong>est</strong></span> <span class='ocrx_word' id='word_1_126' title='bbox 958 2968 975 2995; x_wconf 83' lang='lat'><strong><em>,</em></strong></span> 
     </span>
    </p>
   </div>
   <div class='ocr_carea' id='block_1_39' title="bbox 512 2996 949 3054">
    <p class='ocr_par' dir='ltr' id='par_1_39' title="bbox 512 2996 949 3054">
     <span class='ocr_line' id='line_1_39' title="bbox 512 2996 949 3054; baseline 0.007 -3"><span class='ocrx_word' id='word_1_127' title='bbox 512 2996 607 3051; x_wconf 88' lang='lat' dir='ltr'><strong>sed</strong></span> <span class='ocrx_word' id='word_1_128' title='bbox 636 3016 661 3049; x_wconf 89' lang='lat' dir='ltr'><strong>a</strong></span> <span class='ocrx_word' id='word_1_129' title='bbox 697 2996 949 3054; x_wconf 74' lang='lat' dir='ltr'><strong>Patribus</strong></span> 
     </span>
    </p>
   </div>
   <div class='ocr_carea' id='block_1_40' title="bbox 510 3071 921 3139">
    <p class='ocr_par' dir='ltr' id='par_1_40' title="bbox 510 3071 921 3139">
     <span class='ocr_line' id='line_1_40' title="bbox 510 3071 921 3139; baseline 0.017 -19"><span class='ocrx_word' id='word_1_130' title='bbox 510 3071 709 3123; x_wconf 72' lang='lat' dir='ltr'><strong>vestris</strong></span> <span class='ocrx_word' id='word_1_131' title='bbox 738 3072 756 3139; x_wconf 91' lang='lat'><strong>)</strong></span> <span class='ocrx_word' id='word_1_132' title='bbox 785 3079 841 3124; x_wconf 89' lang='lat' dir='ltr'><strong>et</strong></span> <span class='ocrx_word' id='word_1_133' title='bbox 868 3072 921 3127; x_wconf 91' lang='lat' dir='ltr'><strong>in</strong></span> 
     </span>
    </p>
   </div>
   <div class='ocr_carea' id='block_1_41' title="bbox 509 3140 879 3196">
    <p class='ocr_par' dir='ltr' id='par_1_41' title="bbox 509 3140 879 3196">
     <span class='ocr_line' id='line_1_41' title="bbox 509 3140 879 3196; baseline 0.008 -3"><span class='ocrx_word' id='word_1_134' title='bbox 509 3140 740 3195; x_wconf 82' lang='lat' dir='ltr'><strong>sabbato</strong></span> <span class='ocrx_word' id='word_1_135' title='bbox 770 3142 879 3196; x_wconf 91' lang='lat' dir='ltr'><strong>cir-</strong></span> 
     </span>
    </p>
   </div>
   <div class='ocr_carea' id='block_1_42' title="bbox 508 3212 771 3264">
    <p class='ocr_par' dir='ltr' id='par_1_42' title="bbox 508 3212 771 3264">
     <span class='ocr_line' id='line_1_42' title="bbox 508 3212 771 3264; baseline -0.004 0"><span class='ocrx_word' id='word_1_136' title='bbox 508 3212 771 3264; x_wconf 89' lang='lat' dir='ltr'><strong>cumcidi-</strong></span> 
     </span>
    </p>
   </div>
   <div class='ocr_carea' id='block_1_43' title="bbox 510 3281 912 3336">
    <p class='ocr_par' dir='ltr' id='par_1_43' title="bbox 510 3281 912 3336">
     <span class='ocr_line' id='line_1_43' title="bbox 510 3281 912 3336; baseline 0.007 -3"><span class='ocrx_word' id='word_1_137' title='bbox 510 3281 580 3333; x_wconf 74' lang='lat' dir='ltr'><strong>tis</strong></span> <span class='ocrx_word' id='word_1_138' title='bbox 614 3282 912 3336; x_wconf 86' lang='lat' dir='ltr'><strong>hominem.</strong></span> 
     </span>
    </p>
   </div>
   <div class='ocr_carea' id='block_1_44' title="bbox 506 3351 1120 3434">
    <p class='ocr_par' dir='ltr' id='par_1_44' title="bbox 506 3351 1120 3434">
     <span class='ocr_line' id='line_1_44' title="bbox 506 3351 1120 3434; baseline -0.002 -29"><span class='ocrx_word' id='word_1_139' title='bbox 506 3351 604 3434; x_wconf 55' lang='grc' dir='ltr'><strong>ἓξ).</strong></span> <span class='ocrx_word' id='word_1_140' title='bbox 642 3352 698 3405; x_wconf 88' lang='lat' dir='ltr'><strong>Si</strong></span> <span class='ocrx_word' id='word_1_141' title='bbox 729 3367 858 3416; x_wconf 85' lang='lat' dir='ltr'><strong>ergo</strong></span> <span class='ocrx_word' id='word_1_142' title='bbox 887 3352 1120 3407; x_wconf 87' lang='lat' dir='ltr'><strong>circum—</strong></span> 
     </span>
    </p>
   </div>
   <div class='ocr_carea' id='block_1_45' title="bbox 507 3436 895 3477">
    <p class='ocr_par' dir='ltr' id='par_1_45' title="bbox 507 3436 895 3477">
     <span class='ocr_line' id='line_1_45' title="bbox 507 3436 895 3477; baseline -0.008 0"><span class='ocrx_word' id='word_1_143' title='bbox 507 3436 771 3477; x_wconf 72' lang='lat' dir='ltr'><strong>CISIOIICHI</strong></span> <span class='ocrx_word' id='word_1_144' title='bbox 804 3438 895 3475; x_wconf 88' lang='lat' dir='ltr'><strong>ac—</strong></span> 
     </span>
    </p>
   </div>
   <div class='ocr_carea' id='block_1_46' title="bbox 506 3491 917 3549">
    <p class='ocr_par' dir='ltr' id='par_1_46' title="bbox 506 3491 917 3549">
     <span class='ocr_line' id='line_1_46' title="bbox 506 3491 917 3549; baseline 0 -2"><span class='ocrx_word' id='word_1_145' title='bbox 506 3493 642 3549; x_wconf 83' lang='lat' dir='ltr'><strong>cinit</strong></span> <span class='ocrx_word' id='word_1_146' title='bbox 671 3491 833 3547; x_wconf 90' lang='lat' dir='ltr'><strong>homo</strong></span> <span class='ocrx_word' id='word_1_147' title='bbox 865 3493 917 3547; x_wconf 92' lang='lat' dir='ltr'><strong>in</strong></span> 
     </span>
    </p>
   </div>
   <div class='ocr_carea' id='block_1_47' title="bbox 506 3563 1005 3637">
    <p class='ocr_par' dir='ltr' id='par_1_47' title="bbox 506 3563 1005 3637">
     <span class='ocr_line' id='line_1_47' title="bbox 506 3563 1005 3637; baseline 0.002 -20"><span class='ocrx_word' id='word_1_148' title='bbox 506 3563 735 3637; x_wconf 79' lang='lat' dir='ltr'><strong>sabbato</strong></span> <span class='ocrx_word' id='word_1_149' title='bbox 754 3606 769 3637; x_wconf 70' lang='grc'>,</span> <span class='ocrx_word' id='word_1_150' title='bbox 812 3573 871 3627; x_wconf 80' lang='grc' dir='ltr'><strong>ιιι</strong></span> <span class='ocrx_word' id='word_1_151' title='bbox 898 3578 1005 3621; x_wconf 91' lang='lat' dir='ltr'><strong>non</strong></span> 
     </span>
    </p>
   </div>
   <div class='ocr_carea' id='block_1_48' title="bbox 506 3636 752 3689">
    <p class='ocr_par' dir='ltr' id='par_1_48' title="bbox 506 3636 752 3689">
     <span class='ocr_line' id='line_1_48' title="bbox 506 3636 752 3689; baseline 0.004 -1"><span class='ocrx_word' id='word_1_152' title='bbox 506 3636 752 3689; x_wconf 87' lang='lat' dir='ltr'><strong>solvatur</strong></span> 
     </span>
    </p>
   </div>
   <div class='ocr_carea' id='block_1_49' title="bbox 507 3705 973 3778">
    <p class='ocr_par' dir='ltr' id='par_1_49' title="bbox 507 3705 973 3778">
     <span class='ocr_line' id='line_1_49' title="bbox 507 3705 973 3778; baseline 0.004 -18"><span class='ocrx_word' id='word_1_153' title='bbox 507 3706 598 3761; x_wconf 85' lang='lat' dir='ltr'><strong>lex</strong></span> <span class='ocrx_word' id='word_1_154' title='bbox 625 3705 796 3778; x_wconf 85' lang='lat' dir='ltr'><strong>Moysi</strong></span> <span class='ocrx_word' id='word_1_155' title='bbox 826 3725 838 3761; x_wconf 91' lang='lat'>:</span> <span class='ocrx_word' id='word_1_156' title='bbox 872 3706 973 3762; x_wconf 87' lang='lat' dir='ltr'><strong>mi—</strong></span> 
     </span>
    </p>
   </div>
   <div class='ocr_carea' id='block_1_50' title="bbox 504 3911 2114 3984">
    <p class='ocr_par' dir='ltr' id='par_1_50' title="bbox 504 3911 2114 3984">
     <span class='ocr_line' id='line_1_50' title="bbox 504 3911 2114 3984; baseline -0.004 -10"><span class='ocrx_word' id='word_1_157' title='bbox 504 3929 651 3975; x_wconf 89' lang='lat' dir='ltr'><strong>cere.</strong></span> <span class='ocrx_word' id='word_1_158' title='bbox 682 3923 974 3984; x_wconf 84' lang='lat' dir='ltr'><strong>cognoscet</strong></span> <span class='ocrx_word' id='word_1_159' title='bbox 1015 3913 1083 3970; x_wconf 89' lang='lat' dir='ltr'><strong>de</strong></span> <span class='ocrx_word' id='word_1_160' title='bbox 1110 3912 1357 3984; x_wconf 78' lang='lat' dir='ltr'><strong>doctrina</strong></span> <span class='ocrx_word' id='word_1_161' title='bbox 1392 3911 1513 3967; x_wconf 89' lang='lat' dir='ltr'><strong>hac.</strong></span> <span class='ocrx_word' id='word_1_162' title='bbox 1564 3920 1743 3968; x_wconf 90' lang='lat' dir='ltr'><strong>utrum</strong></span> <span class='ocrx_word' id='word_1_163' title='bbox 1778 3927 1841 3968; x_wconf 89' lang='lat' dir='ltr'><strong>ex</strong></span> <span class='ocrx_word' id='word_1_164' title='bbox 1870 3913 1983 3967; x_wconf 91' lang='lat' dir='ltr'><strong>Deo</strong></span> <span class='ocrx_word' id='word_1_165' title='bbox 2009 3922 2114 3968; x_wconf 91' lang='lat' dir='ltr'><strong>est.</strong></span> 
     </span>
    </p>
   </div>
   <div class='ocr_carea' id='block_1_51' title="bbox 504 3982 2118 4057">
    <p class='ocr_par' dir='ltr' id='par_1_51' title="bbox 504 3982 2118 4057">
     <span class='ocr_line' id='line_1_51' title="bbox 504 3982 2118 4057; baseline -0.001 -18"><span class='ocrx_word' id='word_1_166' title='bbox 504 4004 575 4045; x_wconf 82' lang='lat' dir='ltr'><strong>an</strong></span> <span class='ocrx_word' id='word_1_167' title='bbox 607 4002 707 4057; x_wconf 82' lang='lat' dir='ltr'><strong>ego</strong></span> <span class='ocrx_word' id='word_1_168' title='bbox 735 3982 775 4041; x_wconf 44' lang='lat' dir='ltr'><strong>a-</strong></span> <span class='ocrx_word' id='word_1_169' title='bbox 809 4002 893 4040; x_wconf 89' lang='lat' dir='ltr'><strong>me</strong></span> <span class='ocrx_word' id='word_1_170' title='bbox 924 3988 1041 4056; x_wconf 58' lang='lat' dir='ltr'><strong>ipso</strong></span> <span class='ocrx_word' id='word_1_171' title='bbox 1085 3985 1297 4053; x_wconf 89' lang='lat' dir='ltr'><strong>loquor.</strong></span> <span class='ocrx_word' id='word_1_172' title='bbox 1329 3982 1428 4051; x_wconf 85' lang='lat' dir='ltr'><strong>Qui</strong></span> <span class='ocrx_word' id='word_1_173' title='bbox 1473 3984 1617 4057; x_wconf 88' lang='lat' dir='ltr'><strong>enim</strong></span> <span class='ocrx_word' id='word_1_174' title='bbox 1649 4000 1676 4057; x_wconf 90' lang='lat' dir='ltr'><strong>a</strong></span> <span class='ocrx_word' id='word_1_175' title='bbox 1712 3985 2011 4048; x_wconf 78' lang='lat' dir='ltr'><strong>semetipso</strong></span> <span class='ocrx_word' id='word_1_176' title='bbox 2039 3985 2118 4038; x_wconf 74' lang='lat' dir='ltr'><strong>lo—</strong></span> 
     </span>
    </p>
   </div>
   <div class='ocr_carea' id='block_1_52' title="bbox 500 4056 2118 4130">
    <p class='ocr_par' dir='ltr' id='par_1_52' title="bbox 500 4056 2118 4130">
     <span class='ocr_line' id='line_1_52' title="bbox 500 4056 2118 4130; baseline -0.001 -18"><span class='ocrx_word' id='word_1_177' title='bbox 500 4056 705 4130; x_wconf 85' lang='lat' dir='ltr'><strong>quitur.</strong></span> <span class='ocrx_word' id='word_1_178' title='bbox 756 4057 987 4130; x_wconf 69' lang='lat' dir='ltr'><strong>gloriam</strong></span> <span class='ocrx_word' id='word_1_179' title='bbox 1034 4057 1305 4130; x_wconf 81' lang='lat' dir='ltr'><strong>propriam</strong></span> <span class='ocrx_word' id='word_1_180' title='bbox 1333 4056 1561 4130; x_wconf 66' lang='lat' dir='ltr'><strong>«praerit.</strong></span> <span class='ocrx_word' id='word_1_181' title='bbox 1592 4056 1680 4123; x_wconf 88' lang='lat' dir='ltr'><strong>qui</strong></span> <span class='ocrx_word' id='word_1_182' title='bbox 1705 4057 2118 4130; x_wconf 81' lang='lat' dir='ltr'><strong>auteiuquaerit</strong></span> 
     </span>
    </p>
   </div>
   <div class='ocr_carea' id='block_1_53' title="bbox 503 4127 2113 4201">
    <p class='ocr_par' dir='ltr' id='par_1_53' title="bbox 503 4127 2113 4201">
     <span class='ocr_line' id='line_1_53' title="bbox 503 4127 2113 4201; baseline 0.002 -24"><span class='ocrx_word' id='word_1_183' title='bbox 503 4127 737 4201; x_wconf 57' lang='lat' dir='ltr'><strong>gloriam</strong></span> <span class='ocrx_word' id='word_1_184' title='bbox 762 4127 880 4195; x_wconf 74' lang='lat' dir='ltr'><strong>ejus</strong></span> <span class='ocrx_word' id='word_1_185' title='bbox 904 4128 992 4196; x_wconf 91' lang='lat' dir='ltr'><strong>qui</strong></span> <span class='ocrx_word' id='word_1_186' title='bbox 1020 4128 1165 4201; x_wconf 77' lang='lat' dir='ltr'><strong>misit</strong></span> <span class='ocrx_word' id='word_1_187' title='bbox 1194 4143 1347 4201; x_wconf 54' lang='lat' dir='ltr'><strong>eunt.</strong></span> <span class='ocrx_word' id='word_1_188' title='bbox 1373 4127 1459 4179; x_wconf 93' lang='lat' dir='ltr'><strong>hic</strong></span> <span class='ocrx_word' id='word_1_189' title='bbox 1491 4142 1666 4201; x_wconf 49' lang='lat' dir='ltr'><strong>verat</strong></span> <span class='ocrx_word' id='word_1_190' title='bbox 1680 4137 1791 4201; x_wconf 87' lang='lat' dir='ltr'><strong>est.</strong></span> <span class='ocrx_word' id='word_1_191' title='bbox 1815 4136 1874 4201; x_wconf 78' lang='lat' dir='ltr'><strong>et</strong></span> <span class='ocrx_word' id='word_1_192' title='bbox 1900 4127 2113 4201; x_wconf 79' lang='lat' dir='ltr'><strong>injusti-</strong></span> 
     </span>
    </p>
   </div>
   <div class='ocr_carea' id='block_1_54' title="bbox 504 4197 2106 4269">
    <p class='ocr_par' dir='ltr' id='par_1_54' title="bbox 504 4197 2106 4269">
     <span class='ocr_line' id='line_1_54' title="bbox 504 4197 2106 4269; baseline -0.004 -12"><span class='ocrx_word' id='word_1_193' title='bbox 504 4197 574 4257; x_wconf 79' lang='lat' dir='ltr'><strong>tia</strong></span> <span class='ocrx_word' id='word_1_194' title='bbox 603 4202 653 4255; x_wconf 92' lang='lat' dir='ltr'><strong>iu</strong></span> <span class='ocrx_word' id='word_1_195' title='bbox 687 4200 780 4255; x_wconf 67' lang='lat' dir='ltr'><strong>illo</strong></span> <span class='ocrx_word' id='word_1_196' title='bbox 804 4214 908 4255; x_wconf 82' lang='lat' dir='ltr'><strong>neu</strong></span> <span class='ocrx_word' id='word_1_197' title='bbox 939 4210 1040 4254; x_wconf 90' lang='lat' dir='ltr'><strong>est.</strong></span> <span class='ocrx_word' id='word_1_198' title='bbox 1070 4198 1186 4269; x_wconf 87' lang='lat' dir='ltr'><strong>Non</strong></span> <span class='ocrx_word' id='word_1_199' title='bbox 1215 4214 1280 4250; x_wconf 85' lang='lat' dir='ltr'><strong>tte</strong></span> <span class='ocrx_word' id='word_1_200' title='bbox 1303 4197 1546 4269; x_wconf 64' lang='lat' dir='ltr'><strong>Moyses.</strong></span> <span class='ocrx_word' id='word_1_201' title='bbox 1565 4197 1716 4253; x_wconf 81' lang='lat' dir='ltr'><strong>dedit</strong></span> <span class='ocrx_word' id='word_1_202' title='bbox 1740 4198 1892 4251; x_wconf 74' lang='lat' dir='ltr'><strong>Voltis</strong></span> <span class='ocrx_word' id='word_1_203' title='bbox 1915 4197 2106 4266; x_wconf 79' lang='lat' dir='ltr'><strong>legent.</strong></span> 
     </span>
    </p>
   </div>
   <div class='ocr_carea' id='block_1_55' title="bbox 500 4267 2111 4337">
    <p class='ocr_par' dir='ltr' id='par_1_55' title="bbox 500 4267 2111 4337">
     <span class='ocr_line' id='line_1_55' title="bbox 500 4267 2111 4337; baseline -0.002 -13"><span class='ocrx_word' id='word_1_204' title='bbox 500 4284 552 4329; x_wconf 83' lang='lat' dir='ltr'><strong>et</strong></span> <span class='ocrx_word' id='word_1_205' title='bbox 585 4288 743 4327; x_wconf 88' lang='lat' dir='ltr'><strong>nemo</strong></span> <span class='ocrx_word' id='word_1_206' title='bbox 775 4287 839 4325; x_wconf 73' lang='lat' dir='ltr'><strong>ex</strong></span> <span class='ocrx_word' id='word_1_207' title='bbox 874 4271 1030 4325; x_wconf 81' lang='lat' dir='ltr'><strong>vobis</strong></span> <span class='ocrx_word' id='word_1_208' title='bbox 1063 4268 1189 4323; x_wconf 81' lang='lat' dir='ltr'><strong>facit</strong></span> <span class='ocrx_word' id='word_1_209' title='bbox 1220 4267 1415 4336; x_wconf 68' lang='lat' dir='ltr'><strong>legem.</strong></span> <span class='ocrx_word' id='word_1_210' title='bbox 1450 4267 1588 4336; x_wconf 83' lang='lat' dir='ltr'><strong>Quid</strong></span> <span class='ocrx_word' id='word_1_211' title='bbox 1619 4284 1705 4323; x_wconf 90' lang='lat' dir='ltr'><strong>me</strong></span> <span class='ocrx_word' id='word_1_212' title='bbox 1734 4270 1995 4337; x_wconf 62' lang='lat' dir='ltr'><strong>quaeritis</strong></span> <span class='ocrx_word' id='word_1_213' title='bbox 2030 4270 2111 4321; x_wconf 81' lang='lat' dir='ltr'><strong>in-</strong></span> 
     </span>
    </p>
   </div>
   <div class='ocr_carea' id='block_1_56' title="bbox 504 4339 2107 4409">
    <p class='ocr_par' dir='ltr' id='par_1_56' title="bbox 504 4339 2107 4409">
     <span class='ocr_line' id='line_1_56' title="bbox 504 4339 2107 4409; baseline -0.002 -11"><span class='ocrx_word' id='word_1_214' title='bbox 504 4343 777 4399; x_wconf 64' lang='lat' dir='ltr'><strong>terlirere.</strong></span> <span class='ocrx_word' id='word_1_215' title='bbox 809 4341 1111 4409; x_wconf 69' lang='lat' dir='ltr'><strong>Restiontlit</strong></span> <span class='ocrx_word' id='word_1_216' title='bbox 1144 4342 1297 4393; x_wconf 75' lang='lat' dir='ltr'><strong>tttrhzt</strong></span> <span class='ocrx_word' id='word_1_217' title='bbox 1345 4351 1398 4393; x_wconf 87' lang='lat' dir='ltr'><strong>et</strong></span> <span class='ocrx_word' id='word_1_218' title='bbox 1442 4339 1594 4394; x_wconf 86' lang='lat' dir='ltr'><strong>dixit.</strong></span> <span class='ocrx_word' id='word_1_219' title='bbox 1643 4340 1962 4394; x_wconf 79' lang='lat' dir='ltr'><strong>Demottium</strong></span> <span class='ocrx_word' id='word_1_220' title='bbox 2011 4339 2107 4394; x_wconf 89' lang='lat' dir='ltr'><strong>ha-</strong></span> 
     </span>
    </p>
   </div>
   <div class='ocr_carea' id='block_1_57' title="bbox 502 4410 2107 4483">
    <p class='ocr_par' dir='ltr' id='par_1_57' title="bbox 502 4410 2107 4483">
     <span class='ocr_line' id='line_1_57' title="bbox 502 4410 2107 4483; baseline -0.001 -15"><span class='ocrx_word' id='word_1_221' title='bbox 502 4416 619 4470; x_wconf 76' lang='lat' dir='ltr'><strong>hi-s.</strong></span> <span class='ocrx_word' id='word_1_222' title='bbox 666 4417 787 4477; x_wconf 78' lang='lat' dir='ltr'><strong>quis</strong></span> <span class='ocrx_word' id='word_1_223' title='bbox 820 4424 869 4467; x_wconf 89' lang='lat' dir='ltr'><strong>te</strong></span> <span class='ocrx_word' id='word_1_224' title='bbox 899 4412 1115 4483; x_wconf 80' lang='lat' dir='ltr'><strong>quaerit</strong></span> <span class='ocrx_word' id='word_1_225' title='bbox 1159 4410 1484 4483; x_wconf 80' lang='lat' dir='ltr'><strong>interﬁcere.</strong></span> <span class='ocrx_word' id='word_1_226' title='bbox 1539 4411 1833 4483; x_wconf 75' lang='lat' dir='ltr'><strong>Respondit</strong></span> <span class='ocrx_word' id='word_1_227' title='bbox 1862 4410 2016 4483; x_wconf 40' lang='grc' dir='ltr'><strong>δεθείς</strong></span> <span class='ocrx_word' id='word_1_228' title='bbox 2050 4420 2107 4466; x_wconf 87' lang='lat' dir='ltr'><strong>et</strong></span> 
     </span>
    </p>
   </div>
   <div class='ocr_carea' id='block_1_58' title="bbox 502 4481 2106 4549">
    <p class='ocr_par' dir='ltr' id='par_1_58' title="bbox 502 4481 2106 4549">
     <span class='ocr_line' id='line_1_58' title="bbox 502 4481 2106 4549; baseline -0.004 -9"><span class='ocrx_word' id='word_1_229' title='bbox 502 4484 635 4540; x_wconf 76' lang='lat' dir='ltr'><strong>dixit</strong></span> <span class='ocrx_word' id='word_1_230' title='bbox 665 4483 762 4538; x_wconf 73' lang='lat' dir='ltr'><strong>eis.</strong></span> <span class='ocrx_word' id='word_1_231' title='bbox 795 4481 974 4539; x_wconf 87' lang='lat' dir='ltr'><strong>Unum</strong></span> <span class='ocrx_word' id='word_1_232' title='bbox 1016 4499 1152 4549; x_wconf 82' lang='lat' dir='ltr'><strong>Opus</strong></span> <span class='ocrx_word' id='word_1_233' title='bbox 1181 4482 1302 4536; x_wconf 79' lang='lat' dir='ltr'><strong>feci.</strong></span> <span class='ocrx_word' id='word_1_234' title='bbox 1344 4491 1397 4535; x_wconf 75' lang='lat' dir='ltr'><strong>et</strong></span> <span class='ocrx_word' id='word_1_235' title='bbox 1428 4497 1616 4536; x_wconf 86' lang='lat' dir='ltr'><strong>omnes</strong></span> <span class='ocrx_word' id='word_1_236' title='bbox 1657 4482 1945 4537; x_wconf 85' lang='lat' dir='ltr'><strong>miramini.</strong></span> <span class='ocrx_word' id='word_1_237' title='bbox 1973 4481 2106 4535; x_wconf 83' lang='lat' dir='ltr'><strong>Pro-</strong></span> 
     </span>
    </p>
   </div>
   <div class='ocr_carea' id='block_1_59' title="bbox 499 4553 2096 4628">
    <p class='ocr_par' dir='ltr' id='par_1_59' title="bbox 499 4553 2096 4628">
     <span class='ocr_line' id='line_1_59' title="bbox 499 4553 2096 4628; baseline -0.001 -21"><span class='ocrx_word' id='word_1_238' title='bbox 499 4566 682 4628; x_wconf 78' lang='lat' dir='ltr'><strong>pterea</strong></span> <span class='ocrx_word' id='word_1_239' title='bbox 711 4554 938 4625; x_wconf 54' lang='lat' dir='ltr'><strong>Moyses.</strong></span> <span class='ocrx_word' id='word_1_240' title='bbox 963 4553 1795 4628; x_wconf 67' lang='lat' dir='ltr'><strong>deditvobiscircumcisionent.</strong></span> <span class='ocrx_word' id='word_1_241' title='bbox 1819 4570 1923 4628; x_wconf 83' lang='lat' dir='ltr'><strong>non</strong></span> <span class='ocrx_word' id='word_1_242' title='bbox 1951 4555 2096 4622; x_wconf 84' lang='lat' dir='ltr'><strong>quia.</strong></span> 
     </span>
    </p>
   </div>
   <div class='ocr_carea' id='block_1_60' title="bbox 499 4625 2100 4699">
    <p class='ocr_par' dir='ltr' id='par_1_60' title="bbox 499 4625 2100 4699">
     <span class='ocr_line' id='line_1_60' title="bbox 499 4625 2100 4699; baseline 0.002 -24"><span class='ocrx_word' id='word_1_243' title='bbox 499 4625 783 4699; x_wconf 17' lang='lat' dir='ltr'><strong>vexAM-iyse</strong></span> <span class='ocrx_word' id='word_1_244' title='bbox 822 4636 905 4680; x_wconf 79' lang='lat' dir='ltr'><strong>est</strong></span> <span class='ocrx_word' id='word_1_245' title='bbox 932 4626 1023 4681; x_wconf 69' lang='lat' dir='ltr'><strong>sed</strong></span> <span class='ocrx_word' id='word_1_246' title='bbox 1056 4642 1129 4699; x_wconf 69' lang='lat' dir='ltr'><strong>ex</strong></span> <span class='ocrx_word' id='word_1_247' title='bbox 1151 4625 1418 4699; x_wconf 67' lang='lat' dir='ltr'><strong>Patrihus.</strong></span> <span class='ocrx_word' id='word_1_248' title='bbox 1447 4634 1499 4677; x_wconf 90' lang='lat' dir='ltr'><strong>et</strong></span> <span class='ocrx_word' id='word_1_249' title='bbox 1525 4625 1576 4678; x_wconf 94' lang='lat' dir='ltr'><strong>in</strong></span> <span class='ocrx_word' id='word_1_250' title='bbox 1612 4625 1841 4699; x_wconf 78' lang='lat' dir='ltr'><strong>snbhato</strong></span> <span class='ocrx_word' id='word_1_251' title='bbox 1868 4626 2100 4699; x_wconf 77' lang='lat' dir='ltr'><strong>ein-um-</strong></span> 
     </span>
    </p>
   </div>
   <div class='ocr_carea' id='block_1_61' title="bbox 501 4696 2098 4764">
    <p class='ocr_par' dir='ltr' id='par_1_61' title="bbox 501 4696 2098 4764">
     <span class='ocr_line' id='line_1_61' title="bbox 501 4696 2098 4764; baseline -0.002 -12"><span class='ocrx_word' id='word_1_252' title='bbox 501 4696 1020 4752; x_wconf 53' lang='lat' dir='ltr'><strong>ciditis&#39;buminem.</strong></span> <span class='ocrx_word' id='word_1_253' title='bbox 1075 4697 1132 4751; x_wconf 90' lang='lat' dir='ltr'><strong>Si</strong></span> <span class='ocrx_word' id='word_1_254' title='bbox 1184 4711 1313 4764; x_wconf 72' lang='lat' dir='ltr'><strong>ergo</strong></span> <span class='ocrx_word' id='word_1_255' title='bbox 1368 4697 1835 4751; x_wconf 77' lang='lat' dir='ltr'><strong>circuuicisimwm</strong></span> <span class='ocrx_word' id='word_1_256' title='bbox 1901 4698 2098 4764; x_wconf 86' lang='lat' dir='ltr'><strong>accipit</strong></span> 
     </span>
    </p>
   </div>
   <div class='ocr_carea' id='block_1_62' title="bbox 501 4766 2097 4839">
    <p class='ocr_par' dir='ltr' id='par_1_62' title="bbox 501 4766 2097 4839">
     <span class='ocr_line' id='line_1_62' title="bbox 501 4766 2097 4839; baseline -0.003 -16"><span class='ocrx_word' id='word_1_257' title='bbox 501 4771 666 4823; x_wconf 86' lang='lat' dir='ltr'><strong>homo</strong></span> <span class='ocrx_word' id='word_1_258' title='bbox 691 4771 742 4822; x_wconf 93' lang='lat' dir='ltr'><strong>in</strong></span> <span class='ocrx_word' id='word_1_259' title='bbox 768 4768 1015 4823; x_wconf 87' lang='lat' dir='ltr'><strong>sabbato.</strong></span> <span class='ocrx_word' id='word_1_260' title='bbox 1042 4776 1101 4822; x_wconf 93' lang='lat' dir='ltr'><strong>ut</strong></span> <span class='ocrx_word' id='word_1_261' title='bbox 1124 4784 1228 4822; x_wconf 93' lang='lat' dir='ltr'><strong>non</strong></span> <span class='ocrx_word' id='word_1_262' title='bbox 1252 4766 1495 4821; x_wconf 86' lang='lat' dir='ltr'><strong>solvatur</strong></span> <span class='ocrx_word' id='word_1_263' title='bbox 1522 4767 1607 4822; x_wconf 87' lang='lat' dir='ltr'><strong>lex</strong></span> <span class='ocrx_word' id='word_1_264' title='bbox 1635 4767 1825 4839; x_wconf 84' lang='lat' dir='ltr'><strong>Moysi.</strong></span> <span class='ocrx_word' id='word_1_265' title='bbox 1851 4767 1980 4821; x_wconf 89' lang='lat' dir='ltr'><strong>mihi</strong></span> <span class='ocrx_word' id='word_1_266' title='bbox 2000 4782 2097 4820; x_wconf 85' lang='lat' dir='ltr'><strong>au-</strong></span> 
     </span>
    </p>
   </div>
   <div class='ocr_carea' id='block_1_63' title="bbox 1364 431 1715 485">
    <p class='ocr_par' dir='ltr' id='par_1_63' title="bbox 1364 431 1715 485">
     <span class='ocr_line' id='line_1_63' title="bbox 1364 431 1715 485; baseline -0.006 0"><span class='ocrx_word' id='word_1_267' title='bbox 1364 432 1416 485; x_wconf 92' lang='lat' dir='ltr'><strong>hi</strong></span> <span class='ocrx_word' id='word_1_268' title='bbox 1447 431 1715 484; x_wconf 85' lang='lat' dir='ltr'><strong>irascimi-</strong></span> 
     </span>
    </p>
   </div>
   <div class='ocr_carea' id='block_1_64' title="bbox 1364 502 1776 573">
    <p class='ocr_par' dir='ltr' id='par_1_64' title="bbox 1364 502 1776 573">
     <span class='ocr_line' id='line_1_64' title="bbox 1364 502 1776 573; baseline -0.005 -16"><span class='ocrx_word' id='word_1_269' title='bbox 1364 502 1425 557; x_wconf 79' lang='lat' dir='ltr'><strong>ni</strong></span> <span class='ocrx_word' id='word_1_270' title='bbox 1441 503 1584 573; x_wconf 90' lang='lat' dir='ltr'><strong>quod</strong></span> <span class='ocrx_word' id='word_1_271' title='bbox 1603 512 1776 557; x_wconf 89' lang='lat' dir='ltr'><strong>t0tum</strong></span> 
     </span>
    </p>
   </div>
   <div class='ocr_carea' id='block_1_65' title="bbox 1369 588 1753 628">
    <p class='ocr_par' dir='ltr' id='par_1_65' title="bbox 1369 588 1753 628">
     <span class='ocr_line' id='line_1_65' title="bbox 1369 588 1753 628; baseline 0 -2"><span class='ocrx_word' id='word_1_272' title='bbox 1369 588 1753 628; x_wconf 87' lang='lat' dir='ltr'><strong>.....em</strong></span> 
     </span>
    </p>
   </div>
   <div class='ocr_carea' id='block_1_66' title="bbox 1362 643 1684 699">
    <p class='ocr_par' dir='ltr' id='par_1_66' title="bbox 1362 643 1684 699">
     <span class='ocr_line' id='line_1_66' title="bbox 1362 643 1684 699; baseline 0 0"><span class='ocrx_word' id='word_1_273' title='bbox 1362 660 1553 699; x_wconf 86' lang='lat' dir='ltr'><strong>sanum</strong></span> <span class='ocrx_word' id='word_1_274' title='bbox 1586 643 1684 699; x_wconf 79' lang='lat' dir='ltr'><strong>feci</strong></span> 
     </span>
    </p>
   </div>
   <div class='ocr_carea' id='block_1_67' title="bbox 1360 714 1935 773">
    <p class='ocr_par' dir='ltr' id='par_1_67' title="bbox 1360 714 1935 773">
     <span class='ocr_line' id='line_1_67' title="bbox 1360 714 1935 773; baseline 0.007 -3"><span class='ocrx_word' id='word_1_275' title='bbox 1360 716 1451 771; x_wconf 67' lang='grc'><strong>24.</strong></span> <span class='ocrx_word' id='word_1_276' title='bbox 1494 715 1760 773; x_wconf 69' lang='lat' dir='ltr'><strong>Sabbatol</strong></span> <span class='ocrx_word' id='word_1_277' title='bbox 1785 714 1935 773; x_wconf 78' lang='lat' dir='ltr'><strong>Noli-</strong></span> 
     </span>
    </p>
   </div>
   <div class='ocr_carea' id='block_1_68' title="bbox 1368 788 1690 855">
    <p class='ocr_par' dir='ltr' id='par_1_68' title="bbox 1368 788 1690 855">
     <span class='ocr_line' id='line_1_68' title="bbox 1368 788 1690 855; baseline 0.003 -14"><span class='ocrx_word' id='word_1_278' title='bbox 1368 797 1420 841; x_wconf 91' lang='lat' dir='ltr'><strong>te</strong></span> <span class='ocrx_word' id='word_1_279' title='bbox 1442 788 1690 855; x_wconf 80' lang='lat' dir='ltr'><strong>judicare</strong></span> 
     </span>
    </p>
   </div>
   <div class='ocr_carea' id='block_1_69' title="bbox 1363 859 1809 923">
    <p class='ocr_par' dir='ltr' id='par_1_69' title="bbox 1363 859 1809 923">
     <span class='ocr_line' id='line_1_69' title="bbox 1363 859 1809 923; baseline 0 -9"><span class='ocrx_word' id='word_1_280' title='bbox 1363 859 1655 914; x_wconf 89' lang='lat' dir='ltr'><strong>secundum</strong></span> <span class='ocrx_word' id='word_1_281' title='bbox 1688 874 1809 923; x_wconf 80' lang='lat' dir='ltr'><strong>per-</strong></span> 
     </span>
    </p>
   </div>
   <div class='ocr_carea' id='block_1_70' title="bbox 1366 928 1770 984">
    <p class='ocr_par' dir='ltr' id='par_1_70' title="bbox 1366 928 1770 984">
     <span class='ocr_line' id='line_1_70' title="bbox 1366 928 1770 984; baseline -0.005 0"><span class='ocrx_word' id='word_1_282' title='bbox 1366 945 1555 984; x_wconf 90' lang='lat' dir='ltr'><strong>sonam</strong></span> <span class='ocrx_word' id='word_1_283' title='bbox 1591 928 1770 983; x_wconf 86' lang='lat' dir='ltr'><strong>homi-</strong></span> 
     </span>
    </p>
   </div>
   <div class='ocr_carea' id='block_1_71' title="bbox 1360 1000 1834 1070">
    <p class='ocr_par' dir='ltr' id='par_1_71' title="bbox 1360 1000 1834 1070">
     <span class='ocr_line' id='line_1_71' title="bbox 1360 1000 1834 1070; baseline 0.004 -15"><span class='ocrx_word' id='word_1_284' title='bbox 1360 1004 1444 1055; x_wconf 86' lang='lat' dir='ltr'><strong>nis</strong></span> <span class='ocrx_word' id='word_1_285' title='bbox 1463 1044 1477 1063; x_wconf 84' lang='lat'><strong>,</strong></span> <span class='ocrx_word' id='word_1_286' title='bbox 1510 1000 1604 1054; x_wconf 78' lang='lat' dir='ltr'><strong>sed</strong></span> <span class='ocrx_word' id='word_1_287' title='bbox 1624 1000 1834 1070; x_wconf 83' lang='lat' dir='ltr'><strong>justum</strong></span> 
     </span>
    </p>
   </div>
   <div class='ocr_carea' id='block_1_72' title="bbox 1359 1071 1737 1143">
    <p class='ocr_par' dir='ltr' id='par_1_72' title="bbox 1359 1071 1737 1143">
     <span class='ocr_line' id='line_1_72' title="bbox 1359 1071 1737 1143; baseline 0.003 -17"><span class='ocrx_word' id='word_1_288' title='bbox 1359 1072 1621 1143; x_wconf 83' lang='lat' dir='ltr'><strong>judicium</strong></span> <span class='ocrx_word' id='word_1_289' title='bbox 1650 1071 1737 1141; x_wconf 86' lang='lat' dir='ltr'><strong>ju-</strong></span> 
     </span>
    </p>
   </div>
   <div class='ocr_carea' id='block_1_73' title="bbox 1363 1144 1557 1198">
    <p class='ocr_par' dir='ltr' id='par_1_73' title="bbox 1363 1144 1557 1198">
     <span class='ocr_line' id='line_1_73' title="bbox 1363 1144 1557 1198; baseline -0.015 -2"><span class='ocrx_word' id='word_1_290' title='bbox 1363 1144 1557 1198; x_wconf 86' lang='lat' dir='ltr'><strong>dicate.</strong></span> 
     </span>
    </p>
   </div>
   <div class='ocr_carea' id='block_1_74' title="bbox 1362 1214 1908 1287">
    <p class='ocr_par' dir='ltr' id='par_1_74' title="bbox 1362 1214 1908 1287">
     <span class='ocr_line' id='line_1_74' title="bbox 1362 1214 1908 1287; baseline 0.004 -19"><span class='ocrx_word' id='word_1_291' title='bbox 1362 1214 1452 1287; x_wconf 79' lang='lat'><strong>25.</strong></span> <span class='ocrx_word' id='word_1_292' title='bbox 1475 1215 1759 1287; x_wconf 72' lang='lat' dir='ltr'><strong>Dicebant</strong></span> <span class='ocrx_word' id='word_1_293' title='bbox 1779 1229 1908 1287; x_wconf 81' lang='lat' dir='ltr'><strong>ergo</strong></span> 
     </span>
    </p>
   </div>
   <div class='ocr_carea' id='block_1_75' title="bbox 1359 1285 1735 1356">
    <p class='ocr_par' dir='ltr' id='par_1_75' title="bbox 1359 1285 1735 1356">
     <span class='ocr_line' id='line_1_75' title="bbox 1359 1285 1735 1356; baseline 0.008 -19"><span class='ocrx_word' id='word_1_294' title='bbox 1359 1285 1576 1356; x_wconf 84' lang='lat' dir='ltr'><strong>quidam</strong></span> <span class='ocrx_word' id='word_1_295' title='bbox 1611 1285 1735 1340; x_wconf 89' lang='lat' dir='ltr'><strong>Ilie-</strong></span> 
     </span>
    </p>
   </div>
   <div class='ocr_carea' id='block_1_76' title="bbox 1360 1359 1753 1429">
    <p class='ocr_par' dir='ltr' id='par_1_76' title="bbox 1360 1359 1753 1429">
     <span class='ocr_line' id='line_1_76' title="bbox 1360 1359 1753 1429; baseline 0.003 -19"><span class='ocrx_word' id='word_1_296' title='bbox 1360 1359 1715 1429; x_wconf 80' lang='lat' dir='ltr'><strong>rosolymitae</strong></span> <span class='ocrx_word' id='word_1_297' title='bbox 1741 1377 1753 1411; x_wconf 88' lang='lat'><strong>:</strong></span> 
     </span>
    </p>
   </div>
   <div class='ocr_carea' id='block_1_77' title="bbox 1362 1427 1723 1483">
    <p class='ocr_par' dir='ltr' id='par_1_77' title="bbox 1362 1427 1723 1483">
     <span class='ocr_line' id='line_1_77' title="bbox 1362 1427 1723 1483; baseline 0 -1"><span class='ocrx_word' id='word_1_298' title='bbox 1362 1429 1380 1458; x_wconf 87' lang='grc'>¹</span> <span class='ocrx_word' id='word_1_299' title='bbox 1412 1427 1602 1482; x_wconf 82' lang='lat' dir='ltr'><strong>Nonne</strong></span> <span class='ocrx_word' id='word_1_300' title='bbox 1635 1428 1723 1483; x_wconf 89' lang='lat' dir='ltr'><strong>hic</strong></span> 
     </span>
    </p>
   </div>
   <div class='ocr_carea' id='block_1_78' title="bbox 1359 1508 1853 1570">
    <p class='ocr_par' dir='ltr' id='par_1_78' title="bbox 1359 1508 1853 1570">
     <span class='ocr_line' id='line_1_78' title="bbox 1359 1508 1853 1570; baseline 0.008 -17"><span class='ocrx_word' id='word_1_301' title='bbox 1359 1508 1463 1563; x_wconf 89' lang='lat' dir='ltr'><strong>est,</strong></span> <span class='ocrx_word' id='word_1_302' title='bbox 1496 1516 1658 1566; x_wconf 88' lang='lat' dir='ltr'><strong>quem</strong></span> <span class='ocrx_word' id='word_1_303' title='bbox 1685 1514 1853 1570; x_wconf 85' lang='lat' dir='ltr'><strong>quae-</strong></span> 
     </span>
    </p>
   </div>
   <div class='ocr_carea' id='block_1_79' title="bbox 1359 1570 1731 1627">
    <p class='ocr_par' dir='ltr' id='par_1_79' title="bbox 1359 1570 1731 1627">
     <span class='ocr_line' id='line_1_79' title="bbox 1359 1570 1731 1627; baseline 0.011 -4"><span class='ocrx_word' id='word_1_304' title='bbox 1359 1580 1489 1624; x_wconf 88' lang='lat' dir='ltr'><strong>runt</strong></span> <span class='ocrx_word' id='word_1_305' title='bbox 1515 1570 1731 1627; x_wconf 77' lang='lat' dir='ltr'><strong>oecide-</strong></span> 
     </span>
    </p>
   </div>
   <div class='ocr_carea' id='block_1_80' title="bbox 1357 1641 1975 1713">
    <p class='ocr_par' dir='ltr' id='par_1_80' title="bbox 1357 1641 1975 1713">
     <span class='ocr_line' id='line_1_80' title="bbox 1357 1641 1975 1713; baseline 0.008 -18"><span class='ocrx_word' id='word_1_306' title='bbox 1357 1642 1449 1696; x_wconf 83' lang='lat'><strong>26.</strong></span> <span class='ocrx_word' id='word_1_307' title='bbox 1493 1641 1586 1696; x_wconf 89' lang='lat' dir='ltr'><strong>re?</strong></span> <span class='ocrx_word' id='word_1_308' title='bbox 1634 1643 1773 1698; x_wconf 80' lang='lat' dir='ltr'><strong>Ecce</strong></span> <span class='ocrx_word' id='word_1_309' title='bbox 1796 1643 1975 1713; x_wconf 84' lang='lat' dir='ltr'><strong>palam</strong></span> 
     </span>
    </p>
   </div>
   <div class='ocr_carea' id='block_1_81' title="bbox 1358 1713 1727 1779">
    <p class='ocr_par' dir='ltr' id='par_1_81' title="bbox 1358 1713 1727 1779">
     <span class='ocr_line' id='line_1_81' title="bbox 1358 1713 1727 1779; baseline 0 -13"><span class='ocrx_word' id='word_1_310' title='bbox 1358 1713 1631 1779; x_wconf 82' lang='lat' dir='ltr'><strong>loquitur.</strong></span> <span class='ocrx_word' id='word_1_311' title='bbox 1672 1723 1727 1768; x_wconf 90' lang='lat' dir='ltr'><strong>et</strong></span> 
     </span>
    </p>
   </div>
   <div class='ocr_carea' id='block_1_82' title="bbox 1357 1782 1699 1838">
    <p class='ocr_par' dir='ltr' id='par_1_82' title="bbox 1357 1782 1699 1838">
     <span class='ocr_line' id='line_1_82' title="bbox 1357 1782 1699 1838; baseline 0.003 -1"><span class='ocrx_word' id='word_1_312' title='bbox 1357 1783 1491 1837; x_wconf 85' lang='lat' dir='ltr'><strong>nihil</strong></span> <span class='ocrx_word' id='word_1_313' title='bbox 1518 1782 1595 1837; x_wconf 91' lang='lat' dir='ltr'><strong>illi</strong></span> <span class='ocrx_word' id='word_1_314' title='bbox 1616 1784 1699 1838; x_wconf 90' lang='lat' dir='ltr'><strong>di-</strong></span> 
     </span>
    </p>
   </div>
   <div class='ocr_carea' id='block_1_83' title="bbox 1354 1854 1698 1910">
    <p class='ocr_par' dir='ltr' id='par_1_83' title="bbox 1354 1854 1698 1910">
     <span class='ocr_line' id='line_1_83' title="bbox 1354 1854 1698 1910; baseline -0.006 -1"><span class='ocrx_word' id='word_1_315' title='bbox 1354 1864 1503 1910; x_wconf 88' lang='lat' dir='ltr'><strong>cunt.</strong></span> <span class='ocrx_word' id='word_1_316' title='bbox 1532 1854 1698 1908; x_wconf 87' lang='lat' dir='ltr'><strong>Num-</strong></span> 
     </span>
    </p>
   </div>
   <div class='ocr_carea' id='block_1_84' title="bbox 1360 1927 1791 1998">
    <p class='ocr_par' dir='ltr' id='par_1_84' title="bbox 1360 1927 1791 1998">
     <span class='ocr_line' id='line_1_84' title="bbox 1360 1927 1791 1998; baseline 0.002 -21"><span class='ocrx_word' id='word_1_317' title='bbox 1360 1927 1484 1995; x_wconf 86' lang='lat' dir='ltr'><strong>quid</strong></span> <span class='ocrx_word' id='word_1_318' title='bbox 1514 1941 1641 1982; x_wconf 89' lang='lat' dir='ltr'><strong>vere</strong></span> <span class='ocrx_word' id='word_1_319' title='bbox 1664 1942 1791 1998; x_wconf 85' lang='lat' dir='ltr'><strong>cog-</strong></span> 
     </span>
    </p>
   </div>
   <div class='ocr_carea' id='block_1_85' title="bbox 1358 2007 1632 2053">
    <p class='ocr_par' dir='ltr' id='par_1_85' title="bbox 1358 2007 1632 2053">
     <span class='ocr_line' id='line_1_85' title="bbox 1358 2007 1632 2053; baseline 0.007 -4"><span class='ocrx_word' id='word_1_320' title='bbox 1358 2007 1632 2053; x_wconf 83' lang='lat' dir='ltr'><strong>noverunt</strong></span> 
     </span>
    </p>
   </div>
   <div class='ocr_carea' id='block_1_86' title="bbox 1360 2067 1770 2138">
    <p class='ocr_par' dir='ltr' id='par_1_86' title="bbox 1360 2067 1770 2138">
     <span class='ocr_line' id='line_1_86' title="bbox 1360 2067 1770 2138; baseline -0.002 -16"><span class='ocrx_word' id='word_1_321' title='bbox 1360 2067 1639 2138; x_wconf 83' lang='lat' dir='ltr'><strong>Principes</strong></span> <span class='ocrx_word' id='word_1_322' title='bbox 1674 2067 1770 2125; x_wconf 86' lang='lat' dir='ltr'><strong>Sa-</strong></span> 
     </span>
    </p>
   </div>
   <div class='ocr_carea' id='block_1_87' title="bbox 1360 2141 1685 2206">
    <p class='ocr_par' dir='ltr' id='par_1_87' title="bbox 1360 2141 1685 2206">
     <span class='ocr_line' id='line_1_87' title="bbox 1360 2141 1685 2206; baseline 0.006 -13"><span class='ocrx_word' id='word_1_323' title='bbox 1360 2141 1641 2196; x_wconf 78' lang='lat' dir='ltr'><strong>cerdotem</strong></span> <span class='ocrx_word' id='word_1_324' title='bbox 1670 2181 1685 2206; x_wconf 91' lang='lat'><strong>,</strong></span> 
     </span>
    </p>
   </div>
   <div class='ocr_carea' id='block_1_88' title="bbox 1358 2211 1735 2277">
    <p class='ocr_par' dir='ltr' id='par_1_88' title="bbox 1358 2211 1735 2277">
     <span class='ocr_line' id='line_1_88' title="bbox 1358 2211 1735 2277; baseline 0.008 -14"><span class='ocrx_word' id='word_1_325' title='bbox 1358 2211 1501 2277; x_wconf 89' lang='lat' dir='ltr'><strong>quod</strong></span> <span class='ocrx_word' id='word_1_326' title='bbox 1532 2211 1615 2266; x_wconf 89' lang='lat' dir='ltr'><strong>hic</strong></span> <span class='ocrx_word' id='word_1_327' title='bbox 1650 2220 1735 2267; x_wconf 92' lang='lat' dir='ltr'><strong>est</strong></span> 
     </span>
    </p>
   </div>
   <div class='ocr_carea' id='block_1_89' title="bbox 1352 2280 1994 2340">
    <p class='ocr_par' dir='ltr' id='par_1_89' title="bbox 1352 2280 1994 2340">
     <span class='ocr_line' id='line_1_89' title="bbox 1352 2280 1994 2340; baseline 0.003 -5"><span class='ocrx_word' id='word_1_328' title='bbox 1352 2282 1445 2336; x_wconf 83' lang='lat'><strong>27.</strong></span> <span class='ocrx_word' id='word_1_329' title='bbox 1484 2282 1779 2338; x_wconf 78' lang='lat' dir='ltr'><strong>Christus?</strong></span> <span class='ocrx_word' id='word_1_330' title='bbox 1829 2280 1938 2340; x_wconf 87' lang='lat' dir='ltr'><strong>Sed</strong></span> <span class='ocrx_word' id='word_1_331' title='bbox 1981 2323 1994 2337; x_wconf 93' lang='lat'><strong>.</strong></span> 
     </span>
    </p>
   </div>
   <div class='ocr_carea' id='block_1_90' title="bbox 1355 2354 1737 2410">
    <p class='ocr_par' dir='ltr' id='par_1_90' title="bbox 1355 2354 1737 2410">
     <span class='ocr_line' id='line_1_90' title="bbox 1355 2354 1737 2410; baseline 0.008 -3"><span class='ocrx_word' id='word_1_332' title='bbox 1355 2354 1606 2408; x_wconf 86' lang='lat' dir='ltr'><strong>novimus</strong></span> <span class='ocrx_word' id='word_1_333' title='bbox 1638 2370 1737 2410; x_wconf 90' lang='lat' dir='ltr'><strong>un-</strong></span> 
     </span>
    </p>
   </div>
   <div class='ocr_carea' id='block_1_91' title="bbox 1356 2424 1960 2481">
    <p class='ocr_par' dir='ltr' id='par_1_91' title="bbox 1356 2424 1960 2481">
     <span class='ocr_line' id='line_1_91' title="bbox 1356 2424 1960 2481; baseline 0.005 -3"><span class='ocrx_word' id='word_1_334' title='bbox 1356 2424 1424 2479; x_wconf 92' lang='lat' dir='ltr'><strong>de</strong></span> <span class='ocrx_word' id='word_1_335' title='bbox 1460 2426 1563 2478; x_wconf 88' lang='lat' dir='ltr'><strong>sit:</strong></span> <span class='ocrx_word' id='word_1_336' title='bbox 1588 2424 1835 2480; x_wconf 86' lang='lat' dir='ltr'><strong>Christus</strong></span> <span class='ocrx_word' id='word_1_337' title='bbox 1860 2440 1960 2481; x_wconf 82' lang='lat' dir='ltr'><strong>au-</strong></span> 
     </span>
    </p>
   </div>
   <div class='ocr_carea' id='block_1_92' title="bbox 1357 2504 1745 2551">
    <p class='ocr_par' dir='ltr' id='par_1_92' title="bbox 1357 2504 1745 2551">
     <span class='ocr_line' id='line_1_92' title="bbox 1357 2504 1745 2551; baseline 0.003 -2"><span class='ocrx_word' id='word_1_338' title='bbox 1357 2504 1466 2550; x_wconf 90' lang='lat' dir='ltr'><strong>tem</strong></span> <span class='ocrx_word' id='word_1_339' title='bbox 1497 2511 1620 2550; x_wconf 91' lang='lat' dir='ltr'><strong>cum</strong></span> <span class='ocrx_word' id='word_1_340' title='bbox 1651 2512 1745 2551; x_wconf 74' lang='lat' dir='ltr'><strong>V8-</strong></span> 
     </span>
    </p>
   </div>
   <div class='ocr_carea' id='block_1_93' title="bbox 1356 2566 1737 2631">
    <p class='ocr_par' dir='ltr' id='par_1_93' title="bbox 1356 2566 1737 2631">
     <span class='ocr_line' id='line_1_93' title="bbox 1356 2566 1737 2631; baseline 0.003 -11"><span class='ocrx_word' id='word_1_341' title='bbox 1356 2566 1501 2622; x_wconf 86' lang='lat' dir='ltr'><strong>nerit</strong></span> <span class='ocrx_word' id='word_1_342' title='bbox 1521 2609 1535 2631; x_wconf 83' lang='lat'><strong>,</strong></span> <span class='ocrx_word' id='word_1_343' title='bbox 1577 2582 1737 2623; x_wconf 89' lang='lat' dir='ltr'><strong>nemo</strong></span> 
     </span>
    </p>
   </div>
   <div class='ocr_carea' id='block_1_94' title="bbox 1352 2638 1776 2693">
    <p class='ocr_par' dir='ltr' id='par_1_94' title="bbox 1352 2638 1776 2693">
     <span class='ocr_line' id='line_1_94' title="bbox 1352 2638 1776 2693; baseline -0.002 -1"><span class='ocrx_word' id='word_1_344' title='bbox 1352 2639 1487 2693; x_wconf 87' lang='lat' dir='ltr'><strong>sciet</strong></span> <span class='ocrx_word' id='word_1_345' title='bbox 1511 2638 1653 2692; x_wconf 91' lang='lat' dir='ltr'><strong>unde</strong></span> <span class='ocrx_word' id='word_1_346' title='bbox 1684 2639 1776 2693; x_wconf 83' lang='lat' dir='ltr'><strong>sit.</strong></span> 
     </span>
    </p>
   </div>
   <div class='ocr_carea' id='block_1_95' title="bbox 1354 2709 1885 2778">
    <p class='ocr_par' dir='ltr' id='par_1_95' title="bbox 1354 2709 1885 2778">
     <span class='ocr_line' id='line_1_95' title="bbox 1354 2709 1885 2778; baseline -0.004 -14"><span class='ocrx_word' id='word_1_347' title='bbox 1354 2710 1447 2764; x_wconf 89' lang='lat'><strong>28.</strong></span> <span class='ocrx_word' id='word_1_348' title='bbox 1488 2709 1773 2778; x_wconf 83' lang='lat' dir='ltr'><strong>Clamabat</strong></span> <span class='ocrx_word' id='word_1_349' title='bbox 1796 2722 1885 2764; x_wconf 87' lang='lat' dir='ltr'><strong>er-</strong></span> 
     </span>
    </p>
   </div>
   <div class='ocr_carea' id='block_1_96' title="bbox 1354 2780 1737 2851">
    <p class='ocr_par' dir='ltr' id='par_1_96' title="bbox 1354 2780 1737 2851">
     <span class='ocr_line' id='line_1_96' title="bbox 1354 2780 1737 2851; baseline 0.003 -17"><span class='ocrx_word' id='word_1_350' title='bbox 1354 2796 1424 2851; x_wconf 88' lang='lat' dir='ltr'><strong>go</strong></span> <span class='ocrx_word' id='word_1_351' title='bbox 1452 2780 1655 2835; x_wconf 78' lang='lat' dir='ltr'><strong>docens</strong></span> <span class='ocrx_word' id='word_1_352' title='bbox 1682 2780 1737 2835; x_wconf 91' lang='lat' dir='ltr'><strong>in</strong></span> 
     </span>
    </p>
   </div>
   <div class='ocr_carea' id='block_1_97' title="bbox 1356 2847 1876 2921">
    <p class='ocr_par' dir='ltr' id='par_1_97' title="bbox 1356 2847 1876 2921">
     <span class='ocr_line' id='line_1_97' title="bbox 1356 2847 1876 2921; baseline -0.006 -15"><span class='ocrx_word' id='word_1_353' title='bbox 1356 2847 1561 2921; x_wconf 75' lang='lat' dir='ltr'><strong>templo</strong></span> <span class='ocrx_word' id='word_1_354' title='bbox 1588 2851 1770 2917; x_wconf 81' lang='lat' dir='ltr'><strong>Jesus,</strong></span> <span class='ocrx_word' id='word_1_355' title='bbox 1793 2847 1876 2904; x_wconf 89' lang='lat' dir='ltr'><strong>di-</strong></span> 
     </span>
    </p>
   </div>
   <div class='ocr_carea' id='block_1_98' title="bbox 1354 2924 1887 2978">
    <p class='ocr_par' dir='ltr' id='par_1_98' title="bbox 1354 2924 1887 2978">
     <span class='ocr_line' id='line_1_98' title="bbox 1354 2924 1887 2978; baseline -0.004 -1"><span class='ocrx_word' id='word_1_356' title='bbox 1354 2938 1521 2978; x_wconf 89' lang='lat' dir='ltr'><strong>cens:</strong></span> <span class='ocrx_word' id='word_1_357' title='bbox 1552 2924 1619 2977; x_wconf 82' lang='lat' dir='ltr'><strong>Et</strong></span> <span class='ocrx_word' id='word_1_358' title='bbox 1648 2938 1735 2976; x_wconf 92' lang='lat' dir='ltr'><strong>me</strong></span> <span class='ocrx_word' id='word_1_359' title='bbox 1762 2934 1887 2976; x_wconf 89' lang='lat' dir='ltr'><strong>nos-</strong></span> 
     </span>
    </p>
   </div>
   <div class='ocr_carea' id='block_1_99' title="bbox 1358 2993 1830 3061">
    <p class='ocr_par' dir='ltr' id='par_1_99' title="bbox 1358 2993 1830 3061">
     <span class='ocr_line' id='line_1_99' title="bbox 1358 2993 1830 3061; baseline -0.004 -12"><span class='ocrx_word' id='word_1_360' title='bbox 1358 2996 1450 3061; x_wconf 73' lang='lat' dir='ltr'><strong>iis,</strong></span> <span class='ocrx_word' id='word_1_361' title='bbox 1480 3004 1532 3048; x_wconf 91' lang='lat' dir='ltr'><strong>et</strong></span> <span class='ocrx_word' id='word_1_362' title='bbox 1555 2993 1705 3050; x_wconf 90' lang='lat' dir='ltr'><strong>scitis</strong></span> <span class='ocrx_word' id='word_1_363' title='bbox 1730 3008 1830 3048; x_wconf 89' lang='lat' dir='ltr'><strong>un-</strong></span> 
     </span>
    </p>
   </div>
   <div class='ocr_carea' id='block_1_100' title="bbox 1355 3066 1732 3121">
    <p class='ocr_par' dir='ltr' id='par_1_100' title="bbox 1355 3066 1732 3121">
     <span class='ocr_line' id='line_1_100' title="bbox 1355 3066 1732 3121; baseline 0 0"><span class='ocrx_word' id='word_1_364' title='bbox 1355 3066 1423 3121; x_wconf 90' lang='lat' dir='ltr'><strong>de</strong></span> <span class='ocrx_word' id='word_1_365' title='bbox 1454 3066 1553 3120; x_wconf 91' lang='lat' dir='ltr'><strong>sim</strong></span> <span class='ocrx_word' id='word_1_366' title='bbox 1583 3084 1594 3119; x_wconf 93' lang='lat'><strong>:</strong></span> <span class='ocrx_word' id='word_1_367' title='bbox 1621 3072 1674 3119; x_wconf 90' lang='lat' dir='ltr'><strong>et</strong></span> <span class='ocrx_word' id='word_1_368' title='bbox 1701 3080 1732 3121; x_wconf 82' lang='lat' dir='ltr'><strong>a</strong></span> 
     </span>
    </p>
   </div>
   <div class='ocr_carea' id='block_1_101' title="bbox 1354 3151 1702 3193">
    <p class='ocr_par' dir='ltr' id='par_1_101' title="bbox 1354 3151 1702 3193">
     <span class='ocr_line' id='line_1_101' title="bbox 1354 3151 1702 3193; baseline 0.003 -2"><span class='ocrx_word' id='word_1_369' title='bbox 1354 3153 1443 3193; x_wconf 91' lang='lat' dir='ltr'><strong>me</strong></span> <span class='ocrx_word' id='word_1_370' title='bbox 1468 3153 1575 3191; x_wconf 88' lang='lat' dir='ltr'><strong>non</strong></span> <span class='ocrx_word' id='word_1_371' title='bbox 1605 3151 1702 3193; x_wconf 87' lang='lat' dir='ltr'><strong>ve-</strong></span> 
     </span>
    </p>
   </div>
   <div class='ocr_carea' id='block_1_102' title="bbox 1353 3208 1794 3278">
    <p class='ocr_par' dir='ltr' id='par_1_102' title="bbox 1353 3208 1794 3278">
     <span class='ocr_line' id='line_1_102' title="bbox 1353 3208 1794 3278; baseline -0.002 -16"><span class='ocrx_word' id='word_1_372' title='bbox 1353 3210 1428 3271; x_wconf 86' lang='lat' dir='ltr'><strong>ni,</strong></span> <span class='ocrx_word' id='word_1_373' title='bbox 1463 3208 1556 3262; x_wconf 86' lang='lat' dir='ltr'><strong>sed</strong></span> <span class='ocrx_word' id='word_1_374' title='bbox 1587 3220 1670 3278; x_wconf 78' lang='lat' dir='ltr'><strong>est</strong></span> <span class='ocrx_word' id='word_1_375' title='bbox 1698 3221 1794 3261; x_wconf 88' lang='lat' dir='ltr'><strong>ve-</strong></span> 
     </span>
    </p>
   </div>
   <div class='ocr_carea' id='block_1_103' title="bbox 1349 3280 1708 3349">
    <p class='ocr_par' dir='ltr' id='par_1_103' title="bbox 1349 3280 1708 3349">
     <span class='ocr_line' id='line_1_103' title="bbox 1349 3280 1708 3349; baseline 0 -16"><span class='ocrx_word' id='word_1_376' title='bbox 1349 3294 1467 3344; x_wconf 82' lang='lat' dir='ltr'><strong>rax,</strong></span> <span class='ocrx_word' id='word_1_377' title='bbox 1501 3280 1591 3349; x_wconf 89' lang='lat' dir='ltr'><strong>qui</strong></span> <span class='ocrx_word' id='word_1_378' title='bbox 1622 3293 1708 3333; x_wconf 85' lang='lat' dir='ltr'><strong>me</strong></span> 
     </span>
    </p>
   </div>
   <div class='ocr_carea' id='block_1_104' title="bbox 1354 3350 1737 3419">
    <p class='ocr_par' dir='ltr' id='par_1_104' title="bbox 1354 3350 1737 3419">
     <span class='ocr_line' id='line_1_104' title="bbox 1354 3350 1737 3419; baseline 0.005 -18"><span class='ocrx_word' id='word_1_379' title='bbox 1354 3350 1501 3402; x_wconf 84' lang='lat' dir='ltr'><strong>misit</strong></span> <span class='ocrx_word' id='word_1_380' title='bbox 1525 3391 1540 3412; x_wconf 82' lang='grc'><em>,</em></span> <span class='ocrx_word' id='word_1_381' title='bbox 1575 3364 1737 3419; x_wconf 89' lang='lat' dir='ltr'><strong>quem</strong></span> 
     </span>
    </p>
   </div>
   <div class='ocr_carea' id='block_1_105' title="bbox 1354 3434 1744 3473">
    <p class='ocr_par' dir='ltr' id='par_1_105' title="bbox 1354 3434 1744 3473">
     <span class='ocr_line' id='line_1_105' title="bbox 1354 3434 1744 3473; baseline 0.005 -2"><span class='ocrx_word' id='word_1_382' title='bbox 1354 3434 1452 3473; x_wconf 80' lang='lat' dir='ltr'><strong>VOS</strong></span> <span class='ocrx_word' id='word_1_383' title='bbox 1480 3435 1584 3473; x_wconf 81' lang='grc'><strong>11011</strong></span> <span class='ocrx_word' id='word_1_384' title='bbox 1617 3435 1744 3473; x_wconf 81' lang='lat' dir='ltr'><strong>nos-</strong></span> 
     </span>
    </p>
   </div>
   <div class='ocr_carea' id='block_1_106' title="bbox 1346 3489 1934 3555">
    <p class='ocr_par' dir='ltr' id='par_1_106' title="bbox 1346 3489 1934 3555">
     <span class='ocr_line' id='line_1_106' title="bbox 1346 3489 1934 3555; baseline 0.003 -12"><span class='ocrx_word' id='word_1_385' title='bbox 1346 3489 1439 3543; x_wconf 87' lang='lat'><strong>29.</strong></span> <span class='ocrx_word' id='word_1_386' title='bbox 1484 3491 1572 3544; x_wconf 92' lang='lat' dir='ltr'><strong>tis.</strong></span> <span class='ocrx_word' id='word_1_387' title='bbox 1607 3491 1628 3520; x_wconf 79' lang='grc'><strong>¹</strong></span> <span class='ocrx_word' id='word_1_388' title='bbox 1660 3490 1772 3555; x_wconf 76' lang='lat' dir='ltr'><strong>Ego</strong></span> <span class='ocrx_word' id='word_1_389' title='bbox 1811 3491 1934 3545; x_wconf 91' lang='lat' dir='ltr'><strong>novi</strong></span> 
     </span>
    </p>
   </div>
   <div class='ocr_carea' id='block_1_107' title="bbox 1351 3562 1772 3629">
    <p class='ocr_par' dir='ltr' id='par_1_107' title="bbox 1351 3562 1772 3629">
     <span class='ocr_line' id='line_1_107' title="bbox 1351 3562 1772 3629; baseline 0.01 -14"><span class='ocrx_word' id='word_1_390' title='bbox 1351 3562 1503 3615; x_wconf 91' lang='lat' dir='ltr'><strong>illum</strong></span> <span class='ocrx_word' id='word_1_391' title='bbox 1531 3578 1544 3613; x_wconf 87' lang='lat'><strong>:</strong></span> <span class='ocrx_word' id='word_1_392' title='bbox 1576 3564 1772 3629; x_wconf 85' lang='lat' dir='ltr'><strong>quoni-</strong></span> 
     </span>
    </p>
   </div>
   <div class='ocr_carea' id='block_1_108' title="bbox 1350 3632 1842 3701">
    <p class='ocr_par' dir='ltr' id='par_1_108' title="bbox 1350 3632 1842 3701">
     <span class='ocr_line' id='line_1_108' title="bbox 1350 3632 1842 3701; baseline 0.01 -16"><span class='ocrx_word' id='word_1_393' title='bbox 1350 3648 1435 3686; x_wconf 89' lang='lat' dir='ltr'><strong>am</strong></span> <span class='ocrx_word' id='word_1_394' title='bbox 1468 3632 1536 3685; x_wconf 86' lang='lat' dir='ltr'><strong>ab</strong></span> <span class='ocrx_word' id='word_1_395' title='bbox 1564 3632 1655 3687; x_wconf 89' lang='lat' dir='ltr'><strong>illo</strong></span> <span class='ocrx_word' id='word_1_396' title='bbox 1684 3650 1802 3691; x_wconf 91' lang='lat' dir='ltr'><strong>sum</strong></span> <span class='ocrx_word' id='word_1_397' title='bbox 1826 3675 1842 3701; x_wconf 87' lang='lat'><strong>,</strong></span> 
     </span>
    </p>
   </div>
   <div class='ocr_carea' id='block_1_109' title="bbox 1349 3704 1764 3761">
    <p class='ocr_par' dir='ltr' id='par_1_109' title="bbox 1349 3704 1764 3761">
     <span class='ocr_line' id='line_1_109' title="bbox 1349 3704 1764 3761; baseline 0.005 -2"><span class='ocrx_word' id='word_1_398' title='bbox 1349 3712 1406 3759; x_wconf 88' lang='lat' dir='ltr'><strong>et</strong></span> <span class='ocrx_word' id='word_1_399' title='bbox 1435 3704 1523 3758; x_wconf 90' lang='lat' dir='ltr'><strong>ille</strong></span> <span class='ocrx_word' id='word_1_400' title='bbox 1552 3720 1638 3759; x_wconf 90' lang='lat' dir='ltr'><strong>me</strong></span> <span class='ocrx_word' id='word_1_401' title='bbox 1665 3707 1764 3761; x_wconf 86' lang='lat' dir='ltr'><strong>nti—</strong></span> 
     </span>
    </p>
   </div>
   <div class='ocr_carea' id='block_1_110' title="bbox 2658 335 3383 397">
    <p class='ocr_par' dir='ltr' id='par_1_110' title="bbox 2658 335 3383 397">
     <span class='ocr_line' id='line_1_110' title="bbox 2658 335 3383 397; baseline -0.008 -1"><span class='ocrx_word' id='word_1_402' title='bbox 2658 338 2889 397; x_wconf 83' lang='lat' dir='ltr'><strong>CODEX</strong></span> <span class='ocrx_word' id='word_1_403' title='bbox 2930 338 3163 397; x_wconf 72' lang='lat' dir='ltr'><strong>VERON</strong></span> <span class='ocrx_word' id='word_1_404' title='bbox 3173 335 3383 394; x_wconf 79' lang='lat' dir='ltr'><strong>ENSIS.</strong></span> 
     </span>
    </p>
   </div>
   <div class='ocr_carea' id='block_1_111' title="bbox 2229 445 2628 503">
    <p class='ocr_par' dir='ltr' id='par_1_111' title="bbox 2229 445 2628 503">
     <span class='ocr_line' id='line_1_111' title="bbox 2229 445 2628 503; baseline 0.003 -18"><span class='ocrx_word' id='word_1_405' title='bbox 2229 445 2357 485; x_wconf 89' lang='lat' dir='ltr'><strong>cere</strong></span> <span class='ocrx_word' id='word_1_406' title='bbox 2385 448 2398 503; x_wconf 69' lang='grc' dir='ltr'><strong><em>ς</em></strong></span> <span class='ocrx_word' id='word_1_407' title='bbox 2425 445 2628 503; x_wconf 87' lang='lat' dir='ltr'><strong>cogno-</strong></span> 
     </span>
    </p>
   </div>
   <div class='ocr_carea' id='block_1_112' title="bbox 2231 501 2668 559">
    <p class='ocr_par' dir='ltr' id='par_1_112' title="bbox 2231 501 2668 559">
     <span class='ocr_line' id='line_1_112' title="bbox 2231 501 2668 559; baseline 0.009 -4"><span class='ocrx_word' id='word_1_408' title='bbox 2231 511 2346 555; x_wconf 90' lang='lat' dir='ltr'><strong>scet</strong></span> <span class='ocrx_word' id='word_1_409' title='bbox 2365 501 2432 555; x_wconf 92' lang='lat' dir='ltr'><strong>de</strong></span> <span class='ocrx_word' id='word_1_410' title='bbox 2463 501 2668 559; x_wconf 72' lang='lat' dir='ltr'><strong>doctri-</strong></span> 
     </span>
    </p>
   </div>
   <div class='ocr_carea' id='block_1_113' title="bbox 2230 580 2633 637">
    <p class='ocr_par' dir='ltr' id='par_1_113' title="bbox 2230 580 2633 637">
     <span class='ocr_line' id='line_1_113' title="bbox 2230 580 2633 637; baseline 0.007 -10"><span class='ocrx_word' id='word_1_411' title='bbox 2230 588 2321 637; x_wconf 89' lang='lat' dir='ltr'><strong>na,</strong></span> <span class='ocrx_word' id='word_1_412' title='bbox 2356 580 2531 627; x_wconf 90' lang='lat' dir='ltr'><strong>utrum</strong></span> <span class='ocrx_word' id='word_1_413' title='bbox 2562 590 2633 630; x_wconf 90' lang='lat' dir='ltr'><strong>ne</strong></span> 
     </span>
    </p>
   </div>
   <div class='ocr_carea' id='block_1_114' title="bbox 2229 643 2705 713">
    <p class='ocr_par' dir='ltr' id='par_1_114' title="bbox 2229 643 2705 713">
     <span class='ocr_line' id='line_1_114' title="bbox 2229 643 2705 713; baseline -0.002 -14"><span class='ocrx_word' id='word_1_414' title='bbox 2229 659 2296 699; x_wconf 90' lang='lat' dir='ltr'><strong>ex</strong></span> <span class='ocrx_word' id='word_1_415' title='bbox 2323 643 2434 699; x_wconf 90' lang='lat' dir='ltr'><strong>Deo</strong></span> <span class='ocrx_word' id='word_1_416' title='bbox 2464 645 2566 709; x_wconf 84' lang='lat' dir='ltr'><strong>sit,</strong></span> <span class='ocrx_word' id='word_1_417' title='bbox 2696 708 2705 713; x_wconf 88' lang='lat'>_</span> 
     </span>
    </p>
   </div>
   <div class='ocr_carea' id='block_1_115' title="bbox 2230 718 2659 787">
    <p class='ocr_par' dir='ltr' id='par_1_115' title="bbox 2230 718 2659 787">
     <span class='ocr_line' id='line_1_115' title="bbox 2230 718 2659 787; baseline 0.005 -19"><span class='ocrx_word' id='word_1_418' title='bbox 2230 730 2298 787; x_wconf 75' lang='lat' dir='ltr'><strong>an</strong></span> <span class='ocrx_word' id='word_1_419' title='bbox 2329 732 2392 769; x_wconf 88' lang='lat' dir='ltr'><strong>ex</strong></span> <span class='ocrx_word' id='word_1_420' title='bbox 2426 732 2509 768; x_wconf 87' lang='lat' dir='ltr'><strong>tne</strong></span> <span class='ocrx_word' id='word_1_421' title='bbox 2541 718 2659 787; x_wconf 90' lang='lat' dir='ltr'><strong>ipso</strong></span> 
     </span>
    </p>
   </div>
   <div class='ocr_carea' id='block_1_116' title="bbox 2232 786 2701 854">
    <p class='ocr_par' dir='ltr' id='par_1_116' title="bbox 2232 786 2701 854">
     <span class='ocr_line' id='line_1_116' title="bbox 2232 786 2701 854; baseline 0.006 -15"><span class='ocrx_word' id='word_1_422' title='bbox 2232 786 2318 841; x_wconf 74' lang='lat' dir='ltr'><strong>l8.</strong></span> <span class='ocrx_word' id='word_1_423' title='bbox 2363 787 2567 854; x_wconf 87' lang='lat' dir='ltr'><strong>loquar.</strong></span> <span class='ocrx_word' id='word_1_424' title='bbox 2600 789 2701 854; x_wconf 77' lang='lat' dir='ltr'><strong>Qui</strong></span> 
     </span>
    </p>
   </div>
   <div class='ocr_carea' id='block_1_117' title="bbox 2230 858 2593 928">
    <p class='ocr_par' dir='ltr' id='par_1_117' title="bbox 2230 858 2593 928">
     <span class='ocr_line' id='line_1_117' title="bbox 2230 858 2593 928; baseline 0.014 -20"><span class='ocrx_word' id='word_1_425' title='bbox 2230 872 2258 908; x_wconf 89' lang='lat' dir='ltr'><strong>a</strong></span> <span class='ocrx_word' id='word_1_426' title='bbox 2297 858 2593 928; x_wconf 86' lang='lat' dir='ltr'><strong>semetipso</strong></span> 
     </span>
    </p>
   </div>
   <div class='ocr_carea' id='block_1_118' title="bbox 2230 928 2650 1009">
    <p class='ocr_par' dir='ltr' id='par_1_118' title="bbox 2230 928 2650 1009">
     <span class='ocr_line' id='line_1_118' title="bbox 2230 928 2650 1009; baseline 0.005 -27"><span class='ocrx_word' id='word_1_427' title='bbox 2230 928 2497 1009; x_wconf 75' lang='lat' dir='ltr'><strong>loquitur,</strong></span> <span class='ocrx_word' id='word_1_428' title='bbox 2533 930 2650 1000; x_wconf 81' lang='lat' dir='ltr'><strong>glo-</strong></span> 
     </span>
    </p>
   </div>
   <div class='ocr_carea' id='block_1_119' title="bbox 2229 1014 2543 1053">
    <p class='ocr_par' dir='ltr' id='par_1_119' title="bbox 2229 1014 2543 1053">
     <span class='ocr_line' id='line_1_119' title="bbox 2229 1014 2543 1053; baseline 0 0"><span class='ocrx_word' id='word_1_429' title='bbox 2229 1014 2364 1053; x_wconf 72' lang='lat' dir='ltr'><strong>l&#39;l3lﬂl</strong></span> <span class='ocrx_word' id='word_1_430' title='bbox 2393 1016 2543 1053; x_wconf 88' lang='lat' dir='ltr'><strong>suam</strong></span> 
     </span>
    </p>
   </div>
   <div class='ocr_carea' id='block_1_120' title="bbox 2229 1072 2627 1141">
    <p class='ocr_par' dir='ltr' id='par_1_120' title="bbox 2229 1072 2627 1141">
     <span class='ocr_line' id='line_1_120' title="bbox 2229 1072 2627 1141; baseline 0.015 -21"><span class='ocrx_word' id='word_1_431' title='bbox 2229 1072 2466 1141; x_wconf 86' lang='lat' dir='ltr'><strong>quaerit,</strong></span> <span class='ocrx_word' id='word_1_432' title='bbox 2505 1086 2627 1128; x_wconf 89' lang='lat' dir='ltr'><strong>nam</strong></span> 
     </span>
    </p>
   </div>
   <div class='ocr_carea' id='block_1_121' title="bbox 2228 1143 2558 1211">
    <p class='ocr_par' dir='ltr' id='par_1_121' title="bbox 2228 1143 2558 1211">
     <span class='ocr_line' id='line_1_121' title="bbox 2228 1143 2558 1211; baseline 0.009 -17"><span class='ocrx_word' id='word_1_433' title='bbox 2228 1143 2318 1211; x_wconf 91' lang='lat' dir='ltr'><strong>qui</strong></span> <span class='ocrx_word' id='word_1_434' title='bbox 2347 1143 2558 1211; x_wconf 87' lang='lat' dir='ltr'><strong>quaerit</strong></span> 
     </span>
    </p>
   </div>
   <div class='ocr_carea' id='block_1_122' title="bbox 2227 1214 2629 1281">
    <p class='ocr_par' dir='ltr' id='par_1_122' title="bbox 2227 1214 2629 1281">
     <span class='ocr_line' id='line_1_122' title="bbox 2227 1214 2629 1281; baseline 0.007 -14"><span class='ocrx_word' id='word_1_435' title='bbox 2227 1214 2450 1281; x_wconf 77' lang='lat' dir='ltr'><strong>gloriam</strong></span> <span class='ocrx_word' id='word_1_436' title='bbox 2476 1215 2593 1281; x_wconf 86' lang='lat' dir='ltr'><strong>ejus</strong></span> <span class='ocrx_word' id='word_1_437' title='bbox 2614 1255 2629 1281; x_wconf 87' lang='lat'><strong>,</strong></span> 
     </span>
    </p>
   </div>
   <div class='ocr_carea' id='block_1_123' title="bbox 2228 1285 2601 1353">
    <p class='ocr_par' dir='ltr' id='par_1_123' title="bbox 2228 1285 2601 1353">
     <span class='ocr_line' id='line_1_123' title="bbox 2228 1285 2601 1353; baseline 0.003 -15"><span class='ocrx_word' id='word_1_438' title='bbox 2228 1286 2318 1353; x_wconf 88' lang='lat' dir='ltr'><strong>qui</strong></span> <span class='ocrx_word' id='word_1_439' title='bbox 2342 1300 2466 1339; x_wconf 91' lang='lat' dir='ltr'><strong>eum</strong></span> <span class='ocrx_word' id='word_1_440' title='bbox 2496 1285 2601 1339; x_wconf 83' lang='lat' dir='ltr'><strong>ltil-</strong></span> 
     </span>
    </p>
   </div>
   <div class='ocr_carea' id='block_1_124' title="bbox 2146 1356 2533 1419">
    <p class='ocr_par' dir='ltr' id='par_1_124' title="bbox 2146 1356 2533 1419">
     <span class='ocr_line' id='line_1_124' title="bbox 2146 1356 2533 1419; baseline 0.005 -11"><span class='ocrx_word' id='word_1_441' title='bbox 2146 1356 2153 1361; x_wconf 86' lang='grc'><strong>’</strong></span> <span class='ocrx_word' id='word_1_442' title='bbox 2228 1356 2300 1409; x_wconf 88' lang='lat' dir='ltr'><strong>sit</strong></span> <span class='ocrx_word' id='word_1_443' title='bbox 2322 1396 2338 1419; x_wconf 90' lang='lat'><strong><em>,</em></strong></span> <span class='ocrx_word' id='word_1_444' title='bbox 2372 1372 2533 1410; x_wconf 80' lang='lat' dir='ltr'><strong>verax</strong></span> 
     </span>
    </p>
   </div>
   <div class='ocr_carea' id='block_1_125' title="bbox 2164 1429 2560 1492">
    <p class='ocr_par' dir='ltr' id='par_1_125' title="bbox 2164 1429 2560 1492">
     <span class='ocr_line' id='line_1_125' title="bbox 2164 1429 2560 1492; baseline 0 -11"><span class='ocrx_word' id='word_1_445' title='bbox 2164 1432 2171 1437; x_wconf 81' lang='grc'><em>’</em></span> <span class='ocrx_word' id='word_1_446' title='bbox 2228 1437 2345 1492; x_wconf 89' lang='lat' dir='ltr'><strong>est,</strong></span> <span class='ocrx_word' id='word_1_447' title='bbox 2371 1437 2427 1480; x_wconf 90' lang='lat' dir='ltr'><strong>et</strong></span> <span class='ocrx_word' id='word_1_448' title='bbox 2458 1429 2560 1481; x_wconf 83' lang='lat' dir='ltr'><strong>itii-</strong></span> 
     </span>
    </p>
   </div>
   <div class='ocr_carea' id='block_1_126' title="bbox 2227 1499 2578 1568">
    <p class='ocr_par' dir='ltr' id='par_1_126' title="bbox 2227 1499 2578 1568">
     <span class='ocr_line' id='line_1_126' title="bbox 2227 1499 2578 1568; baseline 0.009 -17"><span class='ocrx_word' id='word_1_449' title='bbox 2227 1499 2405 1568; x_wconf 91' lang='lat' dir='ltr'><strong>quitas</strong></span> <span class='ocrx_word' id='word_1_450' title='bbox 2436 1500 2490 1553; x_wconf 92' lang='lat' dir='ltr'><strong>in</strong></span> <span class='ocrx_word' id='word_1_451' title='bbox 2512 1514 2578 1554; x_wconf 87' lang='lat' dir='ltr'><strong>eo</strong></span> 
     </span>
    </p>
   </div>
   <div class='ocr_carea' id='block_1_127' title="bbox 2228 1579 2468 1624">
    <p class='ocr_par' dir='ltr' id='par_1_127' title="bbox 2228 1579 2468 1624">
     <span class='ocr_line' id='line_1_127' title="bbox 2228 1579 2468 1624; baseline -0.004 -1"><span class='ocrx_word' id='word_1_452' title='bbox 2228 1584 2337 1624; x_wconf 90' lang='lat' dir='ltr'><strong>non</strong></span> <span class='ocrx_word' id='word_1_453' title='bbox 2366 1579 2468 1624; x_wconf 90' lang='lat' dir='ltr'><strong>est.</strong></span> 
     </span>
    </p>
   </div>
   <div class='ocr_carea' id='block_1_128' title="bbox 2235 1640 2799 1713">
    <p class='ocr_par' dir='ltr' id='par_1_128' title="bbox 2235 1640 2799 1713">
     <span class='ocr_line' id='line_1_128' title="bbox 2235 1640 2799 1713; baseline 0.007 -20"><span class='ocrx_word' id='word_1_454' title='bbox 2235 1641 2329 1713; x_wconf 67' lang='lat' dir='ltr'><strong>l9.</strong></span> <span class='ocrx_word' id='word_1_455' title='bbox 2367 1641 2555 1697; x_wconf 86' lang='lat' dir='ltr'><strong>Nonne</strong></span> <span class='ocrx_word' id='word_1_456' title='bbox 2586 1640 2799 1713; x_wconf 79' lang='lat' dir='ltr'><strong>Moyses</strong></span> 
     </span>
    </p>
   </div>
   <div class='ocr_carea' id='block_1_129' title="bbox 2233 1710 2564 1768">
    <p class='ocr_par' dir='ltr' id='par_1_129' title="bbox 2233 1710 2564 1768">
     <span class='ocr_line' id='line_1_129' title="bbox 2233 1710 2564 1768; baseline 0.009 -3"><span class='ocrx_word' id='word_1_457' title='bbox 2233 1710 2383 1766; x_wconf 85' lang='lat' dir='ltr'><strong>dedit</strong></span> <span class='ocrx_word' id='word_1_458' title='bbox 2407 1713 2564 1768; x_wconf 79' lang='lat' dir='ltr'><strong>Vobis</strong></span> 
     </span>
    </p>
   </div>
   <div class='ocr_carea' id='block_1_130' title="bbox 2234 1783 2669 1853">
    <p class='ocr_par' dir='ltr' id='par_1_130' title="bbox 2234 1783 2669 1853">
     <span class='ocr_line' id='line_1_130' title="bbox 2234 1783 2669 1853; baseline 0.005 -17"><span class='ocrx_word' id='word_1_459' title='bbox 2234 1783 2405 1853; x_wconf 87' lang='lat' dir='ltr'><strong>legem</strong></span> <span class='ocrx_word' id='word_1_460' title='bbox 2442 1801 2455 1837; x_wconf 92' lang='lat'><strong>:</strong></span> <span class='ocrx_word' id='word_1_461' title='bbox 2488 1791 2543 1837; x_wconf 91' lang='lat' dir='ltr'><strong>et</strong></span> <span class='ocrx_word' id='word_1_462' title='bbox 2573 1798 2669 1838; x_wconf 90' lang='lat' dir='ltr'><strong>ne-</strong></span> 
     </span>
    </p>
   </div>
   <div class='ocr_carea' id='block_1_131' title="bbox 2233 1856 2597 1910">
    <p class='ocr_par' dir='ltr' id='par_1_131' title="bbox 2233 1856 2597 1910">
     <span class='ocr_line' id='line_1_131' title="bbox 2233 1856 2597 1910; baseline 0.003 -2"><span class='ocrx_word' id='word_1_463' title='bbox 2233 1869 2323 1908; x_wconf 86' lang='lat' dir='ltr'><strong>mo</strong></span> <span class='ocrx_word' id='word_1_464' title='bbox 2350 1870 2416 1909; x_wconf 88' lang='lat' dir='ltr'><strong>ex</strong></span> <span class='ocrx_word' id='word_1_465' title='bbox 2442 1856 2597 1910; x_wconf 88' lang='lat' dir='ltr'><strong>vobis</strong></span> 
     </span>
    </p>
   </div>
   <div class='ocr_carea' id='block_1_132' title="bbox 2232 1923 2601 1994">
    <p class='ocr_par' dir='ltr' id='par_1_132' title="bbox 2232 1923 2601 1994">
     <span class='ocr_line' id='line_1_132' title="bbox 2232 1923 2601 1994; baseline 0.003 -16"><span class='ocrx_word' id='word_1_466' title='bbox 2232 1923 2363 1979; x_wconf 80' lang='lat' dir='ltr'><strong>facit</strong></span> <span class='ocrx_word' id='word_1_467' title='bbox 2394 1926 2601 1994; x_wconf 80' lang='lat' dir='ltr'><strong>legem?</strong></span> 
     </span>
    </p>
   </div>
   <div class='ocr_carea' id='block_1_133' title="bbox 2228 1995 2812 2067">
    <p class='ocr_par' dir='ltr' id='par_1_133' title="bbox 2228 1995 2812 2067">
     <span class='ocr_line' id='line_1_133' title="bbox 2228 1995 2812 2067; baseline 0.009 -18"><span class='ocrx_word' id='word_1_468' title='bbox 2228 1995 2320 2051; x_wconf 89' lang='lat'><strong>20.</strong></span> <span class='ocrx_word' id='word_1_469' title='bbox 2361 1998 2498 2065; x_wconf 85' lang='lat' dir='ltr'><strong>Quid</strong></span> <span class='ocrx_word' id='word_1_470' title='bbox 2531 2012 2617 2053; x_wconf 90' lang='lat' dir='ltr'><strong>me</strong></span> <span class='ocrx_word' id='word_1_471' title='bbox 2643 2012 2812 2067; x_wconf 81' lang='lat' dir='ltr'><strong>quae~</strong></span> 
     </span>
    </p>
   </div>
   <div class='ocr_carea' id='block_1_134' title="bbox 2229 2068 2670 2124">
    <p class='ocr_par' dir='ltr' id='par_1_134' title="bbox 2229 2068 2670 2124">
     <span class='ocr_line' id='line_1_134' title="bbox 2229 2068 2670 2124; baseline 0.007 -3"><span class='ocrx_word' id='word_1_472' title='bbox 2229 2068 2351 2123; x_wconf 90' lang='lat' dir='ltr'><strong>ritis</strong></span> <span class='ocrx_word' id='word_1_473' title='bbox 2377 2069 2627 2124; x_wconf 72' lang='lat' dir='ltr'><strong>tlt‘Cidel‘e</strong></span> <span class='ocrx_word' id='word_1_474' title='bbox 2643 2069 2670 2124; x_wconf 73' lang='lat'><strong><em>7</em></strong></span> 
     </span>
    </p>
   </div>
   <div class='ocr_carea' id='block_1_135' title="bbox 2227 2137 2667 2209">
    <p class='ocr_par' dir='ltr' id='par_1_135' title="bbox 2227 2137 2667 2209">
     <span class='ocr_line' id='line_1_135' title="bbox 2227 2137 2667 2209; baseline 0.005 -16"><span class='ocrx_word' id='word_1_475' title='bbox 2227 2137 2321 2209; x_wconf 54' lang='lat' dir='ltr'><strong>gi.</strong></span> <span class='ocrx_word' id='word_1_476' title='bbox 2362 2139 2667 2209; x_wconf 77' lang='lat' dir='ltr'><strong>RCSpoudit</strong></span> 
     </span>
    </p>
   </div>
   <div class='ocr_carea' id='block_1_136' title="bbox 2226 2208 2521 2277">
    <p class='ocr_par' dir='ltr' id='par_1_136' title="bbox 2226 2208 2521 2277">
     <span class='ocr_line' id='line_1_136' title="bbox 2226 2208 2521 2277; baseline 0.003 -13"><span class='ocrx_word' id='word_1_477' title='bbox 2226 2208 2384 2264; x_wconf 82' lang='lat' dir='ltr'><strong>Jesns</strong></span> <span class='ocrx_word' id='word_1_478' title='bbox 2407 2254 2422 2277; x_wconf 86' lang='lat'><strong>,</strong></span> <span class='ocrx_word' id='word_1_479' title='bbox 2465 2208 2521 2267; x_wconf 87' lang='lat' dir='ltr'><strong>et</strong></span> 
     </span>
    </p>
   </div>
   <div class='ocr_carea' id='block_1_137' title="bbox 2227 2280 2520 2337">
    <p class='ocr_par' dir='ltr' id='par_1_137' title="bbox 2227 2280 2520 2337">
     <span class='ocr_line' id='line_1_137' title="bbox 2227 2280 2520 2337; baseline 0.003 -2"><span class='ocrx_word' id='word_1_480' title='bbox 2227 2280 2367 2336; x_wconf 90' lang='lat' dir='ltr'><strong>dixit</strong></span> <span class='ocrx_word' id='word_1_481' title='bbox 2392 2284 2471 2336; x_wconf 85' lang='lat' dir='ltr'><strong>eis</strong></span> <span class='ocrx_word' id='word_1_482' title='bbox 2506 2301 2520 2337; x_wconf 92' lang='lat'>:</span> 
     </span>
    </p>
   </div>
   <div class='ocr_carea' id='block_1_138' title="bbox 2226 2350 2574 2419">
    <p class='ocr_par' dir='ltr' id='par_1_138' title="bbox 2226 2350 2574 2419">
     <span class='ocr_line' id='line_1_138' title="bbox 2226 2350 2574 2419; baseline 0.003 -12"><span class='ocrx_word' id='word_1_483' title='bbox 2226 2350 2403 2407; x_wconf 88' lang='lat' dir='ltr'><strong>Uuutn</strong></span> <span class='ocrx_word' id='word_1_484' title='bbox 2435 2364 2574 2419; x_wconf 85' lang='lat' dir='ltr'><strong>opus</strong></span> 
     </span>
    </p>
   </div>
   <div class='ocr_carea' id='block_1_139' title="bbox 2225 2423 2664 2506">
    <p class='ocr_par' dir='ltr' id='par_1_139' title="bbox 2225 2423 2664 2506">
     <span class='ocr_line' id='line_1_139' title="bbox 2225 2423 2664 2506; baseline 0.007 -31"><span class='ocrx_word' id='word_1_485' title='bbox 2225 2423 2329 2504; x_wconf 77' lang='lat' dir='ltr'><strong>feci</strong></span> <span class='ocrx_word' id='word_1_486' title='bbox 2352 2466 2366 2487; x_wconf 87' lang='lat'><strong>,</strong></span> <span class='ocrx_word' id='word_1_487' title='bbox 2388 2435 2445 2506; x_wconf 70' lang='lat' dir='ltr'><strong>et</strong></span> <span class='ocrx_word' id='word_1_488' title='bbox 2472 2438 2664 2505; x_wconf 72' lang='lat' dir='ltr'><strong>omnes</strong></span> 
     </span>
    </p>
   </div>
   <div class='ocr_carea' id='block_1_140' title="bbox 2222 2510 2530 2549">
    <p class='ocr_par' dir='ltr' id='par_1_140' title="bbox 2222 2510 2530 2549">
     <span class='ocr_line' id='line_1_140' title="bbox 2222 2510 2530 2549; baseline 0.003 -2"><span class='ocrx_word' id='word_1_489' title='bbox 2222 2510 2530 2549; x_wconf 75' lang='lat' dir='ltr'><strong>mll&#39;atlllltl:</strong></span> 
     </span>
    </p>
   </div>
   <div class='ocr_carea' id='block_1_141' title="bbox 2221 2563 2721 2632">
    <p class='ocr_par' dir='ltr' id='par_1_141' title="bbox 2221 2563 2721 2632">
     <span class='ocr_line' id='line_1_141' title="bbox 2221 2563 2721 2632; baseline 0.01 -15"><span class='ocrx_word' id='word_1_490' title='bbox 2221 2563 2313 2619; x_wconf 72' lang='grc'><strong>22.</strong></span> <span class='ocrx_word' id='word_1_491' title='bbox 2357 2566 2586 2632; x_wconf 75' lang='lat' dir='ltr'><strong>Protiler</strong></span> <span class='ocrx_word' id='word_1_492' title='bbox 2617 2565 2721 2622; x_wconf 88' lang='lat' dir='ltr'><strong>hoc</strong></span> 
     </span>
    </p>
   </div>
   <div class='ocr_carea' id='block_1_142' title="bbox 2222 2636 2615 2707">
    <p class='ocr_par' dir='ltr' id='par_1_142' title="bbox 2222 2636 2615 2707">
     <span class='ocr_line' id='line_1_142' title="bbox 2222 2636 2615 2707; baseline 0.005 -18"><span class='ocrx_word' id='word_1_493' title='bbox 2222 2636 2434 2707; x_wconf 81' lang='lat' dir='ltr'><strong>Moyses</strong></span> <span class='ocrx_word' id='word_1_494' title='bbox 2464 2637 2615 2691; x_wconf 87' lang='lat' dir='ltr'><strong>dedit</strong></span> 
     </span>
    </p>
   </div>
   <div class='ocr_carea' id='block_1_143' title="bbox 2223 2708 2696 2764">
    <p class='ocr_par' dir='ltr' id='par_1_143' title="bbox 2223 2708 2696 2764">
     <span class='ocr_line' id='line_1_143' title="bbox 2223 2708 2696 2764; baseline 0.002 -3"><span class='ocrx_word' id='word_1_495' title='bbox 2223 2709 2379 2761; x_wconf 82' lang='lat' dir='ltr'><strong>vobis</strong></span> <span class='ocrx_word' id='word_1_496' title='bbox 2407 2708 2696 2764; x_wconf 86' lang='lat' dir='ltr'><strong>circumci—</strong></span> 
     </span>
    </p>
   </div>
   <div class='ocr_carea' id='block_1_144' title="bbox 2223 2781 2644 2842">
    <p class='ocr_par' dir='ltr' id='par_1_144' title="bbox 2223 2781 2644 2842">
     <span class='ocr_line' id='line_1_144' title="bbox 2223 2781 2644 2842; baseline 0.01 -9"><span class='ocrx_word' id='word_1_497' title='bbox 2223 2781 2435 2833; x_wconf 89' lang='lat' dir='ltr'><strong>sionem</strong></span> <span class='ocrx_word' id='word_1_498' title='bbox 2462 2798 2475 2833; x_wconf 91' lang='lat'><strong>:</strong></span> <span class='ocrx_word' id='word_1_499' title='bbox 2510 2783 2525 2842; x_wconf 88' lang='lat'><strong>(</strong></span> <span class='ocrx_word' id='word_1_500' title='bbox 2537 2796 2644 2837; x_wconf 91' lang='lat' dir='ltr'><strong>non</strong></span> 
     </span>
    </p>
   </div>
   <div class='ocr_carea' id='block_1_145' title="bbox 2223 2850 2642 2923">
    <p class='ocr_par' dir='ltr' id='par_1_145' title="bbox 2223 2850 2642 2923">
     <span class='ocr_line' id='line_1_145' title="bbox 2223 2850 2642 2923; baseline 0 -19"><span class='ocrx_word' id='word_1_501' title='bbox 2223 2850 2458 2923; x_wconf 81' lang='lat' dir='ltr'><strong>quodex</strong></span> <span class='ocrx_word' id='word_1_502' title='bbox 2490 2852 2642 2923; x_wconf 84' lang='lat' dir='ltr'><strong>Moy-</strong></span> 
     </span>
    </p>
   </div>
   <div class='ocr_carea' id='block_1_146' title="bbox 2224 2920 2555 2977">
    <p class='ocr_par' dir='ltr' id='par_1_146' title="bbox 2224 2920 2555 2977">
     <span class='ocr_line' id='line_1_146' title="bbox 2224 2920 2555 2977; baseline 0.009 -3"><span class='ocrx_word' id='word_1_503' title='bbox 2224 2936 2319 2975; x_wconf 88' lang='lat' dir='ltr'><strong>sen</strong></span> <span class='ocrx_word' id='word_1_504' title='bbox 2345 2920 2432 2977; x_wconf 84' lang='lat' dir='ltr'><strong>sit.</strong></span> <span class='ocrx_word' id='word_1_505' title='bbox 2460 2923 2555 2977; x_wconf 88' lang='lat' dir='ltr'><strong>sed</strong></span> 
     </span>
    </p>
   </div>
   <div class='ocr_carea' id='block_1_147' title="bbox 2224 2992 2568 3049">
    <p class='ocr_par' dir='ltr' id='par_1_147' title="bbox 2224 2992 2568 3049">
     <span class='ocr_line' id='line_1_147' title="bbox 2224 2992 2568 3049; baseline 0.006 -2"><span class='ocrx_word' id='word_1_506' title='bbox 2224 3006 2290 3048; x_wconf 88' lang='lat' dir='ltr'><strong>ex</strong></span> <span class='ocrx_word' id='word_1_507' title='bbox 2321 2992 2568 3049; x_wconf 87' lang='lat' dir='ltr'><strong>Patribus</strong></span> 
     </span>
    </p>
   </div>
   <div class='ocr_carea' id='block_1_148' title="bbox 2223 3062 2544 3136">
    <p class='ocr_par' dir='ltr' id='par_1_148' title="bbox 2223 3062 2544 3136">
     <span class='ocr_line' id='line_1_148' title="bbox 2223 3062 2544 3136; baseline 0.006 -19"><span class='ocrx_word' id='word_1_508' title='bbox 2223 3062 2456 3136; x_wconf 75' lang='lat' dir='ltr'><strong>vestris)</strong></span> <span class='ocrx_word' id='word_1_509' title='bbox 2490 3075 2544 3119; x_wconf 90' lang='lat' dir='ltr'><strong>et</strong></span> 
     </span>
    </p>
   </div>
   <div class='ocr_carea' id='block_1_149' title="bbox 2222 3135 2579 3192">
    <p class='ocr_par' dir='ltr' id='par_1_149' title="bbox 2222 3135 2579 3192">
     <span class='ocr_line' id='line_1_149' title="bbox 2222 3135 2579 3192; baseline 0.011 -4"><span class='ocrx_word' id='word_1_510' title='bbox 2222 3135 2448 3188; x_wconf 84' lang='lat' dir='ltr'><strong>sabbato</strong></span> <span class='ocrx_word' id='word_1_511' title='bbox 2476 3137 2579 3192; x_wconf 66' lang='lat' dir='ltr'><strong>cirv</strong></span> 
     </span>
    </p>
   </div>
   <div class='ocr_carea' id='block_1_150' title="bbox 2222 3207 2656 3263">
    <p class='ocr_par' dir='ltr' id='par_1_150' title="bbox 2222 3207 2656 3263">
     <span class='ocr_line' id='line_1_150' title="bbox 2222 3207 2656 3263; baseline 0.007 -3"><span class='ocrx_word' id='word_1_512' title='bbox 2222 3207 2526 3262; x_wconf 84' lang='lat' dir='ltr'><strong>cumciditis</strong></span> <span class='ocrx_word' id='word_1_513' title='bbox 2559 3210 2656 3263; x_wconf 89' lang='lat' dir='ltr'><strong>h0-</strong></span> 
     </span>
    </p>
   </div>
   <div class='ocr_carea' id='block_1_151' title="bbox 2222 3278 2672 3337">
    <p class='ocr_par' dir='ltr' id='par_1_151' title="bbox 2222 3278 2672 3337">
     <span class='ocr_line' id='line_1_151' title="bbox 2222 3278 2672 3337; baseline 0.009 -6"><span class='ocrx_word' id='word_1_514' title='bbox 2222 3278 2315 3332; x_wconf 80' lang='lat'><strong>23.</strong></span> <span class='ocrx_word' id='word_1_515' title='bbox 2359 3280 2582 3334; x_wconf 88' lang='lat' dir='ltr'><strong>minem.</strong></span> <span class='ocrx_word' id='word_1_516' title='bbox 2616 3279 2672 3337; x_wconf 88' lang='lat' dir='ltr'><strong>Si</strong></span> 
     </span>
    </p>
   </div>
   <div class='ocr_carea' id='block_1_152' title="bbox 2223 3350 2695 3409">
    <p class='ocr_par' dir='ltr' id='par_1_152' title="bbox 2223 3350 2695 3409">
     <span class='ocr_line' id='line_1_152' title="bbox 2223 3350 2695 3409; baseline 0.013 -6"><span class='ocrx_word' id='word_1_517' title='bbox 2223 3350 2695 3409; x_wconf 70' lang='lat' dir='ltr'><strong>cirrunirisiunem</strong></span> 
     </span>
    </p>
   </div>
   <div class='ocr_carea' id='block_1_153' title="bbox 2225 3421 2623 3490">
    <p class='ocr_par' dir='ltr' id='par_1_153' title="bbox 2225 3421 2623 3490">
     <span class='ocr_line' id='line_1_153' title="bbox 2225 3421 2623 3490; baseline 0.013 -17"><span class='ocrx_word' id='word_1_518' title='bbox 2225 3421 2422 3490; x_wconf 84' lang='lat' dir='ltr'><strong>accipit</strong></span> <span class='ocrx_word' id='word_1_519' title='bbox 2457 3421 2623 3477; x_wconf 83' lang='lat' dir='ltr'><strong>homo</strong></span> 
     </span>
    </p>
   </div>
   <div class='ocr_carea' id='block_1_154' title="bbox 2223 3492 2566 3558">
    <p class='ocr_par' dir='ltr' id='par_1_154' title="bbox 2223 3492 2566 3558">
     <span class='ocr_line' id='line_1_154' title="bbox 2223 3492 2566 3558; baseline 0.009 -16"><span class='ocrx_word' id='word_1_520' title='bbox 2223 3492 2276 3543; x_wconf 89' lang='lat' dir='ltr'><strong>in</strong></span> <span class='ocrx_word' id='word_1_521' title='bbox 2304 3494 2530 3547; x_wconf 77' lang='lat' dir='ltr'><strong>salihato</strong></span> <span class='ocrx_word' id='word_1_522' title='bbox 2553 3535 2566 3558; x_wconf 93' lang='lat'><strong>,</strong></span> 
     </span>
    </p>
   </div>
   <div class='ocr_carea' id='block_1_155' title="bbox 2222 3566 2688 3620">
    <p class='ocr_par' dir='ltr' id='par_1_155' title="bbox 2222 3566 2688 3620">
     <span class='ocr_line' id='line_1_155' title="bbox 2222 3566 2688 3620; baseline 0.011 -5"><span class='ocrx_word' id='word_1_523' title='bbox 2222 3572 2281 3617; x_wconf 92' lang='lat' dir='ltr'><strong>ut</strong></span> <span class='ocrx_word' id='word_1_524' title='bbox 2311 3580 2414 3615; x_wconf 89' lang='lat' dir='ltr'><strong>non</strong></span> <span class='ocrx_word' id='word_1_525' title='bbox 2446 3566 2688 3620; x_wconf 88' lang='lat' dir='ltr'><strong>solvatur</strong></span> 
     </span>
    </p>
   </div>
   <div class='ocr_carea' id='block_1_156' title="bbox 2221 3634 2551 3706">
    <p class='ocr_par' dir='ltr' id='par_1_156' title="bbox 2221 3634 2551 3706">
     <span class='ocr_line' id='line_1_156' title="bbox 2221 3634 2551 3706; baseline 0.006 -19"><span class='ocrx_word' id='word_1_526' title='bbox 2221 3634 2307 3688; x_wconf 91' lang='lat' dir='ltr'><strong>lex</strong></span> <span class='ocrx_word' id='word_1_527' title='bbox 2340 3634 2505 3706; x_wconf 86' lang='lat' dir='ltr'><strong>Moysi</strong></span> <span class='ocrx_word' id='word_1_528' title='bbox 2538 3654 2551 3689; x_wconf 88' lang='lat'><strong>:</strong></span> 
     </span>
    </p>
   </div>
   <div class='ocr_carea' id='block_1_157' title="bbox 2222 3706 2567 3763">
    <p class='ocr_par' dir='ltr' id='par_1_157' title="bbox 2222 3706 2567 3763">
     <span class='ocr_line' id='line_1_157' title="bbox 2222 3706 2567 3763; baseline 0.009 -5"><span class='ocrx_word' id='word_1_529' title='bbox 2222 3706 2351 3759; x_wconf 82' lang='lat' dir='ltr'><strong>mihi</strong></span> <span class='ocrx_word' id='word_1_530' title='bbox 2381 3708 2567 3763; x_wconf 85' lang='lat' dir='ltr'><strong>irasci-</strong></span> 
     </span>
    </p>
   </div>
   <div class='ocr_carea' id='block_1_158' title="bbox 1832 3818 2502 3878">
    <p class='ocr_par' dir='ltr' id='par_1_158' title="bbox 1832 3818 2502 3878">
     <span class='ocr_line' id='line_1_158' title="bbox 1832 3818 2502 3878; baseline 0 -1"><span class='ocrx_word' id='word_1_531' title='bbox 1832 3818 2065 3877; x_wconf 81' lang='lat' dir='ltr'><strong>CODEX</strong></span> <span class='ocrx_word' id='word_1_532' title='bbox 2101 3819 2502 3878; x_wconf 76' lang='lat' dir='ltr'><strong>BRIXIANUS.</strong></span> 
     </span>
    </p>
   </div>
   <div class='ocr_carea' id='block_1_159' title="bbox 2223 3913 3796 3988">
    <p class='ocr_par' dir='ltr' id='par_1_159' title="bbox 2223 3913 3796 3988">
     <span class='ocr_line' id='line_1_159' title="bbox 2223 3913 3796 3988; baseline -0.001 -21"><span class='ocrx_word' id='word_1_533' title='bbox 2223 3921 2331 3988; x_wconf 86' lang='lat' dir='ltr'><strong>tem</strong></span> <span class='ocrx_word' id='word_1_534' title='bbox 2358 3913 2509 3988; x_wconf 78' lang='lat' dir='ltr'><strong>quid</strong></span> <span class='ocrx_word' id='word_1_535' title='bbox 2538 3914 3069 3988; x_wconf 12' lang='lat' dir='ltr'><strong>indignamini.iqnia</strong></span> <span class='ocrx_word' id='word_1_536' title='bbox 3095 3925 3268 3975; x_wconf 86' lang='lat' dir='ltr'><strong>totum</strong></span> <span class='ocrx_word' id='word_1_537' title='bbox 3310 3914 3796 3988; x_wconf 58' lang='lat' dir='ltr'><strong>hominemaIVItm</strong></span> 
     </span>
    </p>
   </div>
   <div class='ocr_carea' id='block_1_160' title="bbox 2223 3981 3797 4056">
    <p class='ocr_par' dir='ltr' id='par_1_160' title="bbox 2223 3981 3797 4056">
     <span class='ocr_line' id='line_1_160' title="bbox 2223 3981 3797 4056; baseline -0.001 -18"><span class='ocrx_word' id='word_1_538' title='bbox 2223 3987 2322 4039; x_wconf 72' lang='lat' dir='ltr'><strong>l&#39;eci</strong></span> <span class='ocrx_word' id='word_1_539' title='bbox 2356 3981 2405 4038; x_wconf 85' lang='lat' dir='ltr'><strong>in</strong></span> <span class='ocrx_word' id='word_1_540' title='bbox 2435 3981 2680 4041; x_wconf 58' lang='lat' dir='ltr'><strong>sabhattf.</strong></span> <span class='ocrx_word' id='word_1_541' title='bbox 2714 3984 2887 4040; x_wconf 88' lang='lat' dir='ltr'><strong>Nolite</strong></span> <span class='ocrx_word' id='word_1_542' title='bbox 2914 3981 3156 4056; x_wconf 66' lang='lat' dir='ltr'><strong>judicare</strong></span> <span class='ocrx_word' id='word_1_543' title='bbox 3183 3991 3486 4048; x_wconf 74' lang='lat' dir='ltr'><strong>secundum</strong></span> <span class='ocrx_word' id='word_1_544' title='bbox 3514 3987 3693 4045; x_wconf 78' lang='lat' dir='ltr'><strong>facient</strong></span> <span class='ocrx_word' id='word_1_545' title='bbox 3718 3981 3797 4038; x_wconf 82' lang='lat' dir='ltr'><strong>sed</strong></span> 
     </span>
    </p>
   </div>
   <div class='ocr_carea' id='block_1_161' title="bbox 2213 4056 3798 4131">
    <p class='ocr_par' dir='ltr' id='par_1_161' title="bbox 2213 4056 3798 4131">
     <span class='ocr_line' id='line_1_161' title="bbox 2213 4056 3798 4131; baseline 0.002 -23"><span class='ocrx_word' id='word_1_546' title='bbox 2213 4056 2421 4131; x_wconf 60' lang='lat' dir='ltr'><strong>iustum</strong></span> <span class='ocrx_word' id='word_1_547' title='bbox 2458 4057 2720 4131; x_wconf 70' lang='lat' dir='ltr'><strong>judicium</strong></span> <span class='ocrx_word' id='word_1_548' title='bbox 2755 4057 3017 4131; x_wconf 75' lang='lat' dir='ltr'><strong>judirate.</strong></span> <span class='ocrx_word' id='word_1_549' title='bbox 3058 4060 3319 4117; x_wconf 67' lang='lat' dir='ltr'><strong>llicchaut</strong></span> <span class='ocrx_word' id='word_1_550' title='bbox 3347 4079 3477 4131; x_wconf 73' lang='lat' dir='ltr'><strong>ergo</strong></span> <span class='ocrx_word' id='word_1_551' title='bbox 3514 4060 3717 4131; x_wconf 80' lang='lat' dir='ltr'><strong>quidam</strong></span> <span class='ocrx_word' id='word_1_552' title='bbox 3742 4070 3798 4109; x_wconf 80' lang='lat' dir='ltr'><strong>ex</strong></span> 
     </span>
    </p>
   </div>
   <div class='ocr_carea' id='block_1_162' title="bbox 2217 4126 3795 4202">
    <p class='ocr_par' dir='ltr' id='par_1_162' title="bbox 2217 4126 3795 4202">
     <span class='ocr_line' id='line_1_162' title="bbox 2217 4126 3795 4202; baseline 0 -21"><span class='ocrx_word' id='word_1_553' title='bbox 2217 4126 2635 4202; x_wconf 48' lang='lat' dir='ltr'><strong>.lerosolymitis.</strong></span> <span class='ocrx_word' id='word_1_554' title='bbox 2654 4127 2849 4202; x_wconf 83' lang='lat' dir='ltr'><strong>Nonne</strong></span> <span class='ocrx_word' id='word_1_555' title='bbox 2873 4130 2957 4183; x_wconf 88' lang='lat' dir='ltr'><strong>hic</strong></span> <span class='ocrx_word' id='word_1_556' title='bbox 2969 4144 3049 4186; x_wconf 75' lang='grc' dir='ltr'><strong>ρει</strong></span> <span class='ocrx_word' id='word_1_557' title='bbox 3072 4149 3229 4202; x_wconf 67' lang='grc' dir='ltr'><strong>ψει-η)</strong></span> <span class='ocrx_word' id='word_1_558' title='bbox 3252 4126 3795 4202; x_wconf 52' lang='grc' dir='ltr'><strong>(ιιιίιυνύιιιῖηιεξχῦυε-</strong></span> 
     </span>
    </p>
   </div>
   <div class='ocr_carea' id='block_1_163' title="bbox 2214 4198 3796 4271">
    <p class='ocr_par' dir='ltr' id='par_1_163' title="bbox 2214 4198 3796 4271">
     <span class='ocr_line' id='line_1_163' title="bbox 2214 4198 3796 4271; baseline -0.002 -18"><span class='ocrx_word' id='word_1_559' title='bbox 2214 4215 2298 4267; x_wconf 68' lang='lat' dir='ltr'><strong>re.</strong></span> <span class='ocrx_word' id='word_1_560' title='bbox 2336 4200 2399 4254; x_wconf 78' lang='lat' dir='ltr'><strong>Et</strong></span> <span class='ocrx_word' id='word_1_561' title='bbox 2424 4198 2550 4254; x_wconf 75' lang='lat' dir='ltr'><strong>cecc</strong></span> <span class='ocrx_word' id='word_1_562' title='bbox 2580 4201 2755 4267; x_wconf 87' lang='lat' dir='ltr'><strong>palam</strong></span> <span class='ocrx_word' id='word_1_563' title='bbox 2791 4201 3049 4271; x_wconf 86' lang='lat' dir='ltr'><strong>loquitur.</strong></span> <span class='ocrx_word' id='word_1_564' title='bbox 3084 4198 3139 4259; x_wconf 80' lang='lat' dir='ltr'><strong>et</strong></span> <span class='ocrx_word' id='word_1_565' title='bbox 3164 4198 3299 4261; x_wconf 86' lang='lat' dir='ltr'><strong>nihil</strong></span> <span class='ocrx_word' id='word_1_566' title='bbox 3333 4207 3383 4260; x_wconf 88' lang='lat' dir='ltr'><strong>ei</strong></span> <span class='ocrx_word' id='word_1_567' title='bbox 3415 4205 3622 4259; x_wconf 80' lang='lat' dir='ltr'><strong>dicunt.</strong></span> <span class='ocrx_word' id='word_1_568' title='bbox 3648 4198 3796 4254; x_wconf 83' lang='lat' dir='ltr'><strong>Nutu-</strong></span> 
     </span>
    </p>
   </div>
   <div class='ocr_carea' id='block_1_164' title="bbox 2215 4272 3798 4347">
    <p class='ocr_par' dir='ltr' id='par_1_164' title="bbox 2215 4272 3798 4347">
     <span class='ocr_line' id='line_1_164' title="bbox 2215 4272 3798 4347; baseline -0.001 -24"><span class='ocrx_word' id='word_1_569' title='bbox 2215 4272 2344 4347; x_wconf 75' lang='lat' dir='ltr'><strong>quid</strong></span> <span class='ocrx_word' id='word_1_570' title='bbox 2377 4287 2500 4326; x_wconf 82' lang='lat' dir='ltr'><strong>vere</strong></span> <span class='ocrx_word' id='word_1_571' title='bbox 2528 4281 2918 4347; x_wconf 64' lang='lat' dir='ltr'><strong>_cogi_ioverun_t</strong></span> <span class='ocrx_word' id='word_1_572' title='bbox 2963 4274 3263 4343; x_wconf 81' lang='lat' dir='ltr'><strong>l’riucipcs.</strong></span> <span class='ocrx_word' id='word_1_573' title='bbox 3299 4277 3425 4347; x_wconf 85' lang='lat' dir='ltr'><strong>quia</strong></span> <span class='ocrx_word' id='word_1_574' title='bbox 3464 4275 3552 4330; x_wconf 86' lang='lat' dir='ltr'><strong>hic</strong></span> <span class='ocrx_word' id='word_1_575' title='bbox 3581 4281 3659 4326; x_wconf 70' lang='lat' dir='ltr'><strong>cst</strong></span> <span class='ocrx_word' id='word_1_576' title='bbox 3689 4281 3798 4322; x_wconf 81' lang='lat' dir='ltr'><strong>vere</strong></span> 
     </span>
    </p>
   </div>
   <div class='ocr_carea' id='block_1_165' title="bbox 2213 4341 3795 4403">
    <p class='ocr_par' dir='ltr' id='par_1_165' title="bbox 2213 4341 3795 4403">
     <span class='ocr_line' id='line_1_165' title="bbox 2213 4341 3795 4403; baseline 0.002 -7"><span class='ocrx_word' id='word_1_577' title='bbox 2213 4341 2481 4396; x_wconf 77' lang='lat' dir='ltr'><strong>Christus.</strong></span> <span class='ocrx_word' id='word_1_578' title='bbox 2524 4342 2631 4397; x_wconf 85' lang='lat' dir='ltr'><strong>Sed</strong></span> <span class='ocrx_word' id='word_1_579' title='bbox 2665 4344 2807 4397; x_wconf 87' lang='lat' dir='ltr'><strong>hunc</strong></span> <span class='ocrx_word' id='word_1_580' title='bbox 2834 4344 3036 4401; x_wconf 88' lang='lat' dir='ltr'><strong>scimus</strong></span> <span class='ocrx_word' id='word_1_581' title='bbox 3066 4341 3205 4401; x_wconf 80' lang='lat' dir='ltr'><strong>unde</strong></span> <span class='ocrx_word' id='word_1_582' title='bbox 3236 4341 3331 4401; x_wconf 60' lang='lat' dir='ltr'><strong>sit:</strong></span> <span class='ocrx_word' id='word_1_583' title='bbox 3365 4348 3614 4403; x_wconf 55' lang='lat' dir='ltr'><strong>Christus</strong></span> <span class='ocrx_word' id='word_1_584' title='bbox 3637 4351 3795 4394; x_wconf 69' lang='lat' dir='ltr'><strong>:Ittlt‘lll</strong></span> 
     </span>
    </p>
   </div>
   <div class='ocr_carea' id='block_1_166' title="bbox 2211 4412 3799 4481">
    <p class='ocr_par' dir='ltr' id='par_1_166' title="bbox 2211 4412 3799 4481">
     <span class='ocr_line' id='line_1_166' title="bbox 2211 4412 3799 4481; baseline 0.004 -15"><span class='ocrx_word' id='word_1_585' title='bbox 2211 4428 2330 4468; x_wconf 88' lang='lat' dir='ltr'><strong>cum</strong></span> <span class='ocrx_word' id='word_1_586' title='bbox 2364 4415 2589 4467; x_wconf 86' lang='lat' dir='ltr'><strong>\euerit.</strong></span> <span class='ocrx_word' id='word_1_587' title='bbox 2627 4431 2785 4468; x_wconf 79' lang='lat' dir='ltr'><strong>neuio</strong></span> <span class='ocrx_word' id='word_1_588' title='bbox 2814 4417 2916 4469; x_wconf 82' lang='lat' dir='ltr'><strong>scit</strong></span> <span class='ocrx_word' id='word_1_589' title='bbox 2946 4420 3086 4471; x_wconf 89' lang='lat' dir='ltr'><strong>unde</strong></span> <span class='ocrx_word' id='word_1_590' title='bbox 3124 4417 3215 4475; x_wconf 62' lang='lat' dir='ltr'><strong>sit.</strong></span> <span class='ocrx_word' id='word_1_591' title='bbox 3243 4419 3530 4475; x_wconf 83' lang='lat' dir='ltr'><strong>Clamabat</strong></span> <span class='ocrx_word' id='word_1_592' title='bbox 3563 4430 3686 4481; x_wconf 72' lang='lat' dir='ltr'><strong>ergo</strong></span> <span class='ocrx_word' id='word_1_593' title='bbox 3715 4412 3799 4463; x_wconf 73' lang='grc' dir='ltr'><strong>(Ιοο</strong></span> 
     </span>
    </p>
   </div>
   <div class='ocr_carea' id='block_1_167' title="bbox 2208 4484 3797 4552">
    <p class='ocr_par' dir='ltr' id='par_1_167' title="bbox 2208 4484 3797 4552">
     <span class='ocr_line' id='line_1_167' title="bbox 2208 4484 3797 4552; baseline -0.001 -14"><span class='ocrx_word' id='word_1_594' title='bbox 2208 4499 2339 4538; x_wconf 92' lang='lat' dir='ltr'><strong>cens</strong></span> <span class='ocrx_word' id='word_1_595' title='bbox 2361 4484 2412 4538; x_wconf 93' lang='lat' dir='ltr'><strong>in</strong></span> <span class='ocrx_word' id='word_1_596' title='bbox 2447 4487 2649 4552; x_wconf 68' lang='lat' dir='ltr'><strong>templo</strong></span> <span class='ocrx_word' id='word_1_597' title='bbox 2682 4488 2853 4542; x_wconf 79' lang='lat' dir='ltr'><strong>lesus.</strong></span> <span class='ocrx_word' id='word_1_598' title='bbox 2889 4498 2941 4541; x_wconf 86' lang='lat' dir='ltr'><strong>et</strong></span> <span class='ocrx_word' id='word_1_599' title='bbox 2967 4488 3174 4544; x_wconf 79' lang='lat' dir='ltr'><strong>dicens.</strong></span> <span class='ocrx_word' id='word_1_600' title='bbox 3205 4491 3265 4545; x_wconf 72' lang='lat' dir='ltr'><strong>Et</strong></span> <span class='ocrx_word' id='word_1_601' title='bbox 3296 4506 3384 4545; x_wconf 89' lang='lat' dir='ltr'><strong>me</strong></span> <span class='ocrx_word' id='word_1_602' title='bbox 3410 4489 3580 4542; x_wconf 80' lang='lat' dir='ltr'><strong>scitis.</strong></span> <span class='ocrx_word' id='word_1_603' title='bbox 3610 4493 3663 4540; x_wconf 88' lang='lat' dir='ltr'><strong>et</strong></span> <span class='ocrx_word' id='word_1_604' title='bbox 3688 4496 3797 4536; x_wconf 75' lang='lat' dir='ltr'><strong>nus-</strong></span> 
     </span>
    </p>
   </div>
   <div class='ocr_carea' id='block_1_168' title="bbox 2211 4555 3795 4628">
    <p class='ocr_par' dir='ltr' id='par_1_168' title="bbox 2211 4555 3795 4628">
     <span class='ocr_line' id='line_1_168' title="bbox 2211 4555 3795 4628; baseline 0 -20"><span class='ocrx_word' id='word_1_605' title='bbox 2211 4556 2279 4609; x_wconf 91' lang='lat' dir='ltr'><strong>tis</strong></span> <span class='ocrx_word' id='word_1_606' title='bbox 2308 4555 2447 4609; x_wconf 88' lang='lat' dir='ltr'><strong>unde</strong></span> <span class='ocrx_word' id='word_1_607' title='bbox 2475 4559 2599 4611; x_wconf 82' lang='lat' dir='ltr'><strong>sint.</strong></span> <span class='ocrx_word' id='word_1_608' title='bbox 2647 4568 2700 4612; x_wconf 92' lang='lat' dir='ltr'><strong>et</strong></span> <span class='ocrx_word' id='word_1_609' title='bbox 2731 4574 2760 4612; x_wconf 86' lang='lat' dir='ltr'><strong>a</strong></span> <span class='ocrx_word' id='word_1_610' title='bbox 2795 4574 2880 4613; x_wconf 91' lang='lat' dir='ltr'><strong>me</strong></span> <span class='ocrx_word' id='word_1_611' title='bbox 2922 4563 3038 4628; x_wconf 89' lang='lat' dir='ltr'><strong>ipso</strong></span> <span class='ocrx_word' id='word_1_612' title='bbox 3072 4577 3175 4614; x_wconf 86' lang='lat' dir='ltr'><strong>non</strong></span> <span class='ocrx_word' id='word_1_613' title='bbox 3206 4563 3356 4617; x_wconf 87' lang='lat' dir='ltr'><strong>veni.</strong></span> <span class='ocrx_word' id='word_1_614' title='bbox 3388 4561 3481 4616; x_wconf 91' lang='lat' dir='ltr'><strong>sed</strong></span> <span class='ocrx_word' id='word_1_615' title='bbox 3528 4569 3610 4615; x_wconf 88' lang='lat' dir='ltr'><strong>est</strong></span> <span class='ocrx_word' id='word_1_616' title='bbox 3651 4566 3795 4628; x_wconf 74' lang='lat' dir='ltr'><strong>verus</strong></span> 
     </span>
    </p>
   </div>
   <div class='ocr_carea' id='block_1_169' title="bbox 2208 4622 3796 4704">
    <p class='ocr_par' dir='ltr' id='par_1_169' title="bbox 2208 4622 3796 4704">
     <span class='ocr_line' id='line_1_169' title="bbox 2208 4622 3796 4704; baseline -0.001 -24"><span class='ocrx_word' id='word_1_617' title='bbox 2208 4628 2296 4704; x_wconf 81' lang='lat' dir='ltr'><strong>qui</strong></span> <span class='ocrx_word' id='word_1_618' title='bbox 2329 4644 2413 4681; x_wconf 89' lang='lat' dir='ltr'><strong>me</strong></span> <span class='ocrx_word' id='word_1_619' title='bbox 2457 4629 2624 4704; x_wconf 81' lang='lat' dir='ltr'><strong>misit.</strong></span> <span class='ocrx_word' id='word_1_620' title='bbox 2661 4645 2819 4704; x_wconf 81' lang='lat' dir='ltr'><strong>queui</strong></span> <span class='ocrx_word' id='word_1_621' title='bbox 2865 4622 2958 4684; x_wconf 74' lang='lat' dir='ltr'><strong>Vos</strong></span> <span class='ocrx_word' id='word_1_622' title='bbox 3008 4632 3249 4687; x_wconf 88' lang='lat' dir='ltr'><strong>nescitis.</strong></span> <span class='ocrx_word' id='word_1_623' title='bbox 3302 4634 3415 4704; x_wconf 77' lang='lat' dir='ltr'><strong>Ego</strong></span> <span class='ocrx_word' id='word_1_624' title='bbox 3447 4630 3524 4703; x_wconf 92' lang='lat' dir='ltr'><strong>(a)</strong></span> <span class='ocrx_word' id='word_1_625' title='bbox 3552 4639 3724 4704; x_wconf 87' lang='lat' dir='ltr'><strong>autem</strong></span> <span class='ocrx_word' id='word_1_626' title='bbox 3764 4622 3796 4694; x_wconf 63' lang='grc' dir='ltr'><strong>’νς</strong></span> 
     </span>
    </p>
   </div>
   <div class='ocr_carea' id='block_1_170' title="bbox 3061 430 3468 501">
    <p class='ocr_par' dir='ltr' id='par_1_170' title="bbox 3061 430 3468 501">
     <span class='ocr_line' id='line_1_170' title="bbox 3061 430 3468 501; baseline -0.002 -15"><span class='ocrx_word' id='word_1_627' title='bbox 3061 430 3191 486; x_wconf 89' lang='lat' dir='ltr'><strong>mini</strong></span> <span class='ocrx_word' id='word_1_628' title='bbox 3217 430 3468 501; x_wconf 87' lang='lat' dir='ltr'><strong>quoniam</strong></span> 
     </span>
    </p>
   </div>
   <div class='ocr_carea' id='block_1_171' title="bbox 3064 501 3450 557">
    <p class='ocr_par' dir='ltr' id='par_1_171' title="bbox 3064 501 3450 557">
     <span class='ocr_line' id='line_1_171' title="bbox 3064 501 3450 557; baseline -0.008 0"><span class='ocrx_word' id='word_1_629' title='bbox 3064 513 3231 557; x_wconf 88' lang='lat' dir='ltr'><strong>totum</strong></span> <span class='ocrx_word' id='word_1_630' title='bbox 3276 501 3450 555; x_wconf 88' lang='lat' dir='ltr'><strong>homi-</strong></span> 
     </span>
    </p>
   </div>
   <div class='ocr_carea' id='block_1_172' title="bbox 3068 573 3426 628">
    <p class='ocr_par' dir='ltr' id='par_1_172' title="bbox 3068 573 3426 628">
     <span class='ocr_line' id='line_1_172' title="bbox 3068 573 3426 628; baseline -0.006 -1"><span class='ocrx_word' id='word_1_631' title='bbox 3068 590 3189 628; x_wconf 93' lang='lat' dir='ltr'><strong>nem</strong></span> <span class='ocrx_word' id='word_1_632' title='bbox 3217 573 3426 626; x_wconf 83' lang='lat' dir='ltr'><strong>salvum</strong></span> 
     </span>
    </p>
   </div>
   <div class='ocr_carea' id='block_1_173' title="bbox 3067 644 3461 699">
    <p class='ocr_par' dir='ltr' id='par_1_173' title="bbox 3067 644 3461 699">
     <span class='ocr_line' id='line_1_173' title="bbox 3067 644 3461 699; baseline 0 0"><span class='ocrx_word' id='word_1_633' title='bbox 3067 646 3167 699; x_wconf 83' lang='lat' dir='ltr'><strong>feci</strong></span> <span class='ocrx_word' id='word_1_634' title='bbox 3195 644 3419 699; x_wconf 83' lang='lat' dir='ltr'><strong>sabbato</strong></span> <span class='ocrx_word' id='word_1_635' title='bbox 3440 644 3461 699; x_wconf 71' lang='lat' dir='ltr'><strong>l</strong></span> 
     </span>
    </p>
   </div>
   <div class='ocr_carea' id='block_1_174' title="bbox 3064 713 3533 783">
    <p class='ocr_par' dir='ltr' id='par_1_174' title="bbox 3064 713 3533 783">
     <span class='ocr_line' id='line_1_174' title="bbox 3064 713 3533 783; baseline 0.002 -13"><span class='ocrx_word' id='word_1_636' title='bbox 3064 717 3156 770; x_wconf 75' lang='lat' dir='ltr'><strong>2t.</strong></span> <span class='ocrx_word' id='word_1_637' title='bbox 3198 715 3373 770; x_wconf 82' lang='lat' dir='ltr'><strong>Nolite</strong></span> <span class='ocrx_word' id='word_1_638' title='bbox 3393 713 3533 783; x_wconf 89' lang='lat' dir='ltr'><strong>judi-</strong></span> 
     </span>
    </p>
   </div>
   <div class='ocr_carea' id='block_1_175' title="bbox 3062 802 3414 843">
    <p class='ocr_par' dir='ltr' id='par_1_175' title="bbox 3062 802 3414 843">
     <span class='ocr_line' id='line_1_175' title="bbox 3062 802 3414 843; baseline -0.011 0"><span class='ocrx_word' id='word_1_639' title='bbox 3062 804 3192 843; x_wconf 84' lang='lat' dir='ltr'><strong>care</strong></span> <span class='ocrx_word' id='word_1_640' title='bbox 3219 802 3414 841; x_wconf 70' lang='grc' dir='ltr'><strong>ερρυη-</strong></span> 
     </span>
    </p>
   </div>
   <div class='ocr_carea' id='block_1_176' title="bbox 3062 858 3447 925">
    <p class='ocr_par' dir='ltr' id='par_1_176' title="bbox 3062 858 3447 925">
     <span class='ocr_line' id='line_1_176' title="bbox 3062 858 3447 925; baseline -0.005 -12"><span class='ocrx_word' id='word_1_641' title='bbox 3062 858 3190 913; x_wconf 91' lang='lat' dir='ltr'><strong>dum</strong></span> <span class='ocrx_word' id='word_1_642' title='bbox 3221 858 3408 912; x_wconf 76' lang='lat' dir='ltr'><strong>faciem</strong></span> <span class='ocrx_word' id='word_1_643' title='bbox 3431 899 3447 925; x_wconf 90' lang='lat'><strong><em>,</em></strong></span> 
     </span>
    </p>
   </div>
   <div class='ocr_carea' id='block_1_177' title="bbox 3061 929 3378 996">
    <p class='ocr_par' dir='ltr' id='par_1_177' title="bbox 3061 929 3378 996">
     <span class='ocr_line' id='line_1_177' title="bbox 3061 929 3378 996; baseline -0.009 -12"><span class='ocrx_word' id='word_1_644' title='bbox 3061 931 3155 984; x_wconf 88' lang='lat' dir='ltr'><strong>sed</strong></span> <span class='ocrx_word' id='word_1_645' title='bbox 3178 929 3378 996; x_wconf 52' lang='lat' dir='ltr'><strong>justum</strong></span> 
     </span>
    </p>
   </div>
   <div class='ocr_carea' id='block_1_178' title="bbox 3053 998 3586 1069">
    <p class='ocr_par' dir='ltr' id='par_1_178' title="bbox 3053 998 3586 1069">
     <span class='ocr_line' id='line_1_178' title="bbox 3053 998 3586 1069; baseline -0.002 -16"><span class='ocrx_word' id='word_1_646' title='bbox 3053 1000 3314 1069; x_wconf 88' lang='lat' dir='ltr'><strong>judicium</strong></span> <span class='ocrx_word' id='word_1_647' title='bbox 3335 998 3586 1067; x_wconf 74' lang='lat' dir='ltr'><strong>iudicate.</strong></span> 
     </span>
    </p>
   </div>
   <div class='ocr_carea' id='block_1_179' title="bbox 3059 1070 3569 1127">
    <p class='ocr_par' dir='ltr' id='par_1_179' title="bbox 3059 1070 3569 1127">
     <span class='ocr_line' id='line_1_179' title="bbox 3059 1070 3569 1127; baseline 0.002 -2"><span class='ocrx_word' id='word_1_648' title='bbox 3059 1070 3155 1127; x_wconf 82' lang='lat'><strong>25.</strong></span> <span class='ocrx_word' id='word_1_649' title='bbox 3198 1071 3456 1126; x_wconf 66' lang='lat' dir='ltr'><strong>Dii-ebant</strong></span> <span class='ocrx_word' id='word_1_650' title='bbox 3481 1084 3569 1126; x_wconf 86' lang='lat' dir='ltr'><strong>er-</strong></span> 
     </span>
    </p>
   </div>
   <div class='ocr_carea' id='block_1_180' title="bbox 3061 1142 3376 1213">
    <p class='ocr_par' dir='ltr' id='par_1_180' title="bbox 3061 1142 3376 1213">
     <span class='ocr_line' id='line_1_180' title="bbox 3061 1142 3376 1213; baseline 0 -15"><span class='ocrx_word' id='word_1_651' title='bbox 3061 1158 3131 1213; x_wconf 88' lang='lat' dir='ltr'><strong>go</strong></span> <span class='ocrx_word' id='word_1_652' title='bbox 3160 1142 3376 1211; x_wconf 87' lang='lat' dir='ltr'><strong>quidam</strong></span> 
     </span>
    </p>
   </div>
   <div class='ocr_carea' id='block_1_181' title="bbox 3062 1214 3413 1268">
    <p class='ocr_par' dir='ltr' id='par_1_181' title="bbox 3062 1214 3413 1268">
     <span class='ocr_line' id='line_1_181' title="bbox 3062 1214 3413 1268; baseline -0.003 0"><span class='ocrx_word' id='word_1_653' title='bbox 3062 1231 3126 1268; x_wconf 91' lang='lat' dir='ltr'><strong>ex</strong></span> <span class='ocrx_word' id='word_1_654' title='bbox 3159 1214 3413 1268; x_wconf 75' lang='lat' dir='ltr'><strong>Hieroso-</strong></span> 
     </span>
    </p>
   </div>
   <div class='ocr_carea' id='block_1_182' title="bbox 3066 1285 3388 1341">
    <p class='ocr_par' dir='ltr' id='par_1_182' title="bbox 3066 1285 3388 1341">
     <span class='ocr_line' id='line_1_182' title="bbox 3066 1285 3388 1341; baseline 0.006 -2"><span class='ocrx_word' id='word_1_655' title='bbox 3066 1285 3345 1341; x_wconf 81' lang='lat' dir='ltr'><strong>IVmitanis</strong></span> <span class='ocrx_word' id='word_1_656' title='bbox 3373 1302 3388 1341; x_wconf 89' lang='lat'><strong>:</strong></span> 
     </span>
    </p>
   </div>
   <div class='ocr_carea' id='block_1_183' title="bbox 3108 1356 3521 1421">
    <p class='ocr_par' dir='ltr' id='par_1_183' title="bbox 3108 1356 3521 1421">
     <span class='ocr_line' id='line_1_183' title="bbox 3108 1356 3521 1421; baseline 0.002 -10"><span class='ocrx_word' id='word_1_657' title='bbox 3108 1372 3253 1412; x_wconf 90' lang='lat' dir='ltr'><strong>oune</strong></span> <span class='ocrx_word' id='word_1_658' title='bbox 3285 1356 3369 1411; x_wconf 90' lang='lat' dir='ltr'><strong>hic</strong></span> <span class='ocrx_word' id='word_1_659' title='bbox 3394 1363 3479 1412; x_wconf 84' lang='lat' dir='ltr'><strong>est</strong></span> <span class='ocrx_word' id='word_1_660' title='bbox 3506 1395 3521 1421; x_wconf 89' lang='lat'><strong>,</strong></span> 
     </span>
    </p>
   </div>
   <div class='ocr_carea' id='block_1_184' title="bbox 3059 1442 3411 1497">
    <p class='ocr_par' dir='ltr' id='par_1_184' title="bbox 3059 1442 3411 1497">
     <span class='ocr_line' id='line_1_184' title="bbox 3059 1442 3411 1497; baseline 0 -14"><span class='ocrx_word' id='word_1_661' title='bbox 3059 1444 3218 1497; x_wconf 86' lang='lat' dir='ltr'><strong>quem</strong></span> <span class='ocrx_word' id='word_1_662' title='bbox 3237 1442 3411 1497; x_wconf 80' lang='lat' dir='ltr'><strong>quae-</strong></span> 
     </span>
    </p>
   </div>
   <div class='ocr_carea' id='block_1_185' title="bbox 3063 1498 3440 1554">
    <p class='ocr_par' dir='ltr' id='par_1_185' title="bbox 3063 1498 3440 1554">
     <span class='ocr_line' id='line_1_185' title="bbox 3063 1498 3440 1554; baseline 0 0"><span class='ocrx_word' id='word_1_663' title='bbox 3063 1510 3189 1554; x_wconf 92' lang='lat' dir='ltr'><strong>runt</strong></span> <span class='ocrx_word' id='word_1_664' title='bbox 3219 1498 3440 1554; x_wconf 85' lang='lat' dir='ltr'><strong>occide-</strong></span> 
     </span>
    </p>
   </div>
   <div class='ocr_carea' id='block_1_186' title="bbox 3066 1570 3543 1625">
    <p class='ocr_par' dir='ltr' id='par_1_186' title="bbox 3066 1570 3543 1625">
     <span class='ocr_line' id='line_1_186' title="bbox 3066 1570 3543 1625; baseline -0.008 0"><span class='ocrx_word' id='word_1_665' title='bbox 3066 1570 3157 1625; x_wconf 85' lang='lat'><strong>26.</strong></span> <span class='ocrx_word' id='word_1_666' title='bbox 3200 1571 3295 1625; x_wconf 86' lang='lat' dir='ltr'><strong>re?</strong></span> <span class='ocrx_word' id='word_1_667' title='bbox 3325 1570 3393 1625; x_wconf 87' lang='lat' dir='ltr'><strong>Et</strong></span> <span class='ocrx_word' id='word_1_668' title='bbox 3420 1581 3543 1622; x_wconf 87' lang='lat' dir='ltr'><strong>ecce</strong></span> 
     </span>
    </p>
   </div>
   <div class='ocr_carea' id='block_1_187' title="bbox 3070 1644 3320 1712">
    <p class='ocr_par' dir='ltr' id='par_1_187' title="bbox 3070 1644 3320 1712">
     <span class='ocr_line' id='line_1_187' title="bbox 3070 1644 3320 1712; baseline 0 -16"><span class='ocrx_word' id='word_1_669' title='bbox 3070 1644 3121 1697; x_wconf 91' lang='lat' dir='ltr'><strong>in</strong></span> <span class='ocrx_word' id='word_1_670' title='bbox 3148 1644 3320 1712; x_wconf 82' lang='lat' dir='ltr'><strong>palam</strong></span> 
     </span>
    </p>
   </div>
   <div class='ocr_carea' id='block_1_188' title="bbox 3062 1715 3405 1779">
    <p class='ocr_par' dir='ltr' id='par_1_188' title="bbox 3062 1715 3405 1779">
     <span class='ocr_line' id='line_1_188' title="bbox 3062 1715 3405 1779; baseline 0 -11"><span class='ocrx_word' id='word_1_671' title='bbox 3062 1715 3317 1779; x_wconf 86' lang='lat' dir='ltr'><strong>loquitur,</strong></span> <span class='ocrx_word' id='word_1_672' title='bbox 3343 1721 3405 1768; x_wconf 88' lang='lat' dir='ltr'><strong>et</strong></span> 
     </span>
    </p>
   </div>
   <div class='ocr_carea' id='block_1_189' title="bbox 3066 1785 3303 1840">
    <p class='ocr_par' dir='ltr' id='par_1_189' title="bbox 3066 1785 3303 1840">
     <span class='ocr_line' id='line_1_189' title="bbox 3066 1785 3303 1840; baseline -0.008 0"><span class='ocrx_word' id='word_1_673' title='bbox 3066 1785 3195 1840; x_wconf 84' lang='lat' dir='ltr'><strong>nihil</strong></span> <span class='ocrx_word' id='word_1_674' title='bbox 3228 1785 3303 1838; x_wconf 91' lang='lat' dir='ltr'><strong>illi</strong></span> 
     </span>
    </p>
   </div>
   <div class='ocr_carea' id='block_1_190' title="bbox 3066 1854 3473 1912">
    <p class='ocr_par' dir='ltr' id='par_1_190' title="bbox 3066 1854 3473 1912">
     <span class='ocr_line' id='line_1_190' title="bbox 3066 1854 3473 1912; baseline -0.002 0"><span class='ocrx_word' id='word_1_675' title='bbox 3066 1857 3270 1912; x_wconf 80' lang='lat' dir='ltr'><strong>dlt&#39;lllil.</strong></span> <span class='ocrx_word' id='word_1_676' title='bbox 3297 1854 3473 1911; x_wconf 48' lang='lat' dir='ltr'><strong>Num.</strong></span> 
     </span>
    </p>
   </div>
   <div class='ocr_carea' id='block_1_191' title="bbox 3065 1926 3354 1999">
    <p class='ocr_par' dir='ltr' id='par_1_191' title="bbox 3065 1926 3354 1999">
     <span class='ocr_line' id='line_1_191' title="bbox 3065 1926 3354 1999; baseline -0.003 -17"><span class='ocrx_word' id='word_1_677' title='bbox 3065 1926 3193 1999; x_wconf 89' lang='lat' dir='ltr'><strong>quid</strong></span> <span class='ocrx_word' id='word_1_678' title='bbox 3227 1942 3354 1981; x_wconf 87' lang='lat' dir='ltr'><strong>vere</strong></span> 
     </span>
    </p>
   </div>
   <div class='ocr_carea' id='block_1_192' title="bbox 3066 2009 3445 2069">
    <p class='ocr_par' dir='ltr' id='par_1_192' title="bbox 3066 2009 3445 2069">
     <span class='ocr_line' id='line_1_192' title="bbox 3066 2009 3445 2069; baseline -0.008 -14"><span class='ocrx_word' id='word_1_679' title='bbox 3066 2009 3445 2069; x_wconf 81' lang='lat' dir='ltr'><strong>Cognoverunt</strong></span> 
     </span>
    </p>
   </div>
   <div class='ocr_carea' id='block_1_193' title="bbox 3060 2067 3628 2140">
    <p class='ocr_par' dir='ltr' id='par_1_193' title="bbox 3060 2067 3628 2140">
     <span class='ocr_line' id='line_1_193' title="bbox 3060 2067 3628 2140; baseline -0.004 -13"><span class='ocrx_word' id='word_1_680' title='bbox 3060 2067 3333 2135; x_wconf 75' lang='lat' dir='ltr'><strong>Principes</strong></span> <span class='ocrx_word' id='word_1_681' title='bbox 3353 2074 3487 2140; x_wconf 80' lang='lat' dir='ltr'><strong>quia</strong></span> <span class='ocrx_word' id='word_1_682' title='bbox 3516 2067 3628 2140; x_wconf 80' lang='lat' dir='ltr'><strong>ipse</strong></span> 
     </span>
    </p>
   </div>
   <div class='ocr_carea' id='block_1_194' title="bbox 3061 2140 3467 2198">
    <p class='ocr_par' dir='ltr' id='par_1_194' title="bbox 3061 2140 3467 2198">
     <span class='ocr_line' id='line_1_194' title="bbox 3061 2140 3467 2198; baseline -0.005 0"><span class='ocrx_word' id='word_1_683' title='bbox 3061 2151 3144 2198; x_wconf 88' lang='lat' dir='ltr'><strong>est</strong></span> <span class='ocrx_word' id='word_1_684' title='bbox 3171 2140 3467 2196; x_wconf 81' lang='lat' dir='ltr'><strong>Christus?</strong></span> 
     </span>
    </p>
   </div>
   <div class='ocr_carea' id='block_1_195' title="bbox 3057 2211 3597 2269">
    <p class='ocr_par' dir='ltr' id='par_1_195' title="bbox 3057 2211 3597 2269">
     <span class='ocr_line' id='line_1_195' title="bbox 3057 2211 3597 2269; baseline -0.007 -1"><span class='ocrx_word' id='word_1_685' title='bbox 3057 2213 3149 2269; x_wconf 79' lang='lat'><strong>27.</strong></span> <span class='ocrx_word' id='word_1_686' title='bbox 3191 2211 3298 2266; x_wconf 85' lang='lat' dir='ltr'><strong>Sed</strong></span> <span class='ocrx_word' id='word_1_687' title='bbox 3332 2212 3486 2268; x_wconf 81' lang='lat' dir='ltr'><strong>hunc</strong></span> <span class='ocrx_word' id='word_1_688' title='bbox 3580 2254 3597 2264; x_wconf 85' lang='lat'><strong>.</strong></span> 
     </span>
    </p>
   </div>
   <div class='ocr_carea' id='block_1_196' title="bbox 3062 2283 3457 2342">
    <p class='ocr_par' dir='ltr' id='par_1_196' title="bbox 3062 2283 3457 2342">
     <span class='ocr_line' id='line_1_196' title="bbox 3062 2283 3457 2342; baseline 0.01 -4"><span class='ocrx_word' id='word_1_689' title='bbox 3062 2285 3270 2339; x_wconf 83' lang='lat' dir='ltr'><strong>scimus</strong></span> <span class='ocrx_word' id='word_1_690' title='bbox 3301 2283 3457 2342; x_wconf 80' lang='lat' dir='ltr'><strong>unde</strong></span> 
     </span>
    </p>
   </div>
   <div class='ocr_carea' id='block_1_197' title="bbox 3060 2352 3464 2412">
    <p class='ocr_par' dir='ltr' id='par_1_197' title="bbox 3060 2352 3464 2412">
     <span class='ocr_line' id='line_1_197' title="bbox 3060 2352 3464 2412; baseline 0.002 -1"><span class='ocrx_word' id='word_1_691' title='bbox 3060 2357 3129 2411; x_wconf 90' lang='lat' dir='ltr'><strong>sit</strong></span> <span class='ocrx_word' id='word_1_692' title='bbox 3159 2373 3172 2407; x_wconf 90' lang='lat'><strong>:</strong></span> <span class='ocrx_word' id='word_1_693' title='bbox 3199 2352 3464 2412; x_wconf 79' lang='lat' dir='ltr'><strong>Christus</strong></span> 
     </span>
    </p>
   </div>
   <div class='ocr_carea' id='block_1_198' title="bbox 3060 2433 3414 2484">
    <p class='ocr_par' dir='ltr' id='par_1_198' title="bbox 3060 2433 3414 2484">
     <span class='ocr_line' id='line_1_198' title="bbox 3060 2433 3414 2484; baseline 0.011 -3"><span class='ocrx_word' id='word_1_694' title='bbox 3060 2433 3238 2481; x_wconf 88' lang='lat' dir='ltr'><strong>autem</strong></span> <span class='ocrx_word' id='word_1_695' title='bbox 3276 2441 3414 2484; x_wconf 78' lang='lat' dir='ltr'><strong>cum</strong></span> 
     </span>
    </p>
   </div>
   <div class='ocr_carea' id='block_1_199' title="bbox 3061 2498 3447 2562">
    <p class='ocr_par' dir='ltr' id='par_1_199' title="bbox 3061 2498 3447 2562">
     <span class='ocr_line' id='line_1_199' title="bbox 3061 2498 3447 2562; baseline 0.013 -13"><span class='ocrx_word' id='word_1_696' title='bbox 3061 2498 3306 2562; x_wconf 85' lang='lat' dir='ltr'><strong>venerit,</strong></span> <span class='ocrx_word' id='word_1_697' title='bbox 3336 2514 3447 2553; x_wconf 86' lang='lat' dir='ltr'><strong>ne-</strong></span> 
     </span>
    </p>
   </div>
   <div class='ocr_carea' id='block_1_200' title="bbox 3062 2569 3589 2627">
    <p class='ocr_par' dir='ltr' id='par_1_200' title="bbox 3062 2569 3589 2627">
     <span class='ocr_line' id='line_1_200' title="bbox 3062 2569 3589 2627; baseline -0.004 -3"><span class='ocrx_word' id='word_1_698' title='bbox 3062 2586 3153 2624; x_wconf 87' lang='lat' dir='ltr'><strong>mo</strong></span> <span class='ocrx_word' id='word_1_699' title='bbox 3183 2569 3286 2623; x_wconf 90' lang='lat' dir='ltr'><strong>scit</strong></span> <span class='ocrx_word' id='word_1_700' title='bbox 3325 2570 3478 2627; x_wconf 86' lang='lat' dir='ltr'><strong>unde</strong></span> <span class='ocrx_word' id='word_1_701' title='bbox 3505 2571 3589 2626; x_wconf 85' lang='lat' dir='ltr'><strong>sit.</strong></span> 
     </span>
    </p>
   </div>
   <div class='ocr_carea' id='block_1_201' title="bbox 3056 2638 3475 2699">
    <p class='ocr_par' dir='ltr' id='par_1_201' title="bbox 3056 2638 3475 2699">
     <span class='ocr_line' id='line_1_201' title="bbox 3056 2638 3475 2699; baseline 0.005 -4"><span class='ocrx_word' id='word_1_702' title='bbox 3056 2640 3149 2696; x_wconf 83' lang='lat'><strong>28.</strong></span> <span class='ocrx_word' id='word_1_703' title='bbox 3187 2638 3475 2699; x_wconf 83' lang='lat' dir='ltr'><strong>Clamabat</strong></span> 
     </span>
    </p>
   </div>
   <div class='ocr_carea' id='block_1_202' title="bbox 3060 2710 3411 2783">
    <p class='ocr_par' dir='ltr' id='par_1_202' title="bbox 3060 2710 3411 2783">
     <span class='ocr_line' id='line_1_202' title="bbox 3060 2710 3411 2783; baseline 0.006 -17"><span class='ocrx_word' id='word_1_704' title='bbox 3060 2713 3225 2783; x_wconf 83' lang='lat' dir='ltr'><strong>igitur</strong></span> <span class='ocrx_word' id='word_1_705' title='bbox 3247 2710 3411 2769; x_wconf 79' lang='lat' dir='ltr'><strong>Jesus</strong></span> 
     </span>
    </p>
   </div>
   <div class='ocr_carea' id='block_1_203' title="bbox 3060 2784 3677 2852">
    <p class='ocr_par' dir='ltr' id='par_1_203' title="bbox 3060 2784 3677 2852">
     <span class='ocr_line' id='line_1_203' title="bbox 3060 2784 3677 2852; baseline -0.002 -15"><span class='ocrx_word' id='word_1_706' title='bbox 3060 2784 3112 2837; x_wconf 92' lang='lat' dir='ltr'><strong>in</strong></span> <span class='ocrx_word' id='word_1_707' title='bbox 3141 2784 3344 2851; x_wconf 89' lang='lat' dir='ltr'><strong>templo</strong></span> <span class='ocrx_word' id='word_1_708' title='bbox 3359 2786 3558 2843; x_wconf 87' lang='lat' dir='ltr'><strong>docens</strong></span> <span class='ocrx_word' id='word_1_709' title='bbox 3575 2824 3590 2852; x_wconf 88' lang='lat'><strong><em>,</em></strong></span> <span class='ocrx_word' id='word_1_710' title='bbox 3626 2789 3677 2837; x_wconf 87' lang='lat' dir='ltr'><strong>et</strong></span> 
     </span>
    </p>
   </div>
   <div class='ocr_carea' id='block_1_204' title="bbox 3059 2854 3401 2911">
    <p class='ocr_par' dir='ltr' id='par_1_204' title="bbox 3059 2854 3401 2911">
     <span class='ocr_line' id='line_1_204' title="bbox 3059 2854 3401 2911; baseline 0.009 -3"><span class='ocrx_word' id='word_1_711' title='bbox 3059 2854 3249 2909; x_wconf 89' lang='lat' dir='ltr'><strong>dicens</strong></span> <span class='ocrx_word' id='word_1_712' title='bbox 3283 2873 3299 2909; x_wconf 91' lang='lat'><strong>:</strong></span> <span class='ocrx_word' id='word_1_713' title='bbox 3336 2856 3401 2911; x_wconf 85' lang='lat' dir='ltr'><strong>Et</strong></span> 
     </span>
    </p>
   </div>
   <div class='ocr_carea' id='block_1_205' title="bbox 3058 2928 3444 2994">
    <p class='ocr_par' dir='ltr' id='par_1_205' title="bbox 3058 2928 3444 2994">
     <span class='ocr_line' id='line_1_205' title="bbox 3058 2928 3444 2994; baseline 0.003 -14"><span class='ocrx_word' id='word_1_714' title='bbox 3058 2940 3146 2980; x_wconf 87' lang='lat' dir='ltr'><strong>me</strong></span> <span class='ocrx_word' id='word_1_715' title='bbox 3168 2928 3323 2981; x_wconf 89' lang='lat' dir='ltr'><strong>scitis</strong></span> <span class='ocrx_word' id='word_1_716' title='bbox 3342 2970 3358 2994; x_wconf 90' lang='lat'><strong><em>,</em></strong></span> <span class='ocrx_word' id='word_1_717' title='bbox 3384 2936 3444 2987; x_wconf 86' lang='lat' dir='ltr'><strong>et</strong></span> 
     </span>
    </p>
   </div>
   <div class='ocr_carea' id='block_1_206' title="bbox 3060 2997 3331 3053">
    <p class='ocr_par' dir='ltr' id='par_1_206' title="bbox 3060 2997 3331 3053">
     <span class='ocr_line' id='line_1_206' title="bbox 3060 2997 3331 3053; baseline 0.007 -2"><span class='ocrx_word' id='word_1_718' title='bbox 3060 2997 3203 3051; x_wconf 87' lang='lat' dir='ltr'><strong>unde</strong></span> <span class='ocrx_word' id='word_1_719' title='bbox 3225 3004 3331 3053; x_wconf 91' lang='lat' dir='ltr'><strong>slm</strong></span> 
     </span>
    </p>
   </div>
   <div class='ocr_carea' id='block_1_207' title="bbox 3059 3070 3576 3127">
    <p class='ocr_par' dir='ltr' id='par_1_207' title="bbox 3059 3070 3576 3127">
     <span class='ocr_line' id='line_1_207' title="bbox 3059 3070 3576 3127; baseline 0.012 -6"><span class='ocrx_word' id='word_1_720' title='bbox 3059 3071 3230 3123; x_wconf 68' lang='lat' dir='ltr'><strong>nostis</strong></span> <span class='ocrx_word' id='word_1_721' title='bbox 3254 3086 3268 3123; x_wconf 92' lang='lat'><strong>:</strong></span> <span class='ocrx_word' id='word_1_722' title='bbox 3302 3086 3406 3127; x_wconf 89' lang='lat' dir='ltr'><strong>nec</strong></span> <span class='ocrx_word' id='word_1_723' title='bbox 3434 3070 3576 3127; x_wconf 81' lang='lat' dir='ltr'><strong>enim</strong></span> 
     </span>
    </p>
   </div>
   <div class='ocr_carea' id='block_1_208' title="bbox 3058 3143 3396 3209">
    <p class='ocr_par' dir='ltr' id='par_1_208' title="bbox 3058 3143 3396 3209">
     <span class='ocr_line' id='line_1_208' title="bbox 3058 3143 3396 3209; baseline 0.012 -16"><span class='ocrx_word' id='word_1_724' title='bbox 3058 3154 3087 3193; x_wconf 85' lang='lat' dir='ltr'><strong>a</strong></span> <span class='ocrx_word' id='word_1_725' title='bbox 3128 3155 3213 3195; x_wconf 87' lang='lat' dir='ltr'><strong>me</strong></span> <span class='ocrx_word' id='word_1_726' title='bbox 3238 3143 3363 3196; x_wconf 86' lang='lat' dir='ltr'><strong>veni</strong></span> <span class='ocrx_word' id='word_1_727' title='bbox 3380 3185 3396 3209; x_wconf 87' lang='lat'><strong>,</strong></span> 
     </span>
    </p>
   </div>
   <div class='ocr_carea' id='block_1_209' title="bbox 3057 3211 3503 3280">
    <p class='ocr_par' dir='ltr' id='par_1_209' title="bbox 3057 3211 3503 3280">
     <span class='ocr_line' id='line_1_209' title="bbox 3057 3211 3503 3280; baseline 0.011 -16"><span class='ocrx_word' id='word_1_728' title='bbox 3057 3211 3151 3265; x_wconf 88' lang='lat' dir='ltr'><strong>sed</strong></span> <span class='ocrx_word' id='word_1_729' title='bbox 3183 3221 3266 3265; x_wconf 56' lang='lat' dir='ltr'><strong>eet</strong></span> <span class='ocrx_word' id='word_1_730' title='bbox 3304 3227 3469 3268; x_wconf 84' lang='lat' dir='ltr'><strong>verax</strong></span> <span class='ocrx_word' id='word_1_731' title='bbox 3487 3254 3503 3280; x_wconf 90' lang='lat'><strong>,</strong></span> 
     </span>
    </p>
   </div>
   <div class='ocr_carea' id='block_1_210' title="bbox 3054 3284 3474 3352">
    <p class='ocr_par' dir='ltr' id='par_1_210' title="bbox 3054 3284 3474 3352">
     <span class='ocr_line' id='line_1_210' title="bbox 3054 3284 3474 3352; baseline 0.012 -17"><span class='ocrx_word' id='word_1_732' title='bbox 3054 3285 3144 3352; x_wconf 91' lang='lat' dir='ltr'><strong>qui</strong></span> <span class='ocrx_word' id='word_1_733' title='bbox 3177 3298 3262 3337; x_wconf 91' lang='lat' dir='ltr'><strong>me</strong></span> <span class='ocrx_word' id='word_1_734' title='bbox 3292 3284 3474 3350; x_wconf 72' lang='lat' dir='ltr'><strong>misit.</strong></span> 
     </span>
    </p>
   </div>
   <div class='ocr_carea' id='block_1_211' title="bbox 3055 3356 3523 3422">
    <p class='ocr_par' dir='ltr' id='par_1_211' title="bbox 3055 3356 3523 3422">
     <span class='ocr_line' id='line_1_211' title="bbox 3055 3356 3523 3422; baseline -0.013 -15"><span class='ocrx_word' id='word_1_735' title='bbox 3055 3368 3212 3422; x_wconf 91' lang='lat' dir='ltr'><strong>quem</strong></span> <span class='ocrx_word' id='word_1_736' title='bbox 3240 3370 3341 3409; x_wconf 81' lang='lat' dir='ltr'><strong>Vos</strong></span> <span class='ocrx_word' id='word_1_737' title='bbox 3370 3356 3523 3421; x_wconf 72' lang='lat' dir='ltr'><strong>igno.</strong></span> 
     </span>
    </p>
   </div>
   <div class='ocr_carea' id='block_1_212' title="bbox 3053 3423 3594 3510">
    <p class='ocr_par' dir='ltr' id='par_1_212' title="bbox 3053 3423 3594 3510">
     <span class='ocr_line' id='line_1_212' title="bbox 3053 3423 3594 3510; baseline 0.007 -33"><span class='ocrx_word' id='word_1_738' title='bbox 3053 3423 3145 3510; x_wconf 67' lang='lat'><strong>29.</strong></span> <span class='ocrx_word' id='word_1_739' title='bbox 3188 3433 3343 3510; x_wconf 61' lang='lat' dir='ltr'><strong>ratis.</strong></span> <span class='ocrx_word' id='word_1_740' title='bbox 3374 3426 3491 3510; x_wconf 78' lang='lat' dir='ltr'><strong>Ego</strong></span> <span class='ocrx_word' id='word_1_741' title='bbox 3517 3425 3594 3500; x_wconf 85' lang='lat' dir='ltr'><strong>(a)</strong></span> 
     </span>
    </p>
   </div>
   <div class='ocr_carea' id='block_1_213' title="bbox 3054 3497 3457 3568">
    <p class='ocr_par' dir='ltr' id='par_1_213' title="bbox 3054 3497 3457 3568">
     <span class='ocr_line' id='line_1_213' title="bbox 3054 3497 3457 3568; baseline 0.005 -18"><span class='ocrx_word' id='word_1_742' title='bbox 3054 3497 3299 3568; x_wconf 75' lang='lat' dir='ltr'><strong>autem</strong></span> <span class='ocrx_word' id='word_1_743' title='bbox 3328 3497 3457 3553; x_wconf 83' lang='lat' dir='ltr'><strong>novi</strong></span> 
     </span>
    </p>
   </div>
   <div class='ocr_carea' id='block_1_214' title="bbox 3057 3567 3538 3639">
    <p class='ocr_par' dir='ltr' id='par_1_214' title="bbox 3057 3567 3538 3639">
     <span class='ocr_line' id='line_1_214' title="bbox 3057 3567 3538 3639; baseline 0.017 -20"><span class='ocrx_word' id='word_1_744' title='bbox 3057 3567 3205 3639; x_wconf 83' lang='lat' dir='ltr'><strong>illum</strong></span> <span class='ocrx_word' id='word_1_745' title='bbox 3235 3586 3248 3620; x_wconf 90' lang='lat'><strong>:</strong></span> <span class='ocrx_word' id='word_1_746' title='bbox 3277 3567 3538 3639; x_wconf 84' lang='lat' dir='ltr'><strong>quoniam</strong></span> 
     </span>
    </p>
   </div>
   <div class='ocr_carea' id='block_1_215' title="bbox 3054 3638 3475 3707">
    <p class='ocr_par' dir='ltr' id='par_1_215' title="bbox 3054 3638 3475 3707">
     <span class='ocr_line' id='line_1_215' title="bbox 3054 3638 3475 3707; baseline 0.017 -17"><span class='ocrx_word' id='word_1_747' title='bbox 3054 3638 3123 3691; x_wconf 85' lang='lat' dir='ltr'><strong>ab</strong></span> <span class='ocrx_word' id='word_1_748' title='bbox 3147 3654 3212 3692; x_wconf 89' lang='lat' dir='ltr'><strong>eo</strong></span> <span class='ocrx_word' id='word_1_749' title='bbox 3239 3638 3387 3707; x_wconf 85' lang='lat' dir='ltr'><strong>smn,</strong></span> <span class='ocrx_word' id='word_1_750' title='bbox 3419 3651 3475 3698; x_wconf 85' lang='lat' dir='ltr'><strong>et</strong></span> 
     </span>
    </p>
   </div>
   <div class='ocr_carea' id='block_1_216' title="bbox 3059 3709 3503 3776">
    <p class='ocr_par' dir='ltr' id='par_1_216' title="bbox 3059 3709 3503 3776">
     <span class='ocr_line' id='line_1_216' title="bbox 3059 3709 3503 3776; baseline 0.009 -15"><span class='ocrx_word' id='word_1_751' title='bbox 3059 3709 3174 3776; x_wconf 82' lang='lat' dir='ltr'><strong>ipse</strong></span> <span class='ocrx_word' id='word_1_752' title='bbox 3207 3726 3295 3768; x_wconf 88' lang='lat' dir='ltr'><strong>me</strong></span> <span class='ocrx_word' id='word_1_753' title='bbox 3334 3712 3503 3767; x_wconf 91' lang='lat' dir='ltr'><strong>misit.</strong></span> 
     </span>
    </p>
   </div>
   <div class='ocr_carea' id='block_1_217' title="bbox 2206 4701 3604 4777">
    <p class='ocr_par' dir='ltr' id='par_1_217' title="bbox 2206 4701 3604 4777">
     <span class='ocr_line' id='line_1_217' title="bbox 2206 4701 3604 4777; baseline 0 -24"><span class='ocrx_word' id='word_1_754' title='bbox 2206 4701 2321 4753; x_wconf 83' lang='lat' dir='ltr'><strong>scio</strong></span> <span class='ocrx_word' id='word_1_755' title='bbox 2348 4714 2472 4755; x_wconf 86' lang='lat' dir='ltr'><strong>eum</strong></span> <span class='ocrx_word' id='word_1_756' title='bbox 2515 4702 2639 4773; x_wconf 82' lang='lat' dir='ltr'><strong>quia</strong></span> <span class='ocrx_word' id='word_1_757' title='bbox 2671 4701 2739 4759; x_wconf 84' lang='lat' dir='ltr'><strong>ab</strong></span> <span class='ocrx_word' id='word_1_758' title='bbox 2771 4701 2888 4772; x_wconf 85' lang='lat' dir='ltr'><strong>ipso</strong></span> <span class='ocrx_word' id='word_1_759' title='bbox 2913 4716 3053 4759; x_wconf 87' lang='lat' dir='ltr'><strong>sum.</strong></span> <span class='ocrx_word' id='word_1_760' title='bbox 3083 4713 3137 4760; x_wconf 89' lang='lat' dir='ltr'><strong>et</strong></span> <span class='ocrx_word' id='word_1_761' title='bbox 3164 4707 3279 4777; x_wconf 89' lang='lat' dir='ltr'><strong>ipse</strong></span> <span class='ocrx_word' id='word_1_762' title='bbox 3310 4701 3400 4761; x_wconf 78' lang='lat' dir='ltr'><strong>uie</strong></span> <span class='ocrx_word' id='word_1_763' title='bbox 3439 4701 3604 4759; x_wconf 83' lang='lat' dir='ltr'><strong>misit.</strong></span> 
     </span>
    </p>
   </div>
   <div class='ocr_carea' id='block_1_218' title="bbox 1790 4884 2533 4949">
    <p class='ocr_par' dir='ltr' id='par_1_218' title="bbox 1790 4884 2533 4949">
     <span class='ocr_line' id='line_1_218' title="bbox 1790 4884 2533 4949; baseline 0.007 -7"><span class='ocrx_word' id='word_1_764' title='bbox 1790 4884 2026 4945; x_wconf 82' lang='lat' dir='ltr'><strong>CODEX</strong></span> <span class='ocrx_word' id='word_1_765' title='bbox 2060 4884 2194 4943; x_wconf 79' lang='lat' dir='ltr'><strong>COR</strong></span> <span class='ocrx_word' id='word_1_766' title='bbox 2204 4886 2533 4949; x_wconf 80' lang='lat' dir='ltr'><strong>BElENSlS.</strong></span> 
     </span>
    </p>
   </div>
   <div class='ocr_carea' id='block_1_219' title="bbox 574 4981 1450 5053">
    <p class='ocr_par' dir='ltr' id='par_1_219' title="bbox 574 4981 1450 5053">
     <span class='ocr_line' id='line_1_219' title="bbox 574 4981 1450 5053; baseline -0.006 -13"><span class='ocrx_word' id='word_1_767' title='bbox 574 4983 668 5040; x_wconf 74' lang='grc'><strong>18.</strong></span> <span class='ocrx_word' id='word_1_768' title='bbox 709 4982 936 5053; x_wconf 81' lang='lat' dir='ltr'><strong>gloriam</strong></span> <span class='ocrx_word' id='word_1_769' title='bbox 968 4997 1121 5037; x_wconf 90' lang='lat' dir='ltr'><strong>suam</strong></span> <span class='ocrx_word' id='word_1_770' title='bbox 1151 4981 1450 5053; x_wconf 88' lang='lat' dir='ltr'><strong>propriam.</strong></span> 
     </span>
    </p>
   </div>
   <div class='ocr_carea' id='block_1_220' title="bbox 575 5051 2103 5122">
    <p class='ocr_par' dir='ltr' id='par_1_220' title="bbox 575 5051 2103 5122">
     <span class='ocr_line' id='line_1_220' title="bbox 575 5051 2103 5122; baseline -0.002 -11"><span class='ocrx_word' id='word_1_771' title='bbox 575 5056 663 5111; x_wconf 79' lang='grc'><strong>19.</strong></span> <span class='ocrx_word' id='word_1_772' title='bbox 712 5051 920 5110; x_wconf 77' lang='lat' dir='ltr'><strong>Recent.</strong></span> <span class='ocrx_word' id='word_1_773' title='bbox 952 5070 1109 5107; x_wconf 84' lang='lat' dir='ltr'><strong>manu</strong></span> <span class='ocrx_word' id='word_1_774' title='bbox 1137 5054 1205 5106; x_wconf 84' lang='lat' dir='ltr'><strong>ad</strong></span> <span class='ocrx_word' id='word_1_775' title='bbox 1229 5051 1396 5122; x_wconf 76' lang='lat' dir='ltr'><strong>marg.</strong></span> <span class='ocrx_word' id='word_1_776' title='bbox 1427 5061 1483 5110; x_wconf 92' lang='lat' dir='ltr'><strong>et</strong></span> <span class='ocrx_word' id='word_1_777' title='bbox 1505 5067 1666 5115; x_wconf 88' lang='lat' dir='ltr'><strong>nemo</strong></span> <span class='ocrx_word' id='word_1_778' title='bbox 1686 5067 1755 5115; x_wconf 82' lang='lat' dir='ltr'><strong>ex</strong></span> <span class='ocrx_word' id='word_1_779' title='bbox 1784 5051 1944 5111; x_wconf 80' lang='lat' dir='ltr'><strong>vobis</strong></span> <span class='ocrx_word' id='word_1_780' title='bbox 1977 5052 2103 5108; x_wconf 79' lang='lat' dir='ltr'><strong>facit</strong></span> 
     </span>
    </p>
   </div>
   <div class='ocr_carea' id='block_1_221' title="bbox 500 5127 719 5199">
    <p class='ocr_par' dir='ltr' id='par_1_221' title="bbox 500 5127 719 5199">
     <span class='ocr_line' id='line_1_221' title="bbox 500 5127 719 5199; baseline -0.018 -14"><span class='ocrx_word' id='word_1_781' title='bbox 500 5130 674 5199; x_wconf 77' lang='lat' dir='ltr'><strong>legem</strong></span> <span class='ocrx_word' id='word_1_782' title='bbox 694 5127 719 5180; x_wconf 82' lang='lat'><strong>?</strong></span> 
     </span>
    </p>
   </div>
   <div class='ocr_carea' id='block_1_222' title="bbox 570 5193 2155 5268">
    <p class='ocr_par' dir='ltr' id='par_1_222' title="bbox 570 5193 2155 5268">
     <span class='ocr_line' id='line_1_222' title="bbox 570 5193 2155 5268; baseline -0.002 -14"><span class='ocrx_word' id='word_1_783' title='bbox 570 5193 661 5255; x_wconf 77' lang='lat'><strong>26.</strong></span> <span class='ocrx_word' id='word_1_784' title='bbox 705 5206 760 5255; x_wconf 93' lang='lat' dir='ltr'><strong>et</strong></span> <span class='ocrx_word' id='word_1_785' title='bbox 807 5194 939 5250; x_wconf 90' lang='lat' dir='ltr'><strong>nihil</strong></span> <span class='ocrx_word' id='word_1_786' title='bbox 964 5194 1171 5251; x_wconf 90' lang='lat' dir='ltr'><strong>dicunt.</strong></span> <span class='ocrx_word' id='word_1_787' title='bbox 1203 5193 1472 5266; x_wconf 87' lang='lat' dir='ltr'><strong>Numquid</strong></span> <span class='ocrx_word' id='word_1_788' title='bbox 1503 5195 1645 5251; x_wconf 82' lang='lat' dir='ltr'><strong>forte</strong></span> <span class='ocrx_word' id='word_1_789' title='bbox 1673 5210 1805 5253; x_wconf 86' lang='lat' dir='ltr'><strong>vere</strong></span> <span class='ocrx_word' id='word_1_790' title='bbox 1828 5210 2097 5268; x_wconf 81' lang='lat' dir='ltr'><strong>cognove-</strong></span> <span class='ocrx_word' id='word_1_791' title='bbox 2150 5238 2155 5243; x_wconf 81' lang='lat'><strong>.</strong></span> 
     </span>
    </p>
   </div>
   <div class='ocr_carea' id='block_1_223' title="bbox 559 5468 2099 5531">
    <p class='ocr_par' dir='ltr' id='par_1_223' title="bbox 559 5468 2099 5531">
     <span class='ocr_line' id='line_1_223' title="bbox 559 5468 2099 5531; baseline -0.003 -10"><span class='ocrx_word' id='word_1_792' title='bbox 559 5474 581 5505; x_wconf 75' lang='grc'>³</span> <span class='ocrx_word' id='word_1_793' title='bbox 618 5473 737 5521; x_wconf 83' lang='lat' dir='ltr'><strong>Mm.</strong></span> <span class='ocrx_word' id='word_1_794' title='bbox 778 5468 896 5531; x_wconf 74' lang='lat' dir='ltr'><strong>Ego</strong></span> <span class='ocrx_word' id='word_1_795' title='bbox 921 5474 1085 5531; x_wconf 78' lang='lat' dir='ltr'><strong>autem</strong></span> <span class='ocrx_word' id='word_1_796' title='bbox 1121 5468 1222 5515; x_wconf 75' lang='lat' dir='ltr'><strong>scio</strong></span> <span class='ocrx_word' id='word_1_797' title='bbox 1246 5479 1358 5531; x_wconf 81' lang='lat' dir='ltr'><strong>eum</strong></span> <span class='ocrx_word' id='word_1_798' title='bbox 1384 5474 1469 5517; x_wconf 85' lang='lat' dir='ltr'><strong>:et</strong></span> <span class='ocrx_word' id='word_1_799' title='bbox 1502 5469 1542 5516; x_wconf 91' lang='lat' dir='ltr'><strong>si</strong></span> <span class='ocrx_word' id='word_1_800' title='bbox 1570 5469 1746 5517; x_wconf 87' lang='lat' dir='ltr'><strong>dixero</strong></span> <span class='ocrx_word' id='word_1_801' title='bbox 1779 5470 1896 5531; x_wconf 83' lang='lat' dir='ltr'><strong>quia</strong></span> <span class='ocrx_word' id='word_1_802' title='bbox 1930 5469 2099 5519; x_wconf 87' lang='lat' dir='ltr'><strong>nescio</strong></span> 
     </span>
    </p>
   </div>
   <div class='ocr_carea' id='block_1_224' title="bbox 496 5528 2101 5599">
    <p class='ocr_par' dir='ltr' id='par_1_224' title="bbox 496 5528 2101 5599">
     <span class='ocr_line' id='line_1_224' title="bbox 496 5528 2101 5599; baseline -0.006 -12"><span class='ocrx_word' id='word_1_803' title='bbox 496 5548 635 5599; x_wconf 87' lang='lat' dir='ltr'><strong>eum,</strong></span> <span class='ocrx_word' id='word_1_804' title='bbox 664 5545 754 5583; x_wconf 89' lang='lat' dir='ltr'><strong>ero</strong></span> <span class='ocrx_word' id='word_1_805' title='bbox 774 5528 944 5581; x_wconf 83' lang='lat' dir='ltr'><strong>similis</strong></span> <span class='ocrx_word' id='word_1_806' title='bbox 966 5530 1105 5579; x_wconf 86' lang='lat' dir='ltr'><strong>vobis</strong></span> <span class='ocrx_word' id='word_1_807' title='bbox 1141 5529 1354 5578; x_wconf 85' lang='lat' dir='ltr'><strong>mendax</strong></span> <span class='ocrx_word' id='word_1_808' title='bbox 1379 5536 1463 5579; x_wconf 86' lang='lat' dir='ltr'><strong>:et</strong></span> <span class='ocrx_word' id='word_1_809' title='bbox 1488 5542 1585 5591; x_wconf 76' lang='lat' dir='ltr'><strong>ego</strong></span> <span class='ocrx_word' id='word_1_810' title='bbox 1608 5532 1708 5579; x_wconf 83' lang='lat' dir='ltr'><strong>scio</strong></span> <span class='ocrx_word' id='word_1_811' title='bbox 1732 5528 1842 5581; x_wconf 75' lang='lat' dir='ltr'><strong>cuin</strong></span> <span class='ocrx_word' id='word_1_812' title='bbox 1858 5570 1872 5593; x_wconf 90' lang='lat'>,</span> <span class='ocrx_word' id='word_1_813' title='bbox 1900 5531 2015 5591; x_wconf 88' lang='lat' dir='ltr'><strong>quia</strong></span> <span class='ocrx_word' id='word_1_814' title='bbox 2040 5531 2101 5578; x_wconf 80' lang='lat' dir='ltr'><strong>ab</strong></span> 
     </span>
    </p>
   </div>
   <div class='ocr_carea' id='block_1_225' title="bbox 2208 4993 2356 5039">
    <p class='ocr_par' dir='ltr' id='par_1_225' title="bbox 2208 4993 2356 5039">
     <span class='ocr_line' id='line_1_225' title="bbox 2208 4993 2356 5039; baseline 0 0"><span class='ocrx_word' id='word_1_815' title='bbox 2208 4993 2356 5039; x_wconf 84' lang='lat' dir='ltr'><strong>runt.</strong></span> 
     </span>
    </p>
   </div>
   <div class='ocr_carea' id='block_1_226' title="bbox 2239 5051 3791 5139">
    <p class='ocr_par' dir='ltr' id='par_1_226' title="bbox 2239 5051 3791 5139">
     <span class='ocr_line' id='line_1_226' title="bbox 2239 5051 3791 5139; baseline -0.004 -29"><span class='ocrx_word' id='word_1_816' title='bbox 2239 5054 2372 5139; x_wconf 38' lang='lat'><strong>“28.</strong></span> <span class='ocrx_word' id='word_1_817' title='bbox 2413 5056 2689 5112; x_wconf 88' lang='lat' dir='ltr'><strong>Clamabat</strong></span> <span class='ocrx_word' id='word_1_818' title='bbox 2716 5064 2895 5139; x_wconf 74' lang='lat' dir='ltr'><strong>autem</strong></span> <span class='ocrx_word' id='word_1_819' title='bbox 2924 5056 2977 5112; x_wconf 88' lang='lat' dir='ltr'><strong>in</strong></span> <span class='ocrx_word' id='word_1_820' title='bbox 3000 5054 3378 5128; x_wconf 82' lang='lat' dir='ltr'><strong>temploJesus</strong></span> <span class='ocrx_word' id='word_1_821' title='bbox 3408 5057 3616 5115; x_wconf 86' lang='lat' dir='ltr'><strong>dicens.</strong></span> <span class='ocrx_word' id='word_1_822' title='bbox 3640 5051 3791 5108; x_wconf 83' lang='lat' dir='ltr'><strong>Omit-</strong></span> 
     </span>
    </p>
   </div>
   <div class='ocr_carea' id='block_1_227' title="bbox 2211 5133 2888 5201">
    <p class='ocr_par' dir='ltr' id='par_1_227' title="bbox 2211 5133 2888 5201">
     <span class='ocr_line' id='line_1_227' title="bbox 2211 5133 2888 5201; baseline 0.006 -23"><span class='ocrx_word' id='word_1_823' title='bbox 2211 5133 2302 5194; x_wconf 81' lang='lat' dir='ltr'><strong>tit,</strong></span> <span class='ocrx_word' id='word_1_824' title='bbox 2334 5142 2494 5198; x_wconf 90' lang='lat' dir='ltr'><strong>quem</strong></span> <span class='ocrx_word' id='word_1_825' title='bbox 2524 5145 2617 5184; x_wconf 89' lang='lat' dir='ltr'><strong>vos</strong></span> <span class='ocrx_word' id='word_1_826' title='bbox 2645 5133 2888 5201; x_wconf 80' lang='lat' dir='ltr'><strong>nescitis.</strong></span> 
     </span>
    </p>
   </div>
   <div class='ocr_carea' id='block_1_228' title="bbox 1729 5311 2571 5375">
    <p class='ocr_par' dir='ltr' id='par_1_228' title="bbox 1729 5311 2571 5375">
     <span class='ocr_line' id='line_1_228' title="bbox 1729 5311 2571 5375; baseline -0.004 -1"><span class='ocrx_word' id='word_1_827' title='bbox 1729 5311 2127 5375; x_wconf 73' lang='lat' dir='ltr'><strong>VARIANTES</strong></span> <span class='ocrx_word' id='word_1_828' title='bbox 2168 5311 2571 5371; x_wconf 78' lang='lat' dir='ltr'><strong>LECTIONES.</strong></span> 
     </span>
    </p>
   </div>
   <div class='ocr_carea' id='block_1_229' title="bbox 560 5401 1824 5467">
    <p class='ocr_par' dir='ltr' id='par_1_229' title="bbox 560 5401 1824 5467">
     <span class='ocr_line' id='line_1_229' title="bbox 560 5401 1824 5467; baseline -0.001 -10"><span class='ocrx_word' id='word_1_829' title='bbox 560 5410 578 5442; x_wconf 76' lang='grc' dir='ltr'>ί</span> <span class='ocrx_word' id='word_1_830' title='bbox 618 5409 737 5458; x_wconf 73' lang='lat' dir='ltr'><strong>Mm.</strong></span> <span class='ocrx_word' id='word_1_831' title='bbox 763 5402 1006 5466; x_wconf 85' lang='lat' dir='ltr'><strong>Numquid</strong></span> <span class='ocrx_word' id='word_1_832' title='bbox 1026 5402 1108 5453; x_wconf 79' lang='lat' dir='ltr'><strong>hic</strong></span> <span class='ocrx_word' id='word_1_833' title='bbox 1130 5408 1225 5454; x_wconf 86' lang='lat' dir='ltr'><strong>est.</strong></span> <span class='ocrx_word' id='word_1_834' title='bbox 1257 5402 1403 5467; x_wconf 70' lang='lat' dir='ltr'><strong>Vulg.</strong></span> <span class='ocrx_word' id='word_1_835' title='bbox 1429 5401 1605 5454; x_wconf 85' lang='lat' dir='ltr'><strong>Nonne</strong></span> <span class='ocrx_word' id='word_1_836' title='bbox 1627 5404 1709 5455; x_wconf 82' lang='lat' dir='ltr'><strong>hic</strong></span> <span class='ocrx_word' id='word_1_837' title='bbox 1731 5413 1824 5456; x_wconf 84' lang='lat' dir='ltr'><strong>est.</strong></span> 
     </span>
    </p>
   </div>
   <div class='ocr_carea' id='block_1_230' title="bbox 2205 5401 3781 5470">
    <p class='ocr_par' dir='ltr' id='par_1_230' title="bbox 2205 5401 3781 5470">
     <span class='ocr_line' id='line_1_230' title="bbox 2205 5401 3781 5470; baseline -0.003 -15"><span class='ocrx_word' id='word_1_838' title='bbox 2205 5407 2310 5468; x_wconf 84' lang='lat' dir='ltr'><strong>ipso</strong></span> <span class='ocrx_word' id='word_1_839' title='bbox 2354 5418 2480 5466; x_wconf 86' lang='lat' dir='ltr'><strong>sum,</strong></span> <span class='ocrx_word' id='word_1_840' title='bbox 2518 5413 2571 5455; x_wconf 89' lang='lat' dir='ltr'><strong>et</strong></span> <span class='ocrx_word' id='word_1_841' title='bbox 2609 5408 2719 5461; x_wconf 77' lang='lat' dir='ltr'><strong>ipse</strong></span> <span class='ocrx_word' id='word_1_842' title='bbox 2756 5419 2837 5456; x_wconf 86' lang='lat' dir='ltr'><strong>me</strong></span> <span class='ocrx_word' id='word_1_843' title='bbox 2875 5408 2984 5457; x_wconf 80' lang='lat' dir='ltr'><strong>scit.</strong></span> <span class='ocrx_word' id='word_1_844' title='bbox 3014 5406 3353 5468; x_wconf 73' lang='lat' dir='ltr'><strong>Quaerebam.</strong></span> <span class='ocrx_word' id='word_1_845' title='bbox 3402 5406 3549 5470; x_wconf 66' lang='lat' dir='ltr'><strong>Vulg.</strong></span> <span class='ocrx_word' id='word_1_846' title='bbox 3582 5401 3781 5467; x_wconf 68' lang='lat' dir='ltr'><strong>Egnatio</strong></span> 
     </span>
    </p>
   </div>
   <div class='ocr_carea' id='block_1_231' title="bbox 2206 5470 3679 5534">
    <p class='ocr_par' dir='ltr' id='par_1_231' title="bbox 2206 5470 3679 5534">
     <span class='ocr_line' id='line_1_231' title="bbox 2206 5470 3679 5534; baseline -0.001 -17"><span class='ocrx_word' id='word_1_847' title='bbox 2206 5481 2337 5529; x_wconf 83' lang='lat' dir='ltr'><strong>eum,</strong></span> <span class='ocrx_word' id='word_1_848' title='bbox 2363 5470 2476 5533; x_wconf 85' lang='lat' dir='ltr'><strong>quia</strong></span> <span class='ocrx_word' id='word_1_849' title='bbox 2499 5470 2561 5518; x_wconf 81' lang='lat' dir='ltr'><strong>ab</strong></span> <span class='ocrx_word' id='word_1_850' title='bbox 2584 5470 2689 5532; x_wconf 84' lang='lat' dir='ltr'><strong>ipso</strong></span> <span class='ocrx_word' id='word_1_851' title='bbox 2712 5483 2838 5531; x_wconf 88' lang='lat' dir='ltr'><strong>sum,</strong></span> <span class='ocrx_word' id='word_1_852' title='bbox 2868 5477 2922 5520; x_wconf 90' lang='lat' dir='ltr'><strong>et</strong></span> <span class='ocrx_word' id='word_1_853' title='bbox 2939 5471 3047 5534; x_wconf 79' lang='lat' dir='ltr'><strong>ipse</strong></span> <span class='ocrx_word' id='word_1_854' title='bbox 3070 5483 3151 5521; x_wconf 88' lang='lat' dir='ltr'><strong>me</strong></span> <span class='ocrx_word' id='word_1_855' title='bbox 3173 5472 3325 5521; x_wconf 89' lang='lat' dir='ltr'><strong>misit.</strong></span> <span class='ocrx_word' id='word_1_856' title='bbox 3351 5470 3679 5531; x_wconf 79' lang='lat' dir='ltr'><strong>Quaerebam.</strong></span> 
     </span>
    </p>
   </div>
   <div class='ocr_carea' id='block_1_232' title="bbox 1837 5636 2477 5703">
    <p class='ocr_par' dir='ltr' id='par_1_232' title="bbox 1837 5636 2477 5703">
     <span class='ocr_line' id='line_1_232' title="bbox 1837 5636 2477 5703; baseline 0.003 -10"><span class='ocrx_word' id='word_1_857' title='bbox 1837 5636 2207 5703; x_wconf 76' lang='lat' dir='ltr'><strong>BLANCHINI</strong></span> <span class='ocrx_word' id='word_1_858' title='bbox 2244 5639 2477 5701; x_wconf 65' lang='lat' dir='ltr'><strong>NOTAE.</strong></span> 
     </span>
    </p>
   </div>
   <div class='ocr_carea' id='block_1_233' title="bbox 470 5700 1657 5807">
    <p class='ocr_par' dir='ltr' id='par_1_233' title="bbox 470 5700 1657 5807">
     <span class='ocr_line' id='line_1_233' title="bbox 470 5700 1657 5807; baseline -0.003 -20"><span class='ocrx_word' id='word_1_859' title='bbox 470 5700 477 5705; x_wconf 75' lang='grc'><strong>’</strong></span> <span class='ocrx_word' id='word_1_860' title='bbox 566 5728 645 5807; x_wconf 82' lang='lat' dir='ltr'><strong>(a)</strong></span> <span class='ocrx_word' id='word_1_861' title='bbox 685 5728 850 5790; x_wconf 76' lang='lat' dir='ltr'><strong>Addit</strong></span> <span class='ocrx_word' id='word_1_862' title='bbox 892 5739 1107 5798; x_wconf 77' lang='lat' dir='ltr'><strong>autem,</strong></span> <span class='ocrx_word' id='word_1_863' title='bbox 1138 5728 1302 5785; x_wconf 84' lang='lat' dir='ltr'><strong>etiam</strong></span> <span class='ocrx_word' id='word_1_864' title='bbox 1341 5736 1452 5786; x_wconf 86' lang='lat' dir='ltr'><strong>tex.</strong></span> <span class='ocrx_word' id='word_1_865' title='bbox 1480 5726 1546 5787; x_wconf 66' lang='grc' dir='ltr'><strong>ς.</strong></span> <span class='ocrx_word' id='word_1_866' title='bbox 1580 5728 1657 5789; x_wconf 72' lang='grc' dir='ltr'><strong>δέ.</strong></span> 
     </span>
    </p>
   </div>
   <div class='ocr_carea' id='block_1_234' title="bbox 3700 223 3792 282">
    <p class='ocr_par' dir='ltr' id='par_1_234' title="bbox 3700 223 3792 282">
     <span class='ocr_line' id='line_1_234' title="bbox 3700 223 3792 282; baseline 0.033 -3"><span class='ocrx_word' id='word_1_867' title='bbox 3700 223 3792 282; x_wconf 67' lang='grc'><strong>4114</strong></span> 
     </span>
    </p>
   </div>
  </div>
