1975 3097
244 115 298 145 407

442 175 558 203 CODEX
579 173 849 203 VERCELLENSIS.

246 231 298 259 que
313 222 358 257 qui
371 222 449 250 audi-
663 226 756 249 centes
770 228 777 247 :
791 220 873 259 Num-
989 253 995 258 _

245 255 327 287 erunt
345 266 401 286 ser-
664 264 744 292 quam
766 275 773 283 .
796 276 802 282 .
825 276 831 282 .
853 255 869 281 h
892 275 899 281 .
926 273 932 281 .
960 255 1009 281 mi-

247 302 343 322 mnnes
357 294 406 321 hos
416 314 423 326 ,
666 300 730 319 mtm
745 292 785 319 sic
799 292 839 318 Io-

246 330 373 358 dicebant
387 338 394 356 :
665 333 743 356 cutus
761 332 800 355 est
811 348 819 360 ,
835 333 902 362 quo-

247 366 297 393 Est
311 373 373 393 vere
391 365 456 392 Pro—
666 364 746 391 modo
760 368 787 390 et
801 363 854 389 hic.

245 402 292 429 «Η.
313 401 326 427 l'
343 419 350 426 .
373 420 379 427 .
403 420 409 426 .
434 421 441 428 .
465 400 484 427 D
507 421 512 427 .
536 420 543 427 .
572 420 577 426 .
606 415 629 427 .-
665 399 711 426 47.
732 397 941 432 Responderunt

246 438 291 464 bat
306 445 312 461 :
328 436 375 463 Hic
390 441 432 463 est
443 435 579 464 Christus.
666 435 707 462 eis
725 434 864 462 Pharisaei
879 442 885 460 :

246 472 362 506 Quidam
375 480 440 499 vero
670 491 675 497 .
699 490 706 497 .
729 491 736 497 .
759 470 849 506 Inquin
863 474 891 497 et

247 505 495 536 dicebant:Num-

247 544 312 579 quid
327 543 435 571 deGali
669 563 675 568 .
717 562 723 568 .
763 561 771 568 .
812 560 818 568 .
859 560 866 567 .

249 580 547 606 lea........-

249 614 547 642 42.....2’Nonne
670 634 675 639 .
718 634 723 640 .
765 632 772 639 .
814 632 820 639 .
862 633 868 638 .

249 651 390 682 Scriptura
667 649 712 676 48.
734 648 852 676 credidit
865 648 890 675 in
905 648 938 674 il-

249 686 416 720 dicit:Quia
436 685 471 712 de
617 705 619 708 ν
667 685 724 712 lum
746 693 761 711 ν
785 705 791 711 .
814 705 821 712 .
845 704 852 711 .
873 684 907 711 de
928 685 996 712 Plia-

250 722 355 749 semiue
370 722 421 748 Da-
667 720 713 748 49.
735 720 852 747 risaeis?
870 720 923 747 Sed

250 758 306 789 vid,
323 763 374 785 eta
390 757 490 784 Baeth-
669 757 685 783 h
708 777 714 783 .
737 776 743 783 .
766 764 781 784 c
802 756 894 787 turba,

251 794 305 820 lem
321 793 450 824 castello,
668 800 684 827 q
707 812 713 818 .

251 829 296 856 ubi
312 833 368 856 erat
385 829 437 855 Da-

251 865 295 891 vid
305 886 313 897 ,
329 863 454 891 Christus
468 863 559 891 venit?

251 900 297 927 45.
317 900 457 926 Dissensio
478 899 528 927 ita—
570 900 575 906 ‘

252 943 305 969 que
322 936 390 961 facta
410 939 452 962 est

255 971 281 998 in
298 971 374 998 turba
395 977 475 1005 prop.

253 1007 297 1034 Η.
306 1011 347 1033 ter
361 1005 446 1034 illum.
462 1005 527 1039 Qui-

737 812 742 818 .
764 799 779 819 e
799 792 926 826 ignorant

670 828 755 861 legem
765 848 772 859 ,
791 827 874 854 male-

671 863 735 890 dicti
750 867 822 889 sunt.

671 899 715 926 50.
739 898 806 925 Dicit
820 898 936 926 Nicode-

673 942 733 961 mus
744 935 776 961 ad
794 934 855 961 illos
864 955 872 966 ,

673 970 695 997 is
704 990 712 1003 ,
728 970 771 1004 qui
789 970 862 1004 prius

675 1006 749 1033 venit
763 1005 796 1033 ad
812 1006 885 1033 illum
895 1027 902 1039 ,

255 1043 315 1069 dam
329 1045 419 1068 autem
673 1049 744 1068 unus
757 1049 817 1068 cum

254 1085 286 1105 ex
304 1078 358 1104 illis
369 1078 460 1104 volue-
672 1076 718 1104 51.
738 1082 811 1105 esset
833 1085 866 1104 ex
888 1076 928 1104 eis
946 1085 953 1103 τ
973 1076 1055 1104 Num—

255 1117 319 1140 runt
333 1113 429 1145 adpre-
672 1113 718 1147 qui
740 1133 747 1139 .
771 1133 777 1139 .
792 1113 835 1140 lex
849 1120 913 1140 nos-

255 1148 376 1177 hendere
389 1148 465 1175 illum
483 1158 489 1176 :

288 1191 516 1212 ..nemo...

674 1154 715 1175 tra
725 1148 830 1182 judicat

675 1184 812 1211 hominem
825 1205 832 1216 ,

255 1221 275 1248 it
289 1221 315 1247 in
332 1220 378 1247 illu
398 1238 407 1247 .
430 1241 437 1247 .
461 1241 466 1246 .
491 1241 496 1246 .
520 1240 528 1247 .
675 1220 726 1247 nisi
740 1219 833 1246 audiat

257 1277 263 1283 .
306 1275 313 1282 .
355 1276 361 1283 .
402 1276 410 1284 .
451 1275 459 1282 .
499 1275 507 1282 .
675 1255 874 1290 priusabillo,

255 1291 300 1319 45.
322 1291 462 1319 Venerunt
474 1299 519 1319 er—
674 1295 702 1317 et
715 1297 849 1325 congnos-

256 1334 291 1363 go
305 1327 423 1363 ministri
674 1330 718 1354 cat
731 1326 794 1361 quid
815 1346 822 1354 .
847 1346 853 1352 .
876 1345 882 1352 .

256 1363 290 1389 ad
307 1362 445 1396 Principes
677 1382 685 1389 .
724 1380 732 1388 .
773 1381 782 1390 .
822 1381 828 1388 .
870 1381 876 1387 .
918 1381 924 1387 .
965 1381 971 1387 .
1013 1381 1019 1387 .

258 1399 456 1432 Sacerdntnm,
679 1419 683 1423 .
726 1417 732 1424 .
774 1417 780 1424 .
823 1416 829 1424 .
870 1417 876 1423 .
918 1418 925 1424 .
967 1416 973 1423 .
1014 1416 1021 1423 .

257 1439 284 1461 et
304 1433 475 1462 Pltarisaeos.

257 1470 362 1503 Quibus
376 1470 413 1497 illi
435 1490 442 1497 .
465 1485 496 1496 .-

257 1511 356 1533 xerunt
370 1514 377 1533 :
392 1506 463 1540 Qua-

257 1549 288 1569 re
302 1549 355 1568 non
368 1542 453 1568 addu-

257 1577 335 1604 xistis
347 1577 447 1604 illum?

259 1612 304 1639 46.
325 1612 535 1647 Responderunt

260 1648 395 1681 ministri,
409 1649 449 1675 di~

675 1468 719 1496 52.
743 1476 773 1496 us
784 1468 832 1496 es?
845 1469 853 1485 ¹
868 1468 978 1496 Scruta-

674 1512 704 1532 re
717 1504 885 1539 Scripturas,

677 1544 705 1567 et
716 1540 792 1571 vide,
809 1540 871 1575 quia

678 1576 830 1609 Prophneta

678 1611 713 1638 de
725 1611 843 1639 Galilaea
857 1618 912 1639 non

678 1648 773 1682 surgit.

512 116 648 145 EUSEBll
668 115 838 144 VEBCELL.
860 112 1083 142 EVANGELIUM
1102 112 1173 141 CUM
1195 112 1309 141 VARUS
1329 112 1407 141 COD.
1426 111 1622 141 COLLATUM.

1313 170 1430 199 CODEX
1452 169 1675 199 VERONENSIS.

1098 218 1179 253 igitur
1193 218 1332 246 audientes

1097 254 1165 281 haec
1178 254 1258 281 verba
1272 275 1280 288 ,

1098 289 1227 316 dicebant
1245 298 1250 316 :

1098 325 1148 352 llic
1159 330 1201 352 est
1214 333 1278 353 vere

1099 360 1244 395 Propheta.

1099 397 1144 423 M.
1167 396 1217 423 Alii
1233 404 1296 424 vero

1100 432 1224 459 ιίίειιϋτιηι
1239 441 1245 458 :
1261 432 1342 459 Nurn-

1100 467 1163 500 quid
1174 475 1241 502 ergo
1251 476 1284 495 ex

1100 502 1217 530 Galilaea
1234 503 1312 531 Citri-

1101 537 1146 565 42.
1168 544 1225 566 stus
1237 540 1330 567 venit?
1347 539 1417 566 Non-

1102 582 1135 601 ne
1149 574 1288 609 Scriptura

1101 609 1167 637 dicit
1179 618 1185 637 :
1202 610 1268 643 Quia

1102 653 1135 673 CX
1152 653 1255 673 semine

1105 681 1185 708 David
1199 702 1205 714 ,
1222 686 1249 709 et

1104 717 1240 744 Betlehem
1254 725 1312 744 mu-

1104 753 1202 787 nicipio
1212 773 1220 785 ,
1236 753 1280 780 ubi

1104 793 1162 815 crat
1179 789 1261 815 David
1274 809 1281 820 ,

1107 824 1230 850 Christus
1244 824 1337 851 venit?

1108 860 1152 886 45.
1177 859 1312 886 Dissensio
1327 866 1392 895 ergo

1108 896 1175 921 facta
1191 902 1230 921 ρει
1246 896 1271 921 in

1110 931 1184 957 turba
1201 936 1310 966 propter

1108 974 1180 994 elllll.

1108 1001 1153 1029 M.
1175 1002 1288 1036 Quidam
1303 1006 1392 1029 autem

1108 1046 1141 1066 ex
1157 1039 1196 1065 cis
1209 1038 1336 1066 volebant

1108 1074 1314 1108 adprehendere

1108 1116 1169 1150 eum
1183 1119 1189 1136 :
1204 1110 1251 1137 sed
1265 1117 1344 1137 nemo

1112 1153 1347 1174 Ill.......

1527 880 1532 886 .
1574 880 1581 887 .
1622 879 1628 885 -
1669 879 1676 886 ο
1719 880 1727 886 -
1768 879 1774 885 ι
1813 878 1819 884 .
1855 877 1861 884 ι

1112 1308 1118 1315 ι
1160 1307 1167 1314 ι
1207 1309 1214 1315 .
1253 1309 1260 1315 Ι
1302 1309 1309 1315 .
1350 1308 1356 1314 ι
1397 1307 1404 1313 ι
1446 1307 1453 1313 ο
1528 1308 1535 1314 ι
1575 1307 1582 1315 ο
1623 1308 1630 1315 ι
1671 1308 1680 1317 .
1721 1308 1728 1315 ι
1768 1309 1775 1316 υ
1813 1307 1821 1315 ο
1857 1306 1862 1312 -

1112 1344 1119 1351 υ
1161 1344 1166 1349 .
1208 1344 1214 1350 .
1256 1345 1263 1351 .
1303 1343 1310 1350 ο
1351 1344 1357 1350 Ι
1398 1343 1405 1350 ι
1445 1342 1452 1348 -
1527 1342 1535 1350 ι
1576 1343 1583 1351 ι
1624 1343 1631 1350 ι
1673 1344 1680 1350 ι
1723 1343 1730 1351 α
1769 1343 1775 1350 ι
1814 1343 1820 1349 ι
1857 1342 1862 1348 .

1113 1382 1117 1386 .
1160 1379 1166 1385 .
1208 1379 1214 1386 ι
1255 1380 1262 1387 ο
1302 1379 1309 1386 α
1350 1379 1357 1386 .
1398 1377 1405 1384 ι
1445 1378 1453 1385 ο
1529 1378 1535 1386 ι
1576 1379 1583 1386 ο
1625 1379 1632 1386 ι
1674 1381 1681 1387 υ
1723 1380 1730 1387 ι
1770 1380 1775 1385 ι
1814 1379 1820 1386 .
1856 1377 1862 1384 ι

1114 1453 1119 1458 .
1161 1451 1167 1457 -
1208 1450 1215 1457 ο
1255 1450 1262 1458 α
1304 1450 1311 1457 ι
1351 1451 1358 1458 α
1398 1449 1406 1458 ο
1446 1448 1454 1456 ο

1114 1595 1120 1600 .
1162 1595 1167 1600 .
1209 1594 1216 1601 .
1257 1593 1263 1599 .
1305 1594 1310 1599 .
1353 1594 1359 1600 .
1400 1594 1406 1601 ι
1450 1594 1454 1599 ι
1530 1593 1537 1601 ο
1578 1591 1586 1601 ο
1627 1594 1633 1601 ι
1675 1594 1683 1601 ι
1723 1593 1776 1607 ακ-
1814 1593 1820 1600 ι
1855 1590 1862 1598 ι

1115 1627 1862 1638 .......ο.......ι

926 1693 1040 1722 CODEX
1060 1693 1261 1722 BRIXIANUS.

260 1746 350 1769 autem
363 1749 396 1770 ex
410 1742 454 1769 illa
469 1743 546 1769 turba
563 1742 706 1769 audientes
716 1741 767 1769 bos
779 1748 921 1769 sermones
933 1741 1060 1769 dicebant

262 1778 310 1804 Hic
328 1782 370 1804 est
386 1785 449 1805 vere
465 1777 583 1805 Prol'eta.
601 1778 652 1805 Alii
678 1783 767 1804 autem
791 1777 928 1804 dicebant.
946 1778 993 1804 llic
1015 1782 1059 1805 est

260 1813 395 1840 Christus.
421 1813 534 1846 Quidam
560 1821 625 1842 vero
648 1813 782 1840 dicebant.
797 1812 931 1847 Numquid
955 1822 969 1839 a
986 1813 1058 1841 Gali-

262 1849 318 1876 laea
334 1847 458 1875 Christus
474 1849 555 1876 venit.
582 1849 675 1876 Nonne
695 1848 833 1876 Scribtura
846 1849 920 1876 dicit.
938 1848 1004 1882 Quia
1025 1857 1058 1876 ex

260 1884 365 1911 semine
382 1884 473 1911 David.
491 1889 516 1911 et
532 1885 564 1911 de
581 1884 721 1912 Bethleem
734 1885 856 1911 castello.
869 1886 912 1911 nhi
929 1889 987 1911 erat
1008 1885 1059 1911 Da-

260 1920 303 1947 vid
319 1920 442 1947 Christus
456 1921 537 1947 venit.
552 1920 690 1947 Dissensio
705 1920 794 1954 itaque
806 1920 873 1947 facta
886 1926 926 1947 cst
940 1921 965 1947 in
982 1921 1058 1947 turba

260 1961 371 1991 propter
392 1964 466 1983 cum.
481 1955 594 1989 Quidum
616 1961 705 1982 autem
726 1963 760 1982 ex
782 1955 847 1983 illis.
863 1956 990 1983 volebant
1012 1955 1059 1982 ad-

260 1991 447 2027 praeltcndere
461 1999 531 2019 eum.
549 1992 596 2019 sed
621 1999 699 2019 nemo
719 1996 807 2018 tamen
828 1992 853 2018 in
879 2000 939 2018 cum
964 1999 1060 2018 manus

261 2027 361 2062 injecit.
383 2028 519 2055 Venerunt
544 2031 634 2054 autem
659 2027 775 2054 ministri
797 2027 829 2054 ad
854 2027 993 2061 Principes
1012 2027 1059 2054 Sa-

260 2063 411 2090 cerdolutn.
428 2068 454 2089 et
471 2063 642 2090 Pharisaeos.
657 2062 691 2089 Et
710 2063 838 2090 dixerunt
850 2065 890 2090 eis
914 2063 949 2089 illi
972 2063 1061 2096 Quare

261 2107 314 2126 non
330 2099 481 2126 adduxistis
500 2106 574 2126 eum.
599 2098 809 2133 Responderunt
831 2098 959 2125 ministri.
978 2100 1061 2125 Num-

1111 1749 1190 1777 quam
1207 1741 1245 1769 sic
1261 1742 1365 1769 locutus
1379 1744 1421 1768 est
1435 1741 1505 1768 ullus
1520 1740 1669 1768 hominum.
1682 1741 1752 1769 sicut
1764 1741 1805 1777 hic
1815 1739 1895 1766 homo.

1113 1777 1319 1811 Responderunt
1342 1784 1406 1811 ergo
1430 1777 1469 1804 eis
1492 1777 1641 1804 Pharisaei.
1665 1776 1797 1811 Numquid
1812 1779 1837 1802 et
1856 1779 1896 1800 vos

1111 1813 1214 1840 seducti
1230 1813 1306 1840 estis.
1320 1812 1451 1846 Numquid
1466 1812 1567 1848 aliquis
1575 1820 1607 1839 ex
1621 1812 1800 1848 Principibus.
1814 1814 1855 1837 aut
1868 1815 1895 1835 ett

1113 1849 1265 1875 l’harisaeis
1281 1848 1404 1875 credidit
1420 1848 1446 1875 in
1462 1856 1534 1875 eum.
1558 1847 1611 1875 Sed
1635 1847 1720 1876 turba
1742 1848 1815 1875 haec.
1837 1850 1897 1878 quae

1113 1892 1166 1911 non
1184 1884 1260 1910 novit
1279 1884 1374 1919 legem.
1396 1883 1531 1911 maledicti
1547 1888 1619 1911 sunt.
1635 1884 1707 1911 Dixit
1726 1888 1811 1910 autem
1824 1880 1895 1908 Nico-

1113 1919 1208 1946 demus
1222 1919 1254 1946 ad
1271 1927 1327 1946 eos.
1341 1920 1387 1946 ille
1401 1920 1445 1950 qui
1462 1920 1535 1946 venit
1550 1919 1582 1946 ad
1598 1927 1658 1947 eum
1676 1925 1766 1947 nocte.
1780 1918 1822 1953 qui
1837 1922 1895 1943 ututs

1112 1961 1170 1983 erat
1185 1963 1217 1982 ex
1235 1955 1309 1990 ipsis.
1325 1955 1459 1988 Numquid
1473 1955 1515 1982 lcx
1528 1960 1618 1982 nostra
1636 1956 1739 1990 iudicat
1760 1954 1894 1991 hominem-

1115 1991 1164 2017 ιι]δὶ
1182 1988 1254 2025 prius
1274 1990 1390 2017 audierit
1413 1990 1447 2018 al)
1468 1999 1510 2017 eo.
1533 1988 1728 2025 etcognoverit
1742 1989 1803 2025 quid
1818 1988 1895 2025 faciat.

1114 2021 1325 2063 Responderunt
1339 2031 1366 2053 ct
1380 2026 1508 2063 dixerunt
1521 2026 1557 2054 ei.
1578 2021 1713 2063 Numquid
1740 2021 1766 2053 et
1786 2030 1810 2063 tu
1824 2021 1896 2063 aﬂa-

1115 2058 1192 2089 lilaéa
1207 2069 1245 2089 es.
1263 2062 1391 2090 Scrutare
1413 2066 1440 2090 et
1455 2062 1525 2090 vide.
1541 2063 1603 2097 quia
1617 2058 1749 2098 Propheta
1762 2069 1777 2089 a
1790 2058 1896 2088 Galilaca

1117 2106 1169 2125 llttll
1190 2099 1287 2133 surgit.

905 2144 1022 2171 CODEX
1043 2143 1276 2172 CORBEIENSIS.

295 2194 341 2221 46.
355 2194 365 2208 ¹
378 2193 527 2228 Numquam
543 2193 583 2220 sic
597 2192 705 2219 locutus
720 2196 761 2219 est
773 2191 915 2226 quisquam
931 2191 1022 2218 homo.

296 2229 341 2256 5i.
359 2229 409 2255 nisi
431 2229 548 2255 audierit
568 2228 681 2260 primum
701 2227 734 2254 ab
754 2227 833 2260 ipso,
853 2232 879 2253 ct
903 2227 1059 2262 cognoverit

260 2264 324 2300 quid
340 2264 424 2300 facit?
435 2264 484 2300 755.
501 2264 634 2300 omittitur
649 2268 717 2289 totus
727 2263 769 2289 hic
782 2270 876 2300 versus.

295 2300 361 2327 CAP.
387 2299 452 2327 VIII.
474 2300 500 2326 1.
525 2299 605 2327 Jesus
628 2303 718 2325 autem
743 2297 865 2325 ascendit
888 2298 913 2324 in
939 2303 1059 2325 montem

259 2336 360 2364 OliVeti
376 2344 383 2361 :
399 2335 426 2362 2.
438 2339 466 2362 et
481 2343 559 2362 mane
573 2343 634 2362 cum
650 2334 749 2361 factum
763 2338 853 2366 esset,
871 2334 968 2361 iterum
984 2335 1059 2361 venit

260 2373 287 2398 in
307 2371 506 2405 Templum
529 2375 556 2397 et
581 2378 640 2397 cum
667 2369 837 2397 consedisset
863 2369 976 2396 docebat
999 2377 1056 2397 eos.

259 2407 286 2435 5.
309 2406 447 2434 Mulierem
475 2407 501 2433 in
524 2406 712 2433 moechatione
736 2405 951 2440 deprehensam,
977 2413 1057 2440 qnnm

258 2450 320 2470 cum
341 2442 499 2469 etatuissent
520 2442 547 2468 in
571 2441 679 2474 medio,
698 2441 825 2468 dixerunt
844 2441 877 2467 ad
899 2441 992 2468 Jesum
1007 2450 1012 2467 :
1029 2442 1056 2468 tl.

258 2478 402 2513 Magister,
426 2477 492 2504 haec
513 2477 609 2504 tnulier
628 2476 796 2513 deprehensa
818 2481 859 2513 est
884 2477 909 2503 iu
934 2478 1058 2503 moecha-

259 2511 343 2541 tione.
356 2513 382 2540 5.
399 2513 427 2540 ln
446 2513 504 2547 lege
521 2519 609 2539 autem
629 2512 765 2547 praecepit
789 2511 866 2539 nobis
882 2513 987 2547 Moyses
998 2533 1004 2543 .
1029 2517 1057 2539 ut

258 2550 302 2585 qui
318 2548 347 2585 in
362 2548 739 2585 adulteriodeprehenditur,
755 2547 897 2583 lapidclur.
913 2548 951 2574 'I'u
966 2552 1054 2574 autem

257 2584 322 2619 quid
333 2584 402 2612 dicis
413 2585 446 2611 de
457 2584 507 2611 ea?
523 2584 550 2611 6.
568 2584 639 2611 llaec
650 2584 774 2611 dicebant
783 2588 925 2619 tentantes
936 2591 996 2611 eum
1006 2604 1014 2616 ,
1026 2589 1056 2611 ut

258 2621 391 2649 haberent
405 2627 514 2648 causam
530 2619 674 2647 accusandi
688 2628 760 2647 eum.
778 2618 846 2646 Ibid.
864 2619 944 2647 Jesus
963 2625 1053 2647 autem

1113 2191 1123 2205 ⁵
1152 2192 1280 2227 inclinato
1308 2191 1416 2227 capite.
1443 2191 1530 2226 digito
1566 2191 1702 2219 scribebat
1739 2191 1764 2218 in
1796 2194 1894 2227 terram.

1113 2227 1138 2253 ’1.
1157 2226 1223 2253 Cum
1239 2231 1328 2254 autem
1341 2222 1549 2262 interrogarent
1569 2232 1743 2262 expectantes
1765 2233 1822 2253 eum
1840 2222 1895 2262 quid

1114 2262 1236 2295 diceret,
1258 2263 1345 2290 erexit
1367 2270 1397 2290 se
1455 2259 1577 2298 Quisque
1593 2259 1711 2290 vestrum
1733 2262 1789 2289 sine
1808 2259 1895 2298 delicto

1113 2305 1154 2325 est
1174 2320 1181 2329 ,
1198 2299 1271 2333 prior
1286 2299 1315 2335 in
1336 2306 1394 2325 eam
1412 2295 1642 2333 lapidem'jaciat.
1659 2299 1686 2325 8.
1702 2298 1740 2335 Et
1756 2295 1895 2335 nernmin-

1113 2331 1217 2361 clinans
1231 2341 1262 2361 se
1275 2355 1282 2367 ,
1301 2334 1384 2369 digito
1401 2331 1536 2361 scribebat
1549 2331 1580 2362 in
1605 2333 1754 2369 terram.79.
1770 2332 1806 2369 llli
1822 2331 1894 2369 igitur

1113 2377 1173 2396 cum
1194 2367 1350 2402 audissent',
1368 2370 1494 2404 paulatim
1517 2370 1682 2397 secedebant
1703 2367 1894 2404 singuli,_inci-

1114 2405 1217 2439 pientes
1230 2413 1245 2432 a
1261 2402 1414 2433 senioribus
1430 2413 1524 2433 omnes
1540 2409 1711 2433 recessitrunt
1725 2415 1731 2431 :
1748 2402 1894 2439 'etrrclictus

1111 2438 1153 2468 est
1167 2441 1242 2468 solus
1265 2440 1346 2468 Jesus
1358 2462 1365 2473 ,
1386 2445 1413 2467 et
1435 2448 1499 2468 erce
1515 2441 1611 2468 mulier
1627 2441 1670 2468 illa
1687 2442 1712 2467 in
1733 2438 1817 2467 medio
1831 2439 1891 2473 erat.

1112 2476 1155 2504 10.
1172 2476 1294 2512 Cumque
1309 2471 1441 2504 erexisset
1457 2484 1486 2504 se
1507 2477 1585 2504 .lesns
1599 2497 1606 2508 ,
1623 2476 1691 2512 dixit
1709 2475 1741 2503 ad
1755 2481 1829 2512 eam:

1110 2511 1160 2538 licr
1170 2533 1177 2544 ,
1196 2513 1239 2539 tibi
1250 2506 1314 2539 sunt
1325 2533 1332 2545 ,
1348 2512 1393 2547 qni
1409 2518 1434 2539 te
1448 2506 1652 2547 perduxerunt?
1666 2511 1749 2539 Nemo
1763 2515 1791 2547 te
1803 2506 1892 2547 lapidi}-

1109 2548 1157 2574 vit.
1170 2542 1205 2575 Et
1224 2548 1266 2575 illa
1288 2542 1477 2582 respondens,
1494 2548 1562 2575 dixit
1578 2557 1584 2575 :
1601 2548 1702 2580 Nemo,
1719 2545 1835 2573 DOmine.
1852 2542 1888 2568 ll.

1107 2582 1162 2612 Nec
1174 2591 1224 2618 ego
1236 2588 1261 2611 te
1275 2581 1411 2611 darnnabo
1421 2593 1427 2611 :
1438 2583 1565 2617 Vade,ex
1582 2585 1632 2612 hoc
1643 2583 1698 2619 jam
1715 2581 1767 2610 noli
1782 2584 1889 2615 peccare.

865 2666 1062 2695 VARIANTES
1081 2664 1282 2697 LECTIONES.

290 2706 298 2721 ι
317 2704 369 2730 Gal.
380 2706 406 2740 “et
418 2705 478 2729 Mm.
491 2707 603 2728 scrutare
615 2706 641 2727 et
653 2702 717 2727 vide.
734 2702 807 2734 Vulg.
820 2705 930 2728 scrutare
946 2702 1057 2734 Scriptu-

257 2742 306 2783 m?
317 2736 525 2798 ﬁmiulj‘ltmquam
540 2766 655 2798 loquutus
667 2765 794 2798 estliomo,
807 2766 869 2798 sicut
884 2750 924 2798 hic
935 2764 1008 2789 homo
1020 2764 1056 2788 lo-

256 2800 348 2830 quitur.
372 2796 578 2830 Responderunt.’
596 2796 669 2828 Vulg.
692 2796 827 2827 Numquam
851 2797 887 2821 sic
907 2796 1000 2820 locutus
1017 2799 1057 2820 est

1111 2700 1408 2730 homo,sieuthiehomo.
1469 2730 1474 2731 γ
1639 2729 1653 2731 Α
1681 2728 1686 2731 _
1741 2726 1756 2731 ῃ
1775 2726 1788 2731 ._
1822 2721 1874 2731 id:

1144 2734 1154 2749 ³
1171 2726 1225 2757 diu.
1240 2731 1356 2757 inclinato
1367 2731 1448 2760 capite
1460 2730 1587 2759 deorsum,
1598 2728 1721 2760 Scribebat
1733 2726 1806 2757 digito
1815 2727 1889 2760 suppl"

1109 2769 1211 2789 terram.
1226 2765 1285 2789 Mm.
1302 2757 1418 2787 inclinato
1429 2762 1520 2793 cal-ite,
1533 2757 1656 2786 scribebat
1671 2759 1746 2790 digito
1758 2762 1799 2781 suo
1814 2757 1835 2779 in
1845 2757 1888 2778 ter-

1109 2801 1158 2820 ram
1162 2815 1168 2821 .

926 2836 1108 2865 BLANCHINI
1129 2836 1243 2865 NOTAE.

293 2877 332 2911 (ιι)
352 2876 454 2904 Desunt
481 2876 542 2904 duae
564 2876 670 2912 paginae
692 2874 808 2908 abrasae,
830 2861 1303 2909 quamﬁ"iiditﬁ"§dinié'Aﬁﬁmm
1322 2872 1348 2900 in
1369 2872 1473 2900 codice.
1503 2871 1533 2899 S.
1556 2869 1718 2906 Augustinus
1738 2866 1803 2895 libro
1825 2870 1841 2890 II
1859 2861 1887 2886 (1³
