3950 6194
532 217 634 276 411
1045 219 1319 279 EUSEBII
1358 221 1695 278 VERCELL.
1740 221 2187 279 EVANGELIUM
2234 220 2383 279 CUM
2425 221 2654 278 VARIIS
2692 219 2845 276 COD.
2889 203 3282 278 οοιέιΑτυΜ.
3717 221 3810 276 ΗΞ

931 335 1159 392 CODEX
1202 336 1748 395 VERCELLENSIS.

535 429 690 483 testis
729 431 934 485 venire.

532 499 625 554 22.
673 501 904 556 Dieeban
951 539 964 554 .
1011 543 1023 554 .
1072 541 1084 555 .
1129 529 1154 542 -

532 586 618 642 go
641 571 829 628 Judaei
856 591 869 626 :
898 572 1061 628 Num-

533 641 658 711 quid
683 644 896 698 occide-

534 729 596 770 re
624 730 684 768 se
713 715 914 769 habet?
941 732 1078 786 quo-

533 787 674 839 niam
706 787 873 840 dicit:
912 787 986 845 U-

532 857 582 910 bi
615 872 715 927 ego
737 859 908 925 vado,
947 875 1041 920 vos

533 944 639 1011 non
667 933 890 999 potestis
918 947 1010 988 ve-

535 1016 675 1055 nire.

530 1072 621 1126 25.
668 1072 734 1126 Et
761 1072 972 1128 dicebat
1003 1073 1113 1129 illis

531 1143 690 1197 Jesus
715 1161 728 1172 ·
763 1145 867 1198 Vos
895 1145 962 1199 de
990 1144 1128 1202 infe-

531 1215 766 1270 rioribus
795 1218 955 1280 estis,

536 1301 638 1354 ego
666 1288 736 1342 de
763 1289 1005 1357 superio-

533 1360 684 1411 ribus
713 1374 852 1412 sum.
889 1359 994 1416 Vos

533 1428 600 1484 de
631 1431 730 1485 hoc
754 1447 906 1484 mun-

534 1501 604 1556 do
628 1503 760 1555 estis
777 1543 792 1564 ,
817 1518 916 1573 ego
946 1518 1052 1559 non

532 1588 651 1627 sum
681 1573 749 1626 de
780 1573 883 1628 hoc
913 1576 1134 1632 mundo.

532 1643 624 1727 24.
668 1645 783 1699 Dixi
819 1649 971 1727 vobis
998 1666 1134 1720 quo-

534 1731 680 1770 Illam
714 1732 903 1772 IIIOI‘IC-

534 1788 664 1840 mini
693 1792 744 1840 lu
774 1803 961 1856 pecea-

535 1858 604 1912 tis
631 1861 825 1913 vestris
850 1879 862 1915 :
893 1864 940 1919 si

534 1932 678 1985 enim
713 1944 816 1984 non

534 2000 874 2059 credideritis

535 2072 785 2142 quoniam
816 2091 915 2144 ego

534 2159 654 2198 sum
690 2186 703 2208 ,
729 2149 928 2203 morie-

537 2218 670 2270 mini
705 2217 756 2270 in
792 2233 981 2286 pecca-

535 2288 604 2342 tis
630 2291 846 2345 vestris.

534 2358 625 2432 25.
672 2359 933 2432 Dicebant
962 2378 1093 2432 ergo

534 2429 615 2484 illi
670 2448 683 2484 :
717 2431 794 2485 Tu
827 2436 917 2500 qui
950 2429 1052 2489 es?

535 2504 625 2556 Ait
655 2503 732 2557 illi
761 2504 920 2559 Jesus
955 2523 969 2560 :
1006 2507 1021 2537 ³
1054 2505 1166 2561 lni-

541 2575 696 2640 tium,
723 2577 865 2643 quod
899 2576 977 2631 lo-

445 2671 451 2682 ι
537 2662 676 2710 quor
702 2649 881 2702 vobis.

538 2717 629 2772 26.
673 2718 830 2772 Multa
859 2719 1031 2778 habeo

538 2788 606 2844 de
629 2790 784 2862 vobis
817 2791 985 2862 loqui,

540 2872 595 2914 et
621 2861 908 2930 judicare:

538 2933 634 2989 sed
663 2934 752 3003 qui
785 2949 870 2989 me
908 2937 1010 2990 mi-

541 3005 635 3070 sit,
665 3020 826 3059 verax
850 3016 970 3075 est;

538 3086 593 3130 et
623 3091 722 3146 ego
753 3093 892 3144 quae
921 3094 1022 3133 au-

537 3147 644 3200 divi
675 3148 742 3201 ab
771 3149 885 3210 illo,
919 3151 1052 3206 haec

539 3218 732 3287 loquor
765 3221 816 3273 iu
854 3219 956 3274 hoc

538 3289 629 3343 27.
673 3289 896 3342 mundo.
929 3291 998 3345 Et
1025 3308 1130 3346 non

540 3373 916 3428 cognoverunt

541 3430 686 3499 quod
714 3433 734 3461 ¹
764 3432 977 3486 Patrem

543 3501 652 3556 illis
683 3500 891 3557 diceret

539 3572 631 3627 28.
679 3574 869 3627 Deum.
907 3574 996 3629 Ait
1023 3591 1114 3631 er-

542 3659 610 3713 go
636 3643 792 3698 Jesus
819 3663 831 3698 :
859 3645 996 3701 Cum
1025 3649 1180 3703 exal-

546 3717 786 3772 taveritis
809 3716 899 3772 Fi.

1369 432 1500 486 lium
1528 433 1785 502 hominis,

1369 513 1496 558 tunc
1524 503 1708 559 scietis

1369 575 1514 645 quod
1542 591 1642 645 ego
1665 591 1810 642 sum,

1372 655 1427 700 et
1452 663 1482 700 a
1513 665 1598 702 me
1630 646 1770 700 facio

1374 718 1528 783 nihil,
1555 719 1650 773 sed
1678 720 1818 774 sicut

1371 790 1557 844 docuit
1591 807 1676 845 me
1707 791 1812 844 Pa-

1375 871 1475 927 ter,
1510 863 1588 916 sic
1616 862 1808 931 loquor
1840 881 1853 915 :

1371 932 1462 986 29.
1506 935 1758 1002 quoniam
1787 935 1832 988 is
1854 975 1869 1001 ,

1371 1006 1461 1073 qui
1493 1021 1576 1059 me
1601 1007 1774 1069 misit,

1376 1092 1588 1130 mecum
1611 1087 1714 1142 est,
1746 1090 1854 1130 non

1371 1148 1587 1216 reliquit
1608 1149 1784 1202 solum
1820 1165 1832 1201 :

1371 1234 1625 1287 quoniam
1660 1235 1784 1289 ego,

1370 1306 1508 1359 quae
1534 1296 1746 1360 p'acent

1372 1362 1470 1426 illi,
1508 1364 1642 1417 iacio
1673 1379 1817 1418 sem-

1371 1447 1486 1500 per.

1370 1505 1458 1559 5t).
1503 1505 1646 1560 llaec
1676 1507 1765 1562 illo
1796 1508 2021 1578 loquen-

1370 1585 1445 1639 te,
1478 1578 1632 1630 multi
1661 1593 1779 1633 cre-

1369 1647 1625 1702 diderunt
1657 1651 1707 1702 in

1368 1719 1456 1773 3|.
1501 1735 1647 1773 eum.
1674 1720 1894 1776 Dicebat

1368 1805 1498 1861 ergo
1528 1792 1592 1844 ad
1621 1790 1858 1847 Judaeos

1369 1860 1550 1928 JeSos,
1581 1863 1672 1932 qui
1703 1864 1880 1919 credi-

1371 1936 1562 1988 derunt
1598 1952 1610 1987 :
1643 1935 1702 1989 Si
1726 1951 1820 1990 vos

1371 2009 1685 2062 manseritis

1370 2078 1422 2131 in
1459 2078 1626 2132 verbo
1656 2093 1808 2146 meo,

1371 2165 1500 2203 vere
1529 2149 1763 2220 discipu-

1372 2222 1407 2277 li
1441 2221 1543 2275 mei
1586 2221 1742 2276 eritis
1777 2239 1791 2278 :

1373 2292 1464 2346 52.
1507 2302 1561 2346 et
1583 2293 1766 2350 scietis
1793 2309 1887 2350 ve-

1373 2365 1472 2418 rita
1483 2373 1612 2431 tem,
1641 2375 1696 2420 et

1373 2436 1575 2488 veritas
1608 2452 1707 2490 vos

1375 2507 1467 2561 55.
1511 2507 1778 2563 liberavit.
1814 2508 1951 2565 Res-

1375 2578 1681 2647 ponderent

1376 2650 1485 2714 illi,
1519 2650 1662 2719 quod
1695 2650 1882 2706 Judaei

1376 2735 1562 2775 semen
1596 2721 1766 2776 Abra-

1379 2791 1483 2846 hae
1509 2807 1716 2859 sumus,
1753 2801 1807 2849 et

1379 2880 1673 2932 numquam

1376 2937 1626 3006 cuiquam
1659 2951 1774 2990 ser-

1379 3006 1613 3061 vivimus
1644 3025 1657 3059 :
1683 3023 1817 3077 quo-

1375 3079 1539 3134 modo
1572 3088 1625 3133 tu
1657 3079 1807 3135 dices
1842 3096 1855 3134 :

1374 3151 1512 3216 Quia
1544 3150 1699 3206 liberi

1375 3222 1565 3276 eritis?

1377 3293 1467 3347 δι.
1511 3292 1817 3359 Respondit
1843 3291 1952 3346 illis

1377 3365 1538 3419 Jcsns
1563 3383 1576 3418 :
1610 3363 1807 3429 Amen,
1837 3379 1996 3420 amen

1379 3436 1506 3490 dico
1538 3435 1718 3499 vobis,

1380 3506 1524 3576 quod
1556 3506 1753 3570 otnnis,

1383 3578 1471 3646 qui
1520 3578 1647 3631 facit
1691 3593 1815 3647 peo-

1383 3660 1585 3713 catum,
1635 3665 1827 3704 εθτνιιε

1383 3721 1472 3777 55.
1516 3721 1718 3792 peccati
1759 3731 1860 3778 est.
1911 3721 2037 3778 Ser-

2662 332 2895 391 CODEX
2937 333 3388 390 VERONENSIS.

2235 432 2437 485 venire.

2232 502 2322 556 22.
2365 501 2624 556 Dicebant
2656 501 2819 572 igitur

2233 573 2424 628 Judaei
2450 593 2460 626 :
2490 573 2658 626 Num-

2234 646 2359 715 quid
2394 646 2687 700 interticiet

2234 718 2328 772 se?
2357 719 2611 787 quoniam

2235 789 2402 843 dicit:
2430 788 2527 843 Ubi
2557 803 2658 857 ego

2234 861 2392 924 vado,
2427 876 2523 913 vos
2553 876 2646 914 ve-

2235 933 2353 986 nire
2384 949 2489 986 non
2524 930 2768 1000 potestis.

2233 1003 2324 1057 23.
2369 1003 2567 1057 lterum
2599 1003 2812 1057 dicebat

2234 1076 2313 1128 eis
2345 1092 2356 1127 :
2389 1075 2496 1129 Vos
2522 1090 2585 1129 ex
2630 1076 2711 1127 iu-

2236 1144 2523 1201 ferioribus
2553 1148 2708 1210 estis,

2235 1233 2335 1284 ego
2357 1218 2423 1271 de
2461 1219 2711 1287 supernis

2234 1303 2373 1342 sum.
2407 1291 2508 1345 Vos
2539 1292 2605 1344 tle

2235 1359 2337 1414 hoc
2359 1362 2562 1416 mundo

2235 1432 2388 1500 estis,
2426 1449 2526 1502 ego
2551 1450 2655 1490 non

2235 1518 2354 1558 sum
2387 1506 2452 1560 ile
2480 1506 2581 1560 hoc

2236 1577 2458 1643 mundo.

2237 1647 2328 1701 24.
2374 1650 2484 1702 Dixi
2517 1650 2696 1718 itaque

2239 1719 2392 1771 vobis
2422 1721 2545 1788 quia

2241 1792 2548 1846 moriemini

2243 1865 2294 1916 in
2329 1875 2550 1930 peccato

2243 1945 2422 1988 vestro
2457 1951 2467 1987 :
2503 1937 2544 1988 si
2577 1935 2721 1989 enim

2244 2022 2349 2060 non
2379 2006 2717 2060 credideritis

2237 2081 2493 2146 quoniam
2519 2093 2619 2148 ego

2239 2164 2378 2212 sum,
2409 2149 2713 2204 moriemini

2241 2222 2294 2275 in
2329 2229 2551 2290 peccato
2579 2233 2776 2276 vestro.

2240 2293 2333 2347 ‘25.
2382 2294 2636 2347 Dic-ebant
2661 2304 2840 2347 autem

2242 2365 2292 2418 ei
2319 2380 2333 2418 :
2367 2364 2446 2418 Tu
2477 2365 2596 2432 quis
2628 2366 2750 2419 es?

2249 2436 2389 2489 Dixit
2421 2446 2601 2490 autem

2245 2507 2326 2561 eis
2355 2506 2548 2562 Jesus:
2587 2509 2670 2561 ln-

2245 2580 2456 2648 primis,
2482 2579 2605 2648 quia
2639 2579 2719 2634 lo-

2245 2667 2381 2715 quor
2411 2652 2564 2703 vobis
2591 2667 2604 2714 ;
2638 2665 2761 2705 cum

2243 2721 2335 2776 26.
2380 2722 2542 2774 [nulla
2588 2723 2812 2778 habeam

2245 2793 2313 2848 de
2344 2793 2495 2846 vobis
2527 2793 2730 2859 dicere,
2762 2804 2816 2850 ct

2241 2864 2483 2932 judicare
2513 2885 2524 2917 :
2568 2865 2664 2919 sed

2244 2938 2331 3005 qui
2363 2952 2446 2990 me
2479 2937 2642 3001 misit,

2244 3022 2408 3060 verax
2437 3016 2520 3061 est
2547 3024 2560 3073 ;
2605 3018 2656 3062 et

2245 3093 2346 3148 ego
2376 3092 2514 3147 quae
2540 3079 2722 3134 audivi

2245 3152 2313 3203 ab
2344 3165 2432 3211 eo,
2463 3150 2597 3205 haec
2625 3152 2704 3207 lo-

2244 3237 2380 3290 quor
2412 3222 2462 3274 in
2495 3221 2597 3278 hoc

2243 3293 2334 3346 27.
2379 3294 2596 3348 mundo.
2640 3295 2702 3349 El
2734 3309 2837 3350 nou

2246 3365 2627 3420 intellexerunt

2244 3438 2496 3504 quoniam
2539 3437 2606 3492 de

2245 3507 2320 3577 (α)
2359 3507 2470 3562 Deo
2558 3509 2719 3565 Patre

2244 3579 2450 3634 diceret
2479 3582 2579 3634 eis.

2243 3651 2333 3706 28.
2383 3651 2523 3705 Ilixit
2554 3664 2734 3710 autem

2245 3721 2349 3777 illis
2372 3721 2566 3779 Jesus:
2597 3724 2731 3782 Cum

3066 428 3432 483 cxaltaberitis

3068 500 3262 554 Filium
3295 497 3548 565 hominis,

3070 582 3194 626 tunc
3217 571 3398 626 scietis

3068 642 3319 713 quoniam
3351 656 3452 713 ego

3070 712 3210 778 sum,
3241 727 3293 767 et
3325 712 3454 767 nihil

3068 801 3097 840 a
3128 801 3211 839 me
3239 787 3396 850 iacio,

3068 861 3160 912 sed
3187 859 3322 911 sicut
3350 857 3534 913 docuit

3071 944 3158 984 me
3184 927 3362 996 Pater,

3073 1003 3205 1056 haec
3238 1001 3462 1068 IOqltor:

3072 1071 3163 1126 29.
3185 1081 3258 1142 et
3285 1073 3372 1142 qui
3404 1089 3488 1126 me

3075 1141 3240 1206 misit,
3274 1141 3485 1198 mecum

3076 1227 3179 1278 est,
3209 1224 3262 1267 ct
3292 1231 3397 1270 non
3429 1230 3512 1271 re-

3075 1286 3241 1356 liquid
3275 1303 3361 1342 me

3075 1359 3247 1411 solum
3275 1375 3287 1411 :
3328 1360 3449 1429 quia

3069 1444 3190 1499 ego,
3227 1445 3364 1500 quae
3390 1432 3533 1485 sunt

3072 1497 3120 1553 ei
3150 1497 3360 1571 placita,
3391 1514 3606 1571 semper
3636 1497 3782 1554 facio.

3073 1572 3160 1627 50.
3205 1572 3344 1628 llaec
3367 1589 3433 1628 co
3462 1575 3540 1628 lo-

3074 1654 3291 1712 quente,
3328 1646 3478 1700 multi

3075 1716 3422 1771 crediderunt
3452 1719 3503 1771 in
3532 1729 3678 1772 eum.

3075 1786 3166 1840 51.
3207 1789 3432 1843 Dicebat
3473 1797 3655 1844 autem

3075 1857 3234 1913 Jesus
3273 1860 3337 1912 ad
3379 1875 3497 1925 eos,

3074 1931 3164 1998 qui
3199 1931 3548 1998 crediderant

3074 1996 3122 2054 ei
3157 1996 3470 2057 ex'Judaeis
3501 2022 3513 2057 :

3072 2071 3126 2126 Si
3157 2090 3250 2125 vos
3281 2089 3539 2144 perman—

3073 2144 3254 2200 seritis
3299 2148 3348 2199 in
3394 2149 3570 2203 verbo

3073 2232 3215 2279 meo,
3247 2233 3375 2272 vere
3405 2217 3487 2271 di-

3076 2289 3267 2356 scipuli
3312 2290 3415 2342 luci

3207 2357 3284 2443 (ὁ)
3314 2360 3444 2442 estis
3474 2361 3522 2432 ιε’
3553 2377 3565 2412 :
3601 2365 3656 2411 et

3075 2443 3256 2486 SCIEUS
3300 2443 3614 2498 veritatem,

3075 2513 3128 2576 et
3157 2505 3354 2558 veritas
3397 2505 3511 2576 ipsa

3078 2575 3380 2629 liberavibit
3411 2591 3539 2630 vos.

3075 2645 3163 2700 5⁸5.
3209 2646 3497 2716 Responde
3509 2651 3631 2701 runt
3667 2640 3739 2697 illi

3075 2717 3265 2772 Judaei
3311 2720 3563 2774 dicentes
3592 2739 3605 2774 :

3075 2789 3270 2862 Semen
3303 2789 3375 2862 (ε)
3406 2791 3587 2845 Abra-

3078 2860 3199 2913 ham
3223 2861 3262 2930 ’ξ’
3288 2860 3501 2923 sumus,
3535 2871 3590 2915 et

3077 2947 3278 2985 nemini
3312 2948 3574 3002 umquam

3077 3004 3400 3058 servivimus
3427 3021 3440 3057 :
3471 3017 3615 3074 quo-

3075 3075 3238 3128 modo
3280 3084 3334 3128 lu
3378 3075 3563 3129 dicis:

3077 3145 3254 3200 Liberi
3285 3148 3437 3200 eritis
3459 3145 3484 3200 ἵ

3074 3218 3164 3272 54.
3213 3218 3522 3288 RcSpondit

3073 3289 3230 3344 Jesus
3257 3309 3270 3344 :
3309 3295 3504 3355 Amen,

3075 3377 3231 3416 amen
3263 3359 3387 3415 dico

3076 3434 3231 3486 vobis
3255 3449 3266 3484 :
3299 3433 3425 3501 quia

3076 3519 3289 3567 omnes,
3320 3505 3411 3573 qui

3076 3578 3203 3632 facit
3234 3585 3547 3643 peccatum,

3075 3662 3262 3720 servus
3294 3646 3374 3720 (ά)
3405 3654 3498 3702 est
3517 3645 3575 3716 σξη

3075 3721 3166 3776 55.
3205 3719 3408 3776 Servus
3447 3725 3647 3771 auten?

1865 3839 2098 3897 CODEX
2137 3842 2529 3899 BRIXIANUS.

547 3928 643 4003 stis
669 3929 855 3985 venire
890 3931 1145 3987 Dicebant
1201 3947 1332 4002 ergo
1379 3933 1586 3989 Judaei.
1648 3933 1913 4003 Numquid
1972 3937 2140 3989 intor-

546 4001 690 4054 ﬁciet
745 4017 805 4056 se
866 4005 1154 4072 metipsum
1205 4001 1324 4075 quia
1383 4006 1542 4060 dixit.
1586 4004 1704 4073 Quo
1736 4001 1836 4076 ego
1861 4005 2018 4062 vado.
2051 4022 2148 4061 vos

548 4088 654 4126 non
718 4076 942 4142 p0testis
995 4078 1198 4131 venire.
1253 4079 1316 4131 Et
1369 4077 1505 4130 dixit
1550 4080 1630 4132 eis
1674 4077 1852 4131 Jesus.
1920 4077 2027 4130 Vos
2079 4081 2148 4132 de

545 4143 798 4218 deorsum
838 4149 993 4218 restis.
1037 4163 1138 4218 ego
1173 4159 1353 4202 autem
1387 4149 1455 4202 de
1499 4149 1748 4217 superuis
1780 4163 1922 4202 sum.
1958 4165 2057 4202 vos
2081 4150 2148 4204 de

549 4215 652 4270 hoc
683 4217 883 4271 mundo
907 4220 1058 4273 estis.
1079 4215 1209 4287 ἐ»κο
1249 4232 1427 4273 autem
1471 4215 1579 4274 noti
1608 4237 1723 4272 sum
1752 4219 1818 4274 de
1861 4219 1962 4272 hoc
1995 4237 2150 4275 mun-

547 4289 638 4340 do.
695 4287 810 4342 Dixi
863 4308 992 4356 ergo
1034 4293 1205 4344 vobis.
1257 4291 1379 4361 quia
1440 4293 1742 4345 moriemini
1802 4293 1854 4344 in
1915 4297 2151 4356 peet-atis

549 4361 767 4413 vestris.
814 4361 858 4414 si
910 4364 1052 4416 enim
1107 4380 1211 4416 non
1259 4362 1620 4418 credideritis.
1686 4364 1808 4425 quia
1865 4378 1964 4431 ego
2002 4379 2139 4418 sum.

551 4433 868 4506 moriemini
943 4434 994 4487 in
1083 4437 1317 4503 pet-catis
1405 4438 1656 4506 vestris,
1696 4433 1961 4488 Dicebant
2015 4451 2148 4506 ergo

551 4499 622 4553 ei.
653 4501 753 4574 ,Tu
783 4505 904 4572 quis
932 4521 1010 4558 es.
1061 4499 1122 4560 Et
1152 4507 1281 4560 dixit
1316 4508 1393 4560 eis
1422 4506 1600 4560 .Iesus.
1640 4505 1970 4573 Principium
2001 4499 2143 4574 quod

551 4573 842 4646 et_loquor
885 4577 1058 4632 vobis.
1128 4579 1292 4633 Multa
1346 4578 1522 4632 habeo
1560 4577 1627 4632 de
1677 4577 1828 4632 Vobis
1875 4573 2040 4646 loqui.
2090 4591 2140 4633 et

547 4643 815 4718 judicare.
847 4649 939 4702 sed
973 4652 1060 4717 qui
1093 4667 1177 4703 me
1209 4651 1372 4703 misit.
1406 4664 1566 4702 verax
1616 4658 1718 4702 est.
1769 4659 1823 4701 ct
1867 4643 1967 4718 ego
2005 4667 2142 4718 quae

552 4715 736 4790 audivi
765 4718 832 4770 ab
859 4734 924 4772 eo
954 4715 1008 4774 et
1051 4721 1240 4790 loquor
1272 4724 1322 4775 in
1359 4721 1461 4775 hoc
1491 4721 1713 4774 mundo.
1748 4719 1816 4774 Et
1847 4715 1949 4775 non
1983 4715 2142 4777 ititel-

551 4784 820 4842 lexerunt.
859 4790 982 4860 quia
1012 4791 1080 4846 de
1109 4784 1267 4847 Patre
1298 4793 1376 4848 eis
1419 4792 1651 4847 dicebat.
1699 4793 1842 4846 Dixit
1883 4808 2013 4863 ergo
2060 4794 2140 4848 eis

2249 3935 2426 3992 Jesus.
2469 3937 2600 3992 Cum
2634 3936 3021 4011 rexaltaveritis
3049 3931 3547 4011 Filiunrhominis.
3575 3939 3714 4011 'tunc
3750 3937 3829 4011 ουτ

2249 4013 2526 4077 gooscetis
2556 4010 2676 4074 quia
2704 4025 2801 4079 ego
2831 4024 2971 4064 sum.
3005 4017 3059 4062 et
3087 4024 3112 4057 ει
3143 4022 3228 4059 me
3255 4006 3371 4079 ip_~o
3403 4003 3541 4056 nihil
3573 4001 3722 4079 iacio.
3747 3995 3827 4047 sed

2253 4083 2394 4134 sicut
2422 4082 2602 4135 docuit
2635 4097 2718 4134 me
2741 4076 2908 4135 Pater
2935 4093 3106 4133 meus.
3144 4079 3272 4130 haec
3305 4076 3610 4148 loquor._ct
3639 4076 3723 4138 qui
3754 4079 3829 4148 me

2255 4153 2399 4206 misit
2435 4170 2643 4208 ἰιι-ρων
2674 4163 2775 4205 est.
2810 4169 2915 4205 non
2947 4166 3030 4205 me
3064 4148 3274 4214 reliquit
3308 4147 3487 4198 solum
3521 4145 3692 4221 Pater.
3720 4145 3828 4221 (ti-tia

2255 4239 2354 4290 ego
2387 4241 2522 4292 quae
2570 4225 2761 4294 placita
2806 4232 2931 4276 sunt
2981 4223 3051 4276 ei.
3098 4210 3234 4296 facio
3264 4231 3504 4296 semper.
3556 4214 3706 4296 _H:teC
3738 4210 3832 4296 in?

2257 4288 2529 4364 loquonte.
2567 4288 2714 4349 multi
2749 4296 3097 4367 crediderunt
3130 4295 3181 4345 in
3215 4305 3358 4367 eum.
3420 4288 3831 4367 Dicebat‘auteni

2255 4353 2432 4421 Jesus.
2465 4368 2529 4421 ad
2559 4383 2656 4422 eos
2681 4369 2770 4436 qui
2803 4383 2868 4420 ex
2899 4365 3138 4421 Judaeis.
3169 4359 3618 4439 Crediti_t'rl_llll_tei.
3661 4353 3720 4436 Si
3747 4363 3832 4439 vet:

2256 4443 2566 4510 manseritis
2622 4422 2886 4493 ill'VBibl)
2941 4453 3086 4510 meo.
3136 4449 3259 4488 vere
3312 4429 3567 4510 discinuﬁ
3602 4426 3720 4510 .Tei

2253 4509 2387 4564 estis
2407 4510 2468 4581 ᾧ.
2503 4523 2554 4565 et
2583 4510 2924 4578 cognoSt-elis
2953 4509 3255 4581 veritatem.
3288 4514 3343 4556 ct
3372 4503 3572 4555 veritas
3602 4497 3833 4581 lihcmltif

2255 4595 2346 4635 vo~
2361 4576 2791 4649 Responderunt
2807 4582 2853 4635 ci
2877 4581 3074 4636 Semen
3092 4576 3342 4653 Abrabae
3355 4578 3634 4653 SIIAIIItISfl
3647 4579 3831 4653 ιιςηιξηι

2253 4645 2574 4708 serviviuius
2600 4645 3529 4722 umquam.quomodotudicisQuia
3555 4645 3705 4722 liberi
3735 4650 3832 4722 ert-

2255 4726 2342 4778 tis.
2380 4723 2675 4795 Respondit
2704 4712 2950 4778 eisJestis
2979 4723 3150 4777 Amen
3174 4735 3327 4772 amen
3356 4717 3480 4770 dico
3513 4712 3684 4795 vobis.
3707 4712 3821 4795 quia

2249 4797 2430 4850 omnis
2468 4785 2558 4864 qui
2603 4796 2727 4850 facit
2756 4806 3054 4866 peccatum.
3106 4805 3296 4846 servus
3336 4798 3418 4842 est
3469 4785 3832 4855 peccati.Ser—

1837 4907 2070 4966 CODEX
2107 4907 2572 4970 CORBEIENSIS.
2610 4921 2612 4924 ’

621 4999 710 5053 25.
741 5013 843 5068 ego
872 4999 940 5055 de
970 5003 1335 5071 superioribus
1357 5019 1496 5060 sum.

620 5071 710 5144 26.
753 5071 888 5126 haec
908 5073 1132 5144 eloquor
1159 5075 1210 5128 in
1247 5075 1388 5130 hunc
1417 5074 1694 5130 mundum.

620 5142 713 5199 28.
754 5145 896 5198 sicut
915 5142 1099 5200 docuit
1124 5161 1209 5202 me
1237 5147 1416 5212 Pater,
1451 5148 1586 5203 haec
1609 5149 1853 5218 eloquor.

2319 5011 2406 5063 51.
2450 5009 2506 5063 Si
2532 5024 2624 5063 vos
2654 5006 2962 5062 manseritis
2991 5003 3046 5059 in
3076 5003 3242 5059 verbo
3269 5014 3413 5065 meo,
3443 5012 3573 5053 vere
3593 4989 3824 5064 discipuli

2247 5081 2352 5136 mei
2381 5083 2532 5136 estis.

993 5305 1022 5324 .
1761 5267 2154 5344 vamamss
2205 5264 2608 5324 LECTIUNES.

612 5385 630 5419 ⁸
668 5385 774 5437 Gut.
801 5392 846 5436 et
887 5388 1007 5451 um.
1043 5387 1376 5451 Principium,
1399 5385 1528 5451 quod
1563 5384 1752 5450 loquor.
1791 5382 1938 5450 Vulg.
1965 5385 2153 5438 Princi-

547 5449 700 5512 pium,
727 5451 808 5512 qui
830 5457 882 5501 et
903 5449 1092 5514 loquor.

2223 5385 2227 5388 ’
2272 5392 2288 5403 "
2323 5386 2344 5416 ³
2377 5384 2467 5434 Gai
2512 5387 2557 5432 et
2582 5384 2698 5432 Mm.
2738 5379 2939 5428 Patrem
2984 5379 3058 5428 eis
3095 5389 3210 5428 esse
3251 5375 3412 5426 Deum
3441 5372 3652 5423 dicebat.
3697 5362 3826 5426 Vulti-

2257 5447 2457 5498 Patrem
2483 5445 2590 5507 ejus
2609 5443 2803 5494 dicebat
2826 5441 3001 5491 Deutn.

1903 5557 2245 5614 BLANCHIN
2255 5558 2269 5612 I
2310 5554 2540 5612 ΝΟΤᾸΞ.

623 5682 700 5755 (ιι)
743 5685 903 5739 Juxta
935 5687 1057 5740 cod.
1085 5686 1242 5742 Cant.
1274 5685 1361 5743 τὸν
1389 5683 1554 5747 Θεόνς
1598 5678 1755 5755 cant.
1803 5681 1899 5734 lat.
1948 5679 2120 5755 addit,
2149 5694 2320 5755 aqua.
2344 5677 2514 5755 αντ(ρὶ
2545 5675 2620 5729 lia
2650 5684 2706 5730 et
2735 5681 2867 5729 text.
2897 5671 2992 5729 Gr.
3020 5672 3155 5733 ἐστέ.
3180 5695 3250 5710 —-
3271 5651 3343 5740 (ἓ)
3368 5661 3646 5732 Abraham
3679 5655 3739 5725 Ει
3765 5653 3833 5710 ῖιλ

557 5749 690 5818 text:
723 5757 816 5811 Gr.
845 5759 1098 5830 Ἀϐραάμ.
1127 5789 1198 5800 -
1218 5758 1296 5829 (ά)
1338 5757 1464 5812 Post
1494 5764 1588 5823 est,
1626 5752 1775 5808 deest
1810 5753 2027 5826 peccati,
2051 5752 2213 5821 etiam
2243 5749 2446 5820 in,cod.
2476 5750 2634 5814 Cant.
