3950 6194
146 203 245 262 U3

1111 198 1555 258 EVANGELIUII
1595 195 1963 256 SECUNDUM
2001 195 2388 261 JOHANNEM.

513 324 724 382 CODEX
767 322 1301 381 VERCELLENSIS.

147 437 238 477 vus
272 429 439 476 autem

147 509 247 548 non
288 501 456 547 manet

142 567 192 619 in
231 565 382 617 domo
420 561 616 617 Domini

142 636 189 689 in
226 645 487 689 aeternum
515 651 530 688 :

141 706 293 762 Filius
333 716 506 760 autem

143 785 306 832 manet
339 778 387 830 itt
423 791 513 830 ae-

141 849 218 904 56.
258 860 477 903 ternum.
523 848 579 902 Si
622 847 712 903 Fi-

143 921 233 974 lius
269 935 360 972 vos
397 919 593 975 libera-

140 993 278 1053 verit,
326 1005 444 1045 vere

139 1062 273 1116 liberi
311 1061 474 1117 eritis.

243 1134 355 1206 Scio
375 1133 510 1203 qttod
531 1131 607 1204 (a)
627 1131 865 1206 semen-l-

138 1204 356 1258 Abrabae
381 1207 512 1260 estis
542 1222 555 1258 :

137 1277 216 1330 sed
257 1276 452 1343 quaeri-

137 1348 194 1400 tis
228 1363 304 1400 me
336 1347 540 1403 occide-

135 1434 201 1480 re,
240 1420 352 1486 quia
388 1434 500 1472 ser-

137 1504 210 1543 lltO
237 1505 372 1543 meus
409 1505 516 1546 non

133 1561 387 1630 requiescit

131 1630 205 1686 38.
250 1633 294 1685 iu
332 1632 500 1686 vobis.
548 1630 669 1702 Ego

131 1702 249 1772 quod
281 1705 376 1756 vidi
404 1719 460 1758 a-

131 1785 204 1842 put
231 1773 426 1830 Patrem

132 1860 302 1909 meum,
334 1847 518 1916 loquor
541 1860 560 1909 ;

129 1925 172 1970 et
203 1932 287 1970 vos
311 1917 385 1984 (b)
411 1919 598 1988 itaque
617 1917 656 1987 ’ί-

127 1988 246 2055 quod
277 1989 472 2044 vidistis

127 2069 231 2126 aput
254 2059 454 2114 Patrem

129 2141 355 2195 vestrum,
392 2133 467 2183 ta-

131 2200 202 2255 39.
239 2204 372 2257 citis.
415 2201 512 2272 Qui
553 2215 678 2257 res-

130 2274 401 2338 ponderunt
424 2293 436 2327 :

136 2343 264 2397 Pater
292 2355 465 2400 ttoslel‘

131 2414 365 2470 Abraham
389 2426 488 2471 est.

129 2485 316 2560 Attillis
339 2487 492 2544 Jesus
523 2509 536 2545 :
579 2488 653 2560 (c)
689 2487 752 2543 Si

130 2555 228 2609 Filii
255 2557 490 2616 Abrahae

129 2629 308 2696 essetis,
341 2647 498 2696 opera

131 2699 338 2754 Abrahae
368 2699 512 2758 face-

129 2768 200 2822 40.
239 2775 352 2828 retis
376 2774 429 2845 in
472 2774 638 2830 Nunc

130 2855 276 2914 autem
304 2860 458 2914 quae-

129 2911 224 2968 ritis
248 2911 331 2970 tne'
349 2918 492 2972 occi-

128 2982 246 3045 dere.
278 2985 573 3053 hominem.

129 3056 200 3122 qui
228 3059 487 3116 veritatem

130 3123 306 3181 locutus
335 3147 448 3186 sum

128 3199 274 3261 vobis,
302 3218 453 3271 quam

128 3271 274 3323 audivi
306 3290 331 3325 a
361 3275 470 3328 Deo
495 3293 506 3327 2

938 417 1204 471 Dixerunt
1231 417 1347 472 illi:

936 487 1046 541 Nos
1071 488 1138 542 de
1169 489 1333 543 l'orni-

934 559 1152 614 catione
1182 575 1286 614 non

937 645 1123 685 Sumus
1153 632 1262 686 nati
1293 649 1305 684 :

939 718 1100 754 ttntnn
1143 702 1306 758 babe-

937 789 1057 827 mus
1086 773 1299 830 Patrem

939 844 1108 898 Dettm
1119 883 1132 897 .

935 913 1025 988 12.
1053 915 1129 988 (ρ)
1151 917 1281 988 Ait-'5
1296 917 1402 973 illis
1418 915 1609 974 Jesus:
1635 913 1694 971 Si

940 986 1083 1042 Deus
1108 986 1270 1044 Pater
1301 1005 1420 1044 ves-

939 1066 1022 1112 ter
1051 1072 1215 1124 esset,
1249 1061 1373 1115 dili-

972 1131 1136 1185 eretis
1169 1148 1272 1186 me.

987 1217 1071 1254 aut
1101 1218 1201 1271 ego
1231 1219 1295 1258 ex

939 1271 1047 1326 Deo
1077 1275 1238 1340 exivi,
1271 1285 1326 1330 et

936 1345 1099 1398 veni:
1147 1361 1321 1414 neque

933 1417 1075 1469 enim
1105 1431 1132 1468 a
1167 1433 1252 1472 me
1283 1432 1375 1472 ve-

935 1487 1010 1546 ni,
1046 1487 1139 1542 sed
1173 1488 1266 1543 ille
1299 1504 1386 1544 me

933 1559 1025 1612 45.
1071 1559 1239 1614 misit.
1283 1561 1463 1628 Quare

930 1628 1197 1698 loquelam

930 1715 1045 1753 mea
1055 1717 1103 1754 ut
1131 1703 1151 1731 ²
1183 1720 1287 1757 non

929 1770 1305 1841 adgnoscitis?

928 1842 1060 1909 Quia
1095 1859 1198 1897 non
1231 1861 1298 1914 po
1313 1878 1326 1886 ο

933 1914 1087 1968 testis
1117 1917 1270 1970 audi—

932 2000 991 2039 re
1021 1986 1242 2040 verbum

933 2072 1110 2110 meum
1123 2098 1133 2110 .
1426 2103 1432 2108 .

933 2125 1023 2180 44,
1073 2127 1176 2182 Vos
1207 2127 1275 2184 de
1303 2128 1461 2184 Patre

934 2199 1153 2253 diahulo
1181 2201 1312 2255 estis
1339 2218 1350 2254 :

934 2280 986 2323 et
1017 2271 1284 2326 desideria

935 2340 1108 2396 Patris
1136 2359 1254 2397 ves-

935 2417 1346 2468 trivu...s

999 2524 1012 2538 .
1054 2501 1198 2540 cere.
1244 2486 1284 2542 ll
1329 2528 1341 2540 .
1387 2527 1398 2538 .
1445 2500 1475 2541 e

939 2595 952 2610 .
999 2595 1012 2608 .
1059 2597 1072 2610 .
1117 2557 1255 2612 icida

933 2637 1048 2682 erat
1079 2628 1148 2681 ab
1181 2629 1352 2697 initio,

932 2708 986 2753 et
1014 2700 1067 2752 in
1097 2703 1290 2754 verita.

932 2779 1037 2824 tem
1073 2786 1178 2824 DOII
1211 2781 1318 2824 Sit?-

931 2843 994 2895 tit
1025 2858 1036 2893 :
1076 2843 1331 2910 quoniam

929 2928 1036 2966 non
1069 2922 1154 2966 est
1191 2914 1334 2968 veri-

930 2993 1014 3038 tas
1043 2985 1093 3037 in
1127 2985 1220 3038 illo
1246 3003 1259 3040 :

927 3071 1048 3110 cum
1081 3057 1321 3120 loquitur

929 3128 1298 3192 mendacium,

927 3198 996 3252 de
1029 3213 1128 3252 suo
1160 3199 1332 3268 loqui-

930 3280 1035 3332 tur,
1070 3273 1327 3340 quoniam

2222 316 2454 375 CODEX
2494 315 2940 376 VERONENSIS.

1799 432 1908 470 non
1943 423 2127 469 manet
2158 413 2210 467 in

1797 489 1960 542 domo
1989 487 2042 540 itt
2078 496 2256 539 aeter-

1801 574 1969 612 num:
2016 572 2138 610 nam
2177 555 2264 611 Fi-

1799 631 1901 684 lius
1936 638 2116 683 manet
2147 629 2201 682 in

1797 712 2099 756 aeternum.

1797 773 1887 826 56.
1931 774 1984 827 Si
2019 785 2147 841 ergo
2177 785 2272 826 vos

1800 844 1966 899 Filius
1999 844 2189 898 libera-

1797 919 1957 979 verit,
1990 931 2116 969 vere

1795 987 1950 1042 liberi
1983 986 2156 1040 eritis.

1796 1058 1885 1112 57.
1931 1058 2054 1114 Scio
2081 1057 2205 1128 quia
2237 1055 2312 1128 (a)

1798 1144 1992 1185 semen
2021 1130 2058 1200 οξ·

1796 1200 2046 1256 Abrahae

1796 1275 1929 1327 estis
1955 1292 1966 1326 :
2003 1283 2056 1326 et
2085 1287 2252 1341 quae-

1795 1345 1914 1397 ritis
1946 1359 2032 1399 me
2064 1345 2207 1397 occi-

1795 1413 1950 1478 dere,
1981 1415 2239 1485 quoniam

1796 1487 2018 1542 verbum
2062 1501 2241 1541 meum

1798 1573 1904 1611 non
1935 1569 2093 1622 capet
2125 1559 2176 1611 itt

1797 1629 1886 1683 58.
1926 1628 2101 1702 vobis.
2148 1630 2288 1702 Ergo

1797 1701 1937 1767 quod
1972 1701 2078 1754 vidi
2111 1701 2242 1769 aput

1796 1770 2009 1828 Patrem
2040 1788 2241 1838 meum,

1796 1843 1898 1898 hoc
1932 1846 2121 1910 loquor
2147 1862 2160 1898 :

1794 1923 1851 1970 et
1878 1931 1972 1969 γωδ
2001 1914 2076 1987 (b)
2105 1932 2234 1988 ergo
2254 1916 2295 1988 -ιι

1795 2002 1933 2055 quae
1969 1988 2179 2043 vidistis

1795 2065 1926 2124 aput.
1956 2057 2172 2113 Patrem

1798 2140 2058 2192 vestrum,
2091 2129 2273 2185 facite.

1797 2200 1889 2255 59.
1933 2199 2376 2270 Respooderunt,

1797 2281 1854 2326 et
1883 2271 2175 2328 dixerunt:

1797 2342 1958 2397 Pater
1991 2354 2175 2398 uoster

1797 2414 2068 2468 Abraham
2098 2427 2202 2472 est.

1797 2485 1944 2539 Dixit
1969 2496 2148 2542 autem

1795 2557 2098 2632 eisilesus:
2130 2559 2211 2632 (ά)

1797 2628 1852 2684 Si
1887 2629 1985 2683 Fili
2016 2628 2269 2686 Abrahae

1795 2702 2012 2766 essetis,
2047 2719 2213 2771 opera

1793 2772 1978 2840 utique
2008 2774 2123 2843 ejus

1796 2844 2047 2916 faceretis
2073 2846 2134 2916 1-.

1793 2913 1883 2968 40.
1925 2913 2284 2970 Νιιηοήιιιθηι

1794 2987 2053 3052 quaeritis
2083 3003 2169 3041 me

1792 3055 2063 3122 occidere,
2100 3058 2274 3112 homi-

1795 3142 1939 3189 nem,
1977 3131 2065 3193 qui
2099 3130 2242 3183 veri-

1793 3207 1957 3253 tatem
1991 3199 2202 3254 locutus

1791 3286 1908 3323 sum
1940 3272 2114 3337 Vobis,
2147 3287 2308 3342 quam

2634 415 2809 470 Patris
2843 412 3027 467 vestri.

2635 487 2896 542 Dixerunt
2919 486 2968 537 ei
2997 501 3008 535 :

2636 559 2742 612 Nos
2772 572 2836 610 ex
2877 555 3108 610 fornica-

2631 631 2776 684 tione
2807 644 2912 682 non
2945 640 3130 680 sumus

2630 702 2739 756 ttati
2769 719 2780 753 :
2819 716 2981 752 unum

2631 774 2849 828 Patrem
2885 771 3148 824 habemus

2634 846 2820 899 Dcutn.

2628 913 2720 970 49..
2763 913 2836 984 (ρ)
2869 911 3007 966 Dicit
3031 912 3071 983 -ιι

2632 990 2710 1041 eis
2732 985 2922 1042 Josus:

2631 1058 2687 1114 Si
2724 1059 2863 1112 Deus
2897 1057 3057 1110 Pater
3086 1069 3178 1109 ve-

2633 1142 2746 1185 ster
2773 1139 2948 1192 esset,
2983 1127 3171 1197 dilige-

2634 1203 2765 1256 retis
2796 1203 2976 1268 utique
3008 1214 3113 1256 me.

2635 1272 2750 1341 Ego
2778 1274 2920 1325 enim
2953 1287 3021 1324 ex

2633 1344 2744 1399 Deo
2767 1342 3029 1413 processi,

2629 1422 2684 1468 et
2710 1416 2831 1469 veni
2859 1432 2870 1466 :
2897 1427 2996 1468 nec

2625 1486 2769 1541 enim
2801 1502 2830 1539 a
2860 1500 2944 1539 me

2625 1559 2774 1624 veni,
2807 1556 2899 1610 sed
2925 1556 3015 1610 ille

2626 1630 2717 1684 45.
2758 1645 2844 1684 me
2878 1628 3042 1701 misit.
3069 1632 3209 1701 Qua-

2629 1717 2687 1755 re
2730 1700 3021 1768 quuellam

2628 1788 2804 1828 meam
2836 1788 2941 1828 11011
2972 1787 3062 1830 (‘0-

2625 1842 2927 1914 gnosritis?
2958 1844 3104 1909 Quo-

2630 1918 2772 1970 niam
2807 1930 2910 1968 non
2936 1929 3030 1983 po-

2630 1987 2783 2041 testis
2804 1985 2994 2039 audire

2630 2058 2852 2111 verbum
2885 2073 3088 2115 meum.

2628 2127 2722 2184 4t.
2765 2128 2878 2184 Vox
2903 2144 2967 2182 ex
3000 2132 3160 2188 Patre

2628 2200 2848 2254 diabolo
2878 2203 3008 2255 estis
3035 2221 3046 2258 :

2629 2283 2679 2326 et
2703 2273 3095 2342 concupiscen-

2631 2344 2756 2397 tiatn
2791 2343 2965 2396 Patris

2630 2415 2795 2469 vestri
2833 2414 2997 2470 vultis

2630 2486 2830 2540 favere.
2863 2485 2960 2540 llle

2632 2558 2902 2612 homicida
2928 2558 3032 2614 fuit

2629 2631 2697 2685 ah
2731 2631 2907 2692 initio,
2937 2640 2990 2685 et
3023 2633 3074 2688 in

2631 2701 2859 2756 veritate
2887 2718 2992 2757 non

2631 2774 2785 2828 stetit
2819 2790 2831 2824 :

2629 2847 2753 2914 quia
2787 2844 2989 2899 veritas

2631 2917 2682 2970 in
2713 2930 2778 2968 co
2804 2931 2909 2968 non
2939 2925 3021 2968 est
3053 2933 3067 2969 :

2628 2985 2844 3056 quando
2863 2986 3032 3051 loqui-

2630 3055 2715 3111 tur
2741 3055 3104 3120 mendacium,

2629 3128 2696 3183 de
2718 3130 2828 3182 suis
2860 3129 3033 3194 loqui-

2630 3209 2735 3264 tur,
2773 3200 3028 3268 quoniam

2629 3272 2856 3326 mendax
2887 3279 2990 3336 est,

3295 191 3405 253 414

928 3343 1156 3395 mendax
1190 3352 1294 3406 est,

927 3417 1068 3467 sicut
1097 3423 1152 3467 et
1184 3413 1344 3467 Pater

130 3338 209 3394 hoc
235 3343 488 3399 Abraham

1790 3342 1972 3394 audivi
2005 3360 2033 3396 a
2066 3343 2177 3398 Deo
2203 3362 2215 3396 :
2627 3343 2765 3397 sit-ut
2792 3354 2845 3398 et
2870 3344 3028 3398 Pater

127 3409 197 3486 «it.
233 3428 324 3486 non
358 3418 502 3482 fecit,
539 3415 693 3486 quod
927 3417 1068 3467 sicut
1097 3423 1152 3486 et
1184 3413 1388 3486 Pater_
1503 3481 1514 3486 Α
1636 3482 1648 3486 _
1792 3412 1894 3466 hoc
1927 3411 2198 3486 Abraham
2626 3416 2672 3486 ej

1792 3412 1894 3466 hoc
1927 3411 2198 3469 Abraham
2626 3416 2762 3479 ejus.

132 3481 242 3535 ‘vos
267 3484 450 3558 facitis,
494 3481 497 3482 ⁷
567 3481 580 3486 ’
927 3486 1033 3558 45.
1060 3485 1197 3554 ejus.
1349 3483 1462 3554 Ego
1487 3481 1529 3553 ’ί-
1559 3482 1685 3555 quia

1625 3482 1685 3538 tia
1793 3501 1897 3558 non
1933 3485 2080 3539 fecit.
2188 3557 2191 3558 ν
2625 3484 2714 3539 45.
2758 3484 2830 3558 (Ῑ)
2863 3486 2973 3556 Ego
2998 3486 3036 3557 ἦ·
3061 3486 3185 3557 quia

127 3564 258 3637 opera
284 3555 458 3615 Patris
927 3557 1207 3637 veritatem
1924 3557 2002 3637 (ά)
2037 3558 2142 3613 Sed
2169 3557 2212 3629 -ι-
2242 3573 2338 3613 vos
2365 3631 2368 3634 Q
2628 3555 2925 3637 Veritatem
2944 3555 3068 3613 dico

128 3630 276 3681 Vestri.
927 3627 1070 3691 dico,
1106 3643 1214 3682 non
1245 3642 1365 3683 cre-
1792 3627 1971 3684 facitis
1999 3627 2194 3699 Opera
2365 3631 2368 3634 ’
2627 3631 2803 3698 vobis,
2829 3645 2936 3683 non

1412 3718 1645 3776 CODEX
1683 3719 2079 3778 BRIXIANUS.

126 3823 201 3888 vus
243 3824 409 3870 autem
469 3831 586 3870 non
641 3824 823 3869 manet
878 3813 965 3888 in_
986 3811 1150 3869 domo
1187 3813 1253 3888 ill
1271 3823 1567 3888 aeternum
1599 3811 1691 3888 _Fi-
1799 3815 2070 3888 tricatiope
2097 3833 2203 3872 non
2246 3832 2434 3871 sumus
2483 3819 2614 3872 uati.
2661 3832 2825 3872 unum
2867 3813 3081 3871 Patrem
3128 3815 3390 3872 habemus

128 3879 205 3935 lius
237 3898 408 3959 manet
477 3887 556 3959 iur
595 3899 874 3959 aeternum
934 3885 1005 3959 δε
1039 3900 1168 3959 ergo
1217 3885 1392 3959 Filius
1431 3901 1526 3938 vos
1560 3885 1692 3959 libe;
1799 3879 2016 3942 Deutn.‘
2046 3888 2186 3942 Dixit
2229 3905 2358 3959 ergo
2406 3891 2486 3944 eis
2524 3887 2700 3944 .lesus.
2748 3889 2802 3942 Si
2847 3889 2983 3941 Dens
3019 3889 3174 3941 l’ater
3209 3899 3390 3944 vester

126 3957 289 4030 faverit
333 3973 457 4013 vere
520 3958 697 4030 livet'i
736 3957 908 4011 eritis.
975 3956 1102 4011 Scio
1148 3959 1272 4026 quia
1327 3955 1402 4027 (a)
1444 3955 1691 4030 setttett'l-
1797 3966 1966 4012 eSset.
2030 3955 2328 4030 di|:gereti's
2368 3961 2553 4028 utique
2594 3977 2700 4014 me.
2748 3959 3012 4027 Quoniam
3043 3975 3143 4027 ego
3196 3975 3224 4012 a
3283 3961 3392 4013 Ite.)

126 4024 336 4080 Abrahae
385 4031 543 4085 estis.
607 4029 700 4084 sed
753 4029 1016 4090 quaeritis
1074 4024 1518 4082 tne'intertiCere.
1566 4024 1689 4096 quia
1798 4032 2037 4096 processi
2090 4024 2152 4086 ei
2202 4032 2324 4086 vt-ni
2385 4024 2489 4086 non
2543 4033 2686 4084 enim
2728 4024 2899 4084 a'nte
2951 4024 3251 4099 ipso—veni.
3294 4030 3388 4084 sed

128 4107 270 4151 Sermo
325 4119 474 4154 meus
553 4117 660 4153 non
722 4101 862 4171 capit
926 4101 977 4152 in
1027 4099 1199 4154 vobis.
1251 4101 1360 4168 [ego
1402 4115 1541 4166 quae
1584 4099 1688 4171 vidi
1800 4100 1894 4155 ille
1925 4119 2008 4155 me
2041 4104 2206 4156 misit.
2237 4107 2414 4168 Quare
2447 4103 2732 4171 loquellam
2776 4119 2947 4156 ineant
2978 4118 3084 4155 non
3107 4103 3391 4167 cognosci-

126 4181 223 4242 aput
266 4172 470 4225 I’atretn
527 4188 710 4226 meum
781 4170 993 4242 loquor.
1041 4178 1094 4223 et
1136 4186 1228 4223 vos
1274 4187 1411 4240 quae
1459 4170 1689 4223 audistis
1801 4173 1886 4226 tis.
1933 4173 2067 4240 Quia
2100 4193 2204 4227 ttott
2240 4177 2462 4242 potestis
2487 4170 2673 4228 audire
2709 4191 3016 4226 sermonem
3049 4190 3245 4227 meum.
3289 4171 3393 4226 Vos

127 4249 146 4286 a
191 4237 329 4296 Patre
408 4254 600 4298 vestro
669 4237 868 4297 facitis:
948 4237 1367 4311 Responderunt
1418 4253 1472 4297 et
1537 4243 1689 4296 daxc-
1799 4259 1861 4298 ex
1888 4237 2046 4300 Patre
2074 4237 2290 4298 tliatmlo
2318 4245 2473 4300 estis.
2503 4256 2555 4300 ct
2582 4246 2848 4298 desideria
2881 4245 3054 4298 Patris
3083 4246 3245 4296 vestri
3279 4243 3395 4296 vul-
3484 4309 3488 4312 ⁵

128 4320 224 4362 runt
249 4315 312 4367 ei.
364 4315 524 4368 Patrr
561 4325 746 4369 noster
780 4313 1050 4368 Abraham
1107 4323 1210 4367 est.
1275 4315 1412 4366 Ilicit
1470 4314 1547 4366 eis
1597 4313 1688 4368 Je-
1798 4319 1865 4368 tis
1901 4316 2099 4371 facere.
2127 4315 2223 4369 ltte
2260 4318 2523 4372 homicida
2555 4317 2682 4372 tat-it
2712 4319 2777 4369 ab
2807 4317 2972 4369 initio.
3007 4327 3056 4368 et
3089 4318 3137 4368 in
3171 4317 3396 4369 veritate

126 4393 212 4456 sus.
253 4388 316 4453 (c)
363 4387 414 4440 Si
457 4387 585 4441 Filii
643 4387 890 4440 Abrahae
951 4385 1166 4440 eSsetis.
1217 4401 1378 4454 opera
1441 4386 1690 4439 Abrahae
1794 4402 1902 4440 non
1934 4391 2104 4442 stetit.
2139 4391 2262 4456 quia
2298 4407 2401 4442 non
2432 4401 2512 4442 est
2543 4387 2744 4442 Veritas
2771 4388 2821 4440 in
2851 4403 2933 4440 eo.
2972 4403 3093 4440 cum
3145 4387 3395 4456 lttquI‘lttl‘

128 4447 425 4530 laceretisf.
481 4461 638 4512 Nune
692 4473 870 4510 autem
922 4458 1178 4530 quaeritis
1229 4447 1317 4510 me
1357 4459 1685 4510 iotet'tieere.
1795 4447 2270 4530 tttendaeiumaex,
2309 4462 2538 4528 propriis
2585 4460 2839 4530 loquitur.
2875 4461 2997 4524 quia
3049 4447 3277 4512 mendax
3312 4467 3396 4512 est

128 4527 378 4603 nominetur
407 4531 497 4596 qui
553 4529 840 4603 veritatem,
887 4529 1040 4582 Vobis
1085 4530 1294 4603 locutus
1331 4543 1470 4603 s_u_tn.
1517 4544 1684 4603 quam
1789 4539 1843 4582 et
1866 4529 2191 4603 Paterojus.
2226 4527 2336 4602 Ego
2364 4543 2543 4586 autrtn
2573 4527 2698 4603 quia
2725 4532 3006 4585 veritatem
3030 4530 3241 4585 locutus
3271 4546 3390 4584 sum

128 4595 267 4649 audivi
298 4619 321 4649 ει
360 4595 492 4654 Deo.
550 4601 652 4653 hoc
681 4598 953 4653 Abraham
1006 4615 1112 4652 non
1148 4597 1297 4652 fecit.
1355 4598 1465 4652 Vos
1511 4595 1686 4653 facitis
1791 4601 1961 4655 vobis.
1997 4595 2241 4657 noricrc~

127 4673 258 4726 Opera
284 4670 454 4727 Patris
482 4673 674 4727 vestri.
724 4671 982 4726 Dixerunt
1010 4670 1191 4741 itaque
1215 4671 1286 4725 ei.
1331 4669 1441 4724 Nos
1467 4686 1534 4725 ex
1571 4671 1683 4724 tor-

1373 4784 1610 4840 CODEX
1647 4783 2123 4842 CORBEIENSIS.

293 4880 463 4938 Filius
505 4890 690 4936 manet
731 4883 783 4935 in
824 4888 1150 4953 aeternum,
1585 4949 1632 4953 __
1873 4881 1963 4935 44.
1992 4896 2056 4936 ex
2089 4881 2200 4953 suis
2244 4881 2477 4951 propriis
2513 4879 2782 4952 loquitur,
2833 4881 2956 4953 quia
2983 4881 3004 4912 ³
3027 4881 3254 4938 utendas
3284 4891 3392 4952 est,

181 4945 257 5004 40.
299 4956 570 5008 hominem
599 4995 613 5012 .
673 4954 763 5023 qui
820 4952 1103 5007 veritatem
1140 4952 1352 5008 locutus
1387 4958 1472 5007 est
1513 4949 1688 5018 vobis,
1801 4953 1939 5008 sicut
1970 4953 2126 5006 Pater
2155 4945 2294 5022 ejus.

129 5028 257 5096 quam
287 5029 491 5096 audivit
527 5041 555 5079 a
589 5025 724 5080 Deo.
812 5095 815 5096 ν
1801 5089 1810 5094 _
1868 5026 1957 5080 45.
1997 5024 2017 5055 δ
2046 5025 2162 5095 Ego
2189 5027 2314 5096 quia
2345 5025 2626 5080 veritatem
2656 5025 2799 5094 dico,
2829 5041 2937 5081 non
2969 5025 3192 5082 creditis
3231 5026 3387 5082 tnihi.

184 5090 260 5144 tt.
296 5093 403 5150 Nos
441 5113 511 5150 cx
551 5095 932 5166 prostitutione
976 5109 1082 5149 non
1123 5110 1331 5150 sumus.

1315 5184 1713 5247 VARIANTES
1750 5186 2158 5244 LECTIONES.

173 5275 189 5350 ξ
220 5281 330 5350 ym.
355 5296 442 5332 vos
467 5284 628 5350 facite.
666 5285 809 5350 Vulg.
837 5298 923 5350 vos
946 5283 1119 5334 facitis.
1282 5348 1288 5350 _
1319 5345 1329 5350 _
1370 5346 1389 5350 _
1855 5281 1878 5312 ⁸
1912 5281 2018 5331 Gat.
2044 5281 2150 5346 Ego
2171 5288 2336 5332 autem
2357 5282 2471 5345 quia
2497 5283 2777 5333 veritatem.
2803 5285 2921 5333 Mm.
2945 5282 3052 5346 Ego
3071 5283 3185 5346 quia
3209 5281 3392 5332 verita-

172 5338 189 5412 ξ
218 5341 316 5412 (iul.
351 5360 444 5412 non
466 5338 924 5412 cirstoditis?"7'u.’g.
948 5361 1042 5396 non
1067 5345 1393 5412 cognoscitis?
1791 5351 1910 5392 ιϐιῐιι

173 5401 190 5430 ³
220 5406 328 5455 Mm.
355 5407 561 5460 Mendax
589 5417 685 5474 est,
707 5413 831 5462 sicut
853 5401 904 5463 εἶ
927 5418 1064 5474 pater
1089 5401 1212 5471 ej'us.

1450 5488 1814 5548 BLANCIIINI
1854 5491 2082 5548 NOTAE.

131 5575 250 5679 ἶνές)
291 5577 462 5679 Ιξδξέ
501 5596 602 5677 lex.
644 5589 748 5679 ‘Gt‘.
800 5590 1031 5679 σπέρμα.
1069 5584 1259 5679 -l-J‘(b‘)
1279 5585 1377 5679 lite
1419 5595 1633 5679 etJtex.
1659 5585 1768 5679 .Gr.
1799 5583 1906 5648 οὖν.
1929 5587 2110 5679 —n(t‘)
2142 5589 2296 5679 Itamet
2332 5587 2566 5679 tex.\G't:.
2595 5591 2638 5642 εἰ
2831 5593 2925 5679 τεῦ
2949 5586 3178 5679 ’ξϐραάμ
3197 5585 3307 5679 ἧτῇ
3329 5590 3396 5643 τά

126 5657 229 5721 ςργα
257 5661 344 5707 τοῦ
378 5657 600 5784 Ἁϐςᾳὰμ
641 5665 856 5719 ἐποιεῖτε
896 5657 973 5717 ai.
1002 5690 1072 5700 —-
1097 5659 1180 5728 (ά)
1211 5658 1376 5712 Addit
1415 5658 1531 5723 sed,
1572 5658 1693 5738 eod.
1734 5675 1948 5729 quoque
1989 5657 2143 5714 Cant.
2307 5689 2374 5701 ——
2403 5658 2472 5729 (ε)
2508 5660 2632 5726 Post
2661 5659 2807 5738 dicit.
2853 5659 3007 5733 deest
3037 5657 3194 5732 'crgo,
3225 5657 3390 5722 etiam

127 5727 168 5770 tn
196 5735 326 5778 vers.
359 5726 464 5783 Got
486 5746 599 5789 uca.
625 5734 778 5812 —(f)
809 5735 934 5790 Post
963 5749 1086 5809 ego,
1115 5732 1270 5788 deest
1299 5739 1472 5793 autem
1491 5771 1506 5798 ,
1538 5738 1700 5786 ettatn
1732 5731 1786 5786 in
1815 5731 1939 5796 cod.
1971 5730 2125 5800 Cant.
2457 5740 2466 5746 ‘
3200 5806 3205 5811 _

315 5765 326 5778 ο
362 5765 599 5789 υνιιιιια.
625 5765 778 5800 -λυ
809 5765 934 5790 ruas
963 5765 1086 5800 690’
1115 5765 1270 5788 υῦυθυ
1299 5765 1472 5793 "cura"
1491 5771 1506 5798 ,
1538 5765 1700 5786 Ilum"
1732 5765 1786 5786 "l
1815 5765 1939 5796 vv“.
1971 5765 2125 5800 uiue.
