3950 6194
588 234 695 290 425

982 343 1214 401 CODEX
1251 339 1789 399 VERCELLENSIS.

1424 435 1557 501 Quia
1586 432 1722 486 vidi-

1425 521 1567 562 mus.
1591 505 1876 559 Peccatum

1425 592 1554 647 ergo
1585 585 1821 630 vestrum

1428 656 1609 703 manet
1638 647 1691 701 in
1721 661 1813 701 vo-

1429 722 1529 777 bis.

592 450 647 498 et
677 450 730 497 tu
755 438 916 496 doces

592 513 731 568 nos?

592 584 663 639 Et
688 584 964 654 ejecerunt

592 655 741 710 illiilli
774 656 922 709 foris.

592 727 681 781 55.
724 726 941 781 Audivit
968 724 1129 781 Jesus

591 800 713 867 quia
741 798 917 867 eiece-
1639 808 1873 867 CAPUT
1912 808 1979 863 χ.

596 910 610 922 .
656 908 669 921 .
712 886 781 922 un
826 908 840 922 .
886 909 901 922 .
942 868 1051 922 lum

596 910 610 923 .
656 908 669 921 .
712 886 781 923 un
826 908 840 923 .
886 909 901 925 .
944 883 1051 923 tum

590 941 767 1013 foris»:
798 940 871 1013 (a)
897 948 952 996 et
984 941 1139 995 inve-
1446 1000 1479 1013 Π
1502 929 1552 982 1.
1595 927 1790 1013 Arnen,
1816 940 1971 979 amcn

1429 1000 1551 1055 dico
1574 999 1729 1053 vobis
1760 1015 1772 1050 :

1428 1072 1519 1142 qui
1547 1086 1651 1124 non
1684 1070 1764 1142 in-

1430 1140 1537 1197 trat
1562 1157 1658 1212 per
1682 1140 1764 1211 ja-

1431 1211 1591 1268 nuam
1618 1214 1638 1242 ¹
1672 1215 1727 1266 in
1758 1211 1872 1264 ovi-

1426 1284 1478 1340 le
1500 1287 1701 1350 ovium,
1734 1292 1817 1337 est

591 1013 673 1067 nit
701 1011 877 1076 illum,
909 1021 964 1068 et

590 1082 728 1139 dixit
755 1084 795 1153 σξη
819 1084 894 1138 1111
930 1101 942 1136 ;
976 1083 1055 1137 Tu

590 1155 768 1210 credis
792 1156 843 1209 in
878 1153 1007 1209 Fili—

590 1242 680 1280 um
708 1226 844 1280 Dei?

591 1298 681 1353 36.
724 1296 1025 1368 Rt'SpOItdit
1054 1315 1068 1351 :
1102 1294 1235 1364 Quis
1426 1294 1478 1368 le
1500 1294 1701 1368 ovium,
1716 1294 1809 1368 gs!

590 1378 696 1432 est,
729 1354 986 1435 Domine,
1011 1377 1071 1424 ut
1112 1354 1146 1364 τ
1522 1357 1679 1438 Ιειιῑτς).
1712 1354 1811 1423 Qui
1839 1368 1931 1408 au-

589 1440 805 1496 credam
833 1442 886 1497 in
918 1441 981 1495 11-
1430 1437 1535 1483 tem
1569 1436 1734 1482 intrat
1759 1441 1853 1496 per

591 1513 605 1566 Ι
643 1551 665 1567 ,.
708 1511 767 1565 .?
1423 1500 1667 1569 januam,
1707 1514 1827 1566 pas-

589 1583 680 1638 57.
710 1582 777 1638 Ai
818 1621 832 1637 .
877 1623 892 1637 .
935 1621 949 1635 .
995 1622 1011 1641 .
1045 1581 1355 1638 iJesus;Et
1430 1580 1513 1625 tor
1542 1581 1624 1626 est
1650 1571 1857 1623 ovium.

590 1654 772 1709 vidisti
799 1670 949 1719 eum,
999 1638 1008 1641 ⁷
1427 1642 1480 1697 5.
1522 1642 1658 1697 Huic
1685 1641 1705 1671 ³
1736 1638 1949 1722 ostiari-

589 1736 646 1782 et
671 1728 762 1796 qui
790 1726 962 1796 loqui-
1432 1754 1444 1768 .
1489 1754 1503 1769 .
1551 1754 1566 1767 .
1608 1719 1805 1796 aperit,
1838 1719 1894 1796 et

590 1784 733 1852 tur'.
778 1836 792 1850 .
954 1812 1029 1861 m,
1430 1826 1442 1839 .
1490 1827 1503 1839 .
1548 1826 1561 1839 .
1602 1800 1628 1838 s
1656 1784 1881 1863 audiunt

1429 1896 1443 1910 .
1490 1896 1504 1911 .
1530 1870 1700 1910 locem
1725 1870 1864 1922 ejus,

588 1883 757 1937 ipsee
799 1908 812 1922 .
856 1906 871 1921 .
919 1909 934 1924 .
980 1897 1043 1919 .-
1429 1896 1443 1910 ο
1490 1883 1793 1922 .ιυυ‹;ιιιιῖμ

587 1940 678 1995 58.
719 1938 834 1994 xit:
862 1938 1064 2003 Credo,
1429 1969 1442 1982 .
1490 1970 1503 1983 .
1545 1943 1642 2010 uas
1660 1941 1793 1981 oves

589 2010 836 2065 Domine.
863 2010 930 2065 Et
953 2010 1084 2066 ado—
1425 2013 1793 2080 propriasvo-

588 2083 728 2137 ravit
753 2098 897 2138 eum.
1424 2083 1511 2127 cat
1541 2084 1787 2125 numina—

587 2153 677 2209 59.
718 2156 807 2209 Ait
844 2153 1006 2209 Jesus
1040 2173 1052 2209 :
1086 2151 1167 2207 Ad
1198 2149 1351 2208 Judi-
1425 2143 1544 2207 lim.
1577 2150 1632 2196 et
1657 2140 1807 2195 ducit

586 2225 730 2279 cium
759 2241 860 2296 ego
887 2240 982 2281 ve—
1420 2214 1477 2269 4.
1520 2214 1656 2296 illas.
1685 2213 1750 2266 Et
1778 2224 1902 2265 cum

587 2296 644 2351 ni
673 2300 724 2351 itt
744 2280 901 2369 rli‘tinc
942 2280 945 2281 ν
1424 2300 1552 2369 suas
1579 2284 1649 2369 (ε)
1680 2298 1869 2369 omnes
1896 2280 1936 2350 ’ξ’

586 2368 850 2423 mundum
888 2387 900 2424 :
1426 2363 1671 2428 ejeccrtt,
1704 2363 1829 2428 ante

588 2448 648 2494 ut
674 2440 767 2510 qui
794 2454 900 2495 non
1431 2427 1465 2483 .⁷
1492 2465 1506 2480 .
1548 2427 1647 2481 llas
1670 2427 1833 2491 vadit,
1852 2432 1908 2481 et

591 2511 752 2567 viden
796 2551 809 2565 .
857 2554 870 2567 .
915 2549 929 2564 .
975 2547 989 2563 .
1033 2550 1047 2564 .
1078 2538 1106 2548 -
1435 2541 1447 2553 .
1496 2539 1509 2553 .
1549 2514 1609 2554 es
1635 2513 1758 2552 cum
1785 2512 1870 2578 se:

589 2591 1153 2638 ant.......-
1432 2582 1904 2636 ....ur,quta

587 2654 717 2709 dent
745 2653 895 2710 caeci
1433 2685 1445 2697 .
1489 2681 1505 2696 .
1551 2682 1564 2696 .
1613 2679 1628 2694 .
1677 2681 1690 2694 .
1731 2650 1860 2722 runt

586 2726 739 2781 ﬁant.
1429 2753 1443 2767 .
1491 2756 1505 2770 .
1548 2726 1699 2768 ocem
1727 2725 1867 2780 ejus.

1427 2787 1480 2841 5.
1528 2830 1538 2839 .
1587 2822 1600 2837 .
1644 2782 1976 2837 lterumnou

1429 2897 1442 2910 .
1489 2896 1504 2910 .
1550 2896 1562 2909 .
1607 2864 1791 2918 untur,
1818 2852 1914 2908 sed

1426 2927 1636 3000 fugiunt
1659 2928 1726 2979 ab
1755 2927 1817 2979 il-

1426 2996 1522 3054 lo':
1556 3001 1681 3067 quia
1713 2996 1888 3052 nesci-

1425 3082 1521 3127 unt
1548 3072 1692 3126 illius
1715 3084 1810 3124 vo-

1424 3159 1562 3199 cem.

1424 3214 1477 3269 6.
1520 3214 1633 3269 Hoc
1660 3210 1941 3281 proverbi-

1427 3302 1514 3340 um
1542 3286 1677 3339 dixit
1708 3283 1814 3337 illis

1424 3357 1602 3412 Jesus.
1629 3355 1708 3409 illi
1738 3361 1920 3407 autem

1425 3443 1532 3482 non
1562 3439 1764 3496 cogno-

1426 3508 1624 3553 verunt
1641 3495 1791 3567 quod

1425 3570 1638 3625 locmus
1661 3579 1744 3621 est
1766 3567 1833 3621 il-

1427 3642 1479 3696 7.
1522 3641 1608 3695 lis.
1643 3639 1733 3696 Ait
1757 3652 1885 3710 ergo
1913 3638 2009 3693 ite-

587 2796 678 2852 40.
722 2799 739 2829 ⁸
775 2798 839 2852 Et
868 2794 1159 2852 audierunt

585 2868 751 2938 igitur
782 2873 915 2924 haec

585 2936 666 3012 (ὖ)
692 2956 757 2995 ex
788 2937 1094 2995 Pharisaeis
1121 2936 1184 3007 j,

584 3015 675 3082 qui
698 3027 825 3067 cum
854 3012 944 3065 illo

584 3093 762 3146 erant,
792 3092 848 3139 et
868 3082 1021 3137 dixe—

587 3163 712 3209 ruut
734 3154 809 3209 illi
842 3172 854 3207 :
885 3152 1045 3208 Num-

585 3226 714 3293 quid
741 3238 794 3280 et
826 3240 927 3278 nos

590 3297 738 3349 caeci
768 3294 993 3349 sumus?

587 3362 678 3419 41.
722 3366 811 3420 Ait
837 3364 947 3419 illis
973 3362 1130 3420 Jesus
1161 3379 1174 3416 :
1204 3362 1260 3417 Si

587 3436 734 3491 caeci
762 3438 979 3500 essetis,

591 3523 699 3561 non
730 3505 949 3561 tiaberis

588 3578 659 3633 tis
690 3590 990 3647 peccatum,

588 3650 687 3705 sed
713 3648 892 3704 dicitis
922 3665 935 3703 :

1123 225 1396 287 EUSEBII
1438 222 1776 281 VERCELL.
1819 218 2275 278 EVANGELIUM
2315 219 2455 277 CUM
2496 216 2726 277 VAlillS
2762 215 2916 275 COD.
2957 216 3349 275 COLLATCM.
3764 224 3843 278 :34

2719 332 2956 389 CODEX
2996 328 3443 388 VERONENSIS.

3123 427 3215 484 sed
3238 425 3416 481 dicitis
3442 443 3455 480 :

3124 500 3256 566 Quia
3284 497 3545 551 videmus.

3125 571 3410 625 Peccatum
3438 584 3529 624 ve-

2292 439 2341 484 ct
2373 439 2426 485 tu
2452 429 2614 486 doces

2291 503 2423 556 nos?
2456 501 2523 556 Et
2548 501 2659 571 eje-

2291 582 2479 627 cerunt
2500 589 2623 627 eum

2289 644 2455 732 geras;
3126 652 3297 698 strum
3329 650 3509 695 manet
3529 641 3581 695 in
3609 641 3763 698 vobis.

2291 852 2569 928 ejecerunt
3141 923 3174 928 η
3202 854 3252 907 1.
3294 852 3486 928 Amen,
3510 864 3659 928 amen

2291 922 2413 983 eum
2446 928 2591 983 foras
2625 946 2639 983 :
3123 923 3245 979 dico
3271 923 3458 978 vobis:
3490 922 3575 990 qui

2292 998 2368 1071 (a)
2401 1009 2453 1055 et
2480 1001 2629 1055 inve-

2293 1071 2367 1125 nit
2394 1086 2540 1137 eum,
2574 1081 2629 1126 et

2291 1142 2426 1195 dixit
2455 1143 2495 1213 ᾧ
2514 1143 2565 1197 ei
2596 1160 2608 1196 :

2292 1213 2372 1268 Tu
2401 1214 2579 1268 credis
2609 1215 2660 1267 in

2293 1284 2489 1339 Filium
2517 1284 2647 1339 Dei?

2292 1356 2381 1410 56.
2426 1356 2729 1423 Restioudit

2293 1428 2406 1491 ille,
2441 1438 2495 1481 et
2525 1427 2609 1481 di-

3127 1012 3231 1049 non
3260 995 3446 1049 introit
3480 1009 3573 1062 per

3122 1067 3339 1139 januam
3370 1065 3422 1119 in
3453 1065 3644 1139 Cohor-

3130 1137 3234 1193 tem
3260 1139 3462 1196 ovium.
3492 1137 3582 1192 sed

3128 1207 3371 1264 ascendit
3390 1210 3561 1263 aliun-

3128 1282 3215 1342 de,
3241 1279 3329 1334 ille
3354 1282 3438 1334 fur

3128 1362 3233 1412 est.
3260 1360 3310 1406 et
3341 1352 3501 1405 latro.

3128 1424 3182 1478 2.
3225 1421 3326 1490 Qui
3355 1432 3538 1477 autem
3568 1423 3740 1479 introit

2294 1501 2371 1553 xit
2397 1516 2409 1550 :
2441 1497 2572 1563 Quis
2595 1506 2700 1557 cst.
3132 1496 3491 1563 pcrjanuam,
3522 1495 3605 1549 hic

2296 1569 2523 1624 Domine
2540 1610 2556 1636 ,
3133 1577 3315 1633 pastor
3341 1575 3426 1620 est
3455 1568 3649 1619 ovium.

2295 1652 2350 1694 ut
2375 1641 2590 1695 credam
3130 1639 3182 1693 5.
3228 1637 3361 1691 lluic
3389 1638 3645 1692 ostiarius

3129 1708 3301 1779 aperit
3323 1750 3336 1773 ,
3362 1717 3417 1762 et
3450 1723 3575 1763 oves

3131 1796 3318 1835 vocem
3347 1779 3471 1848 ejus

3131 1851 3373 1913 audiunt,
3401 1860 3464 1904 et

3133 1938 3256 1978 suas
3277 1922 3522 1977 oviculas

3132 2002 3286 2049 vocat
3316 1992 3566 2048 nomina-

3136 2067 3247 2131 tim,
3275 2078 3327 2120 et
3352 2065 3557 2135 produ-

3134 2136 3189 2192 4.
3230 2138 3303 2191 cit
3322 2136 3472 2190 illas.
3505 2135 3635 2191 Cum

3133 2219 3311 2263 autem
3344 2223 3483 2263 oves

3134 2295 3260 2361 suas
3289 2278 3360 2361 (r)
3393 2294 3590 2335 omnes
3617 2277 3654 2347 ’ἲ

3132 2353 3395 2414 emiserit,
3441 2361 3561 2405 ante

3132 2422 3273 2492 ipsas
3296 2422 3477 2487 vadit,
3503 2431 3553 2477 ct
3576 2420 3681 2474 ovi—

3131 2495 3283 2549 cuiae
3313 2492 3473 2547 illum
3499 2508 3682 2548 secun—

3134 2574 3242 2631 tur,
3274 2564 3404 2634 quia
3439 2566 3611 2619 sciunt

3132 2637 3250 2706 ejus
3275 2652 3490 2692 Vocem.

3131 2709 3187 2764 5.
3228 2708 3482 2765 Alienum
3510 2715 3681 2762 autem

3130 2795 3236 2834 11011
3263 2792 3547 2843 δεριιηιυτ,

3130 2851 3225 2906 sed
3257 2851 3472 2921 fugiunt

3131 2924 3197 2976 ab
3219 2937 3286 2978 eo
3318 2940 3335 2978 :
3368 2924 3492 2993 quia

2294 1712 2348 1765 in
2378 1712 2566 1765 illum?

2293 1783 2383 1836 57.
2428 1783 2569 1836 Dixit
2594 1782 2643 1836 ei
2674 1781 2761 1837 Je-

2293 1868 2387 1908 sus
2415 1872 2426 1906 ι
2462 1852 2530 1907 Et
2558 1852 2637 1907 vi—

2295 1924 2442 1989 disti,
2471 1935 2526 1979 et

2295 1997 2385 2066 qui
2417 1995 2589 2064 loqui-

2296 2077 2384 2121 tur
2416 2076 2615 2131 tecum,

2297 2139 2386 2193 59.
2434 2141 2548 2208 ipse
2578 2145 2681 2192 est.
2717 2138 2773 2192 In

2290 2210 2550 2280 judicium
2579 2224 2679 2279 ego

2296 2284 2417 2336 veni
2448 2281 2502 2335 in
2536 2281 2681 2335 hunc

2298 2354 2557 2407 mundum
2590 2370 2601 2405 ι
2633 2362 2693 2406 ut

2294 2424 2385 2495 qui
2418 2439 2523 2477 non
2548 2423 2738 2478 vident

2293 2498 2547 2557 videant,
2581 2504 2636 2549 et

2293 2568 2381 2636 qui
2408 2568 2597 2620 vident

2293 2638 2439 2693 caeci
2467 2643 2614 2691 Iiant.

2294 2711 2380 2763 40.
2425 2708 2493 2763 Et
2523 2708 2812 2763 audierunt

2295 2778 2367 2851 (b)
2401 2795 2466 2834 ex
2492 2780 2680 2834 Phari-

2293 2854 2436 2905 saeis
2460 2852 2519 2921 4;,
2551 2853 2641 2922 qui

2292 2938 2414 2978 cum
2444 2938 2560 2992 ipso

2293 3006 2470 3059 erant,
2503 3004 2559 3048 et
2588 2994 2673 3049 di-

2292 3076 2491 3121 xerunt
2516 3067 2563 3120 ei
2601 3085 2615 3119 ;

2292 3136 2561 3208 Numquid
2591 3148 2647 3193 et

2293 3224 2391 3264 IIOS
2420 3224 2565 3263 CiteCI

2290 3281 2519 3334 sumus?

2290 3351 2383 3405 41.
2426 3351 2567 3406 Dixit
2602 3351 2681 3407 eis

2292 3421 2450 3477 Jesus
2482 3440 2495 3475 :
2529 3425 2587 3479 Si
2616 3422 2763 3478 caeci

2291 3495 2512 3554 essetis.
2548 3509 2657 3549 non

2293 3566 2571 3619 habereus

2295 3648 2599 3706 peccatum,

3131 3009 3238 3048 non
3271 3002 3545 3049 noverunt

3129 3066 3247 3135 ejus
3268 3080 3483 3121 vocem.

3128 3138 3184 3191 6.
3230 3137 3344 3192 lloc
3378 3151 3597 3205 prover-

3132 3208 3283 3262 bium
3316 3209 3456 3263 dixit

3130 3279 3239 3333 illis
3262 3279 3446 3334 Jesus.

3134 3350 3215 3405 Illi
3238 3362 3422 3405 autem

3134 3438 3239 3476 non
3264 3436 3540 3492 Cognove—

3133 3494 3432 3563 runtqnod

3135 3566 3466 3636 loquebatur
3488 3564 3584 3619 eis.

3134 3637 3188 3691 7.
3214 3633 3378 3692 ’Dixit
3402 3650 3535 3707 ergo
3553 3633 3630 3689 eis

1910 3750 2141 3808 CODEX
2177 3749 2575 3808 BRIXIANUS.

588 3869 644 3917 et
667 3870 720 3916 tu
748 3858 911 3916 duces
934 3872 1052 3913 nos.
1079 3854 1577 3926 Etejecerunteum
1593 3847 1969 3926 fnrisAudi‘vit
1999 3853 2179 3926 autem

587 3932 768 3989 Jesus.
814 3934 936 4003 quia
978 3920 1254 4003 ejeceruiit
1293 3924 1843 4003 eumﬂiorasaetcu‘m
1888 3920 2186 4003 invenisset

587 4020 711 4060 eum
738 3990 875 4059 dixit
904 4003 974 4057 ei.
1001 3990 1080 4055 'i'u
1105 4000 1284 4056 Credis
1312 4001 1363 4051 in
1396 3995 1589 4049 Filium
1620 3994 1733 4046 Dei.
1767 3991 2066 4060 Respondit
2098 3990 2185 4044 ille

588 4087 644 4132 et
670 4076 807 4130 dixit
830 4077 962 4142 Quis
987 4082 1069 4127 est
1099 4072 1343 4125 Domine.
1376 4065 1670 4142 ut_c_rcdatu
1704 4067 1756 4115 in
1783 4078 1927 4116 eum.
1948 4063 2023 4142 Ἐἰ
2052 4060 2187 4142 dixit

588 4147 639 4202 ei
661 4148 820 4202 Jesus
840 4134 898 4200 Et
928 4143 1105 4199 vidisti
1132 4157 1254 4197 eum
1282 4152 1336 4195 et
1356 4140 1446 4209 qni
1478 4138 1713 4209 loquitur
1740 4147 1912 4187 tecum
1948 4134 2061 4209 ipse
2082 4141 2182 4186 cst.

586 4217 685 4274 Ille
714 4229 892 4273 autem
931 4216 1085 4271 dixit.
1120 4213 1297 4268 Credo
1326 4205 1552 4265 Domine
1582 4208 1649 4261 Et
1681 4208 1965 4273 procidens
1994 4205 2187 4256 adora-

589 4292 665 4344 vit
703 4305 849 4344 eum.
896 4288 959 4343 Et
991 4285 1127 4342 dixit
1157 4288 1204 4338 ei
1244 4283 1421 4338 Jesus.
1459 4281 1513 4334 In
1540 4277 1806 4348 judicium
1837 4290 1937 4345 ego
1976 4275 2101 4348 veni
2135 4276 2185 4328 in

590 4360 737 4415 hunc
774 4361 1052 4416 mundum.
1089 4366 1146 4411 ut
1185 4358 1274 4425 qui
1302 4368 1408 4407 non
1448 4347 1895 4425 Videntvideaiit.
1920 4356 1975 4425 et
2000 4347 2088 4425 qui
2114 4348 2189 4425 vi-

590 4432 718 4487 dent
757 4432 905 4487 Caeci
949 4434 1095 4485 liant.
1148 4416 1215 4482 Et
1252 4426 1538 4479 audierunt
1581 4419 1655 4492 (ὑ)
1690 4433 1752 4492 ex
1788 4417 2094 4492 Pliaiisaeis
2122 4416 2184 4487 οἵ.

591 4505 827 4574 quicum
854 4504 972 4573 ipso
1000 4512 1173 4574 erant.
1201 4496 1539 4574 etdixerunt
1582 4490 1652 4546 ei.
1688 4490 1956 4574 ﬁuntquid
1996 4499 2047 4542 et
2088 4506 2188 4574 nos

590 4562 740 4629 caeci
765 4562 971 4629 sum-us.
1000 4573 1145 4629 Dixit
1165 4570 1244 4626 eis
1267 4570 1445 4623 Jesus.
1472 4564 1529 4619 Si
1557 4564 1702 4617 caeci
1735 4562 1933 4616 essetis
1960 4576 2065 4614 non
2096 4562 2188 4613 lia-

589 4646 792 4702 beretis
837 4656 1137 4717 peccatum.
1187 4654 1332 4697 nunc
1377 4651 1512 4693 vero
1559 4634 1739 4690 dicitis
1783 4633 1911 4703 quia
1941 4631 2188 4687 videmus

2292 3846 2578 3900 Peccatum
2625 3852 2863 3900 vestrum
2918 3856 3119 3901 manet.
3181 3845 3356 3901 Amen
3416 3859 3575 3899 amen
3625 3841 3738 3896 dico
3782 3849 3861 3888 v0-

2295 3918 2400 3972 bis.
2463 3921 2552 3986 qui
2605 3934 2712 3971 non
2775 3921 2937 3971 intrat
2988 3934 3083 3985 per
3152 3918 3355 3972 ostium
3407 3918 3460 3970 in
3510 3910 3860 3986 ovilcovium.

2291 3989 2384 4042 sed
2410 3982 2657 4043 ascendit
2684 3988 2921 4043 aliunde.
2951 3982 3045 4043 ille
3075 3988 3161 4043 fur
3187 4002 3270 4043 est
3301 4000 3358 4043 et
3385 3990 3550 4043 latro.
3581 3982 3681 4058 Qui
3711 3990 3865 4058 autem

2290 4059 2459 4114 intrat
2489 4076 2582 4129 per
2607 4060 2831 4114 ostium.
2876 4060 2961 4114 hic
2987 4072 3172 4130 pastnr
3203 4072 3284 4115 est
3321 4064 3532 4115 ovium.
3570 4056 3697 4111 llnic
3726 4056 3866 4129 uslfﬂ'

2292 4133 2403 4185 rius
2432 4136 2627 4201 api-rit.
2658 4144 2711 4186 et
2746 4147 2878 4185 mes
2905 4147 3091 4186 vocem
3133 4132 3251 4201 ejus
3283 4134 3535 4185 audiunt.
3571 4138 3624 4184 ct
3649 4131 3865 4194 proprias

2291 4218 2423 4257 oves
2472 4215 2626 4258 vocat
2655 4204 2995 4257 nominatim.
3044 4213 3099 4257 et
3124 4204 3307 4258 educit
3337 4220 3456 4257 eas.
3505 4201 3571 4255 Et
3600 4213 3715 4253 cum
3765 4206 3867 4262 pro-

2295 4275 2440 4343 prias
2470 4290 2598 4329 oves
2615 4275 2886 4330 eduxerit.
2923 4285 3047 4330 ante
3070 4289 3164 4329 eas
3195 4275 3363 4338 vadit,
3398 4285 3451 4328 et
3481 4288 3607 4326 oves
3631 4272 3767 4323 illum
3795 4277 3866 4314 sc—

2294 4356 2553 4414 quuntnr.
2588 4348 2715 4416 quia
2762 4349 2939 4401 sciunt
2987 4362 3173 4401 vocem
3204 4350 3344 4413 ejus.
3399 4346 3651 4400 Alienum
3687 4348 3864 4416 autem.

2295 4412 2403 4471 non
2432 4412 2753 4488 sequuntur.
2782 4418 2876 4472 sed
2900 4420 3105 4489 l'ugiunl
3133 4418 3201 4470 ab
3222 4412 3308 4489 eo.
3345 4418 3470 4487 quia
3502 4412 3867 4489 nonnoverunl

2292 4503 2480 4543 vuccin
2509 4480 2834 4543 alienorum.
2885 4480 2995 4543 Hn'c
3026 4480 3377 4557 proverbium
3410 4488 3551 4543 dixit
3582 4486 3659 4539 eis
3710 4480 3863 4556 Jesus.

2292 4559 2375 4614 llli
2417 4573 2598 4615 autem
2652 4577 2758 4616 non
2810 4560 3221 4617 intellexerunt.
3255 4560 3391 4631 quid
3439 4560 3743 4629 loqueretur
3781 4560 3866 4603 ets.

2295 4631 2444 4686 Dixit
2476 4647 2605 4703 ergo
2633 4634 2713 4689 eis
2740 4632 2840 4690 ite-

1878 4745 2110 4803 CODEX
2147 4744 2618 4803 CORBEIENSIS.

662 4857 755 4913 39.
793 4865 851 4911 ut
871 4853 963 4926 qui
984 4867 1091 4925 non
1117 4850 1285 4917 videt,
1314 4847 1512 4926 videat.

657 4929 788 4985 CAP.
820 4914 981 4982 x.‘—-
1009 4926 1060 4979 1.
1084 4922 1183 4995 qui
1211 4914 1318 4978 non
1346 4921 1513 4975 intrat
1532 4918 1553 4950 ’⁵
1585 4933 1680 4990 per
1700 4919 1925 4988 jauuam
1957 4914 2009 4970 in
2031 4914 2069 4986 -ἲ
2094 4928 2184 4970 co-

588 5000 803 5056 liortem
833 4997 1034 5053 ovium.

659 5071 715 5126 5.
757 5080 812 5127 et
834 5082 960 5127 suas
1000 5068 1021 5099 ⁸
1063 5080 1193 5122 oves
1231 5072 1389 5121 vocat
1434 5060 1785 5127 nominatim,
1837 5067 1893 5114 et
1935 5055 2185 5128 producit

2294 4841 2438 4898 illas.

2366 4914 2421 4968 4.
2464 4914 2598 4971 Cum
2631 4922 2810 4970 autem
2837 4928 2966 4970 oves
2985 4928 3119 4970 suas
3154 4926 3347 4969 omnes
3377 4907 3797 4983 produxerit.....
3824 4906 3870 4955 et

2297 4987 2556 5043 ovicnlae
2583 5002 2705 5041 eum
2738 4996 3059 5057 sequuntur.

2366 5058 2423 5112 6.
2465 5075 2572 5113 non
2605 5052 2976 5130 cognoverunt
3003 5056 3146 5129 quod
3177 5054 3508 5125 loquebatur
3534 5052 3663 5109 illis.

1824 5176 2220 5236 VARIANTES
2257 5176 2550 5233 LECTION
2558 5178 2666 5236 ES.

651 5286 667 5319 ¹
705 5285 808 5335 Gal.
828 5283 891 5336 Et
911 5282 1167 5333 audierunt
1183 5294 1245 5330 ex
1268 5278 1563 5339 Pbarisacis,
1582 5279 1682 5340 qui.
1706 5279 1822 5340 Mm.
1849 5273 1912 5325 Et
1928 5273 2187 5340 audientes

586 5362 650 5399 ex
677 5346 973 5421 Pharisaeis,
998 5348 1100 5408 qui.
1138 5341 1284 5407 Vulg.
1311 5342 1373 5393 Et
1393 5336 1656 5392 audierunt
1674 5339 1871 5401 quidam
1907 5349 1969 5386 ex
2010 5336 2185 5385 Phari-

582 5423 932 5525 “glirgii'm
954 5471 1175 5523 ascendit
1197 5471 1249 5521 in
1272 5466 1414 5517 aliam
1438 5472 1645 5531 partem,
1672 5463 1779 5514 ille.
1810 5462 1956 5528 Vulg.
1989 5460 2077 5510 sed
2102 5474 2178 5508 as-

2292 5272 2459 5336 condit
2482 5272 2700 5336 aliunde,
2727 5272 2828 5323 ille.

2358 5336 2378 5401 ἒ
2414 5334 2520 5401 gat.
2547 5332 2773 5401 ostearis.
2806 5335 2951 5401 Vulg.
2974 5332 3221 5386 ostiarius.

2351 5398 2373 5428 δ
2406 5397 2490 5446 Ila
2514 5400 2631 5447 Mm.

2352 5462 2372 5491 υ
2406 5462 2527 5509 Mm.
2554 5473 2675 5512 oves
2699 5460 2943 5511 educerit.

1910 5563 2280 5623 BLANClllNI
2318 5563 2547 5622 NOTAE.

657 5676 735 5749 (a)
776 5674 847 5749 ita
876 5682 929 5729 et
950 5672 1072 5731 cod.
1099 5670 1260 5749 Cant.
1278 5710 1292 5732 ,
1336 5670 1423 5723 καί
1458 5664 1613 5749 εῆρεγ·
1634 5665 1789 5720 αὐτὸν
1820 5666 1906 5749 aut
1931 5657 2085 5719 εἶπεν.
2112 5662 2267 5737 ——(b)
2292 5665 2432 5718 Ante
2452 5679 2513 5717 ex
2532 5662 2852 5731 Pliarisaeis,
2875 5661 3030 5719 deest
3046 5660 3275 5735 quidam,
3301 5658 3467 5715 etiam
3490 5658 3541 5713 in
3568 5662 3693 5711 texl.
3713 5648 3860 5706 Gh-

577 5739 677 5822 (c)‘
711 5739 877 5803 Addit
924 5762 1137 5812 omnes,
1193 5743 1355 5798 etiam
1405 5739 1527 5795 codl
1576 5740 1732 5795 Cant.
1782 5739 1967 5792 πάντα.
