1975 3097
282 162 335 192 127
542 162 677 192 EUSEBII
696 162 868 192 VERCELL.
891 162 1116 192 EVANGELIUM
1135 163 1209 192 CUM
1230 162 1345 192 VARIIS
1363 162 1443 191 COD.
1462 159 1659 190 COLLATUM.
1846 171 1850 175 -
1875 158 1921 188 4:8

478 218 594 247 CODEX
616 218 886 247 VERCELLENSIS.

282 266 372 294 habeo
387 267 483 294 iterum

282 303 405 330 sumendi
420 310 491 330 eam.

282 338 339 366 Hoc
352 339 422 367 enim
435 346 509 366 mau—

284 374 376 402 hutum
390 375 482 408 accepi

281 418 293 435 a
310 411 347 446 (ιι)
363 411 440 437 Patre

282 446 324 472 19.
349 447 485 473 Dissensto
499 446 549 474 ite-

279 489 338 507 rum
356 482 422 508 ἴθι-ιιι
436 487 477 509 est

278 516 351 544 inter
363 518 482 544 Judmos

279 557 390 587 propter
403 553 453 580 hos

279 595 433 616 sermones.

279 623 324 651 20.
347 624 380 651 Et
391 623 517 651 dicebant

281 659 358 686 multi
372 667 405 687 ex
418 660 470 687 illis
487 667 495 686 :

280 694 424 722 Daemoni~

279 738 325 757 um
343 731 434 764 habet,
448 734 476 758 et

279 766 379 793 insanit
396 777 402 794 :
417 765 481 800 quid

279 801 357 829 illum
370 802 449 829 audi-

278 836 323 864 21.
347 838 401 864 tis?
416 837 469 864 Alii

278 872 406 900 dicebant
420 882 426 899 ε
446 872 517 900 llaec

280 926 288 934 .
310 927 318 934 .
338 909 386 934 rba
403 915 456 935 non

278 948 343 970 sunt
353 943 463 970 daemo—

280 979 354 1005 nium
367 979 468 1006 haben—

279 1019 320 1050 tes
337 1024 344 1041 :
359 1014 488 1050 numquid

278 1049 451 1078 daemonium

279 1091 368 1120 potest
382 1093 479 1113 caeco-

277 1128 337 1148 rum
351 1122 443 1149 oculos

278 1164 291 1182 a
296 1157 385 1190 perire
394 1158 406 1183 7

278 1191 322 1219 22.
346 1192 427 1220 Facta
438 1197 501 1220 sunt
515 1192 568 1220 En-

277 1228 353 1255 cenin
370 1228 397 1255 in
413 1228 474 1256 Hie-

277 1264 423 1298 rosolymis
435 1273 442 1290 :
454 1268 483 1291 et

277 1298 376 1326 hiemis
389 1304 458 1327 erat.

276 1333 322 1361 25.
344 1335 376 1362 Ει
391 1334 548 1362 ambulabat

276 1370 354 1397 Jesus
367 1371 392 1398 in
409 1372 520 1405 templo,

275 1405 301 1432 in
320 1407 424 1440 porticu

278 1442 443 1469 Solomonis.

276 1477 320 1503 2t.
342 1477 514 1505 Circuierunt

275 1519 340 1547 ergo
350 1512 427 1540 illum
440 1513 490 1541 Ju-

275 1547 347 1581 daei,
362 1554 390 1576 et
401 1548 475 1576 dict,L

276 1583 340 1611 bant
352 1584 390 1611 illi
408 1593 414 1610 :
430 1584 482 1612 Us-

275 1626 384 1653 quequo
397 1620 455 1646 ani-

275 1662 348 1681 mam
362 1659 482 1681 nostram

277 1689 378 1716 tolles?
393 1690 414 1716 si
430 1695 456 1716 ιιι
468 1696 497 1717 es

275 1724 467 1757 Christus,dio
483 1725 536 1753 nob
557 1743 564 1750 .
587 1743 594 1750 .

275 1764 381 1794 aperte.

276 1795 324 1823 25.
346 1795 495 1830 Respondit
508 1795 562 1823 illis

274 1830 355 1858 Iesus
371 1840 377 1857 :
395 1831 453 1858 Dixi
467 1831 553 1864 vobis,

274 1871 302 1893 et
313 1874 365 1894 non
381 1867 469 1894 credi-

275 1903 309 1929 tis
325 1910 425 1938 ;opera
437 1910 506 1938 quae
521 1909 549 1930 e—
582 1904 586 1905 ⁷

273 1945 308 1973 go
322 1937 392 1967 facio
409 1939 436 1966 in
446 1937 500 1966 ito-

699 268 772 293 mine
787 266 874 293 Patris

699 303 764 334 mei,
781 302 836 336 ipsa
851 306 905 329 tes—

698 338 841 365 timoniuin

698 373 790 400 dicunt
801 374 835 400 de

697 409 743 436 26.
760 417 802 436 me
817 418 822 434 :
839 407 887 436 sed
900 415 948 436 vos
960 415 1014 436 non

698 445 821 476 creditis,
836 452 889 471 non

697 481 769 507 enim
784 479 850 507 estis

697 515 732 543 de
746 516 841 543 ovibus
861 522 918 543 me-

698 551 733 582 is.
749 553 819 579 sicut
830 551 885 578 dixi

697 586 742 613 27.
764 587 850 614 vobis.
867 586 917 619 Qui
930 593 980 614 sun
1000 606 1006 613 .

697 630 731 650 ex
742 622 839 649 ovibus
851 630 907 649 me-

699 658 731 691 is,
747 666 842 685 vocem
857 665 914 686 me-

697 701 740 720 am
757 694 868 721 audiunt
882 703 888 720 :

698 734 725 757 et
737 737 787 764 ego
797 737 914 764 cognos-

697 772 730 792 co
745 766 814 798 illas,
830 771 857 792 et
872 772 915 792 se—

696 806 794 827 cuntur
810 808 853 828 me
868 810 875 827 Ξ

696 836 741 863 28.
763 840 791 864 et
801 843 851 871 ego
861 835 944 863 vitam

696 876 837 899 aeternam

697 906 878 935 doillis:etn
896 927 903 933 .
927 926 934 933 .

698 947 814 977 pereunt
829 943 854 969 in
868 950 931 977 per-

698 983 819 1013 petuum,
834 983 860 1005 et
876 986 923 1006 ne-

699 1022 744 1041 mo
758 1015 827 1049 rapit
839 1014 898 1040 illas

696 1050 704 1065 ί
715 1050 750 1077 de
764 1058 843 1076 manu
859 1057 916 1077 me-

695 1085 740 1112 29.
762 1093 787 1112 a.
803 1086 882 1112 Pater
895 1084 967 1120 quod

695 1121 770 1148 dedit
786 1121 862 1154 mihi,

695 1157 782 1191 majus
795 1161 837 1183 est
851 1164 909 1183 om-

695 1191 774 1219 nibus
791 1201 797 1218 :
808 1198 836 1220 et
847 1200 895 1219 ne-

695 1235 742 1255 mo
755 1232 844 1262 potest
858 1235 900 1255 ra-

695 1271 761 1297 pere
774 1262 840 1290 illud
853 1264 888 1290 de

694 1307 774 1326 manu
787 1298 873 1325 Patris

694 1335 740 1362 50.
761 1336 824 1361 mei.
842 1334 910 1369 Ego,
925 1338 951 1361 et
962 1333 1013 1361 Pa-

696 1374 736 1397 161⁸
751 1378 834 1397 unum
854 1377 902 1396 su-

694 1406 739 1434 51.
762 1414 830 1432 mus.
845 1404 977 1433 Tulerunt

693 1448 759 1476 ergo
770 1441 874 1476 lapides
918 1450 925 1455 -

692 1475 803 1506 Judaei.
813 1482 840 1504 ut
851 1477 927 1504 illum

692 1512 854 1547 lapidarent.

692 1548 738 1575 52.
760 1548 911 1579 Respondit
932 1548 973 1576 eis

692 1583 772 1611 Jesus
784 1592 791 1611 :
808 1584 888 1611 Multa
900 1591 930 1611 o-

694 1626 757 1654 pera
773 1619 844 1646 bona

694 1655 799 1682 ostendi
812 1662 859 1682 vo-

695 1689 738 1717 bis
751 1697 784 1717 ex
801 1690 880 1717 Patre

695 1745 701 1750 .
725 1744 733 1752 .
755 1745 761 1751 .
784 1730 895 1759 propter

694 1760 1018 1787 ..odeoru.....

694 1803 737 1823 me
752 1795 877 1830 lapidatis
885 1796 898 1821 τ

693 1831 738 1858 55.
760 1831 971 1865 Responderunt

694 1866 733 1894 illi
744 1865 840 1894 Judaei
856 1876 862 1894 :
877 1867 916 1895 De

694 1902 767 1930 bono
781 1910 863 1937 opere

695 1945 750 1966 non
763 1943 789 1966 te
803 1937 906 1974 lapida-

1347 218 1463 247 CODEX
1481 216 1709 246 VERONENSIS.

1134 267 1221 295 habeo
1236 267 1333 294 iterum

1134 303 1256 330 sumendi
1271 311 1331 330 eam
1347 312 1354 329 ι

1134 339 1190 366 Hoc
1205 347 1315 373 praece-

1133 380 1208 409 ptum
1223 375 1315 409 accepi
1331 381 1345 401 a

1134 411 1173 444 (a)
1186 411 1266 437 Patre
1278 411 1307 446 λς.

1135 446 1179 474 19.
1201 446 1337 473 Dissensio
1351 446 1450 474 iterum

1134 483 1203 509 facta
1218 487 1259 509 est
1274 482 1346 509 inter

1134 517 1251 545 Iudaeos
1267 522 1376 553 propter

1134 561 1275 581 sermones
1291 554 1350 581 hos.

1133 589 1179 617 20.
1202 589 1234 616 Ει
1246 589 1372 617 dicebant

1135 625 1211 652 multi
1226 633 1257 651 ex
1273 625 1326 653 illis
1340 633 1348 651 :

1134 660 1312 688 Daemonium

1135 696 1228 729 habet,
1242 699 1270 724 et

1135 731 1236 758 insanit
1254 741 1260 757 :
1273 732 1337 767 quid

1134 775 1196 794 eum
1213 767 1288 794 andi-

1135 802 1181 829 21.
1204 803 1260 830 tis?
1275 803 1327 830 Alii
1342 801 1382 830 di-

1135 838 1233 865 cehant
1247 847 1253 864 :
1269 838 1340 866 Haec

1133 875 1214 901 verba
1231 881 1284 901 non

1133 915 1197 937 sunt
1211 909 1321 937 daemo-

1133 945 1207 972 nium
1220 945 1346 972 habentis
1361 953 1368 972 τ

1133 981 1262 1015 numquid
1276 981 1340 1008 dae.

1133 1018 1253 1044 monium
1267 1021 1355 1050 potest

1133 1060 1275 1080 caecorum
1288 1060 1353 1079 0011-

1133 1088 1174 1115 los
1189 1088 1317 1120 aperire?

1132 1123 1176 1150 22.
1200 1124 1280 1151 Facta
1296 1127 1360 1151 sunt

1133 1160 1251 1187 Encenia
1264 1159 1325 1186 Hie-

1131 1195 1177 1223 23.
1197 1195 1365 1230 rosolymis..
1382 1193 1417 1222 Et

1133 1231 1287 1258 ambulabat
1297 1230 1342 1257 Je-

1131 1274 1178 1294 sus
1191 1267 1217 1293 in
1236 1267 1347 1303 templo,

1131 1302 1158 1329 in
1173 1302 1279 1336 porticu

1129 1337 1297 1365 Salomonis.

1128 1373 1174 1399 24.
1196 1372 1386 1401 circumdede-

1129 1412 1193 1436 runt
1207 1417 1273 1444 ergo
1284 1417 1348 1436 eum

1128 1444 1234 1477 Judaei,
1252 1451 1278 1472 et

1129 1481 1221 1507 dicunt
1236 1482 1259 1508 ei
1275 1489 1282 1508 :
1297 1479 1348 1508 Us-

1128 1524 1236 1550 quequo
1247 1516 1306 1543 ani-

1129 1559 1200 1578 mam
1213 1558 1332 1580 nostram

1128 1588 1218 1614 tollis?
1233 1589 1255 1615 si
1270 1594 1297 1614 tu

1128 1629 1157 1649 es
1173 1622 1307 1655 Christus,
1321 1622 1365 1650 dic

1129 1658 1207 1685 nobis
1227 1659 1326 1693 palam.

1127 1693 1173 1722 25.
1196 1694 1344 1729 Respondit

1128 1730 1169 1757 eis
1180 1729 1261 1758 Jesus
1272 1740 1279 1757 :
1297 1731 1347 1758 Lo-

1128 1772 1198 1800 quor
1213 1766 1301 1800 vobis,

1128 1805 1156 1827 et
1168 1809 1220 1828 non
1232 1802 1321 1829 credi-

1128 1835 1193 1863 ditis
1205 1845 1212 1863 :
1227 1845 1309 1873 opera

1128 1878 1199 1912 quae
1214 1880 1264 1912 ego
1274 1873 1351 1901 facio

1130 1915 1156 1934 In
1172 1916 1282 1937 nomine

1130 1942 1218 1972 Patris
1232 1944 1298 1978 mei.

1548 266 1615 293 haec
1625 264 1748 292 testimo-

1548 303 1622 328 nium
1636 300 1780 335 perhibent

1548 337 1592 363 26.
1613 337 1647 364 de
1662 343 1704 363 me
1720 345 1727 363 :
1743 335 1792 363 sed

1548 380 1596 399 VOS
1611 380 1662 399 11011
1675 379 1737 400 (ιτῶ

1548 408 1623 440 ditis.
1635 408 1696 448 quia

1550 452 1603 471 non
1618 448 1685 471 estls
1700 450 1733 471 ex

1549 480 1643 507 ovibus
1660 480 1740 513 meis,

1549 516 1619 543 sicut
1634 515 1689 541 dixi

1548 551 1593 578 27.
1614 550 1702 577 vobis.
1717 549 1769 584 Qui

1549 592 1612 614 sunt
1626 594 1658 613 ex
1673 586 1732 613 ovi-

1550 621 1600 649 bus
1613 622 1680 649 meis
1695 628 1742 649 vo—

1550 664 1609 685 cem
1625 665 1712 685 meam

1551 693 1662 720 audiunt
1678 701 1685 719 :
1700 696 1728 721 et

1551 736 1602 764 ego
1616 735 1752 764 cognosco

1552 772 1609 797 eas,
1625 769 1653 792 et
1665 772 1709 792 se-

1551 805 1649 827 (311111111ι
1666 808 1710 828 me
1725 808 1731 826 Σ

1550 835 1596 864 28.
1617 842 1643 864 et
1656 844 1707 871 ego
1721 835 1805 863 vitam

1550 877 1688 899 aeternam
1703 872 1738 900 d0

1549 908 1606 935 eis:
1621 912 1649 935 et
1663 915 1717 934 non

1550 943 1679 977 peribunt
1691 943 1717 970 in

1549 984 1689 1006 aeternum
1698 999 1706 1012 ,
1723 982 1752 1006 et

1548 1021 1602 1041 non
1617 1016 1760 1049 quisquam

1549 1051 1636 1084 rapiet
1650 1058 1695 1077 eas
1711 1050 1745 1077 de

1549 1093 1630 1113 manu
1647 1093 1717 1113 mea.

1547 1121 1593 1148 29.
1609 1122 1690 1148 Pater
1703 1120 1776 1157 quod

1548 1156 1622 1184 dedit
1639 1157 1721 1189 mihi,

1548 1193 1636 1228 majus
1651 1193 1740 1220 omni-

1549 1228 1600 1256 bus
1614 1233 1656 1255 est
1668 1237 1675 1255 :
1691 1233 1719 1256 et

1548 1271 1627 1292 nemo
1641 1268 1730 1298 potest

1548 1307 1644 1334 rapere
1658 1300 1693 1327 de

1547 1343 1628 1362 manu
1644 1335 1731 1363 Patris

1546 1371 1591 1399 50.
1613 1371 1676 1398 mei.
1694 1371 1764 1405 Ego,
1781 1374 1808 1398 et

1546 1406 1627 1434 Pater
1642 1414 1724 1434 unum
1751 1413 1857 1433 sumus.

1545 1442 1591 1470 ³51.
1612 1443 1787 1470 Sustulerunt

1545 1485 1611 1513 ergo
1628 1478 1731 1513 lapides

1544 1513 1659 1547 Judaei,
1676 1517 1704 1541 ut

1544 1549 1568 1577 la
1574 1550 1698 1584 pidarent
1710 1556 1784 1584 eum.

1544 1583 1589 1613 52.
1612 1586 1644 1612 Ει
1665 1583 1807 1620 respondit

1544 1622 1585 1649 eis
1599 1621 1678 1648 Jesus
1692 1630 1699 1648 :
1717 1620 1799 1647 Multa

1544 1664 1627 1692 opera
1642 1656 1749 1684 ostendi

1545 1692 1622 1720 vobis
1636 1700 1671 1719 ex
1686 1692 1770 1719 Patre

1544 1735 1607 1756 meo
1617 1749 1624 1759 .
1638 1731 1751 1764 propter

1544 1764 1618 1800 quod
1636 1771 1731 1791 eorum

1545 1796 1613 1833 opus
1629 1806 1672 1826 me
1688 1796 1838 1833 lapidatis!

1546 1836 1590 1863 55.
1612 1834 1827 1869 Responderunt

1546 1872 1572 1899 ei
1586 1870 1681 1898 .Iudaei
1694 1878 1701 1896 :
1720 1870 1757 1897 De

1547 1907 1621 1934 bono
1635 1913 1720 1942 opere

1549 1950 1603 1971 non
1619 1941 1777 1978 lapidamus

947 2006 1064 2035 (IODEX
1082 2008 1282 2041 BRIXIANUS.

273 2054 361 2083 habeo
377 2055 474 2083 iterum
488 2052 613 2082 sumendi
628 2060 687 2082 eam
701 2053 758 2081 Hoc
771 2057 947 2087 praeceptum
962 2061 976 2079 a
993 2054 1072 2082 Patre

272 2099 334 2119 meo
345 2091 436 2127 accepi
451 2091 588 2117 Dissensio
600 2089 780 2127 iterum__fac_ta
791 2094 833 2116 est
845 2089 917 2127 inter
941 2088 1069 2127 Iudaeos.

273 2131 384 2163 propter
398 2125 537 2163 sermones
559 2127 619 2163 hos.
636 2125 667 2152 Et
686 2125 815 2163 dicebant
836 2125 912 2151 multi
936 2132 976 2163 e_\'_
993 2125 1070 2163 ipris.

274 2160 450 2190 Daetnoniunt
469 2162 550 2189 habet
564 2166 591 2189 et
614 2161 722 2188 insanit.
739 2160 802 2194 quid
816 2168 879 2188 eum
894 2160 1003 2187 auditis.
1019 2160 1072 2189 Alii

274 2198 409 2225 dicebant.
425 2198 495 2225 llaec
509 2199 591 2224 verba
605 2205 658 2224 non
671 2201 731 2224 sunt
745 2197 919 2223 daemonium
934 2196 1069 2224 habentis.

275 2234 405 2271 numquid
413 2234 583 2271 daemonium
593 2232 783 2271 potestoeulos
797 2239 940 2271 caecorum
953 2239 1070 2271 aperire.

274 2267 359 2296 Facta
368 2274 410 2296 est
421 2273 509 2296 autem
526 2268 664 2296 Dl-dicatio
678 2268 703 2295 in
718 2267 926 2302 Hierosolymis.
941 2272 967 2294 et
983 2268 1069 2296 hiems

274 2309 333 2331 erat
352 2305 385 2330 Et
399 2304 554 2331 ambulabat
568 2304 645 2331 Jesus
660 2304 685 2330 in
701 2303 802 2337 templo
816 2304 841 2329 in
863 2304 966 2337 porticu
990 2303 1069 2330 Solo-

276 2340 364 2367 monis
375 2339 618 2367 Circumdcdcruut
632 2347 696 2372 ergo
711 2347 772 2366 eum
787 2338 891 2366 Judaei.
906 2345 933 2366 et
943 2339 1071 2367 dicebant

276 2376 312 2403 ei.
328 2378 473 2409 Quousque
493 2376 610 2402 animam
632 2381 752 2401 nostram
776 2375 931 2408 suspendis.
956 2375 977 2401 si
998 2380 1025 2401 tu
1041 2383 1071 2402 es

275 2411 412 2438 Christus.
432 2412 474 2438 die
488 2411 565 2437 nobis
582 2410 680 2444 palam.
699 2411 849 2443 licspnndit
868 2410 908 2437 eis
920 2410 999 2437 Jesus
1020 2410 1071 2438 Lo-

275 2454 345 2481 quor
356 2446 433 2473 vobis
443 2452 470 2475 et
485 2454 537 2473 non
551 2445 701 2473 credidilis.
714 2454 795 2481 opera
811 2453 879 2481 quae
893 2454 942 2481 ego
959 2446 1028 2473 facio
1045 2447 1070 2474 in

275 2482 385 2510 nomine
401 2482 488 2510 Patris
509 2482 572 2509 mei.
589 2482 655 2509 haec
672 2483 859 2509 testimonium
875 2482 1019 2517 perhibent
1038 2482 1072 2509 de

1124 2066 1178 2085 me.
1194 2059 1241 2086 sed
1258 2066 1306 2086 vos
1323 2066 1377 2086 non
1393 2058 1516 2094 creditis.
1531 2057 1594 2094 quia
1616 2064 1671 2085 non
1692 2056 1772 2085 estis.
1788 2063 1822 2084 ex
1837 2051 1929 2082 avibus

1125 2094 1202 2121 meis.
1216 2096 1286 2122 sicut
1298 2094 1354 2122 dixi
1368 2095 1456 2122 vobis.
1475 2093 1546 2122 Oves
1568 2101 1646 2121 meae
1659 2100 1755 2121 vocem
1776 2098 1865 2119 meam
1885 2095 1928 2116 au-

1125 2129 1212 2157 diunt.
1227 2137 1261 2168 et
1279 2138 1329 2166 ego
1350 2137 1488 2166 cognosco
1505 2137 1562 2168 eas.
1575 2165 1581 2168 _
1594 2134 1623 2157 et
1649 2133 1803 2164 sequuntur
1816 2134 1876 2168 'me.
1903 2127 1929 2168 βξ

1124 2173 1174 2199 ego
1208 2165 1304 2193 vitam'
1324 2165 1467 2194 aeternam
1498 2166 1534 2193 do
1557 2165 1608 2193 eis.
1634 2170 1661 2192 et
1687 2173 1742 2192 non
1764 2165 1882 2198 perient.
1903 2166 1929 2186 In

1125 2206 1277 2237 aeternum.
1301 2210 1351 2230 nec
1366 2202 1510 2237 quisquam
1527 2202 1616 2234 rapiet
1635 2208 1682 2228 eas
1703 2201 1739 2228 de
1761 2205 1843 2237 manu
1861 2202 1926 2237 mea.

1127 2236 1209 2264 Pater
1235 2245 1310 2265 meus
1335 2235 1409 2272 quod
1434 2238 1508 2265 dedit
1532 2237 1598 2264 mihi
1620 2236 1708 2271 majus
1730 2235 1860 2272 omnibus
1878 2235 1927 2272 est.

1128 2277 1156 2299 et
1181 2281 1262 2300 nemo
1292 2268 1381 2308 noted
1408 2281 1504 2307 rapere
1529 2273 1595 2300 illud
1616 2268 1809 2308 tie—manibus
1843 2268 1929 2308 Patris

1128 2309 1192 2335 mei.
1217 2309 1270 2342 Ego
1291 2315 1317 2336 et
1336 2310 1416 2337 Pater
1437 2316 1520 2339 unum
1541 2316 1646 2335 sumus.
1669 2307 1847 2334 Sustulernnt
1866 2307 1929 2342 ergo

1129 2345 1226 2374 iterum
1237 2337 1334 2375 :ludaei
1351 2345 1455 2379 lapides
1472 2337 1499 2371 ut
1517 2345 1669 2378 lapidarent
1683 2350 1758 2379 eum.
1772 2337 1928 2379 Respgnfm

1128 2379 1168 2406 eis
1183 2380 1274 2408 Jesus.
1296 2374 1485 2415 Multa-opera
1496 2374 1566 2408 bona
1588 2378 1695 2415 ostendi
1710 2376 1795 2415 vobis
1816 2385 1830 2401 ιι
1852 2374 1929 2415 Patre

1128 2423 1199 2443 meo.
1220 2421 1328 2452 propter
1347 2410 1423 2452 quod
1441 2424 1535 2452 eorum
1556 2423 1624 2450 opus
1643 2414 1771 2449 lapidatis
1790 2419 1845 2439 me.
1863 2410 1929 2452 lies—

1128 2445 1284 2486 ponde'run't
1297 2453 1322 2481 ei
1336 2445 1441 2480 Judaei.
1459 2451 1513 2480 Pro
1532 2445 1603 2480 bono
1623 2445 1719 2486 ope-re.
1740 2455 1795 2477 non
1817 2451 1844 2474 te
1863 2445 1928 2480 ἰδυί-

923 2550 1040 2579 CODEX
1059 2549 1292 2583 CORBEIENSIS.
1306 2558 1308 2563 '

310 2616 357 2644 22.
378 2616 389 2631 ¹
404 2614 484 2642 Facta
497 2618 538 2641 est
549 2616 638 2641 autem
651 2613 788 2641 Dedicatio
803 2613 828 2640 ln
843 2612 1040 2649 Jerosolyntis.

309 2653 356 2681 25.
376 2651 403 2679 in
416 2651 520 2687 porticu
533 2650 693 2682 Salomonis,
710 2649 738 2677 in
753 2649 867 2684 templo.

1166 2615 1211 2644 5t.
1232 2616 1409 2646 Sustulerunt
1421 2616 1527 2653 lapides
1539 2615 1646 2645 Judaei.

898 2717 1095 2748 VARIANTES
1115 2718 1318 2748 LECTIONES.

306 2794 314 2809 ι
335 2793 395 2819 Mm.
407 2791 441 2818 de
451 2796 526 2816 manu
537 2789 618 2816 Patris
629 2788 689 2814 mel.
703 2786 778 2821 Vulg.
789 2788 822 2814 de
833 2793 907 2813 manu
918 2793 983 2812 mea.

1159 2789 1170 2804 ³
1187 2788 1241 2814 Gat.
1254 2787 1326 2814 Facta
1338 2792 1423 2816 autem
1436 2791 1495 2816 tunc
1503 2789 1562 2816 sunt
1571 2785 1706 2813 Enchenia.

936 2848 1120 2879 BLANCHINI
1138 2849 1254 2880 ΝΟΤᾸΕ.

312 2923 350 2959 (ιι)
369 2923 433 2952 Post
447 2922 540 2958 Patre,
555 2921 632 2952 deest
649 2928 715 2956 meo,
731 2919 814 2950 etiam
831 2919 858 2949 in
871 2917 931 2949 cod.
945 2918 1024 2948 Cant.
