3950 6194
77 4563 90 4785 ξ

207 212 317 271 441

616 328 843 387 CODEX
885 330 1421 390 VERCELLENSIS.

1054 426 1090 479 ti
1114 432 1242 480 sunt
1267 424 1409 493 quod

1051 495 1187 551 haec
1207 505 1365 552 erant

1050 568 1250 638 scripta
1270 567 1349 638 de
1376 565 1440 638 il:

1050 640 1104 694 lo
1135 657 1148 692 :
1172 637 1238 693 et
1264 637 1394 693 haec
1410 637 1487 692 fe-

1051 719 1242 764 cerunt
1263 708 1363 764 illi.

1051 781 1138 835 17.
1171 779 1566 836 Testimonium

1050 851 1231 921 itaque
1251 850 1445 906 redde-

1051 921 1180 977 bant
1208 924 1228 953 ²
1257 922 1470 988 turbae,

1049 1007 1187 1062 quae
1209 1002 1364 1048 erant

1051 1077 1171 1119 cum
1204 1064 1296 1118 illo
1321 1077 1455 1134 quo-

1053 1137 1194 1188 niam
1231 1135 1487 1191 Lazarum

1051 1207 1288 1262 evocavit
1311 1201 1381 1260 de

1049 1292 1364 1333 monumen-

1052 1358 1127 1416 to,
1149 1359 1204 1404 et
1234 1349 1464 1404 suscita-

1049 1420 1126 1474 vit
1152 1435 1273 1474 eum
1301 1435 1330 1473 a
1359 1435 1503 1474 mor-

1049 1491 1136 1546 18.
1168 1493 1292 1544 tuis.
1326 1490 1452 1546 Ideo
1476 1505 1666 1547 occur-

1048 1561 1122 1616 rit
1144 1561 1222 1616 illi
1255 1562 1450 1616 turba:

211 425 403 474 autem
447 418 606 474 Prin-

214 493 264 546 ci
273 505 372 560 pes
396 489 656 546 Sacerdo-

218 572 334 616 tum
370 570 506 616 utet
531 562 691 616 Laza-

211 647 334 687 rum
358 631 574 688 occide-

215 703 301 757 11.
336 713 464 773 rent
497 703 655 773 :quia
685 706 826 762 mul-

213 775 250 828 ti
277 772 354 842 (a)
387 772 720 849 Iudaeorum
743 779 784 849 -ξ-

214 852 436 913 propter
461 846 620 901 illum

213 915 368 971 ibant
385 924 440 970 et
460 916 650 973 crede-

212 987 342 1041 bant
372 986 425 1041 in
447 987 654 1042 Iesum.

215 1056 305 1112 12.
345 1058 528 1113 Altera
566 1058 660 1116 die
689 1069 807 1116 tur-

215 1126 318 1184 bae
344 1128 570 1196 multae,

209 1214 354 1269 quae
379 1215 547 1255 vene-

208 1279 337 1324 rant
365 1271 432 1325 ad
458 1271 602 1326 diem

208 1339 434 1405 festum,
461 1344 616 1398 audi-

210 1420 299 1467 tes
329 1412 469 1483 quod
484 1412 645 1470 Iesus

210 1485 366 1538 venit
389 1485 441 1538 in
468 1484 597 1540 Hie—

213 1555 311 1610 15.
350 1557 640 1625 rosolyma,
664 1570 761 1611 ac-

213 1636 472 1699 ceperunt
496 1627 596 1682 ﬂo-
1048 1633 1303 1699 quoniam
1335 1648 1430 1688 au-

219 1710 311 1751 res
341 1698 660 1773 palmarum,
1047 1698 1262 1759 dicrunt
1282 1704 1425 1773 quod

218 1778 277 1822 et
301 1770 542 1847 exierunt
559 1841 571 1847 _
1048 1773 1153 1830 hoc
1180 1770 1309 1831 fecit
1327 1776 1433 1847 sig—

223 1878 238 1890 .
283 1880 299 1894 .
343 1880 356 1892 .
393 1840 429 1894 li
453 1841 688 1907 obviam,
1045 1861 1194 1900 num.
1230 1873 1232 1875 ν

342 1950 356 1965 .
393 1911 686 1990 lamabant,
1049 1917 1133 1990 19.
1159 1917 1398 1973 Farisaei
1427 1931 1556 1988 ergo

214 1980 453 2036 dicentes
478 2001 490 2036 :
522 1983 625 2038 οε·
1046 1987 1300 2044 dixerunt
1316 1990 1382 2043 ad

1048 2059 1202 2113 illos:
1230 2059 1442 2115 Videtis

1047 2129 1192 2198 quod
1222 2131 1356 2185 nihil

1047 2201 1121 2273 (b)
1156 2202 1417 2270 proﬁcitis
1440 2200 1464 2254 ?
1495 2200 1533 2271 οἱ·
1559 2213 1646 2256 cc-

1047 2287 1110 2328 ce
1139 2281 1258 2340 post
1286 2273 1438 2326 ὶιιιιιιι

1046 2345 1332 2398 universus

1047 2414 1281 2469 mundus
1309 2413 1460 2470 abiit.

1045 2485 1138 2557 20.
1169 2486 1235 2541 Et
1263 2495 1417 2541 erant
1437 2486 1558 2557 qui-

220 2066 389 2106 sanna
414 2053 554 2108 ﬁlius

217 2121 404 2189 David,
435 2125 599 2181 bene-

215 2192 410 2259 dictus,
438 2196 532 2264 qui
561 2210 651 2251 ve-

217 2265 299 2319 nit
326 2266 376 2319 in
403 2268 578 2322 nomi-

215 2349 290 2404 ne
315 2336 541 2404 Domini,
575 2338 694 2394 Rex

217 2403 350 2460 Istra
359 2407 436 2462 hei
447 2449 459 2461 .

219 2477 308 2532 14.
350 2477 412 2532 Et
437 2480 644 2536 invenit
664 2479 827 2536 Iesus

220 2548 448 2616 asinum,
470 2562 523 2606 et
546 2566 637 2606 se—
1045 2556 1170 2611 dam
1201 2557 1394 2612 Graeci

217 2617 300 2704 dit
324 2635 482 2704 super.
505 2623 684 2688 illum,
1045 2642 1108 2682 ex
1139 2628 1240 2704 eis,
1274 2629 1364 2698 qui
1401 2642 1489 2683 as-

219 2700 552 2764 5_'§m_,5c"iP'
719 2762 761 2764 μ
1044 2700 1344 2753 cenderunt

223 2759 310 2814 15.
351 2759 536 2819 Notum
570 2772 690 2820 est:
718 2762 826 2820 No-

292 2832 327 2886 li
352 2836 535 2892 timere

293 2903 396 2959 ﬁlia
419 2904 547 2962 Sion
581 2926 595 2962 :

1045 2777 1102 2823 ut
1127 2770 1416 2824 adorarent

1044 2840 1099 2894 in
1129 2841 1269 2894 diem
1306 2841 1416 2895 sol-

1043 2911 1135 2966 21.
1161 2912 1415 2966 lcnmem.
1447 2910 1512 2966 Hi
1541 2925 1630 2967 ac—

289 2991 412 3031 ecce
432 2979 544 3033 Rex
1046 2992 1329 3038 cesserunt

291 3053 407 3101 tuus
432 3050 447 3080 ¹
475 3049 626 3104 venit
1046 3053 1111 3108 ad
1138 3053 1472 3123 Philippum,

292 3133 533 3193 mansuﬁe-
920 3159 922 3162 ν
1045 3126 1135 3193 qui
1160 3134 1276 3180 erat
1297 3143 1324 3178 a
1353 3124 1492 3179 Bed-

292 3196 372 3243 tus
390 3192 590 3246 sedens
1045 3192 1195 3251 Saida
1225 3195 1470 3251 Galileae

291 3273 445 3330 super
471 3263 591 3330 pul-
1044 3274 1099 3321 et
1125 3267 1388 3336 rogabant

290 3329 395 3386 lum
412 3334 620 3389 asinae.
1045 3337 1217 3393 illum.
1245 3338 1406 3393 dicen

225 3398 304 3454 16.
344 3402 480 3458 Haec
509 3414 692 3460 autem
718 3419 830 3460 non
1046 3418 1128 3464 tes
1160 3427 1173 3462 :
1205 3398 1454 3474 Domine,
1485 3422 1580 3464 vo-

225 3483 580 3542 cognovernnt
1043 3479 1225 3534 lumus
1250 3479 1362 3535 Ies.
1393 3521 1406 3533 .

251 3546 362 3621 [rius
379 3545 613 3621 discipu-
1041 3549 1132 3604 22.
1163 3548 1366 3606 videre.
1405 3550 1563 3606 Venit

251 3614 392 3696 iiejuns
418 3633 432 3670 :
467 3614 564 3673 sed
593 3632 716 3674 cum
1041 3621 1343 3696 Philippus,
1375 3631 1429 3676 et
1457 3622 1539 3677 di-

233 3682 539 3752 gloriiicatns
1041 3694 1113 3746 cit
1139 3682 1386 3747 Aitdreae
1412 3711 1424 3744 :

233 3765 357 3810 esset
372 3757 549 3828 Iesus,
581 3768 709 3816 tunc
1043 3763 1201 3817 Venit
1221 3763 1430 3818 Andre-

234 3837 536 3886 rememora-
1040 3848 1121 3901 as,
1151 3843 1206 3890 et
1233 3833 1536 3906 Philippus,

1192 215 1642 275 EVANGELIUM
1681 214 2052 276 SECUNDUM
2091 217 2478 276 IOHANNEM.

3397 225 3508 283 442

2349 334 2582 392 CODEX
2621 290 3074 397 VERONENSIS.

1913 427 2402 503 autem_Principes
2747 428 3024 503 sunt'quia

1913 497 2266 554 Sacerdotum
2306 497 2322 500 ⁷
2748 504 2881 558 haec
2909 497 3063 558 erant

1913 579 1971 644 ut
1993 580 2048 624 et
2068 569 2332 644 Lazarum
2747 575 2983 644 scripta:
3014 585 3071 630 et

1915 640 2279 697 interﬁcerent
2306 660 2318 697 :
2747 640 2882 701 haec
2908 648 3150 701 fecerunt
3181 647 3252 702 ei.

1914 711 2004 765 11.
2036 711 2158 780 quia
2189 714 2340 769 multi
2749 717 2838 771 17.
2862 716 3252 773 Testimonium

1914 793 2135 857 propter
2166 785 2318 857 illum
2747 802 2878 856 ergo
2911 787 3159 857 perbibe-

1913 853 2132 926 abihant
2156 853 2231 926 (a)
2260 855 2354 912 Ju-
2745 853 2837 912 bat
2865 853 3046 925 turba,

1913 925 2171 999 daeorum
2200 925 2258 997 ἦ,
2746 943 2883 999 quae
2908 939 3025 984 erat

1913 1001 1970 1070 et
1994 995 2288 1070 credebant
2745 995 2866 1055 cum
2891 1015 2954 1055 eo
2977 1003 3098 1070 quia

1915 1065 1970 1120 in
1996 1065 2200 1122 Iesum.
2745 1065 3008 1126 Lazarum
3033 1087 3126 1128 vo-

1920 1136 2002 1192 12.
2036 1138 2089 1192 In
2114 1139 2404 1197 crastinum
2746 1145 2887 1197 cavit
2912 1142 2980 1199 de
3005 1159 3121 1198 mo-

1913 1218 2090 1264 autem
2125 1211 2298 1279 turba,
2747 1225 3029 1280 numento,
3061 1225 3114 1269 et

1913 1293 2051 1349 quae
2077 1283 2226 1337 venit
2746 1287 3026 1340 suscitavit
3051 1301 3177 1342 eum

1912 1352 1978 1404 ad
2010 1351 2154 1406 diem
2747 1370 2776 1408 a
2801 1357 3045 1411 mortuis.

1912 1419 2132 1496 festum,
2156 1437 2276 1478 cum
2747 1427 2833 1481 18.
2867 1427 3161 1496 Propterea
3186 1429 3281 1484 ob-

1912 1493 2189 1548 audissent
2745 1497 2887 1552 viam
2917 1499 2965 1554 ei
2982 1493 3142 1555 venit

1913 1566 2036 1639 quia
2069 1567 2216 1639 venit
2745 1570 2902 1624 turba
2929 1587 2942 1623 :
2967 1585 3101 1639 quo—

1915 1634 2072 1690 Jesus
2103 1637 2290 1692 Hiero—
2747 1641 2892 1695 niam
2924 1634 3108 1698 audie-

1918 1706 2004 1760 15.
2045 1709 2272 1780 solytna,
2305 1721 2459 1764 acce-
2746 1721 2871 1766 runt
2896 1712 3021 1780 quia

1916 1788 2111 1856 perunt
2142 1779 2306 1834 ﬂores
2747 1781 2851 1856 hoc
2877 1779 3003 1838 fecit
3239 1825 3278 1856 ,

1915 1850 2234 1918 palmarum,
2746 1853 2979 1922 signum.

1914 1931 1968 1974 et
1998 1929 2380 1988 processerunt
2750 1925 2836 1981 19.
2868 1924 3146 1982 Pharisaei
3173 1941 3258 1982 cr-

1913 1991 2124 2066 obviani
2153 1993 2226 2066 ei,
2747 2011 2817 2066 go
2845 1996 3100 2051 dixerunt

1916 2073 1968 2115 et
1994 2063 2302 2117 clamabant
2325 2079 2338 2114 :

1914 2132 2178 2196 Ossanna,
2212 2133 2306 2188 be-

1915 2205 2182 2270 nedictus,
2215 2205 2305 2274 qui

1913 2277 2062 2329 venit
2089 2275 2139 2328 in

2747 2067 2815 2121 ad
2840 2069 3161 2136 semetipsos
3185 2085 3199 2121 ε

2752 2138 2959 2193 Videtis
2985 2139 3109 2206 quia

2749 2223 2854 2263 non
2887 2209 2958 2281 (b)
2983 2208 3177 2277 prode-

2748 2281 2930 2351 estis-l-
2955 2281 3106 2350 quic-

1912 2345 2128 2420 notnitte
2161 2347 2268 2420 Do-
2749 2345 2918 2420 quam'
2933 2351 2956 2404 ?
2973 2345 3116 2407 'ecce

1912 2418 2042 2471 mini
2072 2417 2187 2472 Rex
2216 2417 2293 2472 ls-
2749 2417 2925 2476 omnis
2957 2421 3189 2478 mundus

1913 2489 2106 2563 traltgl.
2137 2561 2145 2563 _
2302 2561 2309 2563 _
2747 2503 2870 2563 post
2893 2508 3018 2548 eum

1916 2560 2003 2614 14.
2037 2559 2106 2614 Ει
2135 2561 2340 2615 invenit

1911 2629 2069 2686 Iesus
2098 2633 2348 2696 asellum,

1911 2712 1964 2756 et
1995 2703 2134 2757 sedit
2158 2717 2249 2758 su-

1911 2787 2007 2843 per
2033 2789 2180 2839 eum,

1910 2845 2050 2899 sicut
2079 2847 2339 2916 scriptum

1909 2925 1993 2970 est
2018 2935 2030 2968 :

1913 2985 2000 3040 15.
2034 2984 2151 3039 Noli
2180 2984 2370 3041 timere

1911 3057 2022 3110 lilia
2045 3055 2175 3111 Sion
2201 3073 2213 3108 :

2746 2565 2836 2620 20.
2856 2565 3003 2620 abiit.
3041 2569 3100 2628 »Β
3131 2563 3506 2621 ErantGraeci

2744 2636 2960 2706 quidam
3000 2642 3058 2699 >14
3087 2653 3150 2691 ex
3183 2636 3287 2703 his,
3311 2637 3402 2707 qui

2745 2709 3105 2763 ascenderant

2747 2787 2805 2831 ut
2834 2779 3129 2834 adorarent

2747 2849 2800 2900 in
2832 2849 2920 2904 die
2949 2848 3107 2903 festo.

2744 2918 2834 2973 21.
2866 2919 2928 2973 Hi
2958 2935 3086 2989 ergo
3104 2935 3195 2973 ac-

2744 2998 3025 3043 cesserunt
3045 2990 3114 3043 ad

2745 3059 3076 3127 Philippum,
3097 3061 3187 3129 qui

1909 3139 2036 3183 ecce
2068 3127 2182 3181 Rex
2742 3137 2861 3183 erat
2886 3145 2914 3181 a
2938 3127 3150 3184 Betsai—

1911 3205 2034 3252 tuus
2063 3198 2210 3253 venit
2742 3200 2808 3252 da
2837 3199 3132 3266 Galilaeae,

1908 3269 2104 3324 sedens
2124 3282 2289 3341 super
2743 3281 2798 3325 et
2833 3271 3095 3341 rogabant

2743 3356 2891 3406 eum,
2919 3342 3162 3397 dicentes
3189 3359 3202 3395 :

2748 3412 2997 3477 Domine,
3028 3413 3278 3468 volumus

2746 3481 2931 3538 Iesum
2963 3484 3168 3538 videre.

2739 3554 3022 3626 2‘2.Venit
3054 3555 3360 3626 Philippus,

2739 3635 2792 3680 et
2823 3625 2956 3680 dicit
2982 3628 3094 3680 An-

2741 3695 2939 3751 dreae:
2965 3695 3214 3752 Andreas

2741 3777 2942 3834 autem,
2975 3779 3028 3822 et
3062 3767 3185 3822 Phi—

2742 3839 2922 3908 lippus
2950 3839 3144 3894 iterum

1910 3341 2112 3409 pullum
2141 3340 2299 3394 asini.

1910 3411 1998 3466 16.
2034 3411 2178 3467 Haec
2206 3426 2312 3465 non

1911 3490 2286 3552 cognoverunt

1907 3553 2160 3621 discipuli
2190 3552 2309 3622 ejus

1909 3625 2140 3694 primum
2169 3641 2182 3676 :
2214 3623 2309 3678 sed

1907 3696 2122 3765 quando
2147 3694 2345 3749 clariﬁ-

1907 3775 2058 3821 catus
2082 3775 2166 3820 est
2194 3765 2296 3821 Ie-

1907 3851 2021 3902 sus,
2054 3835 2328 3892 recordati

1523 3953 1753 4010 CODEX
1781 3953 2176 4010 BRleANUS.

241 4075 384 4123 autem
407 4069 676 4140 principes
706 4069 1071 4126 sacerdotum.
1096 4076 1154 4124 ut
1175 4071 1435 4126 Lazarum
1466 4069 1797 4124 occiderent.

239 4141 333 4207 quia
361 4141 531 4195 multi.
559 4151 779 4211 propter
803 4157 925 4196 eum
958 4143 1356 4197 conveniebant
1387 4156 1452 4196 ex
1483 4141 1720 4195 Iudaeis.
1748 4151 1802 4195 et

237 4211 494 4265 credebant
523 4212 578 4266 in
605 4212 810 4267 Iesum.
839 4213 1096 4281 Sequenti
1125 4224 1300 4267 autem
1325 4211 1412 4265 die
1433 4213 1583 4266 turba
1611 4214 1798 4265 multa.

234 4293 344 4404 quae
362 4294 688 4338 convenerat
709 4283 774 4337 ad
801 4284 942 4338 diem
970 4285 1184 4338 festum.
1209 4283 1492 4338 audientes
1512 4284 1636 4352 quia
1656 4283 1803 4337 venit

256 4366 360 4404 esus
381 4353 770 4404 HiemSolvma-
811 4362 1144 4404 acceperunt
1181 4369 1361 4404 ramos
1394 4355 1711 4404 palmarum.
1748 4363 1803 4404 et

256 4366 360 4425 esus
381 4353 770 4425 Hierosolyma.
811 4362 1144 4424 acceperunt
1181 4369 1361 4410 ramos
1394 4355 1711 4423 palmarum.
1748 4363 1803 4408 et

233 4424 450 4478 exierunt
481 4424 693 4479 obviam
717 4425 789 4491 ei,
813 4437 865 4480 et
887 4425 1214 4480 clamabant.
1237 4425 1471 4480 Osanna.
1488 4425 1802 4480 benedictus

231 4496 298 4562 qui
325 4497 469 4567 venit
499 4496 802 4567 inInoinine
832 4496 1064 4550 Domini.
1094 4497 1207 4552 Rex
1239 4496 1461 4550 Israhel.
1511 4497 1794 4551 inveniens

227 4575 379 4619 autem
403 4565 824 4621 Iesus'asellum.
843 4569 984 4621 sedit
1010 4581 1173 4635 super
1195 4581 1340 4620 eum.
1372 4567 1511 4620 sicut
1535 4567 1794 4621 scribtum

227 4645 307 4690 est.
339 4635 455 4692 Noli
494 4637 686 4692 timere
728 4638 835 4692 lilia
871 4637 1023 4693 Sion.
1053 4652 1179 4692 ecce
1206 4637 1322 4691 Rex
1350 4648 1471 4691 tuus
1502 4639 1670 4691 venit.
1712 4652 1800 4691 se-

225 4707 336 4760 dens
381 4723 546 4776 super
603 4709 808 4779 pullum
861 4710 1067 4762 asinae.
1115 4709 1259 4762 Haec
1315 4717 1514 4762 autem.
1574 4723 1679 4761 non
1709 4723 1801 4761 co-

223 4789 500 4850 gnoverunt
557 4778 806 4850 discipuli
867 4778 988 4850 ejus
1050 4780 1454 4850 primum._sed
1516 4789 1798 4848 postquam

224 4848 532 4918 gloriﬁcatus
584 4848 911 4906 est—Iesus.
964 4848 1094 4906 tunc
1145 4848 1415 4906 recordati
1471 4857 1614 4904 sunt.
1673 4850 1801 4920 quia

1909 4070 2042 4128 haec
2100 4077 2256 4124 erant
2316 4067 2515 4124 scribta
2569 4067 2636 4122 de
2680 4080 2767 4120 eo.
2820 4075 2871 4120 et
2933 4065 3068 4121 haec
3125 4066 3368 4122 fecerunt
3433 4069 3505 4123 ei.

1907 4140 2296 4194 Testimonium
2369 4154 2500 4208 ergo
2571 4137 2888 4206 perhibebat
2953 4138 3127 4192 turba.
3189 4152 3326 4207 quae
3390 4149 3506 4194 erat

1905 4226 2026 4265 cum
2057 4228 2144 4276 eo,
2177 4211 2392 4279 quando
2423 4209 2680 4262 Lazarum
2723 4209 2932 4262 vocavit
2962 4210 3028 4263 de
3055 4217 3424 4263 monumento.
3452 4220 3508 4264 et

1907 4282 2181 4337 suscitavit
2213 4299 2332 4336 eum
2363 4295 2390 4334 a
2419 4281 2665 4334 mortuis.
2694 4279 2988 4347 Propterea
3020 4288 3076 4334 et
3111 4281 3322 4332 obviam
3359 4283 3508 4334 venit

1906 4355 1952 4406 ei
1989 4354 2140 4407 turba
2189 4355 2314 4422 quia
2361 4352 2644 4405 audierant
2690 4366 2834 4406 cum.
2889 4350 3078 4404 fecisse
3127 4351 3228 4422 hoc
3267 4351 3502 4420 signum.

1905 4423 2180 4478 Pharisaei
2208 4421 2389 4477 autem
2420 4421 2672 4476 dixerunt
2713 4424 2776 4474 ad
2828 4422 3078 4475 invicem.
3130 4421 3338 4476 Videtis
3381 4423 3505 4490 quia

1903 4496 2035 4548 nihil
2079 4495 2388 4563 proficimus
2425 4508 2553 4548 ecce
2593 4493 2823 4546 mundus
2860 4503 3018 4563 totus
3047 4503 3163 4561 pom
3199 4507 3319 4546 eum
3349 4493 3500 4547 abiit.

1905 4562 2188 4620 Erantaut
2215 4564 2458 4620 Gentiles
2480 4563 2696 4632 quidam
2719 4579 2783 4618 ex
2816 4563 2918 4617 his.
2935 4562 3026 4632 qui
3045 4563 3422 4618 ascenderant.
3447 4574 3504 4618 ut

1904 4636 2257 4690 adorarentin
2283 4635 2423 4690 diem
2440 4636 2654 4688 festum.
2677 4635 2736 4687 lli
2753 4649 2900 4690 ertzo.
2927 4645 3276 4689 accesserunt
3295 4634 3359 4689 ad
3377 4635 3504 4689 Phi-

1908 4707 2132 4776 lippum.
2159 4709 2248 4776 qtti
2272 4716 2432 4761 erata
2450 4703 2996 4776 BethsaidaGalileae.
3022 4707 3350 4776 etrogahant
3375 4722 3498 4760 eum

1907 4775 2151 4832 dicentes
2177 4775 2409 4847 Domine
2429 4777 2675 4831 volumus
2697 4775 2879 4830 Iesum
2895 4775 3099 4830 videre.
3127 4776 3501 4847 VenitPhilip-

1909 4863 2028 4918 pus.
2064 4858 2117 4902 et
2145 4847 2277 4903 dicit
2295 4846 2565 4902 Andreae.
2600 4847 2846 4903 Andreas
2877 4861 3090 4902 rursum
3118 4856 3172 4902 et
3196 4846 3498 4918 Philippus.

1478 4969 1711 5027 CODEX
1748 4968 2213 5027 CORBEIENSIS.

281 5069 360 5124 15.
401 5067 561 5124 ﬂores
581 5067 912 5138 palmarum.

277 5141 358 5195 17.
385 5140 506 5209 quia
547 5137 807 5209 Lazarum
827 5137 1060 5209 vocavit.
1439 5207 1446 5209 Α
1607 5165 1610 5168 ~

278 5212 359 5267 19.
381 5207 504 5281 quia
527 5210 660 5265 nibit
682 5207 946 5280 profecit?
971 5222 1100 5265 ecce
1124 5222 1260 5263 unus
1290 5207 1519 5278 populus
1549 5207 1794 5278 sequitur

1898 5072 2021 5135 post
2046 5063 2216 5120 illum.

1967 5135 2170 5223 29.13}
2203 5142 2359 5223 erant
2381 5134 2572 5223 Graeei
2603 5135 2821 5223 quidam
2851 5149 2917 5191 ex
2947 5134 3033 5191 his
3055 5177 3069 5201 ,
3103 5137 3204 5223 qui
3237 5136 3498 5193 ascende-

1899 5217 2021 5262 rant
2045 5207 2098 5260 in
2121 5205 2207 5261 die
2231 5206 2368 5262 festo
2393 5216 2451 5263 ιιι
2474 5205 2786 5262 adorarent.

1470 5318 1867 5376 VARIANTES
1904 5317 2200 5376 LECTION
2208 5320 2309 5377 ES.

265 5419 282 5450 ¹
316 5416 432 5465 Hm.
459 5417 590 5466 venit
608 5415 696 5479 tibi
719 5412 919 5465 sedens.
941 5413 1099 5479 γαίᾳ.
1121 5420 1244 5479 tuus
1263 5416 1400 5466 venit
1417 5416 1642 5468 sedens...

265 5482 283 5512 ⁸
315 5480 432 5529 Hm.
457 5479 594 5528 turba
614 5477 680 5528 de
706 5489 770 5528 eo
792 5476 1003 5540 quando.
1032 5476 1174 5545 Vulg.
1187 5479 1349 5541 turba,
1374 5491 1502 5542 quae
1529 5484 1768 5530 eratcum
1790 5493 1852 5532 eo
1863 5480 2076 5547 quando.

1531 5606 1899 5666 BLANCHINI
1940 5609 2174 5668 ΝΟΤᾸΞ.

269 5710 344 5781 (α)
369 5707 447 5766 ill
471 5715 524 5766 et
547 5715 672 5766 tea;
705 5706 802 5768 Gri
834 5713 935 5764 τῶν
965 5702 1314 5763 ’ἰουδαίων.-
1341 5703 1418 5775 (b)
1446 5701 1522 5759 Ita
1547 5711 1604 5761 et
1625 5713 1732 5764 tex.
1762 5700 1858 5758 Gr.
1888 5703 2143 5775 ὠφελεῖτε.
