3950 6194
561 188 669 250 445
1113 194 1385 251 EUSEBII
1413 192 1752 252 VERCELL.
1797 194 2149 257 1111110111

2282 193 2422 257 CllM
2452 196 2682 256 VARIIS
2704 197 2863 256 COD.
2898 198 3291 257 COLLATUM.
3744 204 3837 259 M4

964 308 1197 365 CODEX
1234 304 1776 368 VERCELLENSIS.
1796 312 1807 331 ⁷

570 411 625 459 et
648 403 837 459 dicunt
864 402 933 459 ad

569 473 779 529 Iesum.

568 545 657 600 25.
691 548 771 601 Ad
804 546 897 599 ille
923 559 1151 614 respon—

569 618 648 671 dit
675 620 774 682 eis,
800 616 1013 671 dicens:

570 687 733 743 Venit
761 690 911 755 hora,

571 769 631 815 ut
659 758 922 811 houorili-~

570 840 725 885 cetur
753 829 922 884 Filius

569 902 825 956 hominis.

571 972 662 1026 24.
708 976 903 1039 Amen,
932 987 1089 1029 amen

570 1043 695 1099 dico
724 1045 899 1109 vobis,
931 1046 1015 1099 ni-

567 1116 613 1170 si
646 1130 870 1183 granum

571 1188 735 1240 tritici
774 1188 976 1242 cadens

571 1258 623 1311 in
651 1266 815 1319 terra,
839 1274 953 1311 mo-
992 1308 995 1309 ,

568 1327 660 1383 25.
696 1330 887 1393 riatur,
918 1331 1091 1399 ipsum

571 1401 747 1454 solum
776 1414 961 1456 maned

578 1471 692 1535 hit;
728 1470 771 1523 si
802 1486 930 1526 vero
955 1484 1076 1529 mo-

568 1543 755 1605 riatur,
780 1543 919 1596 mul-

569 1621 682 1666 tum
716 1613 947 1669 fructum

571 1682 801 1738 adferet.

567 1753 669 1819 Qui
701 1764 847 1813 amat
873 1759 986 1812 ani-

565 1840 709 1878 mam
742 1841 918 1894 suam,

564 1896 755 1963 perdet
785 1898 963 1953 illam:

565 1967 582 1997 ¹
612 1978 665 2049 e_t
693 1969 781 2036 qui
811 1968 925 2024 odit

561 2052 798 2092 animam
831 2055 984 2097 suam

564 2109 619 2162 in
649 2110 750 2163 hoc
780 2127 933 2167 mun-

563 2180 655 2244 do,
687 2180 740 2234 in
776 2184 939 2238 vitam

564 2260 840 2306 aeternam

562 2323 824 2378 custodiet
858 2326 923 2379 il-

560 2392 653 2468 26.
684 2396 809 2468 lam.
840 2396 897 2451 Si
929 2398 1050 2468 quis

560 2465 693 2520 mihi
729 2468 915 2523 minis-

562 2541 690 2602 trat,
718 2548 973 2605 sequatur

563 2623 653 2661 me
679 2625 692 2661 :
724 2619 777 2681 et
804 2611 888 2663 ubi
919 2625 1020 2681 ego

562 2694 705 2743 sum,
739 2680 805 2734 ibi
836 2692 890 2735 et
914 2680 1014 2737 mi-

562 2750 733 2803 nister
758 2767 909 2805 meus

563 2822 687 2875 erit.
716 2822 770 2875 Si
796 2824 917 2891 quis

561 2892 692 2945 mihi
726 2894 912 2947 minis-

561 2971 687 3027 trat,
724 2962 955 3020 honora-

560 3035 640 3088 vit
670 3035 821 3089 illum
854 3038 952 3092 Pa-s

561 3114 644 3159 101
672 3122 844 3161 meus.

559 3176 650 3229 27.
684 3176 836 3231 Nunc
857 3180 1037 3235 anima

562 3262 683 3300 mea
715 3251 897 3302 turba-

562 3324 669 3369 tur.
706 3319 769 3370 Et
793 3321 921 3387 quid

562 3388 735 3441 dicam
759 3390 782 3440 ?
811 3389 988 3457 Pater,

561 3458 729 3512 libera
761 3475 845 3513 me
872 3461 941 3516 de

563 3527 703 3583 hanc
734 3529 862 3583 hora
890 3548 903 3585 :

564 3600 660 3654 sed
687 3600 809 3653 ideo
841 3604 963 3657 veni

564 3671 617 3724 in
652 3670 791 3725 hanc
820 3672 1034 3729 horam.

560 3740 650 3798 28.
685 3742 862 3811 Pater,
891 3747 911 3777 ²
944 3747 1166 3802 honori-

1405 402 1501 456 lica
1534 418 1731 458 nomen

1405 482 1574 528 tuum.
1601 474 1772 547 Venit}

1404 552 1582 600 autem
1614 563 1716 601 VOX

1402 616 1470 670 de
1501 619 1686 677 Caviis,
1724 618 1806 671 di-

1401 702 1532 741 cens
1556 706 1571 741 :
1605 690 1669 743 Et
1701 691 1871 745 hono-

1404 758 1631 825 rilicavi,
1658 770 1711 814 et
1740 761 1842 815 ite.

1403 846 1519 883 rum
1546 831 1803 887 honoriﬁ—

1402 902 1555 955 calio.

1402 972 1491 1027 29.
1521 972 1722 1039 Turba,
1755 984 1896 1040 quae

1404 1044 1603 1105 stabat,
1636 1052 1689 1097 et
1715 1048 1899 1100 audie-

1404 1114 1513 1180 bat,
1545 1116 1757 1169 dicebat
1783 1130 1796 1170 :
1822 1117 1928 1172 To-

1404 1186 1578 1240 nitrua
1606 1187 1625 1217 ³
1651 1186 1805 1241 lactat

1402 1269 1545 1310 sunt.
1577 1258 1681 1312 Alii
1704 1260 1851 1315 dice-

1402 1328 1530 1383 bant
1556 1348 1567 1381 :
1604 1331 1840 1399 Angelus

1403 1408 1487 1453 est
1514 1402 1584 1454 illi
1620 1402 1849 1456 locutus.

1405 1472 1491 1525 5U.
1520 1471 1817 1537 Respondit
1845 1475 2027 1543 Jesus,

1402 1552 1455 1595 et
1478 1543 1613 1596 dixit
1639 1543 1783 1598 illis:

1402 1612 1519 1667 Non
1551 1625 1770 1682 propter

1403 1700 1489 1737 me
1520 1701 1618 1738 vox
1654 1686 1787 1739 haec

1402 1756 1568 1816 venit.
1598 1756 1692 1809 sed
1724 1771 1884 1826 prop-

1399 1826 1489 1879 51.
1526 1837 1605 1880 ter
1631 1841 1747 1881 vos.
1784 1829 1934 1885 Nunc

1395 1897 1659 1966 judicium

1399 1981 1482 2023 est
1505 1969 1664 2036 hujus
1692 1984 1847 2026 muno

1395 2039 1449 2093 di
1476 2058 1488 2093 :
1524 2056 1665 2095 nunc
1697 2041 1847 2097 Prin-

1398 2125 1527 2179 ceps
1557 2112 1713 2178 hujus
1736 2130 1891 2170 mun-

1398 2182 1451 2235 di
1476 2183 1704 2237 mittitur

1397 2254 1682 2329 52101115.
1714 2256 1829 2329 Ego
1860 2271 1984 2312 cum

1396 2326 1656 2379 exaltatus

1400 2394 1549 2450 fuero
1581 2398 1647 2450 de
1679 2406 1787 2452 ter-

1397 2480 1476 2531 ra,
1510 2469 1686 2521 omnia
1718 2478 1824 2524 tra-

1397 2537 1520 2590 ham
1546 2538 1611 2590 ad
1641 2555 1747 2593 me.

1396 2609 1485 2662 55.
1518 2608 1655 2681 (Hoc
1684 2621 1860 2666 autem
1887 2611 1968 2667 di-

1397 2681 1576 2751 cebat.
1603 2683 1767 2751 signi-

1400 2750 1568 2805 ﬁcans
1589 2768 1693 2821 qua
1725 2770 1868 2807 inor-

1402 2830 1454 2875 te
1479 2833 1594 2876 erat
1622 2827 1789 2879 mori-

1402 2894 1599 2965 turus.)

1398 2964 1490 3018 111.
1524 2964 1823 3035 Respondit
1848 2966 1911 3022 t1.

1399 3035 1435 3089 li
1470 3038 1618 3090 turba
1645 3055 1657 3091 :
1690 3036 1798 3093 Nos

1397 3106 1699 3162 audivimus

1397 3180 1657 3248 scriptum
1688 3180 1740 3233 in

1398 3250 1535 3318 lege.
1562 3252 1638 3320 (b)
1668 3250 1813 3319 quod
1846 3250 1887 3321 -ιθ
1908 3250 2158 3307 Christus

1398 3330 1581 3373 manet
1610 3324 1660 3374 in

1397 3402 1678 3444 aeternum
1714 3410 1726 3444 τ

1398 3474 1447 3514 et
1478 3462 1753 3530 quomodo

1399 3540 1453 3584 tu
1485 3533 1622 3588 dicis
1652 3552 1664 3587 :
1693 3533 1849 3601 Quod

1395 3613 1611 3672 Oportet
1636 3608 1782 3661 exal-

1398 3677 1496 3730 tari
1522 3676 1715 3730 Filium

1396 3747 1667 3805 hominis?
1695 3749 1799 3818 Qui

2707 310 2941 369 CODEX
2978 312 3427 371 VEBONENSIS.

2263 407 2452 462 dicunt
2476 406 2540 460 ad

2263 477 2466 533 Jesnm.

2264 549 2353 603 25.
2384 549 2543 603 Jesus
2567 557 2749 605 autem

2263 620 2542 686 respondit
2570 622 2670 685 eis,

2263 692 2485 746 dicens:
2520 690 2679 745 Venit

2266 763 2419 828 hora,
2453 774 2512 817 ut
2541 762 2701 817 clari-

2265 832 2454 887 licetur
2488 834 2657 887 Filius

2265 904 2520 959 hominis.

2263 975 2355 1031 24.
2390 982 2581 1042 Anien,
2613 990 2773 1033 amen

2266 1047 2388 1101 dico
2420 1048 2591 1109 vobis.

2265 1118 2368 1172 nisi
2396 1132 2619 1184 granum

2266 1191 2427 1243 tritici
2457 1190 2657 1244 cadens

2265 1260 2317 1314 in
2342 1270 2558 1325 terram,
2593 1276 2736 1316 mor—

2264 1340 2411 1385 tuum
2443 1332 2623 1395 fuerit,

2263 1402 2353 1457 25.
2386 1403 2561 1471 ipsum
2588 1404 2763 1457 solum

2266 1482 2479 1536 manet;
2510 1476 2552 1527 si
2582 1490 2676 1528 au—

2266 1553 2372 1597 tem
2405 1555 2675 1599 mortuum

2264 1614 2443 1680 fuerit,
2480 1618 2703 1670 multum

2264 1688 2492 1741 fructum
2524 1688 2749 1741 adferet.

2264 1756 2363 1824 Qui
2396 1769 2539 1811 amat
2562 1758 2676 1811 ani-

2265 1844 2404 1881 mam
2438 1844 2586 1881 suam
2616 1829 2671 1882 in
2705 1829 2806 1885 hoc

2267 1900 2487 1961 mundo,
2523 1900 2711 1966 perdet

2262 1984 2424 2025 eam:
2457 1982 2509 2024 et
2537 1973 2623 2039 qui
2658 1970 2771 2025 odit

2263 2055 2496 2095 annnam
2523 2057 2675 2097 SUENII

2264 2112 2317 2165 in
2350 2113 2451 2167 hoc
2478 2129 2637 2167 mun-

2263 2182 2355 2249 do,
2380 2186 2431 2237 in
2462 2186 2626 2238 vitam

2262 2266 2538 2309 aeternam
2562 2271 2655 2310 CU-

2262 2326 2429 2379 stodit
2459 2343 2597 2380 cam.

2262 2395 2353 2449 26.
2377 2398 2432 2451 Si
2457 2398 2577 2466 quis
2607 2395 2738 2450 mihi

2261 2468 2552 2529 ministrat,
2582 2482 2663 2523 se-

2260 2549 2453 2606 quatur
2476 2554 2562 2594 me
2589 2557 2603 2594 :

2258 2618 2314 2663 et
2341 2610 2430 2663 ubi
2458 2625 2558 2675 ego

2259 2692 2401 2742 Sum,
2437 2681 2547 2735 illic

2260 2758 2315 2803 et
2340 2751 2589 2807 mittisle

2260 2836 2414 2876 mens
2439 2825 2562 2876 erit.

2259 2892 2314 2947 Si
2338 2895 2461 2963 quis
2482 2903 2660 2949 autem

2260 2966 2393 3019 mihi
2423 2966 2691 3019 ministra-

2263 3035 2425 3103 berit,
2455 3038 2629 3091 110110-

2260 3108 2488 3161 riticabit
2518 3124 2642 3163 eum

2261 3177 2438 3233 Pater.

2260 3250 2351 3303 27.
2392 3250 2543 3305 Nunc
2566 3251 2746 3306 anima

2262 3336 2381 3375 mea
2415 3324 2680 3377 turbatur.

2264 3393 2331 3447 Et
2362 3393 2487 3461 quid
2515 3393 2594 3446 di-

2261 3466 2420 3518 cam?
2448 3467 2623 3530 l’ater,

2262 3534 2505 3589 salviﬁca
2532 3550 2618 3590 me

2262 3606 2421 3660 Pater
2443 3622 2509 3661 ex
2536 3608 2636 3662 hac

2264 3676 2396 3731 hora
2422 3694 2434 3729 :

2262 3748 2357 3803 sed
2390 3757 2675 3819 propterea

1878 3884 2109 3941 CODEX
2148 3882 2543 3941 BRIXIANUS.

2258 4000 2420 4054 Pater
2442 3999 2675 4054 clariﬁra
2704 4014 2896 4055 nomen
2929 4008 3098 4054 tuum.
3120 4000 3277 4055 Venit
3306 4016 3437 4067 ergo
3468 4017 3575 4057 vox
3602 4000 3667 4055 de
3684 3996 3836 4053 caelo.

556 3996 811 4069 dixerunt
861 4000 925 4053 ad
998 4000 1181 4056 Jesum
1250 4002 1407 4058 Jesus
1466 4013 1666 4058 autem.
1738 4002 2016 4069 respondit
2072 4000 2151 4054 eis

556 4068 762 4123 dicens.
816 4070 975 4126 Venit
1038 4073 1168 4127 hora
1229 4084 1287 4127 ut
1354 4075 1679 4129 clariﬁcetur
1741 4068 1907 4126 Filius
1980 4074 2151 4125 homi-

556 4141 661 4213 nis.
725 4142 895 4196 Amen
951 4160 1108 4197 amen
1161 4144 1282 4199 dico
1337 4147 1488 4199 vobis
1542 4147 1643 4199 nisi
1686 4160 1911 4213 granum
1968 4144 2149 4197 tritici.

556 4211 757 4267 Cadens
798 4214 846 4266 in
889 4222 1086 4269 terram
1119 4228 1384 4271 mortuum
1417 4219 1593 4269 fuerit.
1642 4211 1811 4285 ipSuin
1856 4217 2026 4269 Solum
2070 4230 2155 4268 re-

556 4298 758 4337 manet.
811 4290 853 4338 si
909 4299 1089 4339 autem
1139 4299 1405 4341 mortuum
1452 4286 1613 4340 fuerit
1650 4290 1875 4339 multum
1927 4288 2151 4338 lructum

558 4353 732 4427 alTei't.
751 4358 848 4423 Qui
875 4369 1017 4409 amat
1042 4360 1273 4411 animam
1296 4376 1443 4413 suam
1472 4360 1655 4427 perdet
1689 4375 1829 4411 eam.
1856 4366 1907 4411 et
1932 4358 2024 4427 qui
2044 4357 2153 4411 odit

558 4426 795 4480 animam
834 4445 985 4481 suam
1018 4430 1066 4482 in
1097 4436 1195 4483 ‘noc
1226 4432 1425 4483 mundo
1451 4426 1501 4483 in
1543 4439 1705 4483 vntum
1740 4426 2017 4483 aeternam
2056 4442 2147 4481 Cll-

557 4494 725 4568 stodit
766 4515 906 4551 eam.
941 4500 1120 4566 Siquis
1148 4501 1275 4554 n;iln
1326 4500 1617 4555 ministrat.
1656 4518 1740 4556 me
1784 4510 2062 4568 sequatur.
2095 4511 2146 4553 et

560 4567 647 4639 11111
676 4584 792 4620 sum
816 4586 916 4638 ego
945 4571 1051 4623 illic
1076 4581 1130 4625 et
1154 4574 1403 4626 minister
1437 4590 1588 4627 meus
1624 4586 1727 4627 est.
1759 4574 1821 4625 Et
1849 4567 2015 4639 siquis
2049 4569 2148 4624 mi-

557 4634 612 4690 hi
647 4634 1049 4694 ministraverit.
1074 4644 1452 4699 honoriiicavit
1475 4660 1598 4698 eum
1630 4644 1806 4698 Pater.
1842 4634 1995 4696 Nunc
2033 4644 2149 4694 ani-

557 4723 814 4784 ma_inea.
852 4714 1060 4767 turbata
1090 4726 1193 4769 est.
1230 4716 1297 4769 Et
1328 4716 1457 4784 quid
1484 4717 1679 4770 dicam.
1717 4717 1872 4769 Pater
1896 4714 2039 4765 salva
2064 4728 2148 4767 me

556 4792 625 4836 ex
658 4778 759 4837 hac
800 4781 955 4839 hora.
1008 4785 1115 4841 Sed
1157 4778 1442 4858 propterea
1482 4787 1625 4844 veni.
1658 4786 1711 4842 in
1745 4786 1931 4840 horam
1986 4785 2145 4839 hanc.

622 5016 713 5071 24.
744 5017 842 5071 nisi
873 5033 1097 5088 granum
1131 5020 1311 5087 tritici,
1341 5030 1446 5076 etc.

622 5088 715 5144 27.
748 5088 927 5157 Pater,
954 5090 1122 5147 libera
1162 5108 1252 5149 me
1275 5108 1341 5148 ex
1367 5092 1468 5149 hac
1495 5096 1649 5151 hora.

615 5348 631 5381 ¹
670 5351 791 5400 Mm.
820 5357 871 5400 et
893 5351 978 5413 qui
1002 5351 1273 5414 perdiderit
1295 5357 1522 5404 animam.
1555 5352 1701 5420 Vulg.
1731 5362 1781 5405 et
1803 5358 1885 5419 qui
1920 5354 2022 5405 odit
2043 5356 2147 5405 ani-

548 5424 677 5463 mam

613 5451 791 5525 imlilm.
811 5474 1021 5526 clariﬁca
1037 5476 1215 5528 Filium
1228 5484 1384 5531 tuum.
1411 5478 1557 5546 Vulg.
1571 5479 1780 5531 clariﬁca
1797 5493 1974 5531 nomen
1992 5486 2147 5531 11111111.

3093 408 3214 463 veni
3243 408 3293 462 in
3322 410 3508 461 horam

3092 479 3272 534 istam.

3091 549 3182 605 28.
3222 551 3401 615 Pater,
3434 548 3669 605 clariﬁca

3092 631 3242 676 tuum
3272 636 3497 675 nomen.

3093 692 3256 747 Venit
3284 706 3414 760 ergo

3098 779 3201 818 vox
3232 764 3299 817 de
3318 762 3506 817 caelo:

3099 835 3168 889 Et
3188 833 3501 895 clariﬁcabi,

3098 916 3151 961 et
3182 908 3371 959 iterum
3405 905 3520 959 clas

3097 976 3339 1032 rificaho.

3097 1048 3187 1102 29.
3228 1047 3407 1101 Turba
3430 1060 3584 1118 ergo,

3093 1135 3228 1190 quae
3250 1118 3449 1183 stabat,

3094 1202 3147 1244 et
3176 1190 3446 1253 audiebat,

3093 1262 3383 1316 dixerunt:
3406 1261 3481 1331 (a)
3511 1259 3619 1316 To-

3094 1334 3333 1386 nitruum
3366 1332 3564 1385 factum

3093 1413 3177 1458 est
3203 1405 3266 1473 1-.
3297 1402 3400 1456 Alii
3428 1404 3511 1456 di-

3094 1477 3287 1529 cebant
3314 1492 3326 1527 :
3357 1474 3537 1543 Ange-

3096 1547 3181 1601 lus
3214 1547 3261 1601 ei
3290 1546 3504 1600 locutus

3095 1626 3201 1673 est.

3093 1690 3182 1744 50.
3226 1686 3533 1756 ReSpondit
3557 1685 3726 1753 Jesus,

3092 1771 3147 1815 et
3168 1760 3302 1813 dixit
3331 1777 3342 1812 :
3370 1758 3486 1813 Non

3095 1841 3315 1899 propter
3340 1844 3427 1884 me

3094 1917 3198 1957 vox
3230 1904 3364 1956 haec
3385 1900 3557 1963 venit,

3091 1975 3186 2027 sed
3217 1980 3438 2042 propter
3457 1986 3581 2025 vos.

3092 2046 3183 2099 3i.
3223 2042 3646 2113 Nuncjuditium

3093 2126 3177 2171 est
3206 2114 3391 2169 mundi
3419 2133 3432 2168 :

3096 2202 3239 2240 nunc
3270 2186 3537 2256 Princeps

3095 2258 3277 2311 mundi
3303 2257 3461 2323 hujus

3092 2330 3336 2382 mittetur
3360 2328 3524 2381 deor-

3095 2400 3183 2454 52.
3226 2414 3365 2471 sum.
3403 2398 3471 2453 Et
3500 2411 3605 2468 ego

3094 2472 3139 2525 si
3167 2471 3437 2524 exaltatus

3096 2556 3191 2596 ero
3222 2558 3248 2593 a
3276 2552 3438 2603 terra,

3096 2615 3277 2667 omnia
3305 2612 3519 2665 traham

3096 2683 3184 2738 33.
3226 2684 3290 2736 ad
3322 2699 3425 2736 me.
3459 2682 3578 2736 Hoc

3094 2764 3275 2809 autem
3306 2754 3548 2815 dicebat.

3095 2826 3403 2896 signiﬁcans
3430 2838 3544 2891 qua

3096 2906 3271 2951 morte
3298 2906 3445 2951 esset

3096 2970 3414 3023 moriturus.

3096 3041 3186 3094 54.
3228 3036 3539 3107 Respondit

3095 3111 3143 3165 ei
3193 3112 3347 3164 turba
3378 3128 3391 3162 :

3094 3181 3202 3236 Nos
3227 3181 3540 3235 audivimus

3100 3268 3166 3307 ex
3198 3252 3337 3322 lege,
3372 3250 3446 3321 (b)
3483 3249 3614 3319 quia
3639 3247 3676 3318 ’1-

3096 3324 3344 3377 Chrisms
3376 3332 3571 3377 manet

3094 3395 3148 3447 in
3182 3404 3466 3448 aeternum
3502 3413 3515 3445 :

3094 3472 3150 3520 et
3179 3466 3451 3520 uuomodo

3097 3546 3153 3591 tu
3178 3536 3316 3591 dicis
3340 3554 3352 3589 :
3386 3536 3533 3605 Quia

3097 3617 3315 3677 Oportet
3350 3606 3511 3661 exal-

3100 3681 3200 3733 tari
3233 3678 3429 3733 Filium
3462 3678 3571 3732 110-

3101 3750 3295 3806 minis?
3331 3750 3467 3817 Quis

2257 4071 2324 4126 Et
2352 4072 2659 4125 clariiicavi.
2691 4083 2744 4125 et
2772 4073 2961 4126 iterum
2991 4072 3319 4126 clarifimvo.
3350 4071 3537 4128 Turba
3564 4090 3690 4141 ergo
3717 4083 3839 4136 quae

2257 4143 2430 4197 stabat
2460 4156 2510 4195 et
2543 4144 2803 4196 audierat.
2841 4144 3051 4197 diccbat
3096 4143 3417 4197 Tonitruum
3458 4144 3659 4198 factum
3709 4153 3833 4195 esse.

2258 4214 2365 4269 Alii
2396 4214 2666 4268 dicebant.
2701 4214 2934 4284 Angelus
2962 4219 3007 4267 ei
3042 4216 3254 4269 locatus
3300 4227 3401 4269 est.
3437 4214 3731 4285 Respondit
3762 4210 3841 4261 le-

2259 4301 2371 4359 Stlﬁ.
2412 4296 2463 4339 et
2493 4287 2645 4340 dixit.
2694 4286 2804 4339 Non
2842 4297 3059 4359 propter
3098 4303 3182 4341 me
3232 4303 3333 4340 vox
3369 4289 3505 4340 haec
3556 4288 3692 4339 facta

2262 4357 2355 4411 sed
2409 4368 2627 4426 prepter
2676 4372 2769 4410 vos
2822 4353 2971 4411 Nunc
2995 4358 3257 4427 judicium
3310 4368 3396 4411 est
3438 4359 3601 4425 hujus
3650 4353 3836 4427 mundi.

2255 4423 2684 4497 naue—Princeps
2714 4428 2871 4497 1111]ος
2898 4423 3084 4483 mundi
3113 4431 3336 4483 ricietur
3386 4423 3556 4482 foras.
3594 4429 3656 4483 Et
3686 4442 3778 4492 ego
3803 4423 3839 4476 si

2254 4500 2523 4553 multatus
2577 4499 2730 4552 fuero
2787 4515 2814 4553 a
2872 4509 3037 4553 terra.
3097 4503 3275 4554 omnia
3334 4503 3547 4553 traham
3615 4502 3677 4551 ad
3744 4510 3837 4547 me.

2256 4570 2366 4624 Hoc
2415 4580 2593 4623 autem
2647 4571 2880 4624 dicebat.
2938 4571 3271 4638 signiﬁcans.
3322 4587 3424 4641 qua
3481 4578 3659 4625 m0rte
3708 4575 3839 4641 esset

2256 4644 2569 4695 moriturus.
2601 4641 2896 4708 Respondit
2920 4645 2967 4697 ei
3006 4647 3178 4697 turba.
3210 4642 3319 4695 Nos
3342 4640 3644 4696 audivimus
3670 4656 3731 4693 ex
3774 4640 3840 4708 lt;-

2254 4728 2340 4781 ge.
2365 4712 2442 4786 (b)
2466 4715 2588 4783 quia
2612 4712 2649 4784 υί·
2666 4706 2913 4767 Christus
2937 4723 3118 4767 manet
3140 4714 3491 4786 inacternnm
3517 4724 3567 4767 et
3588 4706 3841 4786 quomodo

2257 4779 2315 4839 tu
2345 4779 2498 4839 dicis:
2526 4779 2659 4853 Quia
2691 4794 2904 4855 oportet
2949 4786 3171 4839 exaltari
3202 4784 3396 4839 Filium
3422 4785 3681 4839 hominis.
3723 4779 3841 4846 Quis

1844 4900 2080 4959 CODEX
2114 4900 2579 4958 CORBEIENSIS.

2334 5018 2427 5073 29.
2455 5032 2593 5087 quae
2636 5016 2835 5081 stabat,
2878 5016 3130 5072 dicebat:
3166 5018 3490 5074 Tonitruum
3520 5015 3718 5070 factum
3743 5020 3834 5069 est.

2331 5088 2424 5144 51.
2458 5104 2599 5143 nunc
2625 5087 2881 5159 Princeps
2905 5088 3090 5145 mundi
3110 5090 3352 5146 mittetur
3375 5089 3653 5145 deorsum.

1806 5234 2199 5291 VARIANTES
2236 5230 2633 5290 LECTIONES.

2320 5352 2341 5383 ³
2376 5352 2481 5415 Gal.
2508 5350 2682 5415 factum
2708 5348 2959 5415 :Angelus
2992 5349 3124 5399 enim
3160 5348 3227 5400 ei.
3255 5341 3401 5411 Vulg.
3429 5346 3629 5397 factum.
3652 5341 3740 5393 Alii
3769 5337 3833 5387 di-

2256 5412 2435 5465 cebant
2461 5411 2711 5476 :Angelus
2732 5414 2796 5463 ei.

1890 5582 2257 5639 BLANCIHNI
2291 5584 2516 5641 NOTAE.

640 5699 716 5773 (a)
742 5698 819 5755 Ita
841 5707 893 5756 et
920 5698 1041 5756 cod.
1066 5698 1467 5779 (311111.,⁷βροντὴ
1490 5704 1704 5777 γέγονεν.
1739 5700 1909 5760 Favet
1927 5699 2309 5760 Vercellensis.
2348 5727 2420 5744 -—
2458 5698 2533 5772 (θ)
2573 5697 2736 5757 Addit
2775 5698 2928 5770 quia,
2971 5697 3137 5757 etiam
3164 5705 3277 5755 tet.
3312 5692 3406 5751 Gr.
3439 5691 3540 5753 ὅτι.
