1975 3097
284 150 331 179 i5!
551 148 685 178 EUSEBII
706 146 875 177 VERCELL.
897 145 1121 176 EVANGELIUM
1140 146 1210 176 CUM
1229 146 1343 176 VAllIlS
1361 146 1439 176 σου.
1458 146 1654 177 COLLATUM.
1877 144 1921 172 ιδε

481 207 600 237 CODEX
620 205 888 236 VERCELLENSIS.

284 265 301 292 (ι
323 275 330 283 .
353 276 360 283 .
383 278 389 284 .
411 263 437 283 m
453 255 489 283 mi
510 275 517 282 .
539 275 547 282 .
569 262 598 283 e-
699 254 745 292 27.
768 253 830 285 εει.
848 257 967 292 ut_acce-

701 290 739 324 pit
754 296 864 324 panem,
880 288 920 315 in-

703 326 784 352 travit
797 325 825 351 iu
843 331 905 351 eum

700 361 826 388 Satanas.

704 396 774 423 Dicit
789 396 826 423 illi
840 394 920 422 .lesus
937 393 979 429 :Q

703 432 780 464 facis,
798 433 839 458 iac
852 430 923 458 cele—

701 467 746 494 28.
769 468 834 494 rius.
851 465 936 492 Nemo
953 473 1001 493 au-

704 509 755 529 tem
768 511 798 529 ex
817 503 866 532 bis,
884 502 931 536 qni

679 549 681 553 ι
702 539 908 569 ret-tittilielianl,

703 572 926 607 ilitellt,-x1t,quitl

700 609 744 635 ‘29.
769 610 805 635 llll
822 606 932 634 (inerit.
948 606 1014 635 Ple-

284 363 392 397 accipit,
408 362 479 389 acci-

284 399 323 435 pit
336 406 397 426 eum
413 398 458 434 qui

284 443 329 462 me
343 435 425 461 ιιιίειι.

282 470 327 497 2i.
351 470 421 496 Haec
437 470 543 497 loculus

281 511 321 533 est
336 505 425 535 Jesus.
444 510 470 532 et
483 511 539 533 tur-

283 541 363 568 balus
378 546 418 568 est
433 541 459 568 in

282 578 380 611 spiritu
396 585 402 602 :
417 581 443 602 et
458 575 555 604 testiﬁ-

283 616 328 639 tus
344 617 396 645 est,
410 612 503 639 dicens
519 619 526 638 :

981 392 1033 422 uod

284 649 382 679 Amen,
399 655 478 674 amen
491 647 531 675 di—
700 646 778 680 rique
793 645 864 670 enim

284 691 318 710 eo
331 684 417 715 vobis,
432 684 494 717 quia
700 680 902 717 existimabant,

284 727 354 746 unus
369 727 401 746 ex
418 715 467 745 vo-
700 717 761 751 quia
774 715 877 751 loculos

285 755 326 781 bis
340 755 427 782 tradet
443 762 496 781 me.
700 750 907 782 habebatluda,

700 795 769 822 quea
784 786 851 813 dixit
873 785 910 813 illi

700 823 780 851 Jesus
794 831 801 849 :
817 822 850 849 Ut
864 826 979 855 emeret,

701 866 771 893 quae
784 864 913 884 necessa-

701 892 742 921 ria
756 897 833 920 erant
847 892 880 919 ad

702 929 774 957 diem
795 928 906 955 sollem-

703 972 764 992 nem
778 972 785 996 ;
800 969 846 991 aut
859 969 888 990 ut

702 999 867 1035 pauperibus

703 1036 790 1063 daret.

703 1072 749 1099 50.
771 1071 806 1099 Ut
820 1070 926 1106 accepit
937 1070 1018 1107 igitur

704 1108 749 1134 ille
764 1115 872 1141 panem,

703 1143 805 1170 confes!
812 1143 848 1169 itn

704 1179 780 1206 exiit.
798 1178 864 1205 Erat
877 1185 925 1205 att-

703 1214 747 1242 3I.
770 1218 826 1241 tem
843 1221 906 1242 nox.
920 1213 989 1242 Cum

704 1257 768 1284 ergo
782 1250 894 1282 exisset,

703 1285 768 1312 dicit
782 1285 862 1312 Jesus
878 1294 885 1312 :

703 1320 780 1348 Nunc
794 1321 912 1347 honora-

703 1360 746 1392 tus
757 1362 804 1392 Iest
819 1356 902 1383 Filius

703 1391 839 1424 hominis;
861 1396 889 1419 et
904 1391 975 1419 Dens

704 1427 865 1455 honoriﬁca-

704 1469 746 1490 tus
760 1468 801 1491 est
817 1464 842 1489 in
858 1463 913 1489 illo.

703 1499 748 1526 52.
771 1499 804 1526 Et
818 1499 888 1526 Deus
904 1498 1015 1527 honori-

703 1534 794 1561 ﬁcavit
808 1542 871 1562 eum

703 1571 730 1597 in
746 1571 814 1604 ipso,
831 1574 859 1598 et
872 1577 939 1599 con-

701 1606 793 1633 festim
807 1606 895 1633 hono-

702 1642 816 1669 riiicabit
830 1648 903 1668 eum.

702 1677 748 1705 53.
769 1677 882 1710 Piiioii,
906 1675 995 1705 adhuc
1020 1684 1081 1713 pus-

701 1713 779 1740 illum
792 1712 886 1739 vobis-

703 1756 764 1775 cum
783 1755 854 1775 sum.
870 1747 958 1781 Quac-

702 1783 762 1820 ritis
777 1791 836 1820 me;
848 1788 877 1811 et
888 1791 982 1820 quein-

702 1819 847 1846 admodum

702 1854 758 1881 dixi
770 1854 880 1883 .Iudaeis
896 1863 902 1881 :

702 1890 770 1924 Quia
785 1890 830 1918 ubi
843 1899 902 1919 sum

284 789 331 817 22.
353 790 482 826 Discipuli
496 797 544 818 au-

286 831 339 853 tetn
355 826 414 860 ejus
430 833 487 853 res—

287 861 423 897 piciebant
435 860 468 887 ad

286 897 413 926 invicem.
430 900 487 922 stu-

287 937 383 966 pentes
392 931 426 958 de
437 938 491 965 quo

287 965 332 995 25.
355 968 468 995 diceret.
486 965 550 994 Erat

287 1008 376 1030 autern
392 1010 499 1031 recum-

287 1039 354 1067 bens
368 1046 438 1066 unus

287 1082 321 1116 ex
334 1075 473 1116 discipulis

289 1117 348 1144 ejus
363 1118 388 1137 in
403 1118 464 1137 smu

288 1145 361 1177 Jesn,
379 1146 460 1174 etiam

288 1189 367 1215 quem
379 1182 470 1215 dilige-

288 1216 334 1244 24.
354 1217 402 1244 bat
416 1217 503 1244 Jesus.
519 1216 601 1244 Innu-

287 1252 307 1279 it
321 1260 387 1288 ergo
402 1252 465 1279 ltuit:

288 1287 381 1315 Simon
398 1287 505 1322 Petrus,

289 1324 382 1351 dicens
397 1332 402 1349 τ
420 1323 504 1351 Inter-

288 1367 352 1394 roga
367 1360 410 1394 qtti
425 1364 477 1391 est,

288 1395 322 1422 de
336 1403 389 1430 quo
404 1395 486 1422 dicit?

287 1430 333 1458 25.
355 1431 526 1458 Ιίεειιιιώεηε

288 1474 354 1500 ergo
367 1467 412 1493 ille
426 1474 472 1493 su—

289 1510 335 1536 pra
351 1507 444 1536 pectus

287 1535 362 1571 Jcsu,
377 1538 415 1565 ait
430 1537 466 1565 illi
483 1546 490 1565 :
505 1535 629 1569 Domine,

287 1574 333 1608 qui
348 1573 408 1601 est?

286 1609 332 1636 26.
354 1608 502 1642 Respondit
515 1616 558 1636 er-

286 1652 321 1679 go
333 1644 396 1672 Jesu
410 1653 416 1670 :
432 1644 479 1670 Ille
492 1649 544 1675 est,

289 1680 333 1707 cui
348 1687 398 1713 ego
412 1679 510 1706 intinc-

288 1720 344 1742 tum
360 1722 457 1749 partem

309 1757 447 1777 orrexero.

303 1786 400 1813 ntiuxit
414 1793 458 1813 er-

288 1829 323 1856 go
335 1829 442 1855 panem,
457 1825 485 1848 et

288 1856 399 1884 tradidit
411 1856 457 1884 Ju-

288 1893 339 1920 dae
353 1891 490 1920 Scarioth.

1352 205 1468 234 CODEX
1488 204 1712 234 VERONENSIS.

1554 252 1657 286 accepit
1670 257 1779 285 panem,

1554 288 1674 315 introivit
1684 287 1709 314 in

1553 331 1615 351 eum
1628 323 1751 350 Satanas.

1553 359 1621 386 Dicit
1636 357 1674 394 (a)
1688 365 1754 394 ergo
1771 356 1793 394 ζξ·

1553 396 1577 422 ei
1589 394 1684 421 .lesus:
1699 393 1778 427 Quod

1554 430 1630 461 facis,
1645 429 1687 456 fac
1701 437 1746 457 ce-

1552 466 1597 494 28.
1619 465 1711 492 lerius.
1727 464 1785 493 Hoc
1795 471 1842 493 au-

1554 507 1608 529 lem
1621 508 1702 529 nemo

1553 537 1614 565 sciit
1627 536 1749 563 discum-

1553 573 1685 604 bentium,
1699 571 1763 608 quid

1553 609 1652 636 dixerit
1668 609 1705 635 ei.

1552 645 1597 671 29.
1620 645 1733 676 Quidam
1754 642 1825 672 enim

1553 680 1693 715 putabant,

1552 717 1612 751 quia
1634 715 1736 751 loculos

1553 750 1667 778 habebat
1682 750 1777 784 Judas,

1551 788 1677 823 quoniam
1690 786 1757 823 dicit

1553 822 1577 851 ei
1593 823 1671 850 Jesus
1687 832 1694 850 :
1712 822 1778 849 Eme

1553 866 1595 892 ea,
1607 866 1675 893 quae
1686 864 1755 893 opus

1553 898 1617 921 sunt
1625 894 1652 920 in
1666 893 1743 920 vobis

1553 930 1586 957 ad
1597 930 1668 957 diem
1681 929 1796 961 festum;

1554 970 1600 993 aut
1616 970 1645 992 ut
1657 965 1749 1000 egenis

1554 1001 1654 1036 aliquid
1669 1002 1757 1027 daret.

1555 1035 1607 1064 50.7
1620 1035 1686 1063 Cum
1697 1043 1763 1070 ergo

1553 1073 1704 1107 accepisset
1719 1078 1766 1105 pa~

1553 1115 1625 1140 nem,
1643 1107 1727 1135 exivit

1552 1146 1691 1171 continuo.
1710 1142 1776 1169 Erat

1552 1185 1642 1207 autem
1659 1186 1723 1206 nox.

1552 1215 1598 1242 51.
1619 1215 1686 1242 Cum
1699 1220 1766 1248 ergo

1552 1251 1666 1282 exisset.
1680 1250 1748 1277 dicit

1552 1286 1631 1314 Iesus
1645 1294 1651 1312 :
1671 1287 1700 1317 ᾔ(
1718 1284 1794 1311 Nunc

1552 1321 1715 1349 cluriiicatus
1727 1324 1770 1347 est

1552 1357 1636 1385 Filius
1652 1355 1769 1383 hominis
1780 1362 1788 1386 ς

1551 1398 1579 1421 et
1596 1393 1666 1420 Detts
1680 1392 1738 1418 cla-

1552 1429 1574 1456 ri
1579 1428 1672 1456 licatus
1686 1430 1728 1455 est

1551 1464 1596 1492 52.
1617 1464 1643 1490 In
1653 1471 1697 1491 eo.
1710 1463 1744 1490 Et
1753 1462 1824 1490 Deus

1553 1499 1709 1529 clariﬁcavit

1553 1543 1615 1564 eum
1630 1535 1656 1562 in
1668 1542 1711 1562 se-

1554 1571 1680 1605 metipso,
1694 1574 1721 1598 et

1554 1608 1682 1635 continuo
1693 1606 1751 1633 cla-

1555 1642 1671 1670 rilicabit
1681 1649 1754 1669 eum.

1555 1679 1599 1706 55.
1621 1674 1777 1709 Filioli,ad-

1555 1713 1607 1741 httc
1621 1713 1757 1740 modicum

1554 1749 1694 1777 vobiscum

1555 1793 1625 1813 sum.
1642 1784 1732 1818 Quae-

1555 1822 1614 1848 ritis
1623 1828 1665 1847 me
1675 1828 1683 1853 ;
1695 1823 1724 1848 et

1555 1856 1625 1884 sicut
1635 1855 1690 1883 dixi
1706 1854 1753 1883 Ju-

1556 1892 1631 1920 daeis
1643 1892 1712 1925 :Quo
1725 1897 1758 1919 eo

1137 253 1248 284 misero,
1265 259 1309 280 me

1137 289 1235 323 accipit
1251 296 1258 315 :
1272 288 1317 323 qui

1137 329 1226 351 autem
1247 331 1289 350 me
1302 330 1345 351 ac-

1136 360 1212 394 cipit,
1226 359 1325 394 accipit

1137 403 1210 427 eum,
1226 396 1271 430 qui
1285 402 1328 422 tne

1136 431 1219 458 misit.

1135 465 1181 493 2i.
1203 467 1275 493 Haec
1288 473 1348 493 cum
1362 464 1404 493 di-

1136 503 1220 529 xisset
1229 501 1320 535 Jesus,

1138 539 1261 565 turbatus
1274 543 1317 565 est

1136 574 1235 609 spiritu
1252 581 1258 599 :
1273 576 1301 600 et

1135 614 1300 644 protestatus
1314 611 1365 640 est,

1136 650 1163 672 et
1174 645 1261 672 dixit:

1136 683 1234 712 Amen.
1250 687 1330 707 amen

1136 717 1197 743 dico
1211 715 1298 747 vobis,
1315 714 1377 749 quia

1136 760 1205 779 UllIlS
1218 760 1251 779 ex
1267 750 1345 778 vobis

1137 788 1224 815 tradet
1240 794 1292 813 me.
1422 820 1425 821 ν

1135 823 1181 850 22.
1203 821 1378 857 Aspiciebant

1136 866 1202 894 ergo
1214 859 1247 885 ad
1262 859 1313 894 alis

1137 892 1219 921 alium
1233 892 1371 927 diseipuli,

1136 931 1266 957 esitantes
1279 928 1314 956 de
1327 935 1381 963 quo

1137 965 1250 993 diceret.

1138 1001 1183 1029 25.
1206 1001 1269 1028 Erat
1282 1007 1347 1035 ergo
1365 1007 1410 1027 re-

1137 1037 1269 1064 cumbens
1280 1043 1350 1063 unus

1136 1080 1170 1100 ex
1184 1072 1324 1107 discipulis

1136 1109 1196 1142 ejus
1211 1109 1236 1135 in
1252 1108 1315 1135 sinu

1136 1144 1211 1173 Jesn.
1227 1151 1308 1178 quem
1319 1142 1361 1170 di-

1135 1179 1236 1214 ligebat
1251 1179 1341 1206 Jesus.

1135 1215 1180 1245 24,
1200 1214 1292 1241 Inuuit

1136 1258 1201 1285 ergo
1212 1250 1275 1277 huic

1136 1286 1231 1314 Simon
1244 1285 1352 1317 Petrus,

1135 1327 1164 1350 et
1175 1322 1242 1348 dixit
1262 1321 1287 1348 ei
1303 1330 1309 1347 :
1323 1321 1371 1348 Dic

1135 1358 1196 1420 guis
1211 1357 1272 1384 est?

1156 1394 1181 1420 ὅ.
1201 1393 1272 1420 Itauu

1156 1394 1181 1421 ὅ.
1201 1393 1304 1427 Itaque,
1320 1399 1380 1420 cum

1135 1429 1306 1456 recubuisset
1320 1428 1367 1456 ille

1136 1472 1218 1499 Supra
1232 1469 1327 1499 pectus

1136 1500 1212 1533 Jesu,
1228 1500 1293 1527 dicit
1308 1499 1333 1526 ei
1347 1508 1353 1526 :

1136 1536 1262 1567 Domine,
1279 1536 1339 1568 quis

1135 1571 1181 1599 26.
1204 1572 1267 1598 est?
1280 1569 1432 1605 Respondit

1136 1607 1215 1635 Jesus
1228 1616 1234 1632 ί
1249 1606 1297 1634 Ille
1307 1611 1359 1640 est,

1136 1644 1181 1670 cui
1197 1643 1338 1670 intinctum

1137 1686 1234 1713 panem
1246 1686 1326 1713 porre
1333 1693 1339 1698 -

1136 1721 1212 1741 ΧΕΓΟ.

1136 1750 1242 1777 Etcum
1257 1750 1338 1778 intin—

1136 1787 1338 1820 xisset'panem,

1136 1821 1213 1848 dedit
1226 1821 1313 1849 Indae

1138 1857 1241 1885 Simoni
1258 1857 1325 1885 Sca-

1136 1892 1182 1920 27.
1204 1893 1301 1921 riotae.
1317 1892 1352 1920 Et
1366 1897 1394 1920 ut

947 1948 1063 1983 CODEX
1082 1949 1281 1979 BRIXIANUS.

287 2005 367 2034 quem
390 2004 441 2032 ego
461 1996 572 2034 misero.
603 2003 646 2034 me
668 1996 849 2034 accipitaqui
867 2001 956 2024 autem
974 2005 1024 2034 me
1038 2005 1084 2025 ac-

286 2032 363 2069 cipit.
388 2033 487 2069 accipit
510 2040 571 2069 eum
595 2032 640 2067 qui
663 2040 706 2060 me
729 2032 812 2060 misit.
827 2032 900 2060 Haec
915 2040 977 2060 cum
999 2033 1084 2060 dixis-

283 2068 331 2098 set
353 2069 442 2098 Jesus.
467 2068 589 2096 turbatus
610 2072 651 2095 est
674 2069 779 2102 spiritu.
801 2073 827 2095 et
846 2073 1010 2103 protestatus
1029 2074 1080 2096 est.

288 2112 315 2132 et
339 2105 416 2133 dixit.
444 2106 530 2131 Amen
562 2112 640 2131 amen
658 2103 719 2131 (Ιὶειι
740 2104 815 2132 vobis
831 2125 839 2136 ,
869 2105 930 2138 quia
956 2112 1024 2131 unus
1048 2112 1082 2132 ex

290 2141 365 2168 Vobis
390 2140 477 2167 tradet
496 2148 548 2167 me.
572 2140 744 2173 Aspiciebant
762 2148 827 2174 ergo
842 2139 875 2167 ad
902 2140 1083 2167 iuvicemdis-

289 2178 382 2211 cipuli.
418 2177 578 2204 iiesitantes.
605 2176 638 2203 de
672 2183 726 2210 quo
748 2175 862 2203 diceret.
895 2176 957 2203 Erat
992 2183 1082 2203 autem

291 2213 454 2240 recumbens
481 2219 550 2238 unus
572 2219 606 2239 ex
627 2211 766 2245 discipulis
785 2211 844 2245 ejus
865 2211 890 2239 in
921 2212 982 2239 sinu
1006 2211 1080 2238 Jestt.

289 2256 370 2281 quem
382 2248 508 2281 diligebat
520 2247 607 2274 Jesus.
618 2247 779 2281 Iunttitergo
792 2247 854 2274 huic
864 2246 958 2273 Simon
973 2246 1080 2274 Petrus.

291 2288 317 2309 et
330 2283 396 2309 dicit
410 2284 444 2309 ei.
462 2282 602 2317 Interroga
616 2284 676 2317 quis
695 2288 736 2309 est
752 2283 787 2309 de
807 2290 861 2316 quo
877 2283 951 2310 dicit.
967 2283 1083 2310 [tecum-

291 2318 357 2346 bens
371 2326 436 2351 ergo
449 2318 494 2345 ille
506 2326 587 2353 super
597 2324 692 2353 pectus
704 2317 779 2345 Jesu.
795 2318 832 2345 ait
843 2318 883 2345 illi
897 2317 1011 2345 Dontme
1023 2319 1081 2352 quis

290 2359 342 2381 est.
359 2353 507 2387 Respondit
520 2353 607 2380 Jesus.
625 2353 674 2380 Ille
688 2358 738 2380 est.
759 2353 802 2381 cui
814 2362 865 2389 ego
880 2354 1020 2381 intinctum
1035 2362 1082 2386 pa-

289 2397 352 2416 neni
367 2390 478 2416 dedero.
492 2389 525 2416 Et
539 2396 601 2416 cum
616 2390 769 2416 iniiuxisset
785 2397 891 2423 panem.
908 2389 984 2417 dedit
996 2389 1083 2417 Judae

290 2425 394 2453 Simoni
405 2425 555 2453 Scariothe.
571 2425 603 2451 Et
613 2430 674 2459 post
686 2432 783 2459 panem
797 2430 948 2460 acceptum.
965 2429 1027 2452 tunc
1043 2426 1083 2452 iit-

1139 1999 1221 2026 trabit
1236 1999 1262 2026 in
1277 2006 1338 2025 eum
1353 1997 1478 2026 Satanas.
1496 1997 1566 2026 Dicit
1578 1996 1603 2025 ei
1614 1995 1704 2025 Iesus.
1721 1994 1800 2030 Quod
1817 1993 1879 2022 lacis
1892 1991 1928 2019 fac

1137 2035 1263 2062 celerius.
1279 2034 1335 2061 Hoc
1346 2038 1448 2062 autem.
1465 2041 1546 2061 nemo
1557 2032 1699 2060 intellexit.
1714 2031 1749 2059 de
1762 2030 1930 2068 disi-innima-

1138 2070 1219 2097 tibus.
1235 2078 1319 2105 quare
1332 2071 1431 2105 dixerit
1443 2070 1480 2097 ei.
1497 2070 1610 2104 Quidam
1624 2070 1695 2096 enim
1717 2067 1930 2105 putabantzquta

1137 2100 1254 2133 loculum
1273 2104 1390 2133 habebat
1402 2100 1574 2140 Judasfquia
1589 2105 1702 2140 dixisset
1718 2100 1745 2130 ei
1760 2101 1843 2130 Iesus
1857 2100 1929 2128 Eme.

1137 2149 1168 2167 ea
1184 2149 1254 2175 quae
1269 2149 1337 2177 opus
1352 2147 1416 2168 sunt
1429 2139 1527 2177 nobis
1540 2141 1574 2168 ad
1591 2141 1660 2177 diem
1676 2139 1792 2177 festum.
1810 2142 1856 2165 aut
1870 2142 1929 2171 p:lu~

1139 2174 1249 2211 poribus
1263 2174 1403 2210 utaliquid
1419 2176 1507 2204 daret.
1522 2175 1666 2211 Accipiens
1679 2183 1744 2209 ergo
1765 2174 1812 2201 ille
1829 2179 1929 2211 panem.

1139 2210 1268 2239 continuo
1283 2212 1376 2240 exivit.
1395 2213 1458 2240 Erat
1472 2218 1562 2240 antem
1581 2210 1644 2238 nux.
1660 2211 1724 2238 Cum
1738 2218 1806 2245 ergo
1822 2210 1928 2245 exisset.

1137 2248 1202 2275 dicit
1214 2248 1302 2276 Jesus.
1319 2248 1394 2276 Nunc
1409 2248 1574 2276 elariiicatus
1595 2254 1635 2274 est
1655 2246 1739 2273 Filius
1755 2244 1884 2272 hominis.
1905 2246 1929 2268 et

1137 2284 1208 2311 Deus
1222 2284 1384 2312 eiariiicatus
1398 2289 1440 2311 est
1453 2285 1480 2311 itt
1495 2292 1539 2311 eo.
1554 2284 1583 2311 Si
1601 2290 1666 2318 ergo
1681 2281 1752 2318 Deus
1767 2279 1928 2318 clariﬁcutus

1135 2324 1178 2346 est
1192 2319 1217 2346 in
1232 2327 1275 2346 eo.
1292 2326 1319 2347 et
1337 2320 1408 2347 Deus
1427 2319 1586 2347 clariﬁcavit
1607 2316 1669 2345 cum
1692 2317 1718 2344 in
1735 2316 1886 2350 setne-ip-o
1904 2316 1929 2339 et

1136 2356 1266 2383 Continuo
1290 2356 1450 2383 clarilicavit
1473 2363 1546 2382 eutn.
1569 2353 1658 2382 FiliOIi
1683 2353 1771 2380 adhuc
1796 2349 1929 2389 modicum

1138 2391 1265 2425 temporis
1281 2391 1419 2418 vobiscum
1436 2399 1506 2419 sum.
1523 2390 1659 2424 Quaeritis
1673 2396 1725 2416 me.
1739 2392 1768 2415 et
1786 2389 1858 2415 sicut
1877 2385 1929 2412 dixi

1135 2425 1254 2454 Judaeis.
1263 2427 1329 2460 Quia
1345 2427 1389 2454 ubi
1398 2433 1449 2462 ego
1457 2428 1535 2454 vado.

910 2482 1026 2512 CODEX
1044 2483 1283 2513 CORBEIENSIS.

326 2539 372 2567 21.
394 2539 518 2567 turbatus
532 2542 575 2567 est
587 2539 613 2566 in
628 2538 733 2574 spiritu.

326 2575 372 2603 25.
394 2583 472 2610 quem
484 2575 612 2610 diligebat
624 2575 714 2602 valde.

325 2610 371 2637 24.
394 2609 482 2652 Innuit
496 2609 560 2652 ergo
575 2611 600 2638 ei
613 2611 709 2638 Simon
724 2609 835 2645 Petrus,
854 2614 883 2639 et
895 2610 966 2639 dixit
978 2610 1004 2639 ei
1017 2619 1025 2639 :
1037 2610 1083 2639 In-

291 2650 398 2682 terroga
411 2647 472 2682 quis
484 2647 549 2674 est?

323 2682 369 2709 25.
388 2682 561 2711 accumbens
572 2686 663 2711 autem
676 2682 733 2712 ille.

1141 2576 1167 2604 d_
1178 2540 1303 2603 28..lHoc
1314 2546 1405 2570 autem
1419 2548 1501 2570 nemo
1519 2540 1746 2570 discumbentium
1767 2538 1859 2573 scivit,
1874 2534 1931 2572 quid

1162 2585 1230 2603 ΙΧΗΊ
1253 2584 1289 2604 ei.

1162 2582 1365 2640 lggnlgibens
1379 2612 1542 2642 clariﬁcabit
1552 2620 1614 2641 eum
1628 2613 1655 2641 In
1667 2611 1817 2646 sunetipso
1832 2614 1860 2638 et
1872 2614 1931 2636 con—

1141 2648 1217 2712 lllIlllp
1235 2649 1394 2678 clariﬁcabit
1416 2657 1489 2678 eum.
1510 2650 1615 2685 omittit,
1637 2649 1666 2677 Si
1680 2648 1751 2676 Deus
1768 2645 1930 2675 clariﬁcattls

1141 2691 1170 2712 es
1196 2692 1279 2713 tneo.

896 2745 1097 2775 VARIANTES
1115 2746 1317 2776 LECTIONES.

318 2795 326 2811 ί
345 2794 398 2821 ϐαι.
411 2794 442 2820 Et
454 2796 511 2820 tunc
522 2794 639 2821 introivit.
649 2795 711 2820 Hm.
730 2793 761 2820 Et
773 2796 828 2828 post
847 2793 983 2820 buccellam
996 2798 1135 2827 acceptam,
1146 2796 1262 2822 introivit.
1279 2795 1352 2831 Vulg.
1365 2796 1395 2824 Et
1406 2796 1614 2830 postbuccellam,
1625 2795 1744 2823 introivit.

951 2859 1136 2890 BLANCIIINI
1153 2861 1267 2892 NOTAE.

322 2907 361 2942 (a)
373 2905 415 2935 Ita
429 2909 457 2935 et
472 2910 526 2934 tex.
542 2905 589 2935 Gr.
607 2903 661 2934 οὖν.
