1975 3097
266 148 321 178 455

465 204 579 233 CODEX
595 202 864 232 VERCELLENSIS.

268 261 300 283 re
312 253 451 281 vobiscum
687 256 714 277 ut
730 249 838 277 honori-

267 297 339 320 sum.
352 293 381 316 et
396 289 403 303 ¹
421 294 475 315 non
688 288 781 312 licetur
797 285 875 310 Pater

267 316 313 354 ine
326 316 424 359 cogno-
688 323 731 349 ii.
747 320 864 359 iiii‘ii‘io.
879 318 907 345 Si
925 316 991 353 quid

266 361 344 388 Vislis
352 355 479 392 ff’hilip-
688 357 817 391 petieritis
833 355 858 381 iii

266 404 311 432 pe.
324 395 427 432 quime
442 394 481 422 vi-
688 394 801 432 nomine
812 397 883 421 meo,

268 430 318 463 dit,
333 430 398 458 vidit
412 435 440 457 et

268 467 388 495 Patrem.
404 466 478 499 Quo-

268 502 351 530 modo
366 506 393 528 ιιι
404 501 449 528 di-

269 538 310 566 cis
325 546 332 564 :
345 536 465 565 Ostende

272 574 352 601 nobis
368 571 498 600 Patrem?

270 608 316 637 lo.
337 608 396 636 Non
411 607 450 643 (ιι)
466 606 554 635 credis
567 606 587 641 ’ἓ

273 644 336 680 quia
348 651 399 680 ego
412 644 439 670 in
455 643 505 670 Pa-

273 679 325 714 tre,
340 685 367 707 et
380 679 460 706 Pater

274 715 303 743 in
315 722 359 743 me
373 715 432 742 est?
449 713 515 742 Ver-

274 751 320 784 ba,
331 757 401 786 quae
413 749 505 778 vobis-

274 794 337 814 cum
351 786 457 821 loquor,

687 437 737 461 ego
753 427 859 454 fatiaii‘i.

690 465 732 491 15.
748 464 774 490 Si
790 461 901 496 diligitis

689 507 742 531 me,
759 498 885 525 Illﬂllddlﬂ

692 544 750 561 nica
766 541 858 561 serva-

692 570 734 596 10.
745 575 780 596 ιε.
794 570 825 595 Et
834 576 883 602 ego
897 574 977 602 roga-

692 606 725 631 bo
736 606 854 635 i’atreui,

692 646 719 667 et
735 642 816 667 alium
829 640 876 665 ad-

694 682 817 703 vocatum
834 676 877 701 da-

692 712 731 739 vit
741 712 829 742 vobis,
844 716 873 737 tit

693 747 832 775 vobiscum
848 746 884 773 sit

694 784 720 810 in
735 788 879 814 aeternum,

277 829 332 850 non
346 829 362 849 a
375 815 418 849 n'ie
433 815 473 848 lo-
694 819 739 846 ιγ.
755 818 884 852 Spiritum
898 815 998 843 verita-

276 865 355 893 quor.
373 856 427 884 Sed
441 856 493 883 Pa-
695 856 742 886 tis,
753 854 763 868 ³
771 860 855 893 quem
872 852 916 879 hic

277 889 330 926 t'er,
346 892 431 928 quiin
446 898 491 919 me
696 889 811 916 mundus
825 896 879 928 non

278 923 382 961 manet,
395 927 454 962 ipse
698 929 788 960 potest
800 923 908 962 accipe-

279 960 413 998 loquitur;
424 967 451 990 et
697 968 738 993 re,
753 960 880 998 quoniam

279 996 374 1034 opera,
388 1005 468 1031 quae.
698 1004 752 1034 non
766 996 839 1023 videt

281 1042 332 1070 ego
345 1034 425 1066 facio,
441 1034 483 1070 ipf

282 1066 327 1098 Π.
348 1078 378 1098 se
388 1066 460 1096 facit:
474 1066 616 1104 (11)οτθῶ-

282 1110 311 1134 te
325 1105 391 1133 milii
406 1104 426 1140 -ι-
441 1105 504 1140 quia

281 1149 332 1177 ego
346 1142 373 1168 in
387 1140 479 1173 Patre,

699 1031 786 1065 illuni,
802 1037 853 1058 nec
863 1037 910 1065 ag-

701 1067 799 1094 noscit.
810 1066 864 1093 Vos

701 1102 846 1138 agnoscitis

703 1146 777 1169 eum,
793 1146 853 1172 quia
870 1145 914 1163 v0-

282 1174 312 1204 εῖ
323 1177 402 1204 Pater
415 1177 442 1203 in
701 1174 803 1201 biscum
820 1174 857 1207 (c)
868 1181 924 1199 ma—

285 1212 330 1239 12.
350 1219 412 1239 me:
427 1211 546 1246 alioquin
701 1215 746 1246 net
759 1209 790 1243 1-,
805 1215 831 1235 ct
851 1210 876 1246 in
891 1216 937 1235 vo—

283 1248 327 1276 vel
338 1252 447 1283 propter
491 1244 498 1246 ’
701 1244 741 1283 bis
755 1245 793 1283 (ff)
808 1250 848 1271 est
865 1244 894 1278 ἦ.

284 1280 367 1325 opera
383 1280 440 1345 iis:
454 1289 512 1310 cre-
703 1280 745 1307 18.
762 1280 819 1306 Non
836 1282 986 1314 relinquam

285 1318 342 1347 dite
356 1326 392 1346 mi
415 1319 433 1345 i.
702 1323 751 1343 vos
767 1317 924 1347 orpliaiios:

306 1323 342 1347 ite
356 1323 433 1346 mihi.
702 1323 751 1343 vos
767 1323 924 1349 orpiiaiios:

703 1352 809 1378 veiiiaiii
826 1351 859 1377 ad

705 1387 748 1414 l9.
763 1394 818 1412 vos.
836 1385 931 1413 Adliuc

703 1422 841 1456 pusillum,
857 1426 885 1449 et

703 1458 748 1485 hic
760 1457 876 1485 mundus

286 1354 385 1387 Amen,
400 1360 480 1381 amen

286 1390 349 1418 dico
363 1389 451 1421 vobis,

285 1426 332 1461 qui
342 1424 429 1453 credit
442 1425 470 1453 in

285 1469 341 1495 me,
352 1468 446 1496 opera,
458 1467 529 1496 quae

285 1493 338 1533 ego
347 1493 427 1533 facio,
443 1493 474 1524 et
702 1493 820 1533 amplius
824 1500 868 1533 me

283 1528 344 1568 ipse
356 1532 447 1565 faciet,
460 1535 489 1560 et
703 1528 785 1568 fnon‘
795 1529 870 1568 vide-

286 1564 389 1603 majora
399 1568 450 1595 ho-
703 1564 751 1603 bit.
765 1564 818 1590 Vos
836 1564 938 1603 videbi-

287 1600 349 1631 rurii
362 1603 444 1630 faciet
459 1611 466 1629 :
703 1600 737 1628 tis
750 1609 791 1627 uie
806 1601 882 1636 :quizi

287 1642 316 1666 et
330 1639 393 1673 quia
407 1645 458 1673 ego

287 1673 322 1701 ad
338 1673 445 1700 Patrem
460 1679 505 1699 va-

288 1709 333 1736 15.
348 1708 393 1736 do.
411 1708 445 1735 Et
464 1706 594 1743 quidquid

287 1744 299 1760 ²
311 1743 444 1779 petieritis
459 1744 487 1770 in

288 1787 399 1807 nomine
414 1786 486 1812 meo,

288 1814 342 1843 hoc
353 1814 461 1848 faciam,

701 1643 751 1671 ego
769 1637 839 1668 vivo,
857 1640 884 1661 ct

701 1669 746 1698 Ξῖ).
765 1678 812 1697 vos
826 1670 929 1697 vivitis.
944 1669 989 1696 Illa

701 1706 746 1733 die
756 1707 847 1732 scietis
855 1714 903 1732 vos

702 1742 764 1776 quia
781 1742 819 1776 (g)
835 1750 885 1776 ego
898 1742 916 1776 -ί-
932 1741 960 1768 in
974 1740 1024 1768 Pa-

703 1781 743 1804 tre
759 1786 831 1808 iiieo,
845 1782 872 1804 et
891 1785 937 1804 vos

702 1811 729 1839 in
745 1820 798 1845 ωε,
814 1818 841 1840 et
861 1821 910 1847 ego

509 151 511 153 '
538 145 673 175 EUSEBII
691 142 861 173 VERCELL.
883 139 1109 170 EVANGELIUI
1126 140 1197 170 CUI!
1218 141 1332 170 VARIIS
1349 140 1428 170 COD.
1446 139 1643 169 COLLATUI.

1858 136 1903 164 456

1326 199 1442 229 CODEX
1462 197 1689 227 VEBONENSIS.

1126 248 1199 283 poris
1211 247 1349 275 vobiscum
1540 254 1610 276 meo,
1626 252 1675 279 ego

1127 278 1196 313 sum,
1213 289 1239 310 et
1255 291 1308 310 non
1539 278 1690 312 faciam,’ut
1703 278 1752 305 lio—

1127 319 1289 354 cogiiovistis
1541 318 1696 354 norificetlii’

1128 350 1195 382 mé?
1212 355 1344 387 Philippe,
1541 354 1619 380 Pater
1631 354 1655 379 iu
1675 350 1753 387 Filio.

1127 392 1171 425 qui
1187 392 1252 418 vidit
1266 397 1317 421 me,

1128 427 1229 453 vidith
1242 427 1358 452 Patrem.

1128 463 1269 496 Quomodo
1281 466 1307 486 lu

1129 495 1195 525 dicis
1211 507 1215 523 :
1233 495 1352 524 Ostende

1130 534 1207 560 nobis
1223 534 1328 559 Patrem
1342 531 1353 556 ‘!

1544 390 1585 416 ιδ.
1599 389 1626 415 Si
1641 386 1752 419 diligitis
1772 390 1825 415 me,

1542 430 1675 459 prLecepia
1697 428 1756 459 mea

1543 455 1584 487 Ιϋ.
1601 455 1717 487 servate.
1732 455 1767 482 Et

1542 503 1593 531 ego
1603 493 1705 529 rogabo

1544 532 1662 562 Patrem,
1673 532 1701 556 et

1133 570 1173 595 l0.
1183 569 1238 595 Non
1257 568 1311 602 (ii),
1542 567 1627 602 alium
1638 563 1759 600 parum

1131 605 1218 631 credis
1235 604 1254 638 ῒ
1544 607 1599 630 tum
1613 601 1689 628 dabit

1130 641 1191 674 quia
1207 648 1256 674 ego
1274 639 1298 665 in
1543 638 1631 669 vobis,
1642 641 1671 674 ut
1679 643 1727 663 vo-

1133 672 1264 707 Palrefet
1280 674 1327 700 Ρη-
1544 674 1648 701 hiscum
1662 672 1689 699 iii

1132 716 1174 738 ter
1187 711 1213 737 in
1228 718 1271 737 me
1281 708 1342 737 est?
1545 715 1677 737 aeternum
1691 707 1736 739 sit,

1132 746 1232 779 νει-νε.
1247 753 1308 781 qua:
1547 746 1591 773 ιτ.
1604 744 1734 778 Spiritum
1744 740 1814 769 veri-

1133 789 1184 816 ego
1199 782 1295 816 loquor
1547 781 1708 816 tatis,que_m

1134 814 1222 850 vobis,
1236 814 1253 843 ᾗ
1266 823 1310 843 me
1546 817 1590 844 bic
1602 814 1718 843 mundus

1135 853 1194 884 ipso
1210 860 1263 880 non
1279 851 1385 886 loquor.
1547 860 1600 880 non
1614 854 1706 887 potest
1717 856 1764 876 ae-

1136 888 1217 916 Pater
1230 892 1321 914 autem
1548 886 1650 923 cipere,
1663 886 1726 921 quia

1137 925 1164 952 in
1180 932 1223 951 me
1238 929 1362 955 manens,
1550 931 1604 951 non
1620 923 1692 950 videt
1705 927 1780 953 eum,

1138 960 1196 994 ipse
1205 959 1333 994 loquitur,
1552 957 1749 994 neccognoscit

1139 1000 1166 1023 et
1178 1003 1271 1030 opera,
1285 1001 1345 1028 quae

1140 1038 1191 1071 9S0
1200 1030 1288 1071 Piri“:
1294 1031 1359 1071 ,ίρὶθ

1141 1063 1185 1094 Π.
1198 1066 1263 1094 facit
1278 1063 1316 1100 (li)
1330 1063 1397 1091 Cre-

1551 1002 1624 1022 eum.
1642 991 1695 1021 Vos
1707 991 1804 1019 videtis

1552 1038 1625 1071 eum,
1646 1033 1675 1057 et
1686 1035 1788 1070 908110·

1553 1070 1639 1098 scitis,
1651 1071 1714 1099 quia

1140 1102 1195 1129 dite
1207 1102 1271 1129 milii
1284 1098 1312 1135 '1"
1554 1106 1621 1137 aput
1630 1098 1679 1137 vos
1692 1098 1730 1135 (c)
1747 1105 1805 1126 ina-

1140 1138 1203 1173 quia
1216 1144 1266 1172 ego
1279 1137 1309 1173 iri
1557 1136 1604 1173 net
1623 1136 1653 1171 ἢ,
1667 1140 1754 1173 et__vo-

1142 1169 1246 1205 Patre:
1252 1178 1281 1199 et
1294 1171 1345 1199 Pa-
1559 1169 1661 1200 biscum
1674 1169 1716 1206 (ιι)
1726 1174 1769 1198 est
1778 1169 1808 1205 in

1143 1213 1185 1236 ter
1196 1210 1222 1235 in
1239 1215 1282 1234 me
1299 1215 1306 1233 :
1559 1208 1603 1236 18.
1618 1207 1676 1234 Non
1692 1207 1841 1240 relinquam

1144 1244 1189 1271 12.
1205 1243 1325 1278 alioquin
1350 1248 1412 1276 pro-
1558 1251 1606 1271 vos
1619 1242 1745 1270 orfanos:

1143 1284 1203 1315 pter
1225 1276 1307 1315 opera
1558 1278 1597 1315 (c)
1612 1278 1695 1306 venio
1703 1277 1723 1315 j'r
1731 1276 1767 1315 ad

1143 1312 1201 1350 ipsa
1214 1312 1318 1342 credite
1559 1312 1603 1342 19'.
1616 1321 1675 1342 vos.
1697 1312 1794 1340 Adhuc

1143 1350 1220 1378 mihi.
1556 1349 1704 1379 modicum,
1719 1353 1748 1376 et

1144 1387 1241 1418 Amen,
1256 1392 1335 1412 amen
1557 1385 1602 1413 hic
1615 1384 1733 1413 mundus

1143 1422 1206 1449 dico
1219 1421 1309 1454 vobis,
1322 1419 1397 1455 quia,
1557 1429 1602 1449 me
1621 1429 1674 1449 non
1690 1419 1774 1447 videt.

1143 1458 1189 1493 qui
1206 1458 1294 1485 credit
1308 1457 1335 1483 in
1557 1456 1612 1493 Vos
1626 1463 1717 1484 autem

1144 1492 1197 1524 uie,
1210 1500 1303 1528 opera,
1316 1498 1376 1527 qua:
1554 1492 1681 1520 videbitis
1692 1498 1735 1528 me
1747 1500 1754 1517 ε

1142 1536 1193 1563 ego
1208 1527 1332 1560 facio,'et
1553 1528 1616 1563 quia
1629 1534 1679 1563 ego
1694 1527 1767 1559 vivo,

1142 1564 1200 1599 ipse
1213 1564 1301 1595 faciet,
1313 1567 1341 1591 et
1553 1568 1583 1590 et
1594 1570 1643 1590 vos
1653 1563 1761 1599 vivetis.

1142 1598 1244 1634 majora
1260 1599 1356 1626 horum
1552 1598 1635 1627 20.1u
1648 1598 1696 1626 illo
1706 1598 1757 1625 die

1143 1635 1223 1663 faciet
1240 1644 1246 1661 :
1260 1635 1323 1669 quia
1556 1634 1594 1670 (Ι)
1604 1641 1704 1670 cogito-

1188 1641 1223 1662 ιει
1240 1644 1246 1661 Ζ
1260 1642 1323 1662 quia
1556 1641 1578 1662 Η
1587 1641 1594 1662 1
1604 1641 1704 1662 εοαιιο-

1143 1642 1223 1663 iactet
1240 1644 1246 1661 :
1260 1642 1323 1669 quia
1556 1642 1578 1670 υ
1583 1642 1594 1670 )
1604 1642 1681 1670 cogut

1143 1678 1193 1707 ego
1203 1671 1237 1698 ad
1249 1670 1357 1698 Putrem
1555 1669 1636 1707 scetis
1649 1669 1681 1707 τ,

1143 1704 1223 1733 vado.
1316 1740 1319 1741 ν
1556 1705 1618 1741 quia
1626 1704 1664 1741 (ς)
1676 1712 1726 1740 ego
1737 1704 1756 1740 1-

1144 1742 1189 1770 15.
1203 1741 1237 1769 Et
1249 1740 1439 1777 quodcumque

1145 1778 1179 1819 a_b
1191 1785 1225 1819 eo
1234 1777 1344 1817 petieri-

1145 1817 1180 1840 tis
1196 1817 1223 1840 itt
1238 1820 1347 1840 nomine

1558 1742 1586 1768 in
1597 1741 1677 1781 Patre
1700 1747 1773 1773 meo,

1558 1781 1588 1804 et
1598 1784 1647 1804 vos
1658 1783 1686 1816 in
1704 1783 1759 1809 uie,

1560 1817 1588 1840 et
1600 1820 1650 1847 ego
1673 1819 1700 1838 III
1714 1819 1761 1838 vo-

943 1856 1059 1885 CODEX
1073 1857 1270 1886 BRIXIANUS.

291 1910 320 1935 ct
332 1913 386 1934 non
400 1904 564 1941 cognovistis
589 1911 642 1941 me.
663 1903 859 1941 Philippe.4qui
875 1911 918 1932 me
935 1904 1004 1932 vidit
1021 1904 1087 1932 vidit

289 1948 318 1971 et
329 1939 448 1970 Patrem.
469 1940 505 1968 Et
518 1940 653 1975 quomodo
672 1945 700 1967 tu
715 1940 783 1967 dicis
802 1939 921 1968 Ostende
945 1941 1022 1968 nobis
1036 1941 1086 1967 Pa-

289 1983 370 2006 trem.
383 1977 440 2005 Non
453 1978 492 2013 (α)
503 1976 592 2003 credis
602 1976 630 2010 λζ.
646 1976 707 2010 quia
721 1984 770 2011 ego
783 1977 809 2003 in
823 1976 913 2003 Patre.
926 1980 953 2003 et
966 1976 1044 2004 Pater
1058 1977 1085 2003 in

290 2022 335 2042 me
348 2019 400 2041 est.
418 2013 502 2040 Verba
515 2019 584 2046 quae
594 2019 644 2046 ego
659 2013 754 2046 loquor
768 2012 853 2039 vobis.
868 2019 883 2038 a
901 2019 944 2039 me
960 2013 1019 2046 ipso
1033 2021 1085 2039 iion

288 2049 395 2085 loquor.
410 2049 469 2085 Sed
486 2047 564 2075 Pater
578 2055 622 2085 qui
632 2048 665 2085 Δἱιι
686 2055 737 2085 me
754 2053 855 2085 manci.
872 2048 929 2085 ipse
943 2048 1006 2074 iacnt
1020 2050 1086 2085 haec

288 2082 381 2120 opera.
399 2084 437 2119 (ὁ)
452 2084 558 2120 credite
573 2082 681 2117 milii-1'.
694 2083 756 2117 quia
776 2091 826 2117 ego
839 2083 865 2110 iii
882 2084 971 2110 Patre.
994 2083 1087 2120 etrPa-

289 2119 331 2149 ter
343 2121 369 2148 in
386 2129 438 2147 mc.
455 2119 583 2154 alioquin.
605 2119 646 2145 vel
662 2123 772 2154 propter
783 2126 865 2152 opera
890 2119 948 2152 ipsa
969 2119 1081 2146 credite.

288 2158 375 2184 Amen
390 2163 468 2183 amen
482 2155 543 2182 dico
556 2154 641 2181 vobis.
660 2155 705 2188 qui
722 2155 809 2181 credit
821 2155 848 2181 iii
863 2162 906 2181 me
916 2162 1000 2188 opera
1014 2161 1084 2189 quae

289 2199 340 2227 ego
361 2192 439 2218 facio.
461 2194 500 2227 et,
510 2191 566 2224 ipse
582 2190 671 2227 fumet.
693 2191 845 2227 et_iiiajora
869 2190 967 2217 liorum
991 2189 1082 2227 faciet.

288 2225 351 2262 quia
374 2234 423 2261 ego
436 2226 469 2253 ad
493 2226 599 2262 Patrem
614 2225 691 2262 vado.
715 2225 890 2262 Et‘quidquid
905 2225 1037 2262 petieritis
1056 2226 1083 2252 in

290 2260 402 2290 nomine
420 2269 491 2289 meo.
508 2262 575 2288 haec
588 2260 695 2288 faciam.
714 2260 948 2289 utbonorilicetur
961 2261 1041 2288 Pater
1056 2261 1083 2288 in

1139 1905 1217 1933 Filio.
1233 1905 1326 1941 Siquid
1343 1904 1475 1941 petieritis
1497 1913 1541 1933 me
1554 1905 1581 1933 in
1605 1905 1717 1933 nomine
1739 1911 1812 1932 meo.
1832 1901 1923 1941 ggofa—

1138 1941 1217 1968 ciam.
1234 1941 1261 1969 Si
1274 1939 1389 1975 diligitis
1403 1948 1456 1968 me.
1473 1941 1599 1968 mandata
1616 1949 1673 1968 mea
1698 1946 1816 1967 servile.
1831 1939 1863 1966 Et
1881 1945 1924 1970 ego

1138 1978 1239 2012 rogabo
1255 1977 1371 2004 Patrem.
1388 1982 1415 2003 et
1429 1977 1512 2003 alium
1525 1978 1701 2012 parncletum.
1718 1976 1793 2012 davit
1809 1975 1888 2002 Vobis.
1902 1977 1925 1999 ut

1139 2013 1277 2040 vobiscum
1290 2013 1326 2039 sit
1343 2013 1370 2039 in
1385 2011 1535 2039 aeternum.
1556 2013 1688 2045 Spiritum
1709 2011 1841 2038 veritatis.
1855 2016 1925 2044 quem

1141 2048 1183 2075 liic
1197 2048 1313 2075 mundus
1325 2055 1377 2075 non
1390 2051 1478 2080 potest
1491 2049 1625 2082 accipere.
1638 2049 1700 2082 quia
1710 2055 1765 2073 non
1779 2047 1848 2074 videt
1859 2051 1923 2072 eum.

1139 2091 1189 2111 nec
1208 2085 1280 2111 novit
1291 2092 1351 2111 eum
1369 2082 1423 2110 Vos
1435 2088 1525 2119 autem
1541 2083 1707 2119 cognoscitis
1719 2090 1784 2119 eum
1799 2082 1859 2117 quia
1872 2083 1927 2114 aput

1137 2127 1185 2146 vos
1200 2119 1237 2155 (c)
1256 2124 1347 2146 manet
1360 2119 1390 2155 ἢ.
1402 2118 1466 2146 etin
1477 2120 1556 2146 vobis
1569 2117 1610 2155 (2t)
1622 2124 1663 2146 est
1676 2119 1706 2154 1-.
1719 2117 1779 2155 Non
1792 2118 1927 2155 relinquant

1135 2163 1183 2181 vos
1195 2150 1314 2182 orianos.
1330 2150 1434 2182 veniam
1450 2155 1482 2181 ad
1496 2163 1553 2182 vos.
1569 2150 1664 2182 Adhuc
1683 2150 1837 2181 ἰιιοᾱιειιιη.
1852 2150 1877 2178 ct
1892 2150 1928 2176 hic

1136 2192 1310 2217 inuiidusmu.
1321 2191 1377 2225 jam
1394 2198 1447 2217 non
1462 2190 1630 2218 videbit.Vos
1638 2194 1729 2217 autem
1744 2188 1867 2216 Videbitis
1880 2193 1927 2213 me.

1137 2227 1198 2266 quia
1210 2235 1259 2266 ego
1273 2225 1332 2266 vivo
1343 2230 1371 2253 et
1382 2233 1429 2266 vos
1442 2227 1548 2266 vivetis.
1561 2225 1590 2253 lii
1606 2225 1650 2253 illa
1667 2226 1710 2252 die
1724 2231 1774 2265 vos
1790 2228 1928 2266 cognosce:

1136 2265 1178 2288 tis.
1193 2260 1255 2296 quia
1270 2261 1307 2298 (g)
1322 2261 1400 2297 ego-l-
1412 2261 1439 2289 in
1454 2261 1535 2289 Patre
1550 2269 1619 2289 meo.
1638 2265 1665 2289 et
1683 2267 1731 2288 vos
1742 2260 1769 2287 in
1788 2266 1832 2287 me
1850 2263 1877 2285 et
1885 2262 1928 2291 ego

922 2303 925 2305 “
941 2306 1058 2335 CODEX
1077 2305 1312 2336 CORBEIENSIS.

326 2354 353 2383 9.
376 2353 491 2382 Tantum
504 2354 635 2389 temporis
650 2354 788 2382 vobiscum
803 2362 873 2382 sum.

326 2390 371 2418 ιο.
392 2389 473 2418 Pater
487 2395 588 2423 autem,
604 2389 650 2425 qui
665 2390 753 2426 inme
770 2394 870 2424 manet,
884 2390 941 2426 ipse
955 2389 1084 2426 loquitur,

290 2430 318 2454 et
331 2433 424 2460 opera,
440 2433 509 2460 quae
523 2426 600 2459 facio,
618 2426 675 2460 ipse
688 2425 761 2454 facit.

331 2433 424 2489 Orta,
440 2433 509 2460 quae
523 2433 600 2459 iacio,
618 2433 675 2460 ipse
688 2433 761 2454 iacit.

327 2461 340 2489 1
366 2482 371 2488 .
393 2465 503 2496 prapter
517 2468 600 2496 opera
615 2461 717 2489 credite
732 2461 808 2488 milii.

327 2497 372 2525 15.
395 2501 424 2524 ιιι
435 2496 601 2524 clariiicetur
616 2496 695 2524 Pater
710 2497 736 2524 in
753 2497 835 2524 Filio.

288 2537 304 2570 ε
326 2533 370 2561 ﬂ.
391 2533 426 2560 Ει
442 2532 466 2560 si
479 2532 561 2567 quid'
575 2532 707 2567 petieritis
727 2540 743 2560 a
756 2533 835 2560 Patre
850 2539 911 2560 meo
931 2532 959 2560 in
976 2531 1086 2561 nomine

1143 2362 1215 2387 meo,
1228 2363 1277 2391 ego
1290 2354 1398 2383 faciam.

1177 2391 1222 2418 15.
1244 2390 1386 2426 praecepta
1401 2398 1461 2419 mea
1477 2390 1618 2419 custodite.

1178 2427 1223 2454 16.
1244 2432 1272 2453 ιιι
1285 2428 1423 2455 vobiscum
1436 2427 1473 2455 sit
1486 2428 1512 2454 in
1526 2432 1679 2455 aeternum.

1177 2462 1219 2499 17ἶ
1234 2462 1297 2499 rVos
1311 2468 1400 2490 autem
1411 2463 1502 2490 nostis
1514 2471 1587 2497 eum,
1602 2463 1664 2499 quia
1677 2461 1748 2498 apud
1759 2468 1808 2490 vos
1819 2462 1920 2498 _manet,

1141 2502 1168 2525 et
1179 2498 1318 2526 vobiscum
1333 2502 1384 2526 est.

1179 2533 1222 2561 18.
1243 2535 1322 2561 veuio
1336 2534 1370 2562 ad
1382 2541 1442 2562 vos.

898 2578 1095 2607 VARIANTES
1109 2579 1309 2608 LECTIONES.
1323 2578 1331 2583 “

322 2627 331 2662 ξ
345 2627 405 2662 illm.
414 2632 462 2662 noti
473 2625 570 2662 nostis?
583 2624 650 2662 Vttlg.
658 2631 714 2662 non
723 2626 871 2662 cognovistis
878 2625 891 2651 ?

291 2657 407 2715 “gracili.
431 2660 452 2683 et
481 2658 541 2682 Mm.
574 2656 698 2689 petieritis
731 2656 765 2682 in:
800 2656 873 2688 Vulg.
897 2657 1019 2688 petieritis
1046 2657 1092 2682 Pa-

321 2719 387 2746 ‘Gat.
400 2726 475 2753 quem
492 2720 532 2746 liic
548 2720 683 2746 mundus...
702 2720 782 2746 nescit
800 2726 866 2745 etim.
888 2721 946 2745 Mm.
970 2722 1027 2751 quia
1046 2721 1088 2751 qui

1144 2633 1192 2652 non
1205 2627 1272 2663 videt
1282 2634 1348 2657 eum,
1366 2627 1450 2663 nescit.
1458 2634 1524 2653 eum.
1544 2627 1616 2660 Vulg.
1633 2634 1709 2659 quem
1731 2626 1864 2653 mundun
1879 2623 1927 2656 quia

1145 2665 1192 2690 non
1204 2662 1272 2690 viart
1284 2665 1351 2690 cum,
1362 2665 1406 2683 nec
1417 2662 1463 2684 scit
1476 2666 1541 2684 cum.

1174 2688 1185 2704 ⁸
1196 2689 1250 2715 Gut.
1262 2696 1311 2715 non
1320 2688 1423 2716 videbit.
1444 2689 1516 2722 Vulg.
1535 2696 1584 2716 non
1594 2690 1672 2716 videt.

951 2762 1132 2790 BLANCHINI
1148 2763 1263 2792 NOTAE.

320 2810 360 2875 se)
376 2810 412 2838 lta
421 2815 448 2838 et
462 2815 516 2839 ter.
528 2810 576 2839 Gr.
591 2812 732 2841 πιστεύεις.
748 2810 834 2874 —((;b)
851 2810 888 2838 ιω
904 2813 930 2837 ct
944 2813 998 2838 εει.
1014 2809 1060 2838 Gr.
1082 2812 1216 2840 πιστεύετέ
1230 2822 1281 2848 μοι.
1298 2825 1333 2832 --
1347 2811 1383 2848 (c)
1399 2812 1437 2840 Ita
1459 2816 1487 2840 et
1509 2816 1562 2840 ter.
1591 2811 1638 2840 Gr.
1653 2811 1732 2847 μένη.
1744 2822 1782 2830 -
1795 2807 1835 2845 (ἀ)
1847 2807 1881 2836 Ita
1907 2810 1930 2834 et

341 2867 347 2874 .
363 2847 441 2874 Catii.
454 2848 573 2875 ὶστίν.-
585 2848 622 2875 (ei
638 2847 674 2873 lia
687 2851 714 2873 et
724 2851 777 2873 lex.
817 2855 838 2874 r.
850 2846 974 2875 ἴογομαι.
985 2847 1057 2875 ——ff)
1069 2847 1132 2875 Post
1143 2848 1309 2875 coanaicetis.
1324 2847 1401 2875 deest
1414 2855 1468 2875 vos.
1483 2849 1566 2875 etiam
1582 2847 1609 2875 in
1620 2847 1681 2875 cod.
1692 2846 1770 2874 Alex.
1782 2857 1814 2864 -ι
1825 2846 1860 2875 (9)
1871 2843 1930 2873 Post

286 2843 441 2885 cod.'(_:ant.
454 2848 573 2885 tamu—
585 2848 622 2883 (c)
638 2847 674 2873 lla
687 2851 714 2873 et
724 2843 838 2885 leXLGr'.
850 2846 974 2885 ἔρχομαι.
985 2847 1057 2883 ——(f)
1069 2847 1132 2876 Post
1143 2843 1309 2882 cogitainus,
1324 2843 1401 2876 dée'st
1414 2855 1468 2884 vos,
1483 2849 1566 2877 etiam
1582 2847 1609 2876 in
1620 2843 1681 2877 co'd.
1692 2843 1814 2881 Alex._—'~
1825 2843 1860 2881 "(9)
1871 2843 1931 2873 Post

288 2891 346 2918 ego,
360 2882 438 2911 deest
450 2891 517 2917 eum,
534 2882 561 2910 in
575 2881 631 2910 tea.
650 2889 759 2918 quoque
772 2881 823 2909 Gr.
