3950 6194
579 210 685 265 465
1106 195 1381 259 EUSEBII
1416 195 1752 256 VERCELL.
1797 191 2246 253 EVANGELIUM
2282 192 2423 253 CUM
2462 194 2690 256 VARIIS
2728 196 2881 255 COD.
2924 196 3332 257 COLLATUM.‘

971 315 1203 372 CODEX
1242 311 1779 369 VERCELLENSIS.

584 430 728 472 nunc
758 427 887 469 vero

587 486 898 543 exeusaﬁo—

582 574 706 614 nem
746 572 850 610 non
894 556 990 607 ha-

580 630 710 686 bent
737 628 803 683 de
841 640 1025 696 pecca-

580 710 638 753 Ῑο
672 715 790 753 SUO.

578 770 670 823 25.
711 769 812 837 Qui
839 783 926 822 me
966 766 1109 831 odit,
1147 774 1201 821 et

579 840 791 895 Patrem
842 854 1019 893 meum

576 911 666 966 24.
710 910 843 966 odit.
880 909 937 965 Si
960 923 1124 979 opera

575 997 684 1036 non
719 982 967 1037 fecissem

576 1053 630 1107 in
660 1054 786 1118 illis,
821 1067 958 1123 quae

576 1140 740 1179 nemo
769 1124 907 1176 alius

576 1194 725 1257 fecit,
761 1201 1034 1263 peccatum

576 1281 686 1319 non
713 1266 974 1320 haberent
1002 1284 1013 1317 :

576 1352 721 1391 nunc
748 1347 924 1390 autem

576 1416 632 1461 et
656 1406 931 1473 viderunt,

576 1486 633 1533 et
656 1479 884 1533 oderunt

574 1564 683 1614 me,
708 1557 763 1604 et
793 1549 1004 1605 Patrem

569 1620 660 1674 25.
707 1636 904 1674 meum.
947 1619 1056 1676 Sed
1099 1628 1156 1672 ut

568 1691 856 1759 impleatur

568 1762 818 1824 verbum,
852 1761 993 1829 quod

572 1830 626 1885 in
670 1833 787 1901 lege
814 1846 1000 1887 eorum

570 1904 828 1957 scribtum
856 1912 940 1958 est
966 1921 982 1959 :

642 1974 908 2042 Quoniam

641 2044 877 2100 oderunt

566 2117 609 2139 ³”’
641 2132 727 2173 me
746 2117 933 2187 gratis.

564 2189 654 2244 26.
715 2190 849 2245 Cum
894 2202 1025 2259 ergo
1053 2202 1217 2244 vene-

563 2263 637 2316 rit
663 2261 975 2317 Paracletus

565 2332 680 2400 ille,
714 2348 871 2404 quem
901 2346 999 2401 ego

564 2405 772 2458 mittam
797 2404 949 2458 vobis

565 2491 597 2529 a
626 2476 782 2529 Patre
809 2488 953 2537 meo,

564 2548 811 2616 spiritum
842 2544 1041 2616 verita-

563 2614 655 2683 tis,
687 2617 781 2687 qui
808 2616 876 2670 de
904 2614 1067 2687 Patre

563 2703 689 2742 meo
707 2685 983 2756 procedit,

562 2759 679 2827 ipse
713 2758 970 2813 testifica-

562 2830 711 2885 bitur
735 2829 804 2884 de
840 2841 926 2882 me
956 2844 968 2878 :
1136 2866 1143 2871 .

559 2901 652 2957 27.
696 2910 749 2955 et
772 2915 871 2953 vos
893 2898 1109 2952 testimo

559 2973 709 3026 nium
733 2969 912 3039 perhi-

558 3042 721 3108 betis,
746 3043 869 3112 quia
907 3039 975 3095 ab
1018 3040 1064 3094 i-

562 3114 695 3167 nitio
720 3126 930 3169 meeum

562 3186 714 3240 estis.

735 3272 963 3330 CAPUT
1007 3269 1151 3325 XVI.

638 3390 689 3442 1.
722 3386 867 3441 Haec
895 3384 1107 3437 locutus
1138 3394 1255 3434 sum

564 3461 739 3522 vobis,
784 3472 849 3510 ne
887 3468 1042 3508 scan-

565 3526 893 3586 dalizcmini.

564 3605 621 3656 2.
664 3601 828 3655 Extra
859 3597 1107 3666 Synago-

564 3688 687 3743 gam
710 3666 993 3745 vos_faci—_

567 3739 661 3799 Eant
693 3760 706 3807 ;
740 3739 834 3795 sed
871 3739 1021 3803 venit

566 3814 721 3881 hora,
752 3821 810 3865 ut
838 3824 956 3881 om—

565 3887 670 3954 nis,
704 3877 797 3954 qui
823 3877 1035 3937 occide-

1418 408 1490 461 rit
1515 421 1633 471 vos,
1657 406 1820 460 acsti-

1418 488 1527 532 met
1555 492 1614 531 se
1655 476 1821 530 sacri-

1418 549 1594 603 ficium
1628 548 1736 601 Deo

1417 621 1470 674 3.
1512 619 1707 674 offerre
1741 636 1753 672 :
1790 626 1843 673 et
1864 616 1996 672 haec

1420 691 1432 719 ¹
1464 689 1660 744 facient

1415 761 1589 827 vobis,
1612 760 1735 829 quia
1762 775 1870 816 non

1416 844 1685 886 noverunt

1416 902 1653 969 Patrem,
1682 918 1778 958 ne-

1454 988 1519 1028 ue
1564 990 1669 1027 me.

1456 1083 1469 1096 .
1516 1044 1659 1098 llaec
1682 1046 1889 1099 locutus

1416 1130 1536 1169 sum
1563 1115 1750 1179 vobis;

1418 1196 1495 1252 ut,
1526 1200 1646 1241 eum
1675 1203 1767 1241 ve-

1418 1257 1560 1312 nerit
1587 1257 1721 1311 hora
1740 1298 1755 1321 ,

1416 1342 1685 1383 memores
1713 1329 1787 1382 si-

1416 1400 1506 1462 tis,
1538 1399 1658 1468 quia
1690 1412 1789 1468 ego

1413 1470 1523 1524 dixi
1548 1472 1726 1525 vobis.

1414 1540 1467 1594 5.
1512 1541 1654 1594 Haec
1686 1548 1866 1595 autem

1412 1612 1565 1665 vobis
1594 1613 1661 1665 ab
1687 1613 1789 1664 ini—

1414 1683 1488 1736 tio
1516 1698 1621 1735 non
1647 1680 1780 1745 dixi,

1412 1753 1536 1823 quia
1564 1752 1737 1806 vobis-

1416 1839 1537 1878 cum
1569 1838 1717 1876 eram
1757 1839 1768 1870 ἶ

1416 1909 1561 1949 nunc
1588 1891 1661 1962 (a)
1694 1891 1861 1961 vero-1‘

1415 1982 1482 2020 eo
1511 1965 1577 2018 ad
1606 1980 1752 2025 eum,

1414 2037 1505 2106 qui
1537 2050 1622 2090 me
1652 2034 1821 2089 misit'

1413 2116 1469 2162 et
1497 2121 1656 2161 nemo
1686 2121 1754 2160 ex

1407 2179 1561 2233 vobis
1584 2179 1757 2231 inter-

1407 2258 1560 2320 rogat
1583 2264 1689 2313 me,
1720 2246 1838 2320 Quo

1406 2316 1518 2375 6.’.
1567 2360 1579 2372 .
1628 2359 1639 2370 .
1682 2316 1837 2373 ?Sed
1867 2321 1991 2387 quia

1406 2391 1542 2445 haec
1571 2391 1781 2444 locutus

1407 2476 1525 2515 sum
1558 2462 1732 2523 vobis,

1408 2532 1625 2585 tristitia
1654 2546 1747 2585 eor

1406 2614 1645 2657 vestrum
1677 2603 1777 2655 im-

1407 2674 1459 2726 7.
1504 2673 1686 2740 plevit.
1714 2668 1821 2727 Sed
1844 2682 1943 2738 ego

1405 2744 1688 2798 veritatem

1404 2815 1557 2868 vobis
1587 2814 1707 2867 dico
1735 2831 1747 2865 :
1782 2826 1882 2865 ex-

1406 2885 1553 2955 pedit
1581 2884 1734 2939 vobis
1768 2890 1828 2936 ut

1402 2972 1502 3026 ego
1523 2970 1640 3010 eam
1671 2974 1681 3005 :
1712 2967 1859 3015 nam,

1403 3029 1448 3081 si
1482 3042 1584 3081 non
1616 3026 1801 3080 abiero

1401 3112 1524 3167 ego,
1558 3098 1802 3151 Paracle-
1872 3106 1877 3113 ‘

1401 3178 1488 3223 tus
1511 3183 1616 3223 nou
1643 3167 1787 3222 veni-

1402 3250 1457 3293 et
1479 3240 1547 3293 ad
1577 3254 1671 3292 vos
1698 3258 1711 3292 :
1739 3238 1783 3291 si
1816 3255 1915 3296 au-

1403 3319 1511 3363 tem
1540 3325 1639 3378 ego
1666 3308 1808 3363 abie-

1402 3395 1491 3445 ro,
1520 3382 1725 3433 mittam
1754 3378 1822 3432 il-

1402 3449 1512 3504 lum
1534 3450 1610 3503 .ad
1639 3464 1758 3504 vos.

1402 3519 1455 3575 8.
1502 3520 1568 3573 Et
1594 3535 1714 3573 eum
1750 3535 1915 3577 vene-

1403 3592 1475 3644 rit
1495 3590 1629 3654 ipse,
1661 3607 1742 3645 ar-

1442 3669 1531 3715 uet
1558 3662 1816 3717 mundum

1444 3749 1473 3787 e
1510 3744 1753 3803 peccato,
1783 3742 1837 3789 et

1406 3804 1474 3857 de
1495 3804 1723 3871 justitia,
1755 3812 1811 3859 et

1406 3873 1458 3928 9.
1502 3874 1569 3929 de
1590 3874 1813 3944 judicio.
1842 3876 1920 3932 De

2723 314 2951 371 CODEX
2991 313 3441 372 VERONENSIS.
3470 316 3471 319 “

2284 422 2426 461 nunc
2451 416 2632 462 autem

2281 480 2679 534 excusationem

2282 564 2387 602 non
2420 550 2622 604 habent

2280 618 2347 673 de
2368 630 2589 689 peccato
2619 636 2737 676 suo.

2279 690 2370 743 25.
2412 691 2513 757 Qui
2540 708 2625 747 me
2647 692 2781 757 odit,

2279 768 2334 815 et
2363 760 2574 817 Patrem
2599 780 2774 819 meum

2281 832 2412 885 odit.

2279 902 2379 975 24.
2412 904 2468 957 Si
2499 919 2660 975 opera
2684 920 2789 961 non

2279 973 2607 1030 fecissem'in

2281 1059 2395 1109 eos,
2428 1062 2546 1113 qua:
2575 1063 2733 1103 nemo

2280 1116 2418 1169 alius
2448 1116 2597 1186 fecit,

2280 1196 2557 1253 peccatum
2588 1204 2693 1244 non

2280 1255 2545 1313 haberent
2568 1277 2581 1311 :
2606 1276 2749 1317 nunc

2279 1336 2458 1383 autem
2486 1340 2538 1384 et
2562 1331 2716 1386 vide-

2280 1410 2437 1465 runt,
2466 1408 2519 1454 et
2546 1401 2669 1455 odio

2282 1469 2585 1525 habuerunt
2610 1481 2665 1526 et

2283 1556 2390 1607 ine,
2412 1550 2467 1596 et
2494 1543 2705 1598 Patrem

2279 1611 2371 1664 25.
2415 1628 2612 1667 meum.
2648 1614 2752 1670 Sed
2785 1626 2842 1671 ut

2282 1682 2565 1755 impleatur
2592 1700 2793 1755 sermo,

2277 1752 2370 1821 qui
2401 1754 2451 1806 in
2483 1754 2599 1823 lege
2625 1772 2718 1811 eo-

2281 1838 2401 1895 rum
2429 1826 2663 1895 scriptus
2685 1838 2769 1884 est
2797 1846 2810 1884 :

2285 1894 2418 1961 Quia
2450 1894 2575 1952 odit)

3109 410 3357 464 aestimet
3386 424 3445 463 se

3111 481 3425 549 obsequium
3451 479 3563 533 Deo

3110 553 3162 605 3.
3206 548 3479 620 praestare
3511 568 3523 603 :
3556 548 3651 606 sed

3107 622 3240 677 haec
3271 623 3499 688 facient,

3106 694 3230 762 quia
3260 709 3365 747 non
3394 708 3492 748 no-

3108 774 3303 819 verunt
3325 766 3559 831 Patrem,

3108 851 3281 903 neque
3302 851 3409 890 me.

3106 906 3161 961 4.
3209 907 3351 962 Haec
3378 914 3555 961 autem

3112 977 3328 1032 locutus
3353 992 3471 1032 sum

3111 1048 3302 1112 vobis;
3328 1058 3409 1116 ut,
3438 1063 3561 1106 cum

3114 1120 3325 1174 venerit
3346 1121 3479 1175 hora

3111 1205 3322 1258 eorum,
3346 1190 3513 1247 remi-

3110 1261 3394 1317 niseamini

3148 1333 3230 1404 uia
3254 1349 3358 1404 ego

3148 1403 3220 1458 ixi
3251 1403 3426 1463 vobis.

3110 1475 3163 1529 5.
3209 1475 3352 1531 Haec
3380 1485 3562 1534 autem

3110 1548 3263 1603 vobis
3293 1548 3361 1603 ab
3386 1550 3541 1606 initio

3113 1634 3219 1672 non
3246 1618 3380 1684 dixi,

3111 1689 3235 1758 quia
3258 1691 3537 1749 vobiscum

3113 1775 3261 1814 eram
3299 1780 3311 1817 ξ
3345 1778 3491 1819 nunc

3114 1830 3191 1957 ((2
3218 1843 3394 1890 autem
3422 1836 3617 1920 {vado

3114 1917 3139 1955 3
3209 1918 3331 1957 eum
3353 1949 3366 1957 .
3390 1923 3481 1957 αιιι

3112 1909 3181 1978 ad
3209 1918 3331 1978 eum
3353 1949 3366 1973 ,
3390 1909 3482 1978 qui

2282 1965 2588 2043 habuerunt
2617 1986 2703 2027 me
3113 1974 3259 2029 misit
3278 1965 3364 2033 me
3393 1995 3407 2043 ;

2284 2039 2469 2106 gratis.
3113 2053 3167 2099 et
3194 2062 3353 2103 nemo
3380 2039 3446 2104 ex

2272 2107 2541 2193 26..‘Cum
2573 2129 2701 2193 ergo
2732 2132 2821 2173 ve-
3111 2116 3265 2174 vobis
3286 2120 3522 2193 interro-

2274 2183 2415 2236 nerit
2446 2183 2776 2255 Paraclétus,
3109 2198 3200 2253 gat
3228 2206 3335 2257 me,
3367 2191 3489 2258 Quo

2270 2267 2429 2325 quem
2454 2270 2553 2325 ego

2271 2324 2664 2384 mittam’vobis

2272 2410 2301 2448 a
2328 2396 2509 2463 Patre,
2542 2400 2789 2468 Spiritum

2270 2468 2535 2539 veritatis,
2565 2472 2656 2539 qui

2272 2551 2301 2588 a
2332 2538 2491 2592 Patre
2514 2538 2633 2595 méo

2273 2610 2539 2675 procedit,
2565 2613 2655 2666 ille

2272 2680 2638 2736 testimonium

2274 2750 2577 2815 perhibcbit
2604 2753 2671 2808 dc

2270 2820 2360 2875 27.
2404 2837 2490 2877 me
2516 2841 2527 2874 :
2553 2832 2608 2878 et
2637 2838 2731 2879 vos
2761 2834 2842 2882 te-
2874 2830 2881 2842 '

3105 2259 3160 2314 6.
3202 2262 3387 2315 vadis?
3409 2262 3541 2327 Sed,

3103 2334 3226 2402 quia
3253 2334 3388 2389 haec
3416 2334 3570 2389 locu-

3104 2414 3188 2461 tus
3215 2421 3333 2460 sum
3362 2406 3538 2472 vobis,

3074 2477 3322 2543 .tristitia
3350 2476 3591 2546 implevit

3101 2562 3196 2602 COI'
3218 2557 3400 2603 vestru
3409 2563 3458 2602 m
3469 2586 3483 2602 ο

3104 2619 3153 2672 7.
3198 2618 3305 2675 Sed
3332 2634 3432 2690 ego
3462 2633 3558 2675 ve-

3102 2690 3319 2745 ritatem
3344 2694 3469 2745 dico

3097 2760 3251 2831 vobis
3278 2778 3293 2824 ;
3322 2776 3387 2816 ex
3397 2760 3543 2831 pedit

3098 2830 3251 2886 vobis
3274 2842 3332 2886 ut
3352 2830 3469 2887 eam
3502 2849 3515 2885 :

2271 2892 2584 2947 stimonium
3098 2902 3143 2955 si
3175 2916 3282 2956 non
3314 2905 3408 2957 ha—

2273 2962 2647 3044 perhibebitis,
2680 2968 2805 3037 quia
3104 2971 3256 3044 biero
3282 2989 3403 3044 ego,

2271 3034 2515 3114 abinitio
2540 3034 2750 3093 mecum
3104 3034 3417 3099 Paraele'tus

2272 3113 2425 3160 estis.
3106 3128 3214 3169 non
3244 3117 3430 3171 veniet

2450 3220 2677 3280 CAPUT
2708 3225 2848 3281 XVI.
3396 3257 3491 3312 ιη,

2347 3313 2397 3367 1.
2444 3314 2585 3370 llaec
2608 3317 2727 3372 locu
2737 3326 2821 3373 tus

2274 3397 2393 3437 sum
2426 3386 2600 3453 vobis,
2634 3397 2693 3441 ut

2274 3470 2382 3508 non
2413 3456 2747 3512 scandalize-

2272 3524 2327 3600 ἓ.
2371 3528 2536 3600 tnini._
2552 3529 2771 3600 Absque

2272 3593 2569 3675 Synagogis
2594 3593 2692 3654 faé

2273 3677 2418 3721 etcnt
2443 3683 2575 3733 vos;

2273 3738 2369 3791 sed
2398 3740 2544 3793 venit
2572 3741 2725 3808 hora,

2273 3818 2332 3882 ut
2353 3809 2551 3882 omnis,
2578 3814 2671 3882 qui

2273 3878 2610 3937 interfecerit
2633 3898 2752 3953 vos,

1889 3991 2121 4050 CODEX
2150 3995 2543 4057 BRIXIANUS.

3105 3326 3278 3393 biero,
3307 3330 3516 3383 mittam

3108 3397 3258 3452 illum
3282 3400 3347 3454 ad
3374 3415 3488 3454 vos.

3106 3468 3159 3523 8.
3203 3469 3272 3523 Et
3302 3486 3420 3525 cum
3450 3485 3550 3525 ve-

3105 3540 3245 3595 nerit
3274 3541 3382 3608 ille,
3411 3557 3504 3597 ar-

3102 3620 3231 3682 guet
3258 3612 3517 3667 mundum
3539 3611 3549 3682 Ῐ

3104 3681 3171 3736 de
3199 3693 3443 3751 peccato,

3104 3760 3160 3836 et
3188 3752 3485 3836 de‘ju'stitia
3516 3795 3528 3819 ,

3104 3832 3160 3877 et
3181 3822 3397 3892 juditio.

3104 3892 3158 3948 9.
3201 3895 3277 3951 De
3305 3904 3528 3967 peccato

3748 196 3832 253 464

532 4104 922 4178 -mincautem.
970 4088 1372 4178 excusationem
1399 4087 1891 4178 “nonﬁhabentmde
1933 4100 2165 4178 peccato
2262 4092 2392 4148 lisse
2429 4096 2577 4178 Deo.
2612 4096 2707 4152 sed
2750 4097 2886 4154 haec
2932 4102 3334 4178 facientivobis.
3362 4108 3482 4175 quia
3516 4123 3626 4164 non
3653 4119 3845 4178 cogno-

566 4187 686 4227 suo.
707 4169 806 4237 Qui
831 4161 917 4219 me
937 4163 1051 4237 odit
1073 4171 1128 4215 et
1156 4160 1365 4214 Patrem
1398 4159 1732 4237 meum_odit.
1770 4159 1825 4215 Si
1855 4176 2019 4229 Opera
2048 4176 2154 4216 non

564 4230 819 4299 fecissem
851 4238 902 4290 in
934 4235 1036 4288 eis.
1062 4247 1199 4301 quae
1223 4246 1381 4285 nemo
1402 4231 1537 4283 alius
1568 4230 1709 4286 fecit.
1739 4242 2019 4300 peccatum
2047 4247 2154 4287 non

564 4314 848 4367 haberent.
878 4320 1019 4361 nunc
1043 4312 1221 4357 autem
1254 4310 1307 4355 et
1335 4302 1611 4355 viderunt.
1645 4312 1697 4355 et
1719 4302 1967 4356 oderunt.
1993 4314 2045 4355 et
2070 4319 2155 4359 me

566 4395 624 4439 et
673 4384 887 4436 Patrem
938 4390 1137 4431 meum.
1182 4371 1288 4427 Sed
1330 4383 1388 4426 ut
1433 4374 1717 4441 impleatur
1758 4388 1937 4427 sermo
1980 4373 2065 4442 qui
2100 4373 2154 4428 in

567 4455 689 4523 lege
738 4464 924 4523 eorum
971 4446 1201 4501 scribtus
1248 4453 1348 4497 est.
1380 4442 1517 4523 Quia
1558 4444 1681 4523 odio
1720 4459 1807 4498 me
1852 4446 2156 4498 habuerunt

566 4514 755 4595 gratis.
804 4522 937 4595 Cum
980 4528 1158 4595 autem
1208 4516 1416 4595 venerit
1465 4514 1800 4595 Paracletus.
1843 4531 2030 4595 quem“
2055 4530 2153 4584 ego

569 4584 780 4649 inittam
812 4591 963 4643 vobis
998 4603 1025 4641 a
1046 4587 1224 4641 Patre.
1257 4584 1503 4653 spiritum
1535 4586 1795 4639 veritatis.
1823 4584 1962 4654 quia
1996 4586 2151 4641 Patre

568 4663 838 4736 procedit.
878 4661 966 4715 ille
1013 4659 1375 4736 testimonium
1404 4655 1712 4736 perltibebit
1736 4658 1805 4710 de
1836 4673 1941 4711 me.
1966 4666 2019 4711 et
2058 4673 2151 4736 v_ns

569 4728 935 4790 iestimonium
980 4728 1294 4797 perhibetis.
1328 4728 1450 4796 quia
1474 4728 1540 4780 ab
1571 4728 1724 4781 initio
1752 4743 1961 4782 meeum
1994 4730 2146 4782 estis.

568 4808 715 4862 Haec
751 4806 959 4857 loeutus
999 4813 1118 4854 sum
1154 4799 1326 4851 vobis.
1358 4807 1415 4850 ut
1443 4812 1549 4850 non
1581 4798 2040 4853 scandalizemini.
2073 4799 2149 4853 De

566 4869 1443 4949 synagoga_vos_eXpellent.Lsed
1487 4870 1667 4923 veniet
1708 4872 1857 4949 hora.
1888 4880 1947 4923 ut
1971 4872 2149 4949 omnis

566 4937 658 5022 qui
699 4937 1032 5002 iiitErfecerit
1066 4954 1161 4995 vos
1201 4937 1499 4994 arbitretur
1538 4954 1597 4995 se
1626 4940 1951 4996 sacrificium
1992 4942 2147 4995 obtu-

2260 4176 2457 4248 verunt
2489 4167 2700 4248 Patrem
2748 4186 2923 4248 neque
2959 4191 3065 4231 me.
3114 4177 3258 4233 Haec
3288 4167 3465 4235 autem
3500 4167 3845 4248 locutusvsunt

2258 4238 2432 4319 vobis.
2474 4247 2530 4291 ut
2561 4254 2689 4321 eum
2735 4238 2945 4321 veneri}
2986 4250 3117 4303 hora
3159 4250 3392 4305 illorum.
3435 4246 3847 4306 reminiscamini

2259 4309 2379 4393 quia
2409 4309 2653 4393 equixi
2677 4316 2861 4393 vobis.
2894 4316 3035 4373 Haec
3064 4331 3243 4375 autem
3275 4323 3428 4377 vobis
3463 4324 3533 4376 ab
3566 4322 3718 4377 iuiliu
3745 4333 3841 4393 non

2257 4378 2387 4465 dixi.
2434 4378 2557 4451 quia
2604 4388 3091 4465 vobiscum‘eram.
3135 4408 3275 4448 nunc
3313 4392 3386 4465 (a)
3420 4404 3598 4448 autem
3642 4393 3683 4464 -ι-
3722 4388 3847 4445 vado

2258 4450 2324 4504 ad
2369 4450 2491 4530 eum
2529 4455 2617 4523 qui
2648 4474 2746 4530 me
2791 4460 2954 4530 misit.
2996 4470 3052 4514 et
3090 4477 3250 4517 nemo
3283 4450 3539 4519 e‘x’vobis
3563 4450 3847 4530 interrogat

2262 4524 2511 4606 {negari
2559 4528 2727 4606 vadis.
2780 4529 2886 4584 Sed
2929 4531 3052 4599 quia
3104 4534 3487 4606 liaec‘locutus
3519 4550 3637 4589 sum
3682 4524 3845 4606 vobis.

2263 4600 2475 4675 tristitia
2510 4600 2737 4675 replevit
2765 4616 2859 4654 cor
2892 4613 3146 4675 vestrum.
3166 4604 3273 4659 Sed
3296 4621 3394 4674 ego
3424 4608 3707 4661 veritatem
3737 4604 3848 4675 dico

2257 4666 2427 4720 vobis.
2460 4671 2957 4746 quoniam_expedit
3001 4674 3155 4728 vobis
3190 4686 3245 4729 ut
3274 4666 3373 4746 ego
3400 4677 3611 4731 vadam.
3666 4691 3782 4730 nam
3807 4672 3845 4725 si

2257 4750 2473 4817 egonnn
2495 4740 2677 4817 abiero
2701 4742 3009 4817 Paracletus
3029 4760 3134 4799 non
3165 4740 3344 4803 venie't
3360 4747 3424 4800 ad
3454 4764 3570 4803 vos.
3602 4748 3648 4802 si
3676 4757 3847 4800 autem

2255 4807 2458 4888 abiero.
2495 4812 2702 4888 mittam
2745 4829 2866 4867 eum
2904 4815 2969 4869 ad
3003 4830 3118 4888 vos.
3151 4818 3218 4871 Et
3262 4820 3486 4873 veniens
3518 4820 3629 4874 ille.
3663 4822 3845 4888 arguet

2256 4880 2513 4934 mundum
2546 4882 2613 4937 de
2650 4894 2890 4953 peccato.
2922 4895 2978 4941 et
3002 4886 3070 4942 de
3094 4887 3326 4958 justitia.
3351 4899 3405 4946 et
3430 4890 3497 4945 de
3518 4880 3755 4960 judicio:
3778 4888 3845 4942 De

1855 5052 2089 5108 CODEX
2126 5052 2593 5117 CORBEIENSIS.

564 5194 567 5209 .
605 5155 730 5210 ·24.
770 5151 826 5210 Si
851 5161 1016 5222 opera
1043 5160 1151 5202 non
1180 5143 1281 5201 feci
1308 5144 1362 5200 in
1396 5143 1522 5200 illis.

2338 5151 2467 5209 Car.
2519 5153 2659 5212 XVI.
2684 5157 2827 5215 —-2.
2868 5158 3070 5233 “.Extra
3112 5160 3427 5236 Synagogas
3453 5163 3700 5223 fecerunt
3727 5177 3831 5222 vos.

1814 5328 2205 5389 VARIANTES
2242 5330 2532 5391 LECTION
2540 5337 2644 5395 ES.

622 5438 639 5469 ι
678 5435 784 5485 Gal.
809 5434 855 5481 et
878 5430 997 5479 Mm.
1022 5424 1217 5486 facient,
1241 5424 1369 5488 quia.
1405 5421 1550 5488 Vulg.
1569 5419 1751 5473 facient
1775 5423 1932 5485 vobis,
1957 5426 2091 5488 quia.

619 5503 640 5533 ³
676 5498 781 5549 Gat.
806 5493 958 5547 Extra
997 5485 1292 5553 synagogam
1329 5485 1517 5536 facient
1531 5498 1635 5536 vos.
1656 5492 1772 5535 Mm.
1813 5488 1906 5551 eis,
1929 5485 2038 5549 quae
2062 5490 2111 5536 in
2145 5496 2407 5557 synagogis
2427 5497 2805 5564 venientjvobis.

1882 5593 2250 5657 BLANCHINI
2290 5602 2523 5663 ΝΟΤᾸΕ.

618 5707 693 5784 (α)
735 5704 815 5762 lta
843 5707 899 5759 et
925 5706 1035 5758 tex.
1066 5694 1161 5753 Gr.
1195 5692 1272 5750 δέ.
