3950 6194
567 265 670 318 467
1119 265 1390 321 EUSEBII
1434 264 1768 318 VERGELL.
1809 262 2254 320 EVANGELIUM
2293 262 2438 318 CUM
2473 261 2700 316 V‘ARIIS
2735 260 2886 315 COD.
2929 259 3321 314 COLLATUM.

956 378 1186 433 CODEX
1228 377 1766 434 VERCELLENSIS.

585 480 662 524 tra
688 471 739 524 in
767 486 898 538 gau-

583 541 729 594 dium
761 543 776 571 ¹
805 555 1028 593 conver—

586 612 677 664 21.
722 621 876 664 tetur.
913 610 1062 665 Mitli-

590 697 649 736 er
670 698 788 733 cum
825 692 1001 748 partu-

589 753 656 804 rit
675 794 688 813 ,
723 751 988 805 tristitiam

591 825 779 884 habet,
811 823 933 889 quia

588 893 735 945 venit
767 893 838 961 (a)
870 893 983 946 dies
1005 893 1046 963 αι·
1074 909 1131 948 e-

586 963 676 1032 jus
710 981 722 1016 :
757 980 877 1015 cum
911 974 1089 1018 autem

591 1035 842 1102 genuerit
868 1051 994 1098 pue-

594 1121 711 1158 rum
740 1147 753 1168 ,
789 1105 1017 1170 amplius

596 1190 701 1227 non
737 1184 817 1227 est
849 1189 1055 1230 memor

598 1245 956 1298 tribulationis

598 1326 821 1384 propter
847 1332 976 1378 gau-

597 1387 742 1440 dium
771 1426 784 1448 ,
815 1389 935 1454 quia

601 1467 755 1511 natus
783 1468 865 1508 est
893 1459 988 1512 ho-

601 1545 686 1580 mo
721 1530 770 1579 in
806 1528 944 1582 hunc

599 1597 880 1650 n'mndum.

599 1670 690 1721 2’2.
735 1669 802 1720 Et
828 1681 923 1721 vos
951 1672 1112 1739 igitur

605 1740 765 1792 modo
799 1740 933 1793 tri~ti
953 1776 967 1782 -

606 1812 730 1860 tiam
760 1807 949 1864 habebi
965 1842 979 1852 .

606 1880 707 1942 tis,
742 1878 932 1933 iterum
963 1897 1056 1932 au-

608 1959 716 2003 tem
751 1948 944 2004 videbo

607 2034 700 2090 vos
721 2060 734 2079 ,
765 2029 820 2070 et
849 2022 1045 2090 gaude-

609 2089 684 2144 bit
709 2104 806 2142 cor
835 2089 953 2145 ves-

607 2171 771 2225 trum,
801 2171 853 2214 et
884 2179 1010 2228 gau-

608 2229 754 2282 dium
787 2242 1019 2289 ve~trum

611 2315 771 2353 nemo
799 2305 950 2358 aule-

603 2371 694 2423 25.
739 2381 820 2424 ret
847 2391 873 2424 a
909 2376 1077 2431 vobis.
1113 2377 1218 2433 Sed

613 2444 664 2494 in
695 2443 782 2493 illa
814 2444 899 2497 die
932 2446 1011 2499 ni-

612 2511 684 2564 hil
715 2528 800 2565 me
830 2515 992 2571 inter-

611 2583 888 2651 rogabitis.

515 2690 520 2694 .
613 2654 806 2716 Amen,
837 2670 990 2711 amen
1021 2660 1104 2714 di-

611 2739 678 2798 co
712 2725 864 2778 vobis
889 2770 902 2791 ,
933 2746 1067 2798 quo-

612 2794 755 2868 niam
789 2799 830 2868 si
861 2794 984 2868 quid

613 2866 918 2932 petieritis"
951 2873 1050 2927 Pa-

613 2948 749 2992 trem
784 2937 836 2990 in
870 2958 964 2995 no-

613 3013 755 3064 mine
789 3029 929 3078 meo,
963 3015 1057 3069 da-

609 3081 697 3136 21.
742 3082 816 3136 vit
847 3087 1018 3138 vobis.
1055 3083 1154 3141 Us-

611 3169 714 3220 que
742 3156 918 3209 adhuc
949 3173 1053 3211 non

613 3225 823 3294 petistis
852 3229 1001 3294 quic-

611 3312 769 3363 quam
799 3312 848 3346 Ill
880 3313 978 3348 110-

615 3367 757 3417 mine
785 3379 903 3418 meo
935 3384 946 3417 :
977 3382 1069 3436 pe-

616 3437 730 3497 tite,
760 3445 814 3488 et
839 3439 1066 3502 accipie-

614 3507 681 3558 tis
701 3547 714 3567 ,
746 3518 801 3556 ut
827 3510 1080 3574 gaudium

613 3587 848 3628 vestrum
882 3588 951 3630 Stt

614 3645 855 3714 plenum.

610 3716 706 3771 25.
751 3715 893 3770 Haec
923 3715 1030 3772 dixi
1060 3719 1212 3774 vobis

609 3933 661 3984 in
675 3929 924 3997 gaudium
940 3930 1057 3984 erit.
1090 3929 1279 3982 Mulier
1291 3943 1409 3981 cum
1424 3928 1560 3998 parit
1577 3928 1690 3981 trist
1703 3927 1846 3979 itiam
1858 3925 2040 3979 habet.
2072 3926 2194 3995 quia

607 4002 755 4055 venit
778 4000 909 4054 hora
933 4003 1068 4065 ejus.
1092 4015 1212 4053 cum
1242 4010 1418 4053 autem
1453 4009 1604 4053 natus
1635 3999 1793 4052 fuerit
1835 4000 2027 4050 infans.
2059 3999 2196 4048 ultra

609 4089 714 4126 non
731 4073 1366 4125 meminittribulationis.
1386 4086 1510 4134 prae
1537 4070 1755 4138 gaudio.
1783 4068 1904 4134 quia
1936 4077 2093 4120 natus
2117 4076 2198 4119 ost

609 4145 772 4197 homo
793 4144 843 4194 in
873 4145 1089 4194 mundo.
1121 4141 1184 4194 Et
1208 4157 1300 4194 vos
1325 4143 1503 4210 igitur.
1531 4157 1670 4193 nunc
1696 4139 1908 4207 quidem
1930 4139 2196 4191 tristitiam

607 4212 841 4268 habetis.
861 4214 1051 4266 iterum
1078 4226 1257 4265 autem
1288 4213 1480 4266 videbo
1509 4212 2056 4276 Vt)S.elgaIltlel)ilt‘ut‘
2081 4223 2200 4260 ves-

605 4295 772 4338 trum.
798 4297 844 4335 et
873 4285 1125 4352 gaudium
1147 4296 1404 4336 vorsu-um.
1433 4299 1589 4335 nemo
1621 4281 1694 4353 (b)
1724 4280 1992 4353 adfert-fa
2023 4280 2195 4330 vobis.

605 4355 676 4409 Et
698 4355 749 4407 in
778 4350 986 4408 illoilie.
1007 4371 1092 4407 me
1119 4369 1220 4406 non
1239 4357 1495 4420 rogabitis
1515 4350 1822 4417 quiequmn.
1847 4350 2018 4404 Amen
2039 4365 2194 4402 amen

603 4425 726 4479 dico
759 4425 924 4478 vobis.
975 4426 1148 4490 siquid
1195 4424 1459 4493 petieritis
1495 4425 1702 4476 l’atrrm
1747 4423 1796 4474 in
1835 4423 2050 4474 nomine
2075 4435 2197 4474 meo

603 4496 752 4547 dabit
797 4495 950 4547 Vobis
987 4499 1021 4548 U
1060 4513 1163 4564 que
1213 4497 1392 4546 mmlo.
1428 4510 1532 4546 non
1568 4494 1776 4561 petistis
1808 4493 2114 4560 quicquam.
2146 4493 2196 4543 in

607 4566 825 4619 nomine
866 4580 985 4617 meo
1018 4567 1187 4620 Petite
1211 4575 1265 4619 et
1291 4565 1570 4631 accipietis
1595 4572 1651 4616 ut
1675 4565 1926 4628 gaudium
1959 4571 2195 4615 vestrum

602 4638 673 4688 sit
709 4634 1064 4699 adiupletum.
1111 4638 1252 4690 llaec
1288 4637 1339 4689 in
1381 4635 1682 4704 proverbiis
1712 4634 1924 4687 locutus
1955 4650 2071 4704 sum
2101 4649 2197 4685 vo-

602 4707 704 4760 bis.
745 4705 851 4761 Sed
894 4707 1076 4761 veniet
1121 4707 1255 4761 hora
1291 4703 1413 4762 cum
1441 4707 1552 4775 jam
1579 4722 1683 4759 non
1713 4707 1762 4758 in
1791 4703 2093 4775 proverbiis
2123 4707 2201 4756 lo-

1413 472 1464 524 iu
1489 470 1736 523 similitu-

1413 541 1648 594 dinibus.
1687 540 1789 594 Ve-

1417 611 1527 664 niet
1553 611 1681 664 hora
1717 620 1772 664 ut

1413 681 1521 750 jam
1557 698 1659 734 non
1694 683 1745 734 in

1419 752 1790 805 similitudini-

1420 821 1521 876 bus
1551 823 1702 875 Vobis
1733 822 1812 876 lo-

1421 908 1577 960 quar,
1612 893 1702 946 sed
1736 894 1909 956 pilam

1421 963 1489 1017 de
1521 963 1678 1015 Patre
1711 980 1845 1016 nun-

1424 1035 1564 1086 tiavo
1595 1034 1763 1086 vobis.

1423 1105 1512 1158 26.
1558 1105 1612 1158 ln
1648 1106 1735 1156 illa
1765 1105 1853 1159 die
1880 1105 1931 1159 in
1965 1121 2062 1161 no—

1427 1178 1570 1229 mine
1611 1191 1730 1228 meo
1761 1193 1850 1244 pe-

1428 1248 1519 1299 lite
1542 1286 1557 1311 ,
1590 1256 1643 1298 et
1671 1262 1771 1314 ego
1799 1247 1996 1317 rogabo
2022 1245 2186 1317 prop-

1427 1318 1513 1370 2'1.
1561 1328 1641 1369 ter
1672 1333 1781 1369 vos.
1819 1314 1938 1386 Ipse
1966 1333 2024 1374 e-

1432 1388 1537 1440 nim
1569 1387 1724 1439 Pater
1755 1404 1811 1439 a-

1435 1468 1544 1512 mat
1572 1473 1666 1510 VOS
1699 1475 1710 1508 ζ
1743 1475 1827 1514 me
1853 1475 1911 1513 θ’

1435 1527 1620 1581 mastis
1641 1569 1655 1593 ,
1689 1538 1742 1582 et
1775 1546 1891 1585 cre—

1431 1599 1666 1661 didistis,
1704 1616 1837 1666 (μιθ-

1433 1670 1573 1721 niant
1599 1683 1697 1736 ego
1722 1685 1749 1722 a
1782 1671 1890 1726 Deo

1431 1740 1521 1791 28.
1562 1741 1724 1800 exivi,
1753 1749 1808 1794 et
1832 1759 1860 1796 a
1888 1743 1984 1797 Pa-

1434 1818 1515 1862 tre
1547 1811 1666 1861 veni
1696 1810 1747 1862 in

1437 1882 1576 1932 hunc
1611 1895 1764 1932 Inun-

1437 1950 1561 2002 dum
1594 1965 1606 2001 :
1640 1951 1831 2007 iterum

1437 2021 1681 2086 relinquo
1711 2023 1849 2078 hunc

1441 2091 1722 2154 mundum,
1753 2106 1807 2148 et

1442 2160 1575 2213 vado
1605 2162 1668 2214 ad
1699 2165 1931 2219 Patrem.

1438 2230 1528 2284 29.
1577 2231 1771 2288 Dicunt
1797 2236 1869 2288 illi
1895 2233 2006 2288 dis-

1437 2301 1598 2369 cipuli
1633 2319 1644 2352 :
1683 2308 1818 2360 Ecce
1847 2320 1986 2360 nunc

1440 2373 1615 2444 palam
1647 2373 1833 2444 loque-

1441 2442 1544 2503 ris,‘
1565 2452 1619 2496 et
1649 2442 1875 2505 siniili-_

1441 2513 1681 2568 tudinem
1710 2517 1830 2569 nul-

1442 2583 1530 2663 ὄρ.
1575 2583 1678 2638 lant
1708 2589 1861 2643 dicis.
1887 2587 2039 2643 Nunc

1443 2668 1638 2708 SCImUS
1668 2666 1720 2712 te
1745 2673 1861 2713 om-

1445 2726 1530 2776 nia
1568 2741 1728 2782 nosse
1753 2769 1766 2790 ,

1445 2809 1544 2848 nec
1577 2795 1802 2867 indigeri

1447 2874 1504 2946 ut
1531 2875 1582 2920 te
1611 2873 1891 2946 quisquam

1447 2943 1745 3008 interroget.
1776 2960 1788 2994 :
1819 2943 1870 2997 in

1445 3009 1547 3062 hoc
1571 3014 1840 3068 credimus
1863 3055 1878 3080 ,

1441 3083 1562 3150 quia
1593 3099 1619 3133 a
1649 3084 1758 3139 Deo
1787 3101 1877 3140 ve-

1443 3154 1588 3206 nisti.

1443 3227 1533 3279 51.
1579 3227 1874 3294 Respondit
1901 3225 2008 3279 illis

1444 3296 1604 3350 .Iesus
1633 3315 1646 3348 :
1684 3297 1888 3349 Amodo
1914 3311 2033 3350 cre-

1445 3367 1535 3418 32.
1577 3367 1748 3420 ditis?
1783 3369 1917 3421 Ecce
1948 3367 2094 3421 veni-

1443 3447 1495 3490 et.
1529 3439 1679 3501 hora,
1713 3449 1767 3490 et
1789 3439 1900 3504 jam

1446 3508 1612 3570 venit,
1645 3515 1700 3559 ut
1730 3510 1841 3561 dis-

1447 3580 1743 3644 pargamini
1777 3595 1835 3631 u-

1443 3649 1774 3717 nusquisque

1444 3718 1495 3770 in
1528 3733 1621 3772 sua
1655 3719 1832 3788 regio-

2699 377 2728 430 ί
2741 376 2928 431 ODEX
2984 373 3420 431 VERONENSIS.

2275 478 2448 522 vestra
2477 467 2530 521 in
2561 484 2690 536 gau-

2274 540 2419 591 dium
2447 555 2673 593 eonVer-

2276 610 2364 663 21.
2413 621 2568 664 telur.
2606 610 2796 665 Mulier

2277 695 2396 734 cum
2429 684 2594 745 parit,
2627 682 2719 734 tri-

2279 752 2476 803 stitiam
2512 751 2671 804 habet
2688 793 2701 811 .

2280 822 2530 890 quoniam
2560 824 2709 874 venit

2285 890 2359 960 (a)
2383 891 2498 944 dies
2527 892 2566 961 ’ξ-
2597 893 2713 960 ejus
2743 911 2756 948 :

2282 978 2402 1014 (TUIII
2431 976 2609 1015 autem

2287 1033 2494 1100 peperit
2528 1049 2749 1101 puerum
2769 1076 2783 1100 ,

2283 1104 2392 1170 jam
2427 1119 2530 1156 non
2564 1120 2671 1158 me-

2289 1174 2442 1226 tniuit
2477 1190 2758 1242 pressurae

2289 1254 2505 1324 propter
2529 1247 2811 1311 gaudium,

2290 1329 2409 1382 quta
2445 1327 2596 1367 Italus
2627 1326 2710 1370 est

2292 1384 2454 1438 homo
2488 1387 2537 1438 in
2574 1387 2714 1442 hunc

2293 1456 2382 1507 22.
2427 1456 2705 1511 mundum.
2736 1459 2802 1513 Et

2295 1542 2388 1579 Vos
2422 1542 2563 1579 ltllllC
2593 1530 2707 1596 qui-

2295 1597 2416 1649 dem
2453 1599 2722 1653 tristitiam

2300 1666 2586 1730 habebitis,

2298 1739 2488 1789 iterum
2519 1747 2695 1794 autent

2297 1806 2488 1860 videbo
2515 1825 2607 1862 vos
2633 1853 2647 1876 ,

2297 1886 2352 1931 et
2376 1879 2627 1945 gaudebit

2299 1963 2391 2000 cor
2418 1960 2655 2004 vestrum
2679 1995 2694 2016 ,

2299 2030 2351 2072 et
2377 2019 2626 2084 gaudium

2302 2100 2535 2141 vestrum
2568 2108 2727 2148 nemo

2303 2160 2376 2233 (b)
2403 2161 2538 2214 tollit.
2564 2163 2604 2233 ιι-
2631 2180 2660 2217 a

2303 2230 2390 2283 23.
2435 2230 2606 2287 vobis.
2643 2236 2709 2290 Et
2738 2238 2790 2292 in

2308 2302 2400 2356 illo
2428 2303 2513 2358 die
2537 2306 2667 2360 nihil

2307 2391 2394 2428 me
2423 2376 2652 2430 interro-

2301 2447 2459 2513 gatis.

2304 2521 2500 2579 Amen,
2534 2533 2689 2573 amen

2303 2587 2424 2641 dico
2449 2590 2630 2653 vobis,

2306 2659 2350 2714 si
2381 2661 2506 2726 quid
2539 2661 2704 2728 petie—

2305 2731 2422 2784 ritis
2452 2746 2480 2783 a
2514 2731 2671 2786 Patre

2307 2804 2356 2853 in
2387 2803 2599 2855 nomine

2305 2887 2457 2937 meo,
2485 2873 2633 2926 dabit

2305 2942 2394 2996 24.
2441 2944 2610 2998 vobis.
2645 2943 2824 3012 Usque

2306 3014 2467 3068 modo
2499 3031 2602 3068 ttou

2308 3085 2533 3149 petiistis
2565 3085 2695 3140 nihil

2307 3172 2357 3209 111
2393 3172 2610 3210 nomine

2306 3243 2428 3280 meo
2460 3245 2471 3279 :
2507 3229 2670 3294 petite
2688 3269 2701 3290 ,

2306 3308 2359 3351 et
2387 3299 2659 3364 accipietis
2679 3339 2693 3364 ,

2309 3380 2364 3420 ut
2394 3369 2644 3436 gaudium

2307 3450 2542 3491 vestrum
2573 3449 2644 3493 Stt

2309 3509 2605 3577 impletum.

2305 3579 2395 3633 25.
2442 3579 2583 3634 Haec
2611 3582 2660 3634 in
2692 3595 2813 3649 pro-

2307 3650 2505 3703 verbiis
2537 3654 2744 3706 locutus

2305 3734 2425 3773 sum
2462 3721 2630 3774 vobis.

1920 3832 2154 3888 CODEX
2191 3833 2581 3890 BRIXIANUS.

2305 3941 2440 3996 quar
2470 3927 2640 3979 vobis.
2670 3926 2763 3981 sed
2794 3926 2964 3994 palam
2992 3925 3058 3980 de
3083 3925 3242 3980 Patre
3271 3923 3610 3978 adminciabo
3637 3920 3798 3996 vobis.
3825 3918 3869 3972 In

2307 3994 2393 4050 illa
2423 3997 2532 4051 die.
2561 4000 2614 4050 in
2643 4001 2861 4051 nomine
2893 4015 3012 4053 meo
3043 3997 3406 4067 postulabitis.
3435 4005 3487 4067 et
3519 4010 3623 4049 non
3654 3994 3767 4047 dico
3795 4004 3869 4067 vo-

2307 4067 2406 4140 bis.
2456 4069 2579 4140 quia
2621 4085 2722 4140 ego
2771 4071 2966 4136 rogabo
3016 4063 3340 4140 Patrem‘de
3370 4066 3556 4140 vobis.
3601 4063 3868 4140 Ipse-quint

2305 4133 2682 4207 Pater'diligit'
2705 4155 2799 4191 Vos
2830 4133 2950 4206 quia
2978 4156 3069 4192 vos
3107 4156 3191 4191 me
3233 4137 3476 4206 diligitis.
3509 4147 3566 4191 et
3592 4133 3870 4207 credidistis

2307 4209 2425 4277 quia
2481 4226 2580 4279 ego
2601 4206 2636 4262 7a
2673 4212 2781 4264 lleo
2812 4210 2939 4264 exii.
2977 4208 3129 4264 Exivi
3164 4227 3190 4261 a
3225 4210 3401 4264 Patre.
3433 4218 3489 4261 et
3521 4209 3641 4262 veni
3675 4208 3720 4259 iu
3747 4206 3869 4279 inme

2309 4270 2584 4332 riuinduin.
2612 4283 2802 4334 iterum
2835 4283 3075 4349 relinquo
3105 4281 3244 4332 hunc
3273 4280 3550 4333 mundum.
3585 4288 3636 4330 et
3668 4276 3794 4349 vado
3817 4270 3868 4322 a'l

2301 4350 2536 4404 Patrem.
2573 4351 2768 4405 Dicunt
2807 4353 2852 4405 ei
2886 4346 3131 4421 discipuli
3175 4352 3309 4418 eju<.
3357 4352 3508 4421 Ecce
3534 4363 3675 4402 nunc
3721 4346 3868 4413 palam

2305 4421 2562 4490 loqueris.
2598 4435 2644 4476 et
2681 4420 3254 4490 proverbiumnullum
3285 4421 3437 4475 dicis.
3471 4420 3620 4473 Nune
3649 4433 3768 4484 ergo
3795 4429 3869 4493 cu-

2302 4494 2610 4561 gnoscimus
2640 4495 2761 4562 quia
2805 4495 2910 4545 scis
2937 4496 3117 4547 oiunia
3141 4534 3155 4558 ,
3187 4504 3241 4546 et
3270 4509 3375 4545 nou
3409 4507 3544 4559 opus
3574 4499 3656 4543 e~t
3689 4499 3741 4540 ut
3764 4498 3866 4561 quis

2307 4573 2357 4615 te
2391 4564 2700 4633 interroget.
2738 4564 2789 4618 in
2825 4563 2925 4617 hoc
2956 4565 3226 4618 credimus
3250 4563 3374 4632 quia
3405 4571 3456 4614 tu
3488 4578 3515 4613 a
3545 4564 3657 4633 Deo
3679 4563 3866 4633 vetustt-

2305 4629 2705 4699 Βυειιοιιὼιύἱδ
2727 4635 2904 4688 Jesus.
2938 4635 3087 4688 Modo
3109 4629 3349 4688 creditis.
3379 4632 3518 4686 Ecce
3541 4631 3716 4684 veniet
3738 4629 3865 4678 hora-

2306 4717 2358 4757 et
2390 4720 2530 4758 nunc
2572 4709 2733 4759 venit.
2779 4715 2835 4758 ut
2863 4705 3245 4776 diSpergamiui
3283 4703 3647 4773 unusquisque
3690 4701 3867 4767 inpro-

1889 4840 2122 4896 CODEX
2149 4838 2621 4896 CORBEIENSIS.

673 4936 765 4990 2|.
807 4937 931 5005 quia
954 4937 1131 4989 veniet
1160 4935 1276 4990 dies
1305 4936 1441 5006 ejus.

672 5008 764 5060 22.
803 5021 962 5060 nemo
991 5007 1200 5060 auferet
1230 5023 1257 5059 a
1299 5009 1469 5061 vobis.

671 5079 759 5132 23.
808 5093 892 5131 me
918 5093 1020 5129 non
1053 5078 1451 5146 interrogabitis
1472 5075 1787 5146 quidquam.
1872 5141 1876 5145 _

673 5148 764 5203 24.
810 5156 865 5200 ut
885 5147 1138 5216 gaudium
1171 5159 1405 5202 vestrum
1433 5149 1498 5201 sit
1528 5148 1825 5216 impletum.

669 5222 757 5274 27.
804 5214 928 5288 quia
952 5234 1046 5272 vos
1079 5233 1166 5273 me
1191 5221 1382 5272 amatis
1405 5259 1418 5283 ,
1446 5228 1500 5274 et
1525 5214 1748 5273 creditis
1779 5214 1819 5269 ³.
1849 5255 1864 5270 .
1893 5230 1928 5271 a
1954 5214 2062 5271 Deo
2090 5215 2187 5270 Pa-

2301 4941 2382 4987 tre
2410 4934 2572 4988 exivi.

3102 469 3290 524 Veniet
3322 466 3452 520 hora

3105 555 3223 593 cum
3247 541 3355 606 jam
3388 552 3493 590 non

3106 611 3157 664 iit
3184 607 3481 675 proverbiis

3110 682 3297 748 loquar
3320 678 3470 733 vobis
3492 720 3508 741 ,

3110 753 3202 804 sed
3236 750 3406 818 palam
3439 748 3506 818 de

3115 817 3271 875 Patre
3306 817 3528 876 manife-

3116 892 3267 944 stabo
3299 889 3468 943 vobis.

3113 962 3200 1016 2d.
3244 961 3339 1015 lllo
3365 961 3452 1014 die
3473 967 3526 1016 in

3115 1034 3331 1087 n0inine
3362 1046 3484 1085 meo

3118 1104 3317 1172 petitis,
3349 1112 3402 1155 et
3433 1119 3534 1158 non

3117 1175 3236 1228 dico
3268 1174 3441 1236 vobis,
3470 1176 3591 1244 quia

3118 1261 3217 1308 ego
3245 1246 3444 1312 rogabo

3118 1316 3206 1368 27.
3251 1315 3463 1368 Patrem
3489 1333 3502 1379 ;
3531 1315 3640 1382 ipse

3118 1385 3259 1440 enim
3291 1385 3446 1440 Pater
3477 1387 3554 1440 di-

3123 1457 3238 1526 ligit
3270 1471 3394 1518 vos,
3419 1459 3543 1526 quia

3124 1543 3220 1580 vos
3246 1543 3333 1580 me
3361 1527 3612 1594 diligitis,

3123 1598 3214 1651 28.
3259 1607 3311 1651 et
3341 1598 3562 1653 creditis
3577 1639 3591 1664 ,

3126 1671 3247 1723 quia
3280 1684 3307 1720 a
3338 1668 3451 1723 Deo

3129 1685 3247 1722 iuta
3280 1685 3307 1720 a
3338 1685 3451 1723 ueo

3129 1685 3201 1811 (lc)
3230 1739 3368 1811 exivi
3398 1739 3438 1810 ’ξ-
3462 1780 3475 1802 ,
3507 1749 3562 1794 et

3130 1810 3248 1864 veni
3278 1810 3330 1862 in
3364 1811 3506 1864 hunc

3129 1881 3386 1935 mundum
3420 1899 3434 1935 :
3463 1882 3564 1937 ite-

3128 1951 3529 2021 runireﬁnquo

3131 2022 3410 2086 mundum,
3464 2032 3522 2078 et

3132 2093 3269 2146 vado
3298 2093 3366 2147 ad
3398 2093 3627 2149 Patrem.

3131 2163 3221 2217 29.
3261 2166 3453 2218 Dicunt
3482 2165 3534 2218 ei

3133 2235 3382 2304 discipuli
3412 2235 3568 2304 ejus:

3134 2307 3274 2360 Ecce
3303 2321 3444 2360 nunc

3134 2379 3306 2446 palam
3339 2376 3574 2445 loqueris
3589 2413 3606 2442 ,

3133 2458 3187 2503 et
3213 2448 3556 2514 proverbium

3135 2520 3340 2572 nullum
3382 2518 3538 2571 dicis.

3137 2590 3225 2644 50.
3261 2590 3410 2645 Nunc
3441 2589 3637 2642 scimus

3133 2663 3386 2730 quoniam
3419 2661 3526 2713 scis

3133 2734 3310 2785 omnia
3336 2773 3350 2795 ,
3378 2740 3431 2784 et
3458 2744 3563 2784 non

3133 2818 3269 2872 opus
3299 2810 3382 2856 est
3411 2803 3505 2858 tibi

3134 2882 3190 2926 Iit
3211 2874 3332 2942 quis
3362 2883 3414 2926 te

3134 2945 3428 3013 interroget
3453 2960 3467 2996 :
3495 2943 3550 2996 in

3135 3015 3237 3068 hoc
3263 3015 3536 3068 credimus
3557 3055 3573 3080 ,

3134 3087 3390 3154 quoniam
3419 3101 3448 3139 a
3475 3085 3587 3139 Deo

3133 3155 3312 3210 existi.

3132 3227 3222 3280 51.
3256 3223 3555 3294 Respondit
3573 3225 3650 3280 eis

3133 3297 3291 3351 Jesus
3323 3315 3336 3350 :
3383 3297 3542 3350 Modo

3133 3369 3222 3422 52.
3258 3367 3514 3421 creditis?
3548 3363 3678 3421 Ecce

3133 3440 3281 3493 venit
3319 3437 3450 3492 hora
3471 3480 3486 3503 ,
3519 3447 3581 3505 et.

3130 3510 3238 3579 jam
3269 3510 3447 3572 venit,
3485 3519 3543 3562 ut

3135 3579 3518 3647 dispargamini

3138 3652 3509 3720 unusquisque

3139 3721 3193 3776 in
3220 3737 3314 3776 sua
3357 3721 3578 3790 regione
3595 3759 3609 3783 ,

2369 5005 2458 5058 28.
2501 5017 2554 5057 et
2575 5007 2694 5059 veni
2729 5006 2780 5059 in
2808 5007 2949 5061 hunc
2981 5005 3258 5060 mundum.

2373 5074 2460 5129 30.
2500 5073 2554 5128 tu
2583 5081 2684 5130 hoc
2711 5077 2818 5130 dixi
2851 5079 3024 5140 vobis,
3053 5077 3174 5147 quia
3201 5093 3232 5132 a
3262 5078 3371 5133 Deo
3403 5075 3572 5131 exivi.

2373 5147 2462 5202 52.
2505 5148 2871 5218 unusquisque
2894 5151 2946 5204 in
2977 5164 3095 5204 sua.

1822 5327 2224 5387 VARIANTES
2259 5315 2669 5387 LECTIONES.

658 5431 674 5462 ³
711 5430 832 5479 Hm.
853 5431 1188 5478 convertatur.
1221 5423 1365 5484 Vulg.
1396 5429 1637 5473 vertetur.

657 5492 677 5523 ²
713 5490 820 5542 Gal.
845 5503 874 5540 a
892 5491 1039 5539 Patre
1064 5499 1176 5536 meo
1203 5487 1267 5534 in.
1289 5482 1668 5535 Mm.Patriiueo
1681 5482 2109 5549 in.Vulg.Patrem
2122 5488 2189 5536 in.

2361 5427 2382 5459 ³
2414 5431 2517 5475 Cat.
2546 5435 2639 5486 ego
2660 5433 2688 5474 α
2707 5423 2836 5487 Deo,
2856 5424 2992 5475 exlvl
3013 5435 3041 5472 ι
3061 5417 3230 5474 Putre.
3258 5425 3374 5473 Hm.
3397 5431 3493 5484 ego
3510 5429 3538 5470 a
3560 5421 3706 5471 Patre
3723 5415 3819 5464 "ineo
3835 5423 3857 5457 ι

2295 5486 2405 5538 Deo
2423 5487 2574 5537 exivi.

1928 5592 2293 5649 BLANCHINI
2328 5593 2557 5650 ΝΟΤᾸΞ.

670 5665 921 5748 (a)_Ita_et
947 5651 1070 5748 eod.
1095 5663 1254 5720 Cant.
1303 5665 1487 5740 ἡμέρα.
1515 5693 1586 5704 -
1610 5647 1786 5736 (b)_ita
1816 5673 1869 5719 et
1905 5647 2013 5721 ὡκ.
2044 5647 2414 5748 ῧνξαῖρίιί-
2435 5647 2646 5739 (ripest
2673 5665 2826 5734 exivi,
2859 5661 3012 5721 deest
3034 5665 3248 5731 iterum,
3279 5657 3430 5718 Exivi
3455 5674 3487 5713 a
3511 5655 3686 5721 Pam.
3713 5653 3853 5712 etiam

591 5742 647 5795 in
676 5739 796 5793 eod.
827 5739 981 5792 Cant.
