3950 6194
506 258 565 288 ’Ὧι

907 348 1137 405 CODEX
1180 340 1711 399 VERCELLENSIS.

1344 436 1430 489 l3.
1475 434 1493 463 ³
1520 432 1638 487 Non
1673 446 1840 499 rogo,
1874 439 1931 483 ut

1346 506 1431 559 16.
1475 505 1632 558 tollas
1660 503 1781 556 illos
1821 502 1887 555 de

1344 576 1546 631 mundo
1572 594 1585 628 :
1622 589 1727 627 non

1346 656 1489 710 sunt,
1521 662 1576 699 s.
1612 644 1907 714 .c..t(a)
1933 658 2032 714 ego
2063 645 2103 713 -ξ-

1341 734 1446 772 non
1476 732 1591 770 sum
1623 716 1691 770 de

1342 790 1445 843 hoc
1473 787 1692 841 mundo.

1344 863 1430 915 17.
1477 858 1762 912 Sinetiﬁca
1794 857 1861 909 il-

1341 932 1423 984 los
1452 930 1503 983 in
1535 928 1730 981 verita-

1343 1011 1471 1054 tem.
1512 1000 1747 1052 \‘erbum

1343 1083 1492 1125 mum
1524 1086 1708 1123 verum

1346 1144 1431 1195 18.
1476 1150 1575 1194 est.
1626 1142 1776 1193 Sicut
1821 1140 1895 1209 (b)
1942 1155 2026 1195 me
2062 1141 2102 1209 -;~

1342 1214 1534 1267 misisti
1561 1212 1613 1264 in
1639 1213 1712 1279 (Γ)
1749 1212 1889 1263 hunc
1919 1210 1960 1278 ἦ·

1342 1284 1601 1337 mundum
1626 1324 1637 1337 .
1671 1293 1725 1334 et

1340 1370 1440 1423 ego
1468 1354 1587 1406 misi
1620 1353 1741 1405 illos

1338 1425 1389 1477 in
1420 1426 1560 1477 hunc
1593 1439 1750 1477 mun-

1338 1497 1424 1549 19.
1469 1498 1594 1549 dum
1628 1512 1638 1544 :
1674 1504 1726 1548 et
1759 1508 1856 1562 pro
1888 1494 1953 1547 il-

1335 1567 1399 1619 lis
1431 1581 1529 1635 ego
1556 1580 1640 1618 me
1668 1580 1825 1618 sanc-

1335 1637 1513 1699 lilico;
1550 1646 1605 1687 ut
1633 1636 1741 1689 sint

1334 1708 1434 1786 ipsi
1463 1705 1702 1786 sanctiii:

1330 1790 1437 1831 calt
1479 1795 1531 1831 lll
1580 1791 1721 1829 vert-

1330 1848 1420 1901 ΞΟ.
1464 1857 1648 1902 tatem.
1688 1846 1805 1900 Non

1331 1934 1428 1988 pro
1470 1920 1554 1973 his
1596 1927 1801 1971 tantum

1332 2006 1464 2059 rogo
1483 2033 1497 2056 ,
1526 1990 1620 2044 sed
1655 2005 1752 2057 pro

1331 2061 1467 2127 illis,
1501 2079 1570 2131 q.
1609 2102 1622 2113 .
1656 2061 1669 2113 i
1701 2060 1877 2115 credi-

1332 2133 1437 2186 turi
1479 2140 1601 2186 sunt
1648 2145 1745 2199 per

1334 2204 1556 2257 verbum
1589 2203 1708 2258 illo-

1312 2276 1421 2328 -2l.
1467 2290 1582 2327 rum
1610 2276 1662 2327 in
1693 2288 1812 2341 me;
1858 2279 1876 2306 ⁵
1911 2282 1967 2330 ut

1334 2361 1524 2400 omnes
1554 2361 1718 2399 unum

1333 2418 1463 2483 sint,
1494 2419 1635 2471 sicut
1666 2426 1721 2468 tu

1334 2490 1494 2543 Pater
1523 2490 1576 2542 in
1609 2505 1693 2544 mc
1712 2533 1725 2555 ,

510 444 832 499 honoriﬁca-

508 525 595 569 tus
625 529 741 568 sum
772 516 824 569 in
856 514 923 568 il-

506 586 594 638 11.
632 586 716 637 lis.
750 585 817 638 Et
854 585 905 637 lti
937 583 989 637 itt
1024 583 1123 637 hoc

503 656 704 709 mundo
727 665 873 715 sunt.

502 738 557 781 et
582 743 681 793 ego
712 726 776 778 ad
812 736 861 779 te
890 741 980 780 ve-

504 797 594 849 nio
616 840 628 857 ,
663 806 717 848 et
738 796 847 864 jam
882 812 990 851 non

503 882 619 919 sum
650 867 701 919 in
732 868 833 921 hoc

500 938 734 1001 mundo,
768 940 781 967 ¹
818 946 873 991 et
899 940 951 992 in

498 1009 601 1062 hoc
638 1008 839 1063 mundo

498 1090 642 1132 sunt.

498 1150 657 1203 Pater
685 1160 871 1206 sancte
890 1194 903 1216 ,

498 1236 652 1275 serva
682 1237 775 1275 eos
808 1222 859 1275 in

498 1292 715 1346 nomine
746 1304 833 1347 luo
868 1310 880 1344 :

499 1372 583 1425 et,
618 1364 666 1415 in
697 1364 797 1417 hoc
826 1380 983 1419 mun-

504 1433 587 1484 12.
617 1433 687 1487 do
716 1450 836 1487 cttm
866 1451 1043 1491 essem

498 1519 617 1556 cum
653 1505 788 1571 illis,
823 1522 923 1577 ego

494 1590 645 1626 serva
656 1577 715 1628 ba
726 1592 775 1629 m

490 1660 586 1699 cos
616 1646 666 1698 in
699 1647 871 1700 nunti-

491 1732 559 1769 ne
590 1727 702 1770 tuo.
736 1718 883 1781 Quos

490 1786 688 1839 dedisti
728 1786 858 1839 mihi
879 1833 892 1853 ,

489 1857 785 1919 custodivi;
821 1867 876 1911 et

490 1928 671 1980 neimo
703 1929 722 1957 ³
755 1929 896 1997 perit

489 1998 556 2050 de
588 1999 726 2061 illis,
759 2000 860 2052 nisi
889 2002 954 2053 li-

488 2068 593 2121 litts
616 2070 875 2137 perditio-

490 2140 573 2193 nis
595 2186 608 2207 ,
642 2149 698 2192 ut
730 2140 972 2210 Scriptu-

488 2226 546 2263 ra
592 2211 843 2279 implere-

488 2283 577 2335 15.
621 2292 728 2334 tur.
768 2282 917 2337 Nunc
946 2299 1040 2338 au-

488 2362 593 2405 tem
623 2362 675 2404 at
707 2363 758 2405 te
782 2355 971 2420 venio,

489 2432 543 2475 et
578 2421 709 2475 haec
740 2422 932 2492 loquor

489 2494 543 2545 in
576 2494 679 2545 hoc
706 2509 863 2547 mun-

486 2566 556 2619 do
579 2607 591 2627 ,
628 2573 683 2616 ut
714 2562 948 2621 habeant

484 2635 738 2707 gaudium
768 2651 890 2690 me-

482 2723 574 2761 um
616 2708 892 2775 expletum

480 2780 536 2831 in
576 2780 902 2847 semetipsis.

483 2851 572 2903 14.
615 2850 729 2917 Ego
755 2850 878 2903 dedi
910 2848 1017 2905 illis

483 2920 707 2974 verbum
757 2931 837 2973 tu-

485 3007 572 3044 um
596 3033 610 3057 ,
644 2999 697 3045 et
730 2992 813 3043 ltic
843 3007 997 3045 mun-

481 3062 582 3115 dus
612 3061 724 3115 odit
768 3062 918 3126 illos,

480 3132 605 3200 quia
640 3147 745 3187 non
773 3141 899 3185 sunt

478 3203 548 3255 de
578 3202 679 3256 hoc
704 3218 858 3255 mun-

480 3273 553 3326 do
572 3314 585 3335 ,
613 3273 754 3325 sicut
784 3287 883 3340 ego

480 3358 590 3395 non
617 3357 733 3395 sum
756 3342 825 3395 de

479 3416 585 3468 hoc
621 3411 840 3467 mundo.

1330 2569 1387 2615 et
1412 2574 1512 2628 ego
1543 2560 1594 2613 in
1630 2571 1702 2628 te,
1729 2571 1787 2615 ιιι

1328 2642 1384 2687 et
1414 2634 1487 2687 illi
1519 2645 1731 2699 quoque

1336 2706 1387 2759 in
1420 2705 1578 2757 nobis
1607 2702 1675 2774 (e)
1707 2704 1814 2757 sint
1836 2702 1875 2770 ’ξ-
1902 2720 1913 2751 :

1330 2786 1385 2829 ιιι
1417 2775 1647 2829 mundus

1327 2849 1405 2901 sic
1430 2847 1636 2912 credat,
1670 2846 1794 2916 quia

1330 2928 1384 2970 tu
1418 2933 1504 2971 me
1528 2918 1741 2971 misisti.

1329 2989 1420 3042 22.
1466 2990 1531 3043 Et
1557 3004 1657 3058 ego
1685 2987 1933 3058 gloriam,

1326 3076 1485 3129 quam
1515 3060 1708 3114 dedisti

1322 3132 1473 3195 mihi,
1502 3132 1521 3160 ⁵
1550 3131 1671 3185 dedi
1697 3130 1797 3184 illis
1822 3147 1835 3193 ;

1322 3210 1381 3255 ut
1406 3202 1513 3255 sint
1545 3218 1730 3266 unum,

1319 3275 1461 3327 sicut
1484 3282 1537 3326 et
1567 3287 1664 3326 nos

1319 3358 1483 3397 unum
1509 3356 1716 3397 sumus.

1315 3413 1405 3469 25.
1451 3413 1517 3468 Et
1540 3428 1639 3483 ego
1670 3414 1723 3467 in
1754 3413 1892 3477 illis,

516 238 602 290 171
1046 228 1315 288 EUSEBII
1358 223 1691 281 VERCELL.
1737 220 2184 278 EVANGEIJUM
2221 216 2362 274 CUM
2408 218 2634 276 \‘ARIIS
2668 217 2823 273 COD.
2862 217 3251 276 COLLATUM.
3678 215 3741 267 47

3748 215 3776 268 '2

2638 335 2870 391 CODEX
2910 335 3360 392 VERONENSIS.

2208 442 2261 487 et
2291 430 2615 486 clariﬁcatus
3042 446 3145 484 non
3174 438 3326 494 sunt,

2210 504 2300 556 11.
2341 518 2459 556 sum
2490 504 2541 555 in
2573 503 2670 556 eis.
2708 501 2775 555 Et
3040 504 3178 556 sicut
3207 502 3283 568 (a)
3310 514 3409 568 ego
3434 498 3473 567 ’ἒ

2203 575 2312 641 jam
2353 589 2457 626 non
2489 587 2606 627 sum
3040 588 3143 627 non
3172 586 3287 624 sum
3320 572 3386 624 de

3039 642 3139 698 hoc
3172 641 3387 695 mundo.

3042 715 3127 767 l7.
3167 711 3452 768 Sanctiﬁca
3483 723 3575 763 eos

3037 785 3087 837 in
3120 784 3362 837 veritate.

3035 856 3224 908 Sermo
3254 865 3372 907 tuus

2208 646 2259 697 iit
2295 646 2394 698 hoc
2421 645 2621 698 mundo
2641 685 2654 699 .

2206 726 2260 769 et
2288 715 2341 768 hi
2373 716 2424 767 in
2459 714 2561 768 hoc

2208 786 2408 839 mundo
2440 794 2586 850 sunt,

2206 868 2261 911 et
2289 872 2387 925 ego
2418 858 2483 910 ad
2508 866 2559 910 te

2207 930 2383 982 venio.
3034 927 3233 979 νειίιςιε
3263 934 3363 977 cst.

2206 998 2364 1052 Pater
2394 1007 2577 1053 sancte
2599 1038 2611 1059 ,
3036 998 3123 1077 18..
3146 997 3316 1077 .Sicut
3346 994 3418 1064 (b)
3443 1008 3528 1049 me
3548 994 3586 1063 ’ζ’

2205 1086 2357 1123 εει-νει
2385 1084 2477 1123 COS
3037 1078 3229 1120 mlSlSll
3254 1082 3303 1119 In

3036 1140 3106 1209 (ε)
3133 1140 3271 1192 hunc
3296 1136 3336 1207 ’ξ-
3367 1152 3520 1191 inun-

3034 1211 3181 1269 dttttt.
3211 1219 3263 1262 et
3288 1224 3387 1277 ego

3034 1281 3155 1334 misi
3185 1294 3280 1333 eos

3036 1352 3086 1405 in
3120 1353 3260 1405 ltunc
3287 1367 3443 1405 mttn-

2206 1141 2258 1194 in
2292 1140 2508 1194 nomine

2206 1212 2295 1265 12.
2340 1221 2448 1264 ιιιο.
2482 1208 2614 1264 Cum

2206 1298 2382 1337 €556!“
2413 1297 2532 1335 Cllm

2206 1355 2305 1415 eis,
2338 1368 2437 1421 ego
2465 1368 2649 1406 serva-

2206 1424 2325 1477 bam
2358 1438 2453 1477 eos
2480 1424 2533 1477 in

2206 1496 2422 1547 nomine
2454 1504 2563 1547 tuo.

2204 1567 2350 1631 Quos
2378 1565 2572 1618 dedisti

2203 1636 2356 1700 mihi,
2389 1635 2687 1700 custodivi;

2202 1718 2255 1760 Cl
2281 1721 2438 1760 nemo
2468 1721 2533 1759 ΘΧ

2201 1777 2279 1831 eis
2308 1778 2464 1845 perit,
2500 1777 2599 1830 nisi

2201 1848 2341 1902 ﬁlius
2370 1847 2704 1915 perditionis,

2200 1929 2257 1972 ut
2288 1920 2563 1988 Scriptura

2200 1990 2504 2058 impleatur.

2204 2062 2291 2115 15.
2336 2060 2483 2113 Nunc
2511 2069 2690 2115 autem

2200 2132 2266 2186 ad
2296 2141 2349 2187 te
2377 2132 2531 2185 venio
2548 2172 2563 2194 .

2198 2214 2254 2257 et
2281 2204 2412 2257 haec
2443 2204 2632 2270 loquor

2197 2274 2249 2327 in
2284 2274 2384 2327 hoc
2412 2273 2632 2335 mundo,

3037 1422 3119 1476 19.
3164 1422 3289 1475 dum
3322 1442 3332 1474 ;
3367 1430 3422 1475 et
3453 1435 3547 1491 pro

3033 1494 3110 1547 eis
3136 1493 3415 1547 sanctilico

3035 1580 3119 1617 me
3152 1564 3356 1631 ipsum;

3037 1644 3092 1687 ut
3119 1635 3223 1687 sint
3253 1635 3350 1703 ipsi

3033 1705 3347 1759 sanctiﬁcati

3032 1776 3083 1829 in
3113 1778 3357 1830 veritate.

3030 1847 3121 1901 20.
3163 1847 3277 1899 Non
3311 1860 3408 1916 pro
3437 1846 3520 1900 his
3544 1860 3631 1899 ro-

3032 1934 3098 1986 go
3122 1926 3348 1981 tantum,
3375 1918 3469 1972 sed

3034 2003 3129 2057 pro
3161 1989 3263 2052 his,
3297 1986 3380 2057 (ά)
3408 1988 3497 2058 qui

3030 2060 3254 2114 credunt
3285 2059 3325 2128 ’ξ-
3354 2074 3448 2127 per

3030 2145 3334 2184 SCI‘IIIODCIII
3358 2145 3452 2184 80'

3030 2218 3149 2255 rum
3178 2203 3229 2255 in
3264 2215 3349 2255 me
3375 2218 3389 2264 ;

3028 2273 3118 2326 21.
3162 2282 3219 2326 ιιι
3242 2286 3431 2327 omnes

2198 2354 2254 2399 ut
2286 2346 2515 2399 habeant
3026 2360 3190 2397 unttm

2194 2415 2447 2483 gaudium
2479 2429 2657 2470 meum
3025 2416 3153 2478 sint,
3185 2415 3322 2469 sicut

2194 2487 2451 2556 inpletum
2474 2487 2528 2539 in
3029 2496 3081 2540 tu
3113 2485 3272 2540 Pater
3302 2487 3353 2539 in

3027 2573 3134 2619 me,
3158 2568 3211 2611 et
3232 2572 3330 2625 ego
3356 2556 3408 2610 in

3026 2639 3098 2694 te,
3134 2638 3190 2681 ut
3214 2636 3268 2682 et
3295 2628 3394 2696 ipsi

3024 2701 3076 2754 in
3111 2699 3263 2753 nobis
3295 2699 3368 2768 (e)
3404 2698 3612 2766 sintf:

3022 2782 3079 2824 ut
3107 2768 3337 2824 mundus

3020 2842 3224 2905 credat,
3258 2841 3381 2907 quia

3023 2922 3076 2966 ιιι
3110 2928 3195 2965 me
3222 2912 3436 2965 misiSti.

3020 2983 3110 3036 22.
3154 2982 3223 3036 Et
3250 2998 3350 3053 ego
3374 2984 3491 3036 cla-

3020 3056 3231 3108 ritatem
3244 3096 3258 3118 ,
3289 3068 3449 3122 quam

3020 3125 3215 3179 dedisti
3240 3125 3396 3189 mihi,
3426 3124 3551 3179 dedi

3023 3197 3133 3261 eis;
3165 3206 3221 3249 ut
3248 3196 3355 3249 sint
3376 3211 3567 3263 unum,

3022 3270 3160 3322 sicut
3180 3276 3235 3321 et
3257 3281 3356 3320 nos

3022 3354 3183 3392 unum
3216 3352 3419 3392 sumus.

3022 3410 3112 3463 25.
3156 3408 3271 3479 Ego
3300 3409 3352 3463 in
3372 3408 3473 3477 eis,

2194 2560 2521 2626 semetipsis.

2194 2632 2283 2685 14.
2328 2630 2439 2701 Ego
2468 2628 2590 2683 dedi

2192 2718 2273 2757 CIS
2300 2715 2604 2756 sermonem

2192 2783 2370 2835 tuum,
2403 2782 2455 2826 et

2190 2845 2420 2898 mundus
2446 2842 2569 2897 odio

2190 2915 2377 2969 habuit
2407 2929 2503 2969 eos
2523 2956 2536 2977 ,

2189 2986 2311 3053 quia
2340 3002 2449 3039 non
2478 2992 2605 3039 sunt

2188 3059 2256 3112 de
2284 3057 2506 3112 mundo.

2190 3128 2275 3181 15.
2318 3128 2433 3182 Non
2465 3141 2594 3197 rogo
2619 3168 2632 3190 ,

2198 3210 2255 3253 ut
2286 3200 2441 3254 Iollas
2472 3194 2565 3253 eos
2607 3197 2675 3252 de
2706 3194 2906 3250 mundo
2930 3235 2945 3261 ,

2186 3271 2281 3325 sed
2316 3282 2370 3325 ut
2398 3285 2581 3325 serves

2184 3357 2280 3395 eos
2306 3357 2337 3395 a
2364 3342 2525 3396 malo.

2186 3413 2270 3467 16.
2316 3414 2389 3468 De
2414 3413 2517 3468 hoc
2546 3409 2743 3466 mundo

1808 3571 2037 3629 CODEX
2078 3571 2471 3628 BRIXIANUS.

480 3700 533 3745 et
551 3690 881 3760 gloriﬁcatus
900 3704 1017 3744 sum
1033 3690 1085 3744 in
1098 3690 1197 3745 eis.
1220 3690 1406 3761 Etjam
1422 3706 1525 3746 non
1540 3707 1658 3746 sum
1672 3692 1724 3745 in
1740 3692 1839 3745 hoc
1855 3692 2074 3746 mundo.

474 3772 529 3816 et
558 3761 658 3829 ipsi
683 3763 732 3815 in
766 3761 866 3814 hoc
891 3761 1090 3815 mundo
1134 3773 1278 3816 sunt.
1303 3774 1356 3816 et
1383 3778 1481 3831 ego
1524 3762 1587 3815 ad
1619 3772 1670 3817 te
1700 3764 1884 3816 venio.
1918 3763 2078 3816 Pater

473 3842 661 3886 sancte
687 3848 947 3886 conserva
970 3848 1064 3887 eos
1087 3834 1137 3886 in
1160 3836 1376 3888 nomine
1400 3844 1491 3888 tuo
1535 3848 1669 3902 quos
1691 3834 1887 3888 dedisti
1921 3834 2070 3887 mihi.

473 3905 657 3957 utsint
685 3919 847 3956 unttm
877 3904 1014 3957 sicut
1045 3914 1100 3957 et
1131 3919 1250 3956 nos.
1275 3902 1407 3958 Cum
1441 3918 1615 3959 essem
1638 3920 1759 3958 cum
1788 3907 1865 3959 eis
1894 3906 1943 3958 in
1974 3905 2075 3959 hoc

471 3976 695 4028 mundo.
718 3990 819 4042 ego
837 3976 1120 4028 servabam
1141 3976 1301 4029 eosin
1323 3978 1543 4030 nomine
1574 3985 1685 4028 tuo.
1704 3978 1848 4040 Quos
1878 3976 2072 4030 dedisti

469 4046 623 4098 mihi.
655 4045 940 4100 custodivi.
978 4055 1029 4098 et
1055 4062 1216 4099 nemo
1245 4062 1313 4101 ex
1341 4048 1421 4099 Itis
1453 4048 1630 4116 periit.
1658 4046 1763 4101 nisi
1787 4048 1925 4101 lilius
1954 4062 2073 4111 per-

470 4116 710 4171 ditionis.
766 4126 823 4169 ut
858 4117 1133 4170 Scribtttra
1165 4118 1472 4187 impleatur.
1507 4117 1658 4171 Nunc
1704 4128 1882 4170 autem
1915 4119 1980 4171 ad
2021 4128 2070 4172 te

466 4190 627 4259 venio
664 4199 716 4241 et
746 4188 877 4241 haec
910 4190 1103 4257 loquor
1132 4189 1187 4241 in
1215 4191 1315 4242 hoc
1339 4190 1558 4243 tnundo.
1588 4198 1646 4241 ut
1676 4189 1908 4242 habeant
1942 4205 2071 4259 gau-

467 4257 615 4312 dium
666 4274 843 4313 meum
888 4260 1167 4325 impletum
1215 4260 1267 4313 in
1317 4260 1641 4328 semetipsis.
1695 4259 1804 4328 Ego
1840 4257 1963 4314 dedi
1992 4261 2071 4315 eis

467 4342 774 4385 sermonem
826 4338 995 4383 tuum.
1046 4339 1101 4384 et
1151 4331 1383 4385 mundus
1426 4333 1551 4385 odio
1578 4331 1767 4383 habuit
1798 4347 1910 4385 eos.
1945 4334 2069 4400 quia

467 4413 575 4451 non
608 4410 732 4471 sunt
752 4400 821 4471 de
845 4401 945 4454 hoc
973 4401 1192 4455 mundo.
1226 4403 1367 4455 sicut
1392 4413 1446 4457 et
1467 4418 1567 4471 ego
1594 4416 1701 4454 non
1725 4416 1843 4455 sum
1877 4404 1942 4457 de
1969 4405 2070 4457 hoc

465 4470 688 4526 mundo.
722 4470 839 4526 Non
876 4487 1007 4542 rogo
1046 4482 1103 4527 ut
1149 4473 1306 4528 tollas
1340 4487 1434 4529 eos
1493 4470 1563 4528 de
1615 4472 1838 4529 mundo.
1880 4472 1975 4529 sed
2014 4482 2070 4527 ut

1415 4576 1449 4609 ι

2182 3707 2475 3747 conserves
2514 3706 2608 3747 eos
2647 3707 2676 3744 a
2715 3692 2972 3760 maligno.
3010 3690 3085 3745 De
3130 3689 3232 3745 hoc
3262 3688 3463 3743 mundo
3492 3703 3599 3743 non
3629 3698 3770 3743 sunt.

2184 3766 2324 3819 sicut
2351 3776 2401 3815 et
2424 3779 2523 3833 ego
2552 3778 2654 3818 non
2684 3778 2801 3816 sum
2825 3762 2891 3817 de
2917 3763 3017 3814 hoc
3042 3760 3260 3815 mundo.
3291 3760 3579 3815 Sanctiﬁca
3604 3774 3699 3833 eos
3728 3762 3775 3833 in

2182 3836 2433 3889 veritate.
2460 3838 2649 3889 Sermo
2686 3842 2809 3886 tuus
2854 3834 3051 3887 veritas
3080 3843 3183 3887 est.
3208 3832 3346 3886 sicut
3386 3842 3439 3885 ιιι
3471 3846 3560 3885 me
3588 3832 3775 3884 misisti

2179 3906 2231 3960 in
2284 3906 2355 3977 (ε)
2387 3906 2527 3960 hunc
2554 3906 2595 3974 rl-
2631 3904 2908 3959 mundum.
2946 3919 3045 3972 ego
3079 3904 3198 3958 misi
3240 3918 3336 3977 eos
3355 3904 3418 3977 in
3451 3904 3591 3955 hunc
3622 3918 3778 3977 mun—

2179 3974 2327 4029 tluni.
2370 3985 2425 4030 et
2466 3992 2563 4045 pro
2593 3978 2673 4031 eis
2714 3992 2813 4045 ego
2846 3991 2931 4029 me
2962 3978 3137 4044 ipsum
3170 3974 3468 4028 sattctilico.
3504 3981 3563 4025 ut
3591 3974 3699 4026 sint
3730 3982 3779 4027 et

2180 4049 2278 4113 ipsi
2313 4049 2633 4102 sanctilicati
2682 4048 2733 4100 in
2764 4049 2991 4100 veritate
3037 4044 3151 4099 Non
3198 4060 3294 4113 pro
3324 4045 3405 4097 his
3436 4056 3615 4097 autem
3646 4058 3776 4113 rogo

2178 4128 2408 4172 tantum.
2449 4120 2543 4173 sed
2585 4129 2637 4172 et
2671 4133 2766 4187 pro
2798 4119 2902 4171 illis
2928 4119 3018 4187 qui
3047 4117 3300 4171 credituri
3328 4124 3453 4170 sunt
3485 4116 3536 4166 in
3565 4130 3776 4187 meper

2180 4193 2403 4243 verbum
2452 4186 2685 4244 illorum.
2729 4198 2787 4242 ut
2830 4186 3017 4243 omnes
3047 4204 3210 4241 unum
3240 4188 3366 4241 sint.
3401 4188 3543 4239 Sicut
3586 4194 3638 4237 tu
3673 4186 3773 4239 Pa-

2177 4271 2257 4315 ter
2308 4263 2357 4315 in
2393 4277 2499 4315 me.
2542 4272 2595 4315 et
2638 4276 2738 4326 ego
2785 4258 2837 4313 in
2883 4269 2951 4314 te.
3000 4270 3057 4313 ut
3096 4269 3152 4313 et
3198 4259 3295 4327 ipsi
3342 4260 3393 4311 in
3422 4257 3578 4327 nobis
3611 4271 3771 4310 unum

2174 4332 2301 4387 sint.
2349 4342 2406 4386 ut
2448 4334 2532 4386 hic
2573 4332 2801 4385 mundus
2845 4331 3051 4385 credat.
3094 4326 3227 4397 quia
3249 4336 3301 4382 tu
3332 4345 3415 4382 nte
3445 4326 3662 4381 ntisiSti.
3711 4328 3771 4379 Et

2174 4419 2273 4472 ego
2324 4404 2551 4477 gloriam
2591 4418 2751 4472 quam
2799 4402 2995 4456 dedisti
3052 4401 3182 4455 mihi
3229 4400 3347 4477 dedi
3394 4400 3490 4477 eis.
3534 4409 3607 4477 _ut
3667 4398 3775 4453 sint

2175 4471 2342 4527 unum
2387 4475 2528 4530 sicut
2576 4471 2630 4529 et
2667 4488 2765 4528 nos
2800 4489 2966 4529 unum
3003 4486 3207 4529 sumus.
3264 4471 3376 4541 Ego
3409 4472 3461 4527 in
3498 4471 3599 4523 eis.

1754 4630 1987 4687 CODEX
2022 4630 2495 4690 CORBEIENSIS.

544 4766 632 4843 11.
672 4766 725 4819 in
754 4765 858 4843 hoc
889 4767 1154 4843 mundo._.
1186 4807 1199 4820 .
1232 4807 1245 4821 .
1274 4779 1465 4824 recent.
1498 4786 1676 4837 manu,
1704 4785 1841 4843 quos
1869 4770 2063 4827 dedisti

468 4835 624 4904 mihi,
651 4847 707 4891 ut
728 4838 839 4893 sint
868 4853 1055 4905 unum,
1088 4840 1227 4895 sicut
1256 4849 1310 4896 et
1336 4856 1453 4897 nos.

2248 4768 2332 4823 16.
2376 4770 2450 4824 Ab
2484 4771 2580 4825 hoc
2609 4770 2858 4824 versiculo
2884 4786 3040 4841 usque
3080 4771 3147 4823 ad
3171 4785 3361 4825 natium
3392 4770 3575 4840 capitis
3606 4783 3762 4834 xvnt,

2167 4841 2340 4897 codex
2366 4859 2460 4896 ms.
2496 4852 2756 4896 truncatus
2784 4852 2876 4897 est.

1688 4980 2081 5037 VARIANTES
2122 4979 2527 5037 LECTIONES.

458 5180 496 5231 Ο
524 5121 539 5149 ¹
578 5118 698 5166 Mm.
746 5121 797 5166 et
837 5130 926 5168 nos
946 5132 1095 5169 unum
1118 5132 1301 5169 sumus.
1322 5119 1491 5183 Pater,
1520 5132 1651 5169 eum.
1699 5120 1848 5181 Vulg.
1873 5125 1925 5168 et
1948 5131 2053 5168 nos.

499 5194 603 5230 um.

499 5194 694 5307 "inim.
726 5244 924 5307 peribit,
954 5245 1066 5293 nisi.
1103 5242 1245 5307 Vulg.
1271 5246 1435 5306 periit,
1458 5246 1569 5293 nisi.

520 5305 542 5334 ³
576 5304 680 5353 Gal.
712 5318 775 5352 ex
801 5304 943 5372 malo.
972 5309 1092 5357 Mm.
1118 5304 1234 5371 quia
1256 5304 1351 5358 non
1372 5320 1547 5370 rogo...
1598 5320 1663 5357 ex
1703 5307 1847 5357 malo.
1904 5306 2049 5372 Vulg.

459 5379 567 5433 nou,
581 5376 763 5427 rogo...
788 5379 815 5415 a
833 5369 975 5417 malo.

2231 5118 2251 5147 δ
2287 5120 2405 5166 Mm.
2434 5123 2488 5165 ut
2509 5131 2683 5168 omnes
2697 5132 2846 5168 unum
2871 5121 2985 5177 sint,
3010 5120 3135 5169 sicut
3176 5123 3229 5168 et
3268 5130 3357 5167 nos
3397 5130 3547 5166 unum
3572 5131 3761 5175 sumus.

2166 5181 2293 5230 sicut
2310 5188 2359 5229 tu
2382 5179 2530 5243 Pater
2554 5183 2602 5230 in
2623 5194 2724 5242 me,
2752 5188 2805 5230 et
2830 5194 2925 5243 ego
2944 5183 2991 5229 in
3026 5190 3096 5242 te,
3122 5190 3175 5230 ιιι
3198 5182 3284 5243 ipsi
3305 5182 3354 5243 in
3378 5181 3518 5229 nobis
3544 5182 3592 5229 in
3614 5194 3759 5229 unum

2166 5245 2279 5292 sint.
2314 5241 2457 5303 Vulg.
2503 5251 2556 5292 ut
2599 5256 2771 5292 omnes
2792 5241 2942 5292 unum
2962 5246 3076 5305 sint,
3103 5241 3231 5292 sicut
3260 5248 3311 5293 ttt
3336 5242 3485 5293 Pater
3505 5244 3555 5291 in
3581 5256 3681 5303 me,
3710 5250 3758 5293 et

2167 5318 2263 5366 ego
2287 5306 2334 5352 in
2363 5312 2510 5368 te,_ut
2528 5313 2579 5368 et
2597 5307 2687 5368 ipsi
2714 5309 2761 5368 in
2786 5307 2929 5354 nobis
2952 5319 3102 5354 unum
3126 5306 3239 5355 sint.

2229 5369 2249 5397 ⁸
2284 5368 2401 5415 Mm.
2427 5366 2489 5417 do
2512 5366 2626 5417 illis;
2658 5367 2802 5431 Vulg.
2826 5368 2938 5417 dedi
2962 5368 3052 5417 eis.

1785 5513 2152 5571 BLANCHINI
2189 5513 2420 5572 ΝΟΤᾹΞ.

529 5636 604 5706 ((ι)
628 5636 765 5711 Ante
790 5652 901 5706 ego,
933 5635 1083 5690 deest
1112 5645 1179 5711 et,
1207 5636 1444 5711 etiamin
1473 5644 1583 5711 terr.
1612 5634 1728 5711 _Gr.
1763 5666 1833 5674 —
1866 5633 1941 5705 (b)
1960 5636 2099 5690 Ante
2129 5652 2237 5711 tne,
2272 5637 2423 5711 deest
2450 5650 2529 5711 tu,
2564 5638 2767 5711 itemin
2793 5648 2899 5693 tex.
2926 5637 3020 5695 Gr.
3052 5665 3126 5681 —
3153 5636 3417 5711 (c)4Add_it
3448 5636 3755 5711 Itunctcod.

460 5704 673 5775 quottue
703 5704 857 5762 Cant.
882 5706 1237 5776 roseam—((1)
1266 5706 1341 5762 lta
1371 5714 1425 5764 et
1453 5707 1573 5763 cod.
1603 5707 1760 5762 Cant.
1794 5714 1894 5761 τῶν
1918 5704 2369 5765 ιτιστενόντωνρ-
2396 5708 2467 5778 (e)
2499 5714 2639 5766 Ante
2662 5710 2952 5778 sint,decst
2980 5704 3343 5765 unumfe'liam
3367 5709 3420 5763 in
3449 5709 3574 5765 cod.
3595 5708 3755 5768 Cant.
