3950 6194
545 249 650 304 475
1090 250 1352 306 EUSEBII
1395 250 1727 305 VERCELL.
1774 203 2225 308 CVANGELIUM
2265 250 2406 306 CUM
2453 249 2675 305 VARUS
2709 245 2867 302 COD.
2905 244 3293 301 COLLATUM.

934 362 1165 419 CODEX
1207 363 1748 420 VERCELLENSIS.

547 458 712 523 1111111,
746 459 1015 513 neminem

548 545 612 585 ex
649 529 728 583 his
759 530 934 598 perdi-

549 602 639 655 10.
682 599 754 653 di.
788 600 972 655 Simon

548 671 706 739 igitur
729 672 918 724 Petrus

550 741 757 795 habens
784 742 954 810 gladi-

548 827 659 877 um,
689 811 873 866 eduxit
906 814 967 868 il-

549 883 677 964 lum,
703 892 758 937 et
781 898 1000 951 percus-

549 964 619 1007 Sll
645 968 861 1006 εει-111111

550 1024 814 1093 Principis
852 1025 951 1079 Sa-

549 1095 854 1157 cerdotum.
878 1107 936 1152 et

548 1169 850 1234 amputavit

548 1237 624 1290 illi
660 1239 954 1293 auriculam

549 1307 817 1362 dextram.
849 1310 918 1363 E-

549 1389 631 1432 rat
669 1393 847 1434 autent
877 1396 974 1436 no-

551 1465 670 1502 men
703 1451 842 1506 servi

550 1520 692 1575 illius
713 1521 879 1578 Mala-

549 1593 701 1646 chus.

552 1663 637 1716 11.
683 1663 771 1734 Ait
799 1681 928 1734 ergo
951 1666 1108 1722 Iesus
1137 1665 1238 1722 Pe-

554 1745 636 1786 tro
669 1752 682 1787 :
717 1733 948 1790 Remitte

551 1805 630 1872 (α)
661 1805 894 1878 gladium
928 1806 1053 1878 11η

552 1886 667 1928 teca
698 1890 816 1929 sua.
859 1877 998 1932 (lali-

551 1960 690 2008 cem,
725 1961 882 2014 quem
913 1949 1012 2003 mi-

553 2015 603 2069 hi
635 2016 782 2071 dedit
803 2019 902 2072 Pa-

555 2098 656 2150 ter,
692 2104 797 2142 non
823 2091 900 2144 vis

552 2159 732 2212 bibam
765 2159 953 2214 illum?

553 2228 639 2283 12.
683 2229 892 2305 Cohors
921 2234 1102 2305 igitur,

554 2309 604 2354 et
637 2301 882 2356 tribunus
900 2345 914 2369 ,

551 2379 605 2425 et
635 2372 863 2425 ministri

553 2440 879 2496 Judacorum

552 2513 918 2580 atlprelieude-
950 2518 956 2524 ’

554 2595 678 2637 runt
704 2585 906 2655 Iesum,
941 2597 998 2644 et

553 2656 924 2725 adligaverunt

556 2726 581 2778 1
594 2728 644 2780 5.
687 2742 834 2793 eum,
866 2740 920 2784 et
945 2730 1115 2788 duxe-

556 2806 682 2850 runt
710 2798 776 2852 ad
811 2808 919 2854 An-

555 2883 678 2921 nam
712 2871 973 2939 primum;

554 2949 670 2992 erat
702 2943 842 2994 enim
867 2959 955 2998 so-

553 3024 645 3064 cer
675 3010 928 3081 Caiphae,

556 3084 645 3149 qui
678 3081 777 3136 fuit
811 3084 963 3139 Prin—

555 3167 682 3220 ceps
706 3154 971 3211 Sacerdo-

559 3231 668 3276 tum
693 3239 835 3277 anno
862 3228 922 3279 il-

559 3290 648 3346 14.
693 3294 760 3346 lo.
796 3295 891 3350 llic
917 3307 1006 3353 est

558 3371 736 3418 autem
765 3361 892 3418 Cai-

559 3435 716 3501 pbas,
750 3434 840 3503 qui
867 3450 998 3491 con-

560 3503 740 3556 silium
772 3505 969 3562 Judae-

564 3574 608 3626 is
641 3575 654 3604 ¹
687 3573 911 3630 dederat
945 3597 958 3632 :

561 3644 697 3710 Quia
728 3647 948 3715 expedit

564 3731 729 3770 unum
758 3717 927 3772 homi-

561 3803 683 3842 nem
714 3791 850 3844 mori

562 3874 658 3929 pro
689 3859 860 3928 plebe,
897 3873 951 3917 et
982 3877 1090 3918 non

565 3940 669 4002 tota
710 3947 843 4001 gens
888 3949 1041 4002 pere-

565 4000 651 4056 l5.
694 4000 766 4059 at.
803 4000 1142 4076 Sequebatur

1379 469 1556 512 autem
1580 457 1764 512 Jesutn
1793 457 1879 514 Si-

1378 545 1501 583 mon
1527 529 1740 594 Petrus,
1771 538 1827 584 et

1375 601 1513 723 illius
1535 599 1770 670 discipu-

1399 687 1481 723 us.

1399 687 1481 724 US.

1381 741 1683 811 Discipulus
1709 751 1888 799 autem

1379 812 1467 866 ille
1497 820 1656 867 notus
1684 825 1800 866 erat

1378 883 1610 951 Principi
1643 884 1835 938 Sacer-

1379 954 1589 1012 dotum.
1617 963 1668 1008 et
1692 955 1766 1022 (b)
1795 955 1861 1010 si-

1382 1025 1490 1077 mul
1521 1025 1561 1081 -1⁸
1591 1026 1807 1081 intravit

1381 1111 1501 1149 cum
1533 1097 1659 1149 Jesu
1690 1097 1740 1150 in

1383 1167 1576 1219 atrium
1605 1167 1763 1221 Prin-

1384 1239 1520 1304 cipis
1542 1238 1808 1293 Sacerdo-

1387 1307 1472 1364 16.
1519 1320 1646 1362 111111.
1681 1310 1868 1366 Petrus

1384 1395 1514 1433 vero
1543 1381 1720 1435 stabat

1383 1451 1512 1503 loris
1542 1452 1605 1504 ad
1633 1452 1787 1520 jauu-

1380 1537 1485 1575 am.
1518 1522 1712 1590 Egres-

1379 1607 1470 1644 sus
1509 1608 1637 1662 ergo
1665 1593 1777 1648 dis-

1381 1663 1588 1730 cipulus
1618 1664 1709 1718 ille
1737 1679 1790 1717 a-

1383 1733 1506 1796 lius,
1535 1736 1624 1801 qui
1652 1745 1766 1787 erat

1383 1815 1542 1858 notus
1575 1805 1725 1858 Prin-

1381 1875 1484 1944 cipi
1515 1875 1780 1930 Sacerdo-

1383 1955 1517 2007 tum,
1542 1945 1676 1998 dixit
1697 1964 1782 2002 us-

1385 2017 1572 2070 liariae
1603 2035 1614 2068 :
1646 2027 1700 2071 et
1721 2019 1794 2073 in-

1383 2085 1540 2140 duxit
1569 2087 1808 2142 Petrum.

1383 2157 1472 2230 17.
1517 2157 1655 2214 Dicit
1686 2176 1814 2230 ergo
1834 2175 1930 2215 an-

1381 2229 1504 2282 cilla
1535 2231 1752 2286 ostiaria

1285 2311 1291 2318 '
1383 2299 1546 2354 Petro
1579 2301 1780 2354 :Nuin-

1385 2370 1512 2437 quid
1542 2381 1596 2425 et
1624 2381 1677 2425 ttt
1707 2373 1776 2428 de

1385 2441 1660 2508 discipulis
1687 2459 1747 2497 es

1385 2510 1617 2566 hominis
1646 2513 1751 2567 illi-

1389 2583 1492 2635 us?
1517 2586 1580 2636 Et
1611 2587 1685 2640 ait
1713 2589 1802 2645 ille
1834 2608 1848 2644 :

1383 2653 1499 2706 Non
1525 2671 1665 2709 sum.

1387 2724 1472 2778 18.
1509 2725 1732 2782 Stabant
1757 2738 1937 2785 autem

1385 2796 1561 2860 servi,
1588 2807 1641 2849 et
1670 2800 1768 2853 1111-

1387 2867 1538 2920 nistri
1569 2867 1635 2920 ad
1664 2884 1781 2923 ear-

1387 2935 1573 3007 bones,
1599 2942 1720 3007 quia

1388 3006 1554 3077 frigus
1580 3006 1696 3064 erat
1724 3027 1739 3066 :

1387 3082 1561 3133 stabat
1589 3092 1764 3139 autem

1388 3158 1443 3204 et
1475 3152 1660 3207 PetrUs
1683 3170 1807 3212 cum

1392 3223 1497 3276 illis
1526 3225 1724 3278 callici-

1390 3308 1488 3346 ens
1515 3309 1594 3346 se.

1393 3364 1480 3419 19.
1510 3364 1784 3439 _Pt'inceps
1817 3369 1912 3439 igi-

1393 3442 1481 3486 tur
1505 3434 1765 3492 Sacerdo-

1395 3513 1504 3557 tutu
1540 3507 1704 3560 inter-

1391 3577 1594 3644 rogavit
1626 3577 1807 3636 Jesum

1391 3645 1459 3701 de
1489 3647 1765 3717 discipulis

1390 3718 1528 3801 ejus,
1553 3726 1607 3772 et
1629 3720 1697 3775 de
1724 3722 1850 3778 doc-

1396 3801 1552 3844 trina.

1393 3861 1480 3916 20.
1527 3863 1822 3934 Respondit
1847 3865 2001 3922 .lesus
2027 3885 2042 3922 :

1396 3934 1506 4000 Ego
1538 3937 1712 4002 palam
1737 3937 1815 3991 lo-

1392 4016 1548 4062 ClllllS
1577 4023 1694 4062 sum

2669 361 2902 418 CODEX
2936 360 3391 418 VERONENSIS.

2233 460 2426 516 dediSIi
2461 459 2587 513 mihi
2606 499 2620 522 ,
2650 473 2756 513 non

2235 530 2441 602 perdidi
2473 547 2536 584 ex
2566 531 2644 584 eis

2235 617 2577 672 quemquam.

2238 674 2324 726 10.
2366 672 2550 727 Simon

2237 759 2366 812 ergo
2393 745 2581 798 Petrus

2241 815 2443 868 habens
2465 813 2723 883 gladium,

2239 887 2422 939 eduxit
2448 902 2590 947 eum,
2623 895 2679 938 et

2241 956 2500 1023 percu~sit
2528 969 2741 1009 servum

2241 1028 2501 1090 Principis
2531 1025 2793 1080 Sat-crdo-

2243 1108 2373 1161 tum,
2403 1108 2456 1149 et
2485 1097 2714 1150 abscidit

2239 1169 2530 1223 auriculam
2560 1169 2674 1238 ejus
2704 1189 2716 1237 ξ

2240 1242 2505 1294 dextram.
2540 1239 2610 1292 E-

2241 1320 2323 1365 rat
2346 1320 2520 1362 autem
2555 1324 2650 1364 no-

2242 1397 2363 1434 men
2405 1395 2565 1433 εει-νυ

2242 1451 2504 1505 Malchus.

2246 1523 2330 1576 11.
2379 1523 2516 1574 Dixit
2545 1535 2675 1590 ergo

2244 1592 2400 1646 Jcsus
2430 1593 2586 1645 Petro
2629 1610 2640 1643 :

2247 1663 2392 1717 Mitte
2417 1661 2494 1731 (α)
2522 1663 2635 1731 gla-

2243 1733 2384 1786 dium
2410 1733 2450 1803 ·ξα
2478 1737 2528 1786 111
2561 1749 2648 1786 va-

2241 1820 2362 1873 gina
2392 1820 2506 1857 sua.

2242 1877 2493 1936 Calicem,
2524 1889 2683 1943 quem

2242 1947 2392 1999 dedit
2415 1945 2543 1999 mihi

2246 2017 2424 2078 Pater,
2459 2031 2563 2069 non
2593 2015 2674 2069 vis

2251 2088 2424 2142 liiham
2457 2085 2646 2141 illutn?

2252 2157 2337 2212 12.
2369 2159 2575 2211 Cohors
2602 2170 2751 2226 ergo,

2249 2241 2301 2283 et
2332 2231 2597 2292 tribunus,

2249 2310 2303 2352 et
2332 2299 2563 2353 ministri

2249 2369 2575 2424 Judaeoruni

2248 2440 2776 2510 comprehenderunt

2247 2511 2451 2576 Jesutn,
2481 2523 2534 2566 et
2557 2513 2679 2580 liga-

2249 2594 2482 2647 verunt,

2249 2655 2337 2707 15.
2379 2663 2432 2708 et
2460 2653 2798 2708 adduxerunt

2246 2740 2367 2778 eum
2399 2725 2464 2778 ad
2499 2725 2704 2778 Annam

2248 2798 2511 2863 primum;
2544 2804 2660 2849 erat

2247 2869 2394 2920 enim
2423 2882 2578 2920 Socer

2245 2937 2504 3006 Caiphae,
2539 2935 2629 3004 qui

2247 3020 2362 3060 erat
2390 3008 2648 3077 Princeps

2249 3078 2602 3134 Sacerdotum

2247 3150 2374 3203 anni
2403 3151 2564 3204 illius.

2251 3220 2341 3275 M.
2385 3221 2511 3274 Erat
2540 3231 2720 3276 autem

2249 3292 2446 3354 Catius,
2475 3296 2564 3361 qut

2250 3364 2533 3415 consilium
2562 3363 2656 3417 de—

2250 3433 2325 3486 dit
2352 3433 2570 3488 Judaeis
2597 3452 2608 3486 :

2251 3505 2383 3571 Quia
2416 3505 2636 3574 expedit

2252 3591 2416 3628 unum
2447 3577 2717 3631 hominem

2255 3646 2390 3699 mori
2436 3663 2533 3718 pro
2567 3663 2657 3717 po-

2253 3718 2398 3785 pulo.

2257 3789 2342 3841 15.
2384 3788 2725 3856 Sequebatur

2251 3870 2429 3913 autem
2457 3861 2641 3915 Jesum

2253 3934 2437 3988 Simon
2468 3933 2660 3988 Petrus
2682 3975 2696 3998 ,

2255 4015 2308 4061 et
2335 4004 2472 4058 alius
2500 4003 2660 4056 disci-

3065 458 3239 526 pulus.
3269 456 3439 511 Disci-

3064 529 3219 610 pulus
3242 538 3421 610 autem

3064 600 3156 653 ille
3187 608 3302 653 erat

3063 681 3221 724 notus
3247 667 3484 738 Principi

3066 741 3412 794 Sacerdotum
3437 779 3450 800 ,

3065 822 3118 865 et
3150 813 3225 877 (b)
3253 809 3411 864 simul
3443 811 3526 862 in-

3067 884 3251 935 troivit
3271 883 3310 952 -ί-
3349 897 3469 934 rum

3067 953 3196 1008 Jesu
3227 969 3279 1006 in
3310 952 3504 1005 atrium

3068 1024 3334 1090 Principis
3363 1021 3460 1078 Sa-

3069 1095 3210 1149 cerd.
3225 1104 3369 1148 -tum.

3073 1168 3161 1219 tu.
3202 1165 3392 1218 Petrus
3433 1175 3605 1221 autem

3075 1237 3250 1290 stabat
3278 1236 3343 1288 ad
3373 1251 3452 1291 os

3079 1319 3218 1362 tenui
3251 1308 3400 1360 loris.

3079 1379 3262 1433 Exivit
3283 1393 3412 1446 ergo

3072 1449 3367 1518 discipulus
3397 1451 3488 1505 ille

3073 1522 3230 1583 alius,
3262 1523 3349 1589 qui
3375 1531 3495 1576 erat

3075 1601 3233 1646 notus
3257 1592 3492 1661 Principi

3074 1663 3450 1725 Sacerdotum,

3075 1744 3126 1786 et
3153 1733 3285 1786 dixit
3308 1735 3478 1788 ostia-

3073 1805 3184 1858 riae
3215 1822 3225 1854 :
3257 1815 3311 1859 et
3337 1805 3507 1858 intro-

3072 1875 3220 1928 duxit
3249 1875 3488 1936 Petrum.

3076 1947 3162 2000 17.
3208 1945 3349 2000 Dixit
3369 1962 3498 2016 ergo

3077 2017 3237 2071 Petro
3261 2018 3349 2075 illa

3079 2089 3271 2142 ancilla
3312 2111 3402 2151 os.

3079 2159 3264 2214 tiaria:

3075 2228 3344 2300 Numquid
3373 2246 3428 2292 et,

3081 2311 3134 2355 tu
3165 2319 3230 2356 ex
3254 2310 3535 2378 discipulis

3077 2387 3138 2426 es
3164 2379 3396 2436 hominis

3081 2443 3275 2512 hujus?

3083 2516 3216 2572 "icit
3254 2523 3343 2580 ille
3375 2540 3389 2577 :

3079 2586 3193 2640 Non
3221 2607 3362 2648 sum.

3077 2658 3162 2713 18.
3205 2664 3431 2721 Stabant

3074 2739 3254 2788 autem

3079 2806 3218 2859 servi
3257 2816 3310 2861 et
3336 2807 3498 2861 mini-

3077 2874 3174 2926 stri
3199 2877 3262 2931 ad
3293 2879 3484 2933 carbo-

3079 2958 3195 3010 ηεέ,
3221 2952 3343 3018 quia
3380 2948 3554 3020 frigus

3078 3027 3194 3070 61⁸³1
3217 3036 3230 3072 2
3251 3029 3367 3074 erat

3079 3096 3256 3142 autem
3285 3106 3404 3143 cum
3438 3092 3519 3145 eis

3081 3168 3132 3210 el
3165 3159 3357 3215 Petrus
3377 3169 3551 3224 stans,

3084 3236 3136 3279 et
3166 3233 3490 3287 Calefaciens
3511 3245 3590 3287 se.

3086 3297 3172 3357 19.
3219 3301 3476 3373 Princeps

3085 3383 3216 3438 ergo

3085 3439 3438 3498 Sacerdotum
3476 3446 3482 3485 ί

3087 3513 3439 3580 interrogavit

3085 3583 3269 3638 Jesutn
3292 3586 3360 3640 de
3382 3585 3464 3638 di-

3087 3655 3310 3721 scipulis
3341 3656 3484 3722 ejus,

3082 3735 3136 3777 et
3162 3726 3228 3781 de
3258 3727 3504 3782 doctrina
3547 3726 3552 3730 ’

3081 3798 3218 3865 ejus.

3086 3868 3177 3921 20.
3223 3867 3521 3937 Respondit
3551 3867 3706 3924 Jcsus
3729 3865 3764 3916 :'

3092 3939 3206 4007 Ego
3229 3942 3402 4008 palam
3427 3937 3513 3994 lo-

3092 4021 3245 4063 ClllllS
3273 4025 3392 4064 sum

3708 241 3796 295 λιῖϐ

1881 4122 2108 4180 CODEX
2150 4123 2542 4181 BRIXIANUS.

563 4212 758 4287 dedisti
806 4215 935 4268 mibi
987 4215 1192 4269 nullum
1239 4215 1443 4284 perdidi
1494 4232 1560 4272 ex
1599 4217 1749 4287 ipsis.
1804 4216 1987 4272 Simtm
2029 4232 2156 4286 ergo

565 4284 755 4337 Ρυιτιις
785 4287 985 4339 l'abens
1015 4287 1269 4354 gladium.
1300 4288 1487 4341 eduxit
1507 4284 1651 4342 eum.
1682 4299 1729 4342 et
1757 4287 2023 4357 percussit
2043 4284 2158 4341 ser-

567 4371 686 4408 vtnn
737 4357 996 4425 Principis
1051 4357 1425 4412 Sacerdotum.
1475 4371 1529 4413 et
1577 4360 1806 4413 abscidit
1861 4359 2154 4412 auriculam

565 4428 681 4488 ejus
712 4427 976 4480 dextram.
1007 4429 1133 4482 Erat
1158 4442 1334 4483 autem
1362 4446 1554 4483 nomen
1580 4445 1742 4483 εει-νυ
1769 4431 1863 4483 illi.
1892 4430 2153 4482 Malclius.

571 4496 711 4570 Dixit
754 4513 883 4567 ergo
925 4498 1086 4570 iJesus
1126 4500 1306 4554 Petro.
1354 4500 1588 4554 Remitte
1643 4501 1720 4570 (τι)
1759 4500 1995 4570 gladium
2031 4500 2071 4570 ἰ-
2103 4501 2153 4553 111

570 4567 756 4640 vagina
775 4584 891 4640 sua.
909 4569 1141 4623 Calicem
1156 4587 1314 4640 quem
1337 4571 1481 4624 dedit
1507 4573 1634 4625 inihi
1654 4567 1834 4625 Piitcr.
1857 4586 1961 4624 non
1979 4567 2154 4624 bibam

568 4639 740 4692 illum.
777 4637 988 4692 Cohors
1021 4637 1186 4710 igitur
1207 4654 1259 4696 et
1290 4645 1556 4696 tribunus.
1588 4655 1634 4694 et
1663 4643 1890 4697 ministri
1919 4641 2155 4696 Judaeu-

569 4724 686 4783 rum
725 4713 1258 4777 comprehenderunt
1287 4713 1491 4768 Jesuui.
1523 4725 1576 4767 et
1599 4715 1900 4783 ligaverunt
1925 4728 2069 4766 eum.
2105 4720 2160 4766 et

568 4779 910 4853 adduxerunt
939 4798 1082 4836 eum.
1121 4784 1196 4836 Ad
1226 4788 1431 4838 Annam
1474 4779 1724 4853 primum.
1755 4795 1869 4838 erat
1899 4786 2040 4838 enim
2073 4799 2162 4836 so-

568 4865 661 4925 cer
705 4853 942 4920 Caiphae
989 4857 1076 4924 qui
1121 4867 1230 4908 erat
1267 4857 1524 4925 Princeps
1557 4855 1908 4910 Sacerdotum
1941 4857 2066 4908 anni
2098 4855 2163 4908 il-

571 4924 692 4999 lius.
745 4926 875 4999 Erat
920 4935 1095 4999 autem
1139 4926 1390 4997 Caipbas.
1440 4924 1527 4999 qui
1569 4929 1852 4984 Consilium
1885 4927 2036 4982 dedit
2065 4927 2158 4999 111.

569 4996 736 5050 dacis.
757 4996 892 5063 Quia
917 4997 1132 5064 expedit
1160 4996 1323 5052 unum
1351 4996 1623 5054 hominem
1653 5001 1789 5053 mori
1814 5014 1911 5065 pro
1936 4998 2154 5065 populo.

569 5067 906 5136 Sequebatur
931 5078 1111 5122 autem
1141 5069 1323 5124 Jesum
1347 5071 1531 5126 Simon
1565 5071 1777 5134 Petrus,
1809 5079 1864 5124 et
1887 5070 2022 5122 alius
2051 5068 2162 5142 dis-

2263 4218 2491 4285 cipulus.
2526 4219 2823 4281 Discipulus
2854 4227 3031 4274 autem
3059 4219 3153 4274 ille
3176 4231 3334 4274 nonis
3358 4228 3475 4273 erat
3498 4214 3730 4280 Principi
3754 4214 3842 4269 Sa-

2261 4289 2562 4361 cerdotum.
2596 4302 2646 4342 et
2679 4290 2750 4361 (b)
2784 4292 2942 4343 simul
2981 4291 3225 4345 introibit
3247 4290 3286 4360 ’ί-
3313 4305 3434 4345 cum
3461 4289 3690 4361 Jc~n._in
3717 4286 3840 4361 atrio

2265 4359 2531 4425 Principis
2559 4357 2929 4416 Sacerdotum.
2960 4362 3148 4414 Petrus
3171 4357 3347 4416 autem
3370 4361 3544 4414 stabat
3571 4357 3636 4412 ad
3659 4359 3838 4412 ostium

2265 4431 2412 4506 foris.
2451 4431 2629 4506 Exivit
2658 4449 2788 4498 ergo
2818 4433 3122 4506 discipulus
3142 4433 3234 4487 ille
3262 4433 3396 4506 alius
3427 4433 3515 4500 qui
3547 4440 3660 4506 erat
3694 4439 3840 4506 notus

2267 4502 2496 4577 [fi-incipi
2539 4505 2913 4577 Sacerdotum.
2940 4513 2993 4577 et
3020 4502 3154 4557 dixit
3180 4503 3452 4577 ostiariae.
3479 4511 3532 4577 et
3560 4500 3843 4577 introduxit

2265 4574 2502 4648 Petrum.
2559 4575 2693 4626 Dicit
2747 4589 2874 4648 ergo
2939 4574 3110 4648 Petro
3182 4574 3270 4648 illa
3333 4573 3546 4648 ancilla
3614 4572 3839 4648 ostiaria.

2267 4643 2532 4712 Numquid
2561 4654 2616 4697 ct
2644 4656 2699 4699 tu
2725 4661 2788 4697 ex
2810 4638 3096 4710 discipulis
3119 4660 3176 4698 es
3202 4645 3434 4697 hominis
3459 4643 3637 4710 hujus.
3668 4640 3741 4712 Ad
3764 4638 3844 4712 ille

2265 4715 2359 4768 ait.
2414 4706 2527 4768 Non
2569 4730 2709 4769 sunt.
2746 4706 2974 4770 Stabant
3014 4726 3192 4769 autem
3241 4721 3380 4768 servi
3424 4724 3478 4768 et
3518 4706 3744 4767 ministri
3785 4706 3843 4758 ad

2268 4800 2490 4853 prunas.
2533 4785 2671 4860 quia
2704 4786 2870 4860 frigus
2908 4798 3044 4840 erat.
3088 4796 3140 4838 et
3181 4785 3572 4860 calefaciehant
3622 4786 3846 4860 se.__rr:it

2267 4867 2444 4911 autem
2475 4853 2596 4912 cuiu
2625 4858 2703 4910 eis
2734 4858 2951 4911 Petrus.
2985 4867 3132 4912 stans
3158 4865 3212 4910 et
3238 4856 3562 4910 calefacieus
3589 4869 3670 4908 se.
3705 4853 3844 4906 Priu-

2267 4942 2394 4994 ceps
2436 4939 2614 4982 autem
2647 4927 3002 4984 Sacerdotum
3036 4926 3394 4997 interrogavit
3437 4924 3725 4997 Jesumde
3748 4923 3845 4973 dis-

2265 4999 2460 5067 cipulis
2485 5000 2621 5067 ejus.
2655 5008 2710 5053 et
2735 5000 2804 5053 de
2827 4999 3073 5053 doctrina
3102 4995 3574 5069 ejusfﬂespondit
3601 4995 3653 5052 ei
3679 4995 3842 5052 Iesus.

2269 5069 2382 5137 Ego
2423 5071 2598 5139 palam
2620 5135 2625 5139 ~
2646 5073 2858 5125 locutus
2899 5085 3018 5125 sum

1851 5181 2085 5238 CODEX
2121 5180 2590 5237 CORBEIENSIS.

641 5271 990 5348 Cxp.__)_iVlll_.
1017 5302 1088 5312 —
1131 5273 1216 5327 11.
1266 5277 1317 5329 in
1351 5277 1596 5348 vaginam
1628 5292 1802 5334 suam.
1833 5316 1846 5332 .
1881 5315 1896 5330 .
1927 5280 1948 5308 ⁸
1986 5291 2165 5332 nonne

573 5343 752 5400 bibam
783 5344 930 5398 illum
953 5345 976 5396 ?

2345 5277 2430 5332 18.
2473 5274 2538 5328 ad
2591 5274 2872 5329 carbones.
2912 5314 2924 5327 .
2956 5273 3261 5329 .recentiori
3289 5289 3464 5339 manu,
3497 5281 3552 5328 et
3581 5267 3842 5328 calefacie—

2271 5347 2400 5402 baut
2430 5357 2552 5402 se.'l

1795 5437 2199 5496 VARIANTES
2235 5440 2638 5496 LECTIONES.

634 5533 652 5566 ι
689 5533 811 5582 Mm.
834 5530 988 5582 dedit.
1019 5529 1168 5596 Vulg.
1192 5532 1416 5583 dederat.

2339 5537 2360 5566 '
2391 5540 2494 5585 Gal.
2520 5540 2568 5586 et
2590 5536 2834 5587 Mminon
2857 5536 2930 5586 vis
2947 5531 3147 5585 bibam!

1891 5638 2259 5694 BLANCHINI
2296 5638 2526 5696 ΝΟΤᾸΞ.

662 5738 736 5811 (α)
791 5735 1200 5811 Postgladium,
1225 5737 1380 5793 deest
1401 5731 1761 5810 tuum,_ctiam
1803 5731 1856 5794 in
1902 5732 2022 5794 cod.
2058 5733 2703 5812 Cant..et_.Goth.—(b)
2730 5733 2807 5793 Ita
2845 5741 2899 5793 et
2925 5741 3035 5791 tex.
3057 5729 3172 5807 lGr.
3199 5725 3512 5790 συνεισῆλθε·
