1975 3097
108 149 158 176 477
590 147 814 178 EVANGELIUM
834 146 1020 178 SECUNDUM
1040 147 1234 177 JOHANNEM.

301 204 415 235 CODEX
434 202 701 236 VERCELLENSlS.

107 252 171 280 huic
184 252 285 280 mundo
300 262 306 279 :
522 252 578 278 Non
595 260 664 278 sum.

105 293 130 315 et
145 296 197 323 ego
213 296 316 322 semper
521 288 566 314 26.
591 288 657 313 llirit
673 295 739 314 unus
752 293 785 314 ex

104 323 187 351 docui
203 325 228 350 in
243 323 327 358 Syua-
522 323 608 350 servis
620 323 696 349 Prin-

102 366 183 393 goga,
199 362 226 384 et
238 359 264 385 in
280 363 347 385 tem-
522 359 589 392 cipis
603 358 735 384 Sacerdo-

102 394 159 427 plo.
176 401 231 426 quo
244 401 339 421 omnes
523 399 588 423 tum,
602 394 645 427 qui
656 401 719 427 cog-

101 429 198 456 Jttdaei
214 436 313 456 couve-
522 434 601 455 natus
615 433 673 455 erat
686 428 719 454 il-

102 466 181 491 niunt
190 486 197 495 ,
210 469 237 491 et
250 465 276 490 in
288 464 396 493 occulto
523 464 586 496 lius,
602 464 677 498 cujus
688 463 751 491 abs-

102 500 171 527 nihil
187 501 293 527 locutus
521 499 626 526 ciderat
645 499 740 526 Petrus

101 536 148 562 2L
165 543 233 562 sum.
250 535 320 568 Quid
335 543 379 564 me
522 535 671 561 auriculam
686 543 692 560 :

102 571 277 605 interrogas;
520 570 615 596 Nonne
633 577 682 603 ego

102 606 253 640 Interroga.
522 610 548 632 te
562 606 615 632 vidi
627 605 653 632 iu
667 606 730 631 hor-

103 642 150 675 qui
163 642 307 668 audierunt
520 640 565 668 27.
589 646 615 667 to
630 648 690 667 cum
704 640 755 668 eo?
765 640 819 669 Ite-

104 677 168 711 quid
187 677 238 703 illis
255 677 330 704 Iocu-
521 684 579 703 rum
595 683 659 711 ergo
673 683 718 703 ne-

105 717 148 739 tus
159 721 217 739 sum
237 722 244 739 :
259 718 285 739 et
296 719 362 740 ecce
377 712 404 739 hi
521 711 604 746 gavit.
617 718 643 738 et
654 711 744 738 statim

106 748 205 779 sciunt,
221 755 288 782 quae
521 747 607 782 gallus
619 750 712 774 canta-

106 783 160 810 dixi
175 791 235 817 ego.
521 783 570 809 vit.

107 818 150 845 2‘2.
172 818 238 845 Cum
252 818 320 845 haec
333 818 378 846 ille
520 817 566 844 28.
589 817 731 844 Adducunt
743 824 786 845 er-

109 854 229 886 dixisset,
242 861 311 881 unus
523 860 558 887 go
572 852 663 880 Jesum
676 853 740 879 mis-

111 889 217 916 adstans
227 897 260 916 ex
522 895 581 915 sum
597 888 629 914 ad
645 887 776 923 Caipham

112 924 237 952 ministris
253 925 300 952 de-
523 923 674 952 Principcm

114 960 150 986 dit
163 960 276 993 palmam
523 958 700 986 Saeerdotum

115 995 139 1022 in
153 995 244 1022 faciem
258 995 331 1023 Iesu.
523 994 550 1020 in
560 994 693 1028 praetori-

117 1031 210 1058 dicens.
223 1031 262 1058 Si.
285 1051 291 1058 .
311 1038 357 1058 res
525 1037 579 1056 um.
593 1029 715 1056 Eratau-

118 1067 205 1100 pondis
220 1067 292 1093 l‘rin-
527 1069 580 1092 tem
598 1071 687 1095 mane.
704 1069 730 1092 et

118 1101 164 1135 cipi
176 1102 301 1129 Sacerdo-
413 1118 416 1121 -
526 1100 576 1134 ipsi
593 1108 645 1127 non
661 1100 702 1126 in-

120 1137 189 1163 tum?
527 1136 659 1162 lroierunt
674 1136 700 1162 in

118 1172 158 1198 23.
178 1172 326 1206 Respondit
339 1172 377 1200 illi
526 1172 703 1205 praetorium.

119 1207 188 1234 Jesus
203 1216 211 1235 ;
228 1209 255 1236 Si
274 1209 345 1236 male
527 1207 720 1240 polluerentur,

119 1243 213 1270 locutus
223 1252 293 1276 sunt,
524 1242 571 1269 sed
587 1247 614 1268 ut
628 1250 704 1269 titan-

120 1278 290 1306 testimonittm
525 1277 654 1304 ducarent
668 1277 733 1304 Pas-

120 1313 178 1340 ‘dic
190 1314 222 1341 de
236 1315 325 1348 malo;
526 1313 586 1339 clta.

119 1348 139 1375 si
153 1354 236 1376 autem
254 1351 310 1379 be-;
527 1348 572 1375 29.
594 1348 665 1374 Exiit
680 1352 769 1376 autem

121 1391 160 1416 ne,
173 1385 233 1417 quid
246 1393 291 1413 me
527 1383 630 1410 Pilatus
643 1383 675 1410 ad
692 1384 722 1410 il-

121 1420 219 1447 caedis?
528 1418 570 1445 los
581 1418 657 1450 foris,
684 1423 712 1445 et
726 1419 767 1446 di-

119 1454 160 1492 24.
179 1456 247 1492 Misit
269 1463 334 1492 ergo
348 1456 380 1484 il—
528 1454 567 1480 xit
581 1463 586 1479 :
602 1453 688 1492 Quam
703 1461 746 1482 ac-

120 1489 168 1516 lum
183 1491 257 1519 Anna
303 1489 314 1492 ⁷
527 1490 694 1516 cusatiouem

525 1525 636 1551 adfertis
650 1524 684 1551 de

525 1560 577 1587 hoc
589 1559 712 1587 homine?

525 1595 570 1622 50.
595 1596 751 1630 Responde-

525 1637 587 1658 runt
602 1631 714 1663 Judaei,

525 1671 551 1693 et
566 1667 693 1694 dixerunt

525 1701 584 1729 illi:
601 1702 629 1729 Si
644 1710 697 1728 non
710 1709 754 1729 es-

521 1741 567 1764 set
583 1737 719 1765 malefaci-

525 1780 573 1799 ens
588 1773 641 1804 hic,
655 1781 731 1800 num-

119 1526 226 1553 vinctum
239 1527 272 1554 ad

119 1559 226 1595 Caipltan
242 1563 319 1590 Prin-

121 1596 197 1629 cipem
210 1597 305 1626 Sacer-

121 1631 216 1659 dotnnt.

120 1666 160 1693 25.
181 1668 241 1696 Erat
253 1674 344 1697 autem

120 1703 202 1730 Simon
215 1704 310 1731 Petrus

120 1742 197 1770 stans,
213 1744 239 1766 et
253 1739 310 1766 cal-

121 1773 204 1812 liciens
216 1782 246 1803 se
256 1775 291 1802 ad

120 1808 209 1842 ignem.
524 1816 603 1842 quam
620 1808 694 1835 illum

122 1843 240 1880 Dixerunt
254 1853 318 1880 ergo
525 1843 680 1871 tradidisse-

121 1877 153 1905 illi
168 1888 174 1905 :
189 1877 320 1915 Numquid
525 1886 595 1915 inus.

525 1914 570 1941 51.
591 1914 634 1941 Ait
649 1914 699 1942 illis
715 1914 835 1942 Pilatus:

525 1950 645 1983 Accipite
658 1950 734 1977 illum

524 1992 588 2019 ergo
600 1993 657 2016 VOS,
675 1991 702 2012 et

522 2020 670 2048 secundum

121 1919 143 1939 ει
157 1919 182 1941 ιιι
197 1924 262 1943 unus
276 1925 306 1944 es

120 1947 149 1975 de
162 1950 297 1984 discipulis

121 1985 191 2015 eius?
206 1987 243 2013 Ad
258 1987 304 2014 ille
319 1995 364 2015 ne-

118 2021 193 2055 gavit,
206 2022 310 2050 etdixit
326 2032 333 2050 :

1691 147 1743 174 478

1161 205 1278 234 CODEX
1299 204 1521 234 VERONENSIS.

950 253 1051 281 mundo
1066 263 1072 280 :
1088 261 1138 288 ego

950 296 1058 321 semper
1072 289 1152 316 docui

951 325 978 351 in
997 325 1148 359 Synagnga,

950 364 977 387 et
993 360 1018 386 in
1032 360 1142 393 templo,

971 403 1004 421 110
1020 401 1114 421 omnes

950 402 1004 457 3pm
1020 402 1114 421 omnes

968 428 1045 456 ndaei
1060 437 1158 457 conve-

951 466 1040 496 niunt,
1057 470 1083 492 et
1098 465 1124 492 in

951 501 1057 527 occulto
1072 501 1177 528 locutus

950 543 1009 562 sunt
1027 536 1101 562 nihil.

950 571 996 598 21.
1005 570 1072 604 Quid
1088 579 1130 598 me
1143 572 1186 600 in-

951 607 1091 640 terrogas?
1102 606 1186 635 Inter-

951 649 1015 676 roga
1027 648 1084 672 eos,
1100 644 1146 677 qui

951 677 1092 703 audierunt
1108 678 1171 712 quid

951 712 1055 739 locutus
1066 720 1125 740 sum

952 748 1017 781 ipsis
1032 756 1037 773 :
1051 754 1115 775 ecce

952 783 978 809 hi
992 783 1090 814 sciunt,
1108 791 1167 818 quae

951 818 1064 845 dixerim
1080 826 1140 853 ego.

951 853 995 880 22.
1018 853 1089 881 llaec
1103 859 1192 882 autem

952 896 1012 915 cum
1028 889 1148 924 dixisset,

952 931 1022 950 unus
1035 924 1068 951 de
1081 925 1128 951 ad-

952 959 1086 986 stantibus
1101 961 1151 988 mi-

954 994 1046 1021 nistris
1062 995 1136 1023 dedit

956 1030 1070 1063 palmam
1086 1030 1162 1063 Jesu,

953 1065 1046 1091 dicens
1063 1074 1069 1091 :
1089 1065 1133 1093 Sic

954 1100 1103 1133 respondes

954 1135 1072 1169 Principi
1089 1135 1138 1163 Sa-

954 1172 1094 1198 cerdotunt
1106 1172 1118 1198 ?

953 1205 999 1233 25.
1022 1207 1168 1242 Respondit
1180 1207 1206 1235 ei

954 1242 1034 1269 Jesus
1050 1252 1057 1270 :
1074 1244 1102 1271 Si
1119 1244 1188 1271 male

954 1278 1060 1305 locutus
1072 1287 1143 1313 sum,

957 1315 1139 1342 lestitttouiutn

954 1350 1067 1383 perltibe
1077 1351 1111 1378 de
1126 1359 1181 1378 ma-

956 1385 982 1412 lo
994 1394 1001 1418 ;
1016 1386 1037 1412 si
1050 1392 1140 1414 autent

956 1421 1034 1451 bene.
1049 1423 1113 1456 quid

956 1464 998 1482 me
1011 1457 1119 1484 caedis?

954 1491 1001 1517 24.
1022 1492 1094 1518 Misit
1107 1500 1171 1528 ergo

955 1533 1015 1553 eum
1032 1527 1123 1554 Annas

954 1562 1073 1588 vinctum
1087 1563 1121 1590 ad

955 1597 1073 1634 Gaiphan
1088 1606 1155 1634 pon—

955 1632 1066 1660 titicem.

954 1668 999 1696 25.
1021 1669 1083 1695 Erat
1095 1673 1185 1697 autem

955 1704 1047 1731 Simon
1064 1704 1159 1732 Petrus

954 1743 1039 1771 stans,
1056 1744 1083 1766 et
1096 1741 1166 1768 cale-

953 1774 1055 1802 faciens
1070 1784 1109 1803 se.

954 1810 1085 1837 Dixerunt

953 1853 1018 1880 ergo
1028 1846 1052 1873 ei
1068 1855 1074 1872 ε
1092 1847 1174 1874 Num-

953 1881 1017 1914 quid
1030 1886 1057 1908 et
1071 1886 1098 1909 tu

953 1924 987 1944 ex
1001 1916 1141 1951 discipulis

954 1951 1011 1986 ejus
1026 1953 1073 1979 es?

953 1987 1064 2021 Negavit
1077 1989 1133 2021 ille,

953 2027 980 2049 et
994 2023 1062 2050 dixit
1072 2033 1078 2050 :
1090 2025 1149 2051 Non

762 2078 876 2108 CODEX
895 2080 1090 2109 BRIXIANUS.

120 2125 173 2154 huic
180 2128 342 2163 mundo.ego
347 2136 455 2164 semper
463 2128 541 2156 docui
550 2128 576 2155 in
583 2127 722 2163 Synagoga
728 2132 765 2155 .et
774 2128 798 2154 iit
807 2128 907 2161 templo

120 2164 156 2189 ubi
163 2164 354 2192 DittitesJudaei
362 2165 536 2192 conveniunt.
545 2169 571 2191 et
579 2164 604 2190 iu
613 2164 719 2190 occulto
727 2171 778 2190 non
792 2171 851 2190 sunt
865 2167 906 2190 Io—

118 2205 187 2226 cuius
196 2198 351 2234 quidquam.
361 2201 429 2233 Quid
439 2208 481 2227 uie
490 2200 652 2234 interrogas.
662 2199 798 2233 Interroga
807 2206 854 2226 eos
862 2200 906 2233 qui

119 2240 155 2260 lue
165 2238 315 2262 audierunt.
330 2236 393 2270 quid
411 2236 464 2262 illis
479 2243 538 2262 sum
554 2235 672 2262 loeutus.
694 2242 757 2261 ecCe
776 2234 802 2261 hi
818 2236 907 2262 sciunt

117 2276 180 2305 quae
192 2271 304 2298 dixerint
320 2279 381 2305 ego.
403 2271 475 2298 Haec
494 2274 584 2297 autem
608 2278 668 2297 cum
690 2270 814 2297 dixisset.
836 2279 906 2296 lllltlS

117 2304 147 2340 de
168 2304 500 2333 adstantibus,miniswis.
527 2307 638 2340 alapam
657 2307 791 2339 percussit
813 2305 904 2332 .lesum

117 2339 211 2367 dicens.
226 2342 270 2369 Sic
286 2342 432 2374 rest'ozidis
445 2342 562 2374 Principi
574 2339 762 2367 Sacerdotum.
783 2341 906 2375 Respon-

119 2375 153 2401 dit
166 2378 188 2403 ei
203 2377 290 2404 Ji-sus.
309 2377 336 2405 Si
351 2378 421 2404 male
436 2378 540 2404 locutus
553 2384 622 2403 sum.
646 2377 829 2403 testimonium
845 2384 906 2408 per-

118 2408 173 2437 hihe
190 2411 222 2439 de
241 2413 323 2439 malo.
345 2414 366 2439 si
383 2418 473 2439 autem
490 2413 559 2438 bene
574 2411 636 2445 quid
653 2419 696 2438 itte
713 2412 813 2438 caedis.
834 2412 906 2438 Misit

118 2452 176 2479 ergo
189 2456 247 2474 eum
265 2450 357 2475 Annas
372 2448 491 2474 vinctum
508 2447 541 2474 ad
553 2447 673 2481 Caipltau
692 2447 841 2480 l‘rincipcm
857 2448 905 2474 Sa-

117 2483 258 2509 cerdotum.
284 2483 345 2509 Erat
363 2488 453 2510 autent
474 2483 566 2510 Simon
588 2483 684 2509 Petrus
699 2486 773 2508 stans
788 2487 815 2509 et
833 2483 904 2509 cale-

115 2513 207 2545 faciens
220 2526 259 2545 se.
282 2519 412 2545 Dixerunt
432 2526 496 2552 ergo
509 2517 545 2544 ei.
561 2517 695 2552 Numquid
712 2523 737 2544 et
753 2522 778 2544 ιιι
796 2525 828 2544 ex
849 2517 904 2545 dis-

116 2552 202 2585 cipulis
212 2554 269 2588 ejus
280 2561 320 2581 es.
338 2554 383 2581 llle
395 2559 483 2581 autent
497 2554 615 2588 negavit.
630 2558 657 2580 et
668 2553 745 2580 dixit.
760 2552 817 2580 Non
829 2561 900 2580 sum.

1363 261 1421 280 sunt
1426 272 1432 279 .

1363 289 1408 316 26.
1430 288 1499 315 Dicit
1513 296 1581 316 unus

1363 332 1396 351 ex
1411 324 1496 351 servis

1365 359 1512 392 Pontilicis,

1364 399 1493 429 Cognalus
1505 398 1511 421 l

1364 430 1433 462 ejus,
1448 429 1524 462 cujus

1364 465 1477 492 abscidit
1493 465 1542 492 Pe-

1366 505 1423 528 trus
1437 501 1542 528 auricu-

1366 535 1418 562 lam
1427 544 1448 572 ι
1456 536 1513 563 Νυιι
1525 544 1575 572 ego

1368 575 1393 598 te
1408 571 1460 598 vidi
1473 572 1499 599 in

1366 606 1444 633 horto
1457 615 1517 633 cum

1364 642 1410 668 27.
1432 642 1495 669 illo?
1506 643 1605 670 lterum

1366 685 1429 712 ergo
1444 680 1559 712 negavit,

1365 717 1391 740 et
1402 713 1490 740 statim

1365 748 1451 782 gallus
1465 749 1593 776 cantavit.

1366 784 1411 811 28.
1433 784 1576 812 Adducunt
1588 783 1679 811 Jesum

1365 826 1380 845 a
1392 819 1510 853 Caiplian

1366 854 1392 881 in
1407 859 1514 889 praeto-

1365 890 1445 916 ritnn.
1460 891 1524 917 Erat

1365 932 1453 952 autern
1470 933 1548 954 mane
1555 945 1564 960 ,

1365 966 1391 987 et
1406 960 1457 995 ipsi

1366 1004 1419 1022 non
1434 997 1517 1024 intro-

1367 1031 1456 1058 ierunt
1471 1034 1496 1058 ιιι

1366 1068 1541 1101 praetorium,

1367 1107 1396 1129 ut
1411 1110 1463 1129 non
1478 1111 1542 1130 C0“-

1368 1138 1572 1172 Iamiuarentur,

1370 1173 1407 1210 (ιι)
1422 1174 1468 1200 sed
1483 1174 1503 1209 ι

1368 1210 1562 1238 mamlucarent

1366 1246 1479 1273 Pascha.

1368 1281 1415 1309 29.
1437 1282 1526 1309 Exivit
1538 1287 1603 1315 ergo

1368 1317 1469 1344 Pilatus
1482 1317 1516 1344 ad

1368 1360 1415 1380 eos
1427 1353 1508 1385 foras,

1368 1393 1395 1415 et
1409 1388 1476 1415 dixit
1492 1397 1497 1414 :

1368 1424 1452 1457 Quam
1466 1430 1542 1450 accu-

1368 1459 1500 1485 sationem
1517 1457 1564 1484 ad-

1369 1494 1445 1521 fertis
1455 1494 1584 1520 adversus

1368 1529 1505 1555 hominem

1368 1564 1459 1591 hunc?

1367 1600 1412 1627 50.
1436 1598 1656 1633 Responderunt,
1670 1603 1673 1605 ·

1369 1640 1395 1662 et
1407 1635 1532 1662 dixerunt

1368 1671 1391 1698 ei
1409 1680 1415 1697 :
1431 1671 1457 1697 Si
1474 1678 1527 1697 non

1368 1711 1440 1733 esset
1453 1706 1496 1733 hic

1368 1741 1534 1773 malefactor,

1368 1785 1421 1804 non
1435 1777 1480 1803 tibi

1368 1813 1537 1840 traderemus

1368 1855 1439 1875 eum.

1367 1883 1412 1909 51.
1435 1883 1504 1910 Dicit
1515 1882 1556 1910 eis

1368 1918 1487 1945 Pilatus:
1503 1918 1554 1945 Ac-

1368 1954 1448 1987 cipite
1460 1961 1521 1980 eum

1369 1996 1429 2020 vos,
1444 1994 1470 2016 et
1483 1996 1527 2015 se—

1370 2024 1485 2051 cundum
1502 2024 1542 2050 le-

961 2130 1028 2156 Dicit
1042 2137 1111 2156 nntts
1122 2137 1156 2157 ex
1172 2128 1259 2156 servis
1272 2128 1405 2162 Principis
1419 2127 1606 2155 Saeerdotnm.
1620 2129 1750 2160 cognatus

959 2165 1028 2198 ejus.
1045 2165 1121 2199 cujus
1132 2165 1247 2192 abscidit
1262 2165 1356 2191 Petrus
1370 2163 1529 2190 auriculam.
1550 2162 1645 2199 Nonne
1660 2168 1709 2195 ego
1723 2166 1749 2187 te

960 2201 1012 2227 vidi
1028 2202 1053 2227 iit
1071 2198 1150 2227 horto
1165 2208 1224 2227 cum
1241 2200 1297 2226 illo.
1321 2199 1419 2226 lterum
1437 2207 1501 2233 ergo
1518 2198 1624 2232 negavit
1640 2198 1746 2233 lenus.

958 2241 986 2263 et
1001 2237 1090 2272 statim
1105 2236 1192 2270 gallus
1202 2236 1329 2272 cantavit.
1349 2235 1387 2272 Illi
1402 2231 1490 2261 autem
1506 2233 1639 2260 adducunt
1655 2231 1746 2272 desunt

958 2272 990 2298 ad
1006 2268 1120 2302 Οειὶμιιιιῖ
1143 2271 1169 2298 in
1185 2271 1333 2305 platlol‘lt).
1356 2270 1420 2298 Erat
1434 2273 1522 2296 autem
1540 2276 1629 2295 mane.
1642 2272 1682 2305 ret
1698 2268 1748 2301 ipsi

959 2315 1011 2334 non
1027 2304 1190 2334 introierunt
1201 2307 1226 2333 itt
1244 2313 1409 2340 pra-torium.
1426 2309 1454 2332 ut
1466 2313 1517 2331 nun
1532 2304 1749 2340 etiitlatttiiittt'tiit-

958 2347 1011 2369 tur.
1029 2343 1075 2369 sed
1089 2348 1117 2369 nt
1129 2343 1320 2368 manducareut
1336 2340 1447 2368 Pascha.
1466 2340 1555 2367 Exivit
1569 2346 1632 2372 ergo
1646 2339 1748 2365 Pilatus

957 2378 990 2404 ad
1006 2385 1053 2404 eos
1068 2377 1152 2404 foras.
1173 2383 1199 2403 ct
1216 2377 1291 2404 dixit.
1309 2377 1393 2409 Quam
1411 2375 1610 2404 accusationem
1626 2374 1748 2400 adfertis.

956 2414 1086 2440 adversus
1102 2413 1238 2439 hominem
1255 2414 1335 2438 hunc.
1357 2412 1566 2446 Responderunt
1581 2415 1609 2437 et
1624 2410 1750 2437 dixerunt

956 2450 991 2475 ei.
1009 2449 1037 2476 Si
1056 2455 1108 2475 n0u
1127 2453 1200 2474 esset
1215 2449 1256 2474 hic
1272 2445 1437 2474 ntalelactor.
1461 2455 1512 2474 ttott
1529 2446 1578 2473 tibi
1595 2445 1750 2472 ttadidissc-

957 2491 1016 2511 mus
1031 2490 1101 2510 eum.
1125 2484 1196 2511 Dixit
1210 2491 1275 2518 ergo
1290 2483 1329 2511 eis
1344 2483 1457 2511 Pilatus.
1479 2483 1600 2517 Accipite
1613 2488 1675 2508 eum
1691 2487 1748 2506 vos.

955 2524 983 2547 et.
997 2520 1144 2547 secundum

755 2610 873 2638 CODEX
890 2611 1123 2640 CORBEIENSIS.

146 2655 187 2683 ‘12.
206 2665 274 2684 unus
284 2657 394 2685 adstans
419 2665 452 2684 ex
467 2657 598 2685 ministris
609 2652 684 2684 dedit
694 2657 810 2692 palmam
826 2657 901 2690 Jesu,

115 2689 201 2719 dicens
214 2701 220 2719 :
235 2693 280 2721 Sic
295 2693 444 2729 respondes
464 2693 583 2728 Principi
598 2689 796 2721 Sacerdotum?

990 2658 1036 2720 218.
1054 2660 1063 2674 ²
1079 2659 1112 2686 ad
1140 2659 1268 2695 Caipham
1293 2659 1320 2687 in
1342 2659 1362 2695 -ι-
1385 2658 1562 2695 praetorium,
1588 2663 1622 2684 ne
1647 2655 1751 2691 pollue-

990 2702 1004 2720 [Ι
1019 2702 1060 2720 ur.

956 2702 1060 2721 I‘CIlllll‘.

713 2737 910 2766 VARlANTES
928 2739 1130 2768 LECTIONES.

142 2784 149 2798 ¹
169 2785 223 2810 Mm.
233 2786 353 2818 perhibeo
364 2787 404 2811 de.
421 2784 495 2817 Vulg.
508 2786 613 2818 perbibi:
623 2784 666 2812 de.

986 2788 996 2803 ³
1016 2788 1044 2812 Et
1053 2788 1087 2814 ita
1098 2788 1151 2813 cod.
1161 2787 1214 2813 Gal.
1225 2790 1247 2813 et
1258 2788 1317 2812 Mm.

765 2839 948 2868 BLANCHINI
968 2840 1083 2870 ΝΟΤᾹΞ.

146 2885 183 2921 (α)
201 2885 263 2916 Post
286 2887 341 2922 sed,
364 2886 442 2917 deest
462 2891 505 2922 ut,
529 2887 610 2916 etiam
630 2886 657 2916 in
680 2886 746 2917 Cod.
766 2886 844 2916 Cant.
868 2892 896 2916 et
910 2887 990 2917 Goth.
