3950 6194
521 262 628 319 479

900 377 1129 435 CODEX
1176 378 1705 435 VERCELLENSIS.

522 469 696 539 legem
726 478 963 525 vestram
1352 485 1494 526 nunc
1518 479 1696 525 autem

517 542 757 609 judicate
786 540 853 597 de
1352 557 1577 613 regnum
1607 556 1721 597 me-

523 613 636 667 illo.
1351 629 1441 668 um
1469 628 1575 669 non
1603 624 1688 667 est

525 684 784 739 Dixerunt
823 684 839 712 ¹
880 696 970 737 er-
1350 683 1496 739 hinc.

556 772 588 808 ο
616 755 688 808 illi
718 752 906 809 Judaei
939 773 950 805 :
1350 756 1436 809 57.
1482 757 1571 809 Ait
1600 756 1804 813 Pilatus
1838 773 1851 810 :
1883 758 1960 813 Tu

568 824 685 878 obis
716 840 820 879 non
1349 842 1478 897 ergo
1500 827 1612 881 Rex
1644 843 1702 881 es

519 896 647 950 licet
670 912 857 964 quem-
1348 896 1673 955 Iudaeorum
1701 898 1725 951 ’ἶ

516 982 676 1035 quam
706 967 923 1022 occide—
959 1037 962 1038 ν
1348 968 1661 1038 Respondet
1682 969 1841 1027 Iesus
1867 989 1880 1025 :

516 1038 606 1091 32.
650 1054 741 1103 re;
775 1048 832 1091 ut
859 1037 1079 1094 verbum

514 1107 643 1163 Iesu
670 1108 927 1177 implere-

519 1190 625 1262 ιιξῖι
659 1179 909 1262 quotidi-

516 1251 616 1313 xit,
646 1250 847 1319 signilio

516 1336 647 1375 cans
685 1324 705 1352 ³
744 1337 848 1392 qua
878 1336 1021 1377 mor-

1346 1040 1427 1095 Tu
1452 1040 1609 1105 dicis,
1634 1043 1757 1110 quia

1345 1110 1461 1165 Rex
1486 1126 1603 1165 sum
1632 1127 1751 1181 ego.

1344 1183 1425 1236 Ad
1459 1186 1561 1238 hoc
1589 1196 1749 1238 natus

1343 1268 1484 1317 sum.
1513 1264 1562 1309 et
1592 1254 1658 1308 ad
1690 1254 1791 1310 hoc

1342 1326 1467 1379 veni
1498 1326 1550 1380 in
1580 1326 1721 1382 hunc

516 1401 569 1447 te
599 1402 744 1449 esset
772 1392 935 1448 mori-
1342 1398 1623 1462 mundum,

514 1474 687 1518 turus.
1342 1476 1400 1521 ut
1430 1468 1670 1523 testimo-

512 1535 600 1609 βὸ.
644 1534 868 1609 Intravit
889 1550 1017 1605 ergo
1342 1540 1488 1609 nium
1521 1539 1705 1609 perhi-

511 1606 702 1661 iterum
730 1607 781 1660 in
808 1622 944 1674 prze-
1340 1608 1494 1664 beam
1521 1606 1671 1664 'veri-

512 1677 712 1731 torium
739 1677 879 1732 Pila-
1341 1682 1436 1733 tati
1469 1699 1481 1733 :
1510 1681 1686 1735 omnis
1722 1723 1736 1745 ,

510 1755 596 1820 tus
624 1757 679 1820 et
705 1762 864 1820 voca-
1339 1752 1429 1820 qui
1460 1751 1529 1805 de
1560 1753 1701 1806 veri-

510 1818 585 1872 vit
616 1818 682 1871 ad
711 1834 769 1879 se
795 1818 1000 1884 Iesum,
1341 1818 1448 1877 tate
1465 1832 1569 1887 est,
1593 1838 1694 1877 au-

510 1899 566 1943 et
588 1888 723 1943 dixit
742 1891 808 1942 ad
835 1905 958 1945 eum
986 1908 998 1944 :
1337 1893 1414 1948 dit
1441 1909 1631 1949 vocem

509 1958 590 2013 Tu
620 1974 679 2015 es
712 1960 823 2017 Rex
846 1961 940 2017 Iu-
1338 1979 1535 2019 meam.

509 2029 599 2084 54.
641 2030 895 2087 daeorum
914 2034 937 2086 ?
958 2033 1026 2088 Et
1336 2036 1427 2091 58.
1466 2038 1557 2092 Ait
1578 2036 1653 2091 illi
1674 2036 1874 2092 Pilatus
1898 2055 1909 2090 :

511 2104 791 2175 respondit
1336 2108 1474 2175 Quid
1501 2117 1584 2161 est
1604 2124 1695 2163 ve-

510 2172 692 2247 .lesus;
712 2174 756 2247 A
774 2185 830 2247 te
855 2174 989 2233 haec
1012 2175 1171 2247 dicis,
1196 2192 1262 2233 an

510 2244 601 2298 alii
630 2243 724 2300 tibi
753 2245 901 2303 dixe-

508 2316 669 2369 runt?

508 2387 598 2441 55.
644 2386 940 2458 Respondit
961 2391 1105 2447 Pila-

510 2465 595 2512 tus
621 2474 633 2511 :
662 2457 930 2529 Numquid

508 2536 563 2583 et
588 2543 689 2599 ego
715 2530 911 2586 Iudae-

510 2615 572 2654 us
594 2603 748 2655 sum?
776 2602 921 2659 Gens

510 2678 620 2736 tua,
657 2680 711 2725 et
740 2674 953 2730 Princi-

1338 2183 1471 2233 ritas
1501 2178 1524 2230 ?
1553 2178 1642 2245 Et,
1666 2194 1789 2235 cum

1340 2250 1443 2305 hoc
1464 2249 1689 2305 dixisset
1717 2292 1733 2318 ,

1339 2322 1534 2376 iterum
1561 2320 1692 2375 foris

1337 2393 1360 2423 ’⁵
1388 2406 1641 2462 egressus
1667 2402 1753 2451 est

1337 2464 1405 2518 ad
1435 2463 1668 2518 Iudaeos
1685 2506 1701 2531 ,

1338 2545 1395 2591 et
1422 2538 1497 2589 ait
1518 2536 1621 2589 illis
1646 2553 1658 2588 :
1686 2535 1810 2607 Ego;

1339 2608 1542 2661 nullam
1576 2608 1628 2660 in

1340 2679 1436 2733 illo
1463 2678 1680 2732 invenio

512 2755 607 2810 pes
637 2741 899 2803 Sacerdo—
1340 2750 1429 2804 59.
1472 2764 1710 2803 causam.
1748 2748 1844 2803 Est

512 2822 623 2866 tum
655 2817 893 2873 tradide-
1341 2830 1523 2875 autem
1542 2819 1694 2874 vobis

511 2892 639 2937 runt
666 2894 717 2940 te
744 2891 842 2944 mi-
1342 2892 1362 2921 ⁸
1391 2900 1681 2947 consuetu-

511 2952 571 3026 hiﬁ
599 2971 613 3007 :
644 2959 770 3026 quid
799 2960 985 3016 fecis-"

511 3025 599 3101 5p.
624 3029 721 3101 _ti?
753 3031 999 3101 Respon-

510 3095 591 3149 dit
615 3095 775 3157 Iesus
803 3122 817 3157 :
841 3095 1085 3176 Regnum

512 3182 691 3223 meum
724 3189 831 3229 non

512 3247 596 3291 est
622 3240 689 3296 de
720 3244 821 3301 hoc
852 3262 1005 3299 mun-

512 3308 621 3363 do:
651 3315 695 3367 si
736 3315 756 3344 ³
794 3332 859 3370 ex
889 3316 991 3371 hoc

514 3383 718 3440 mundo
745 3396 891 3441 esset

1339 2964 1430 3029 do,
1466 2973 1521 3018 nt
1548 2977 1710 3017 unum

1341 3037 1607 3092 dimittam

1340 3107 1494 3163 vobis
1524 3125 1538 3161 :
1573 3105 1733 3159 vultis

1341 3194 1471 3249 ergo
1513 3178 1710 3249 Regem

1342 3248 1670 3306 Iudaeorum
1692 3248 1716 3301 ?

1344 3322 1433 3375 40.
1476 3316 1860 3373 Clamaverunt

1344 3401 1523 3445 autetn
1555 3404 1765 3453 omnes,

515 3464 740 3519 τεειιυτη
770 3472 883 3512 mc-
1344 3462 1585 3515 dicentes
1615 3476 1629 3513 :
1653 3460 1769 3513 Non

514 3534 629 3601 um,
663 3527 855 3601 minis-
1345 3532 1511 3597 hunc,
1535 3530 1631 3585 sed
1658 3530 1758 3583 Ba-

516 3598 582 3644 ιη
613 3598 718 3651 mei
746 3613 877 3652 con-
1346 3604 1571 3657 rabban.
1607 3603 1734 3655 Erat

515 3675 812 3731 certarent,
1346 3684 1525 3728 autem
1552 3672 1751 3727 Barab-

516 3746 586 3786 ne
606 3754 707 3800 ego
729 3740 907 3795 trade-
1346 3744 1443 3800 bas
1476 3744 1635 3800 latro.

516 3818 605 3858 rer
629 3811 853 3867 Iudaeis
884 3828 895 3865 :

1053 264 1329 322 EUSEBII
1366 263 1709 321 VERCELL.
1744 262 2197 321 EVANGELIUM
2224 262 2362 320 CUM
2404 262 2629 321 VARUS
2667 263 2821 320 COD.
2862 265 3255 325 COLLATUM.

3682 264 3773 321 480

2647 378 2878 437 CODEX
2916 381 3367 439 VERONENSIS.

2211 489 2332 557 gem
2355 483 2587 557 vestram
3040 493 3217 557 meum
3245 492 3350 531 non

2205 545 2445 615 judicate
2463 546 2530 601 de
3039 560 3120 603 est
3150 549 3294 602 ltinc.

2210 631 2295 688 eo.
3040 621 3127 673 57.
3165 619 3301 672 Dixit
3324 617 3506 688 itaque

2212 687 2472 741 Dixerunt
2501 703 2632 757 ergo
3038 692 3085 744 ei
3113 689 3318 745 Pilatus
3348 708 3359 741 :

2209 759 2257 814 ei
2280 758 2467 831 Iudaei
2496 778 2507 810 :
2539 760 2700 813 Nobis
3038 761 3182 831 Ergo
3211 760 3327 815 Rex

2208 845 2313 883 non
2345 830 2471 883 licet
2498 831 2582 883 in-
3034 848 3095 887 es
3126 830 3225 886 tu?

2208 901 2452 954 terlicere
2477 916 2663 970 quem-

3036 901 3331 973 ReSpondit
3378 900 3533 958 Iesus
3561 919 3573 953 :

2204 971 2294 1025 δὲ.
2334 988 2528 1038 quam;
2556 982 2611 1026 ut
2632 986 2747 1027 ser-

3035 973 3114 1028 Tu
3144 974 3278 1028 dicis
3298 1015 3312 1039 ,
3343 973 3467 1043 quia

2205 1058 2293 1095 mo
2323 1042 2451 1096 Iesu
2477 1044 2577 1095 im-
3036 1044 3151 1099 Rex
3183 1059 3300 1099 sum

2205 1113 2411 1185 pleatur
2435 1156 2449 1177 ,
2477 1129 2636 1182 quem
3035 1130 3154 1185 ego.

2202 1183 2374 1249 dixit,
2400 1185 2602 1253 signili-
3038 1183 3149 1256 Ego
3186 1185 3251 1239 ad
3277 1185 3379 1242 hoc

2201 1268 2330 1309 cans
2358 1271 2459 1324 qua
2502 1264 2676 1310 morte
3035 1267 3193 1312 natus
3216 1272 3357 1323 sum,

2204 1335 2527 1380 moreretur.
3034 1338 3089 1383 et
3119 1329 3182 1383 ad
3221 1327 3322 1383 hoc

2199 1395 2288 1450 55.
2338 1397 2584 1451 Introivit
3033 1401 3154 1455 veni
3188 1402 3239 1454 in
3265 1400 3407 1456 hunc

2198 1481 2329 1537 ergo
2361 1468 2552 1521 iterum
3035 1470 3313 1532 mundum.
3338 1480 3399 1524 ut

3037 1543 3401 1596 testimonium

3033 1612 3343 1681 perbibeam
3372 1613 3506 1669 veri-

3034 1684 3130 1737 tati
3166 1702 3178 1737 :
3210 1685 3387 1739 omnis

3033 1753 3123 1823 qui
3152 1764 3235 1809 est
3260 1772 3326 1811 ex

3034 1826 3280 1891 veritate,
3307 1828 3458 1882 audit

3032 1912 3207 1951 meam
3233 1912 3445 1954 vocem.

3031 1968 3118 2022 58.
3149 1970 3283 2023 Dicit
3298 1971 3345 2023 ei
3384 1970 3470 2024 Pi-

3030 2039 3172 2094 latus
3203 2058 3215 2092 :
3245 2040 3399 2108 Quidf

3030 2120 3113 2164 est
3138 2112 3336 2165 veritas
3361 2112 3385 2164 ?

3030 2180 3117 2243 Et,
3147 2197 3270 2236 cum
3298 2182 3400 2237 hoc

3030 2252 3278 2316 dixisset,
3308 2254 3503 2310 iterum

3028 2324 3195 2378 exivit
3222 2324 3289 2378 ad

3028 2392 3284 2460 Iudaeos,
3316 2405 3372 2451 et

3030 2465 3158 2520 dicit
3184 2468 3262 2521 eis
3287 2484 3300 2519 :
3324 2467 3437 2537 Ego

3033 2537 3233 2591 nullam
3265 2538 3412 2594 inve—

2198 1538 2251 1591 in
2278 1540 2604 1607 praetorium

2198 1608 2421 1663 Pilatus.
2453 1620 2507 1663 et

2243 1624 2421 1672 natus,
2453 1625 2482 1664 e

2201 1682 2411 1734 vocavit
2435 1679 2617 1734 Iesum
2650 1722 2665 1746 ,

2199 1759 2254 1806 et
2274 1751 2409 1803 dixit
2433 1750 2510 1804 illi
2545 1768 2558 1802 :

2200 1822 2279 1875 Tn
2303 1836 2361 1875 es
2390 1821 2504 1875 Rex

2196 1891 2521 1947 Iudaeorum
2547 1893 2571 1946 ἲ

2198 1965 2289 2018 54.
2338 1963 2637 2032 Respondit
2680 1962 2883 2020 Iesus:

2199 2034 2244 2088 Α
2278 2045 2327 2088 te
2368 2036 2597 2102 tnetipso

2203 2106 2278 2177 (α)
2311 2114 2364 2159 ιιι
2394 2106 2430 2175 1—
2461 2108 2561 2161 hoc

2200 2177 2356 2242 dicis,
2388 2192 2453 2231 an
2476 2177 2567 2231 alii

2202 2248 2296 2301 tibi
2325 2248 2577 2303 dixerunt

2199 2320 2431 2372 detne?

2200 2391 2290 2445 55.
2348 2390 2647 2460 Respondit
2690 2388 2833 2445 Pila-

2201 2471 2289 2515 tus
2317 2480 2328 2513 :
2362 2461 2629 2529 Numquid

2201 2547 2301 2601 ego
2327 2531 2566 2587 Iudaeus

2201 2604 2358 2659 sum?
2387 2602 2531 2657 Gens
2561 2615 2669 2667 tua,
3033 2609 3124 2663 nio
3144 2608 3195 2662 in
3222 2623 3289 2665 eo

2202 2683 2259 2731 et
2288 2674 2549 2744 Princeps
3032 2694 3269 2735 causam.

2203 2747 2557 2803 Sacerdntum
3032 2750 3121 2807 59.
3166 2750 3262 2806 Est
3276 2759 3458 2807 autem
3478 2767 3605 2809 con-

2206 2816 2558 2892 tradiderunt‘
2582 2887 2595 2892 _
3030 2822 3258 2877 suetudo
3283 2823 3436 2879 vobis
3470 2866 3485 2892 ,

2207 2898 2259 2944 te
2277 2888 2407 2942 mihi
2436 2907 2448 2941 :
2472 2887 2599 2958 quid
3032 2901 3091 2947 ut
3111 2909 3277 2948 unum
3295 2894 3377 2948 di-

2205 2960 2425 3016 fecisti?
3032 2964 3241 3019 mittam
3266 2966 3317 3019 in
3342 2966 3443 3020 Pa-

2203 3032 2294 3087 56.
2345 3028 2642 3101 Respondit
2669 3028 2827 3086 Iesus
2850 3041 2866 3094 ;
3036 3036 3163 3090 scita
3193 3037 3346 3091 vobis
3373 3056 3386 3091 :

2208 3103 2468 3175 Regnum;
2498 3116 2678 3157 meum
3036 3121 3167 3175 ergo
3194 3107 3375 3162 dimit-

2207 3190 2314 3229 non
2339 3173 2509 3250 estde
3036 3173 3143 3250 tam
3167 3179 3319 3233 vobis
3345 3178 3549 3250 Regem

2206 3245 2408 3300 mundo
2438 3245 2540 3299 hoc
2563 3261 2577 3297 :
3036 3248 3361 3304 Iudaeorum
3379 3254 3403 3302 ?

2207 3318 2251 3371 si
2278 3316 2345 3370 de
2366 3317 2468 3371 hoc
3036 3320 3129 3375 40.
3170 3318 3552 3376 Clamaverunt

2207 3386 2409 3442 mundo
2437 3396 2583 3441 esset

2209 3474 2437 3540 regnum.
2461 3472 2639 3539 meum
2661 3497 2677 3523 ,

2208 3538 2441 3583 ministri
2465 3538 2574 3583 met

3032 3405 3167 3461 ergo
3193 3407 3385 3447 omnes
3417 3410 3432 3445 :

3034 3462 3151 3516 Non
3178 3461 3341 3517 hunc.
3368 3462 3464 3517 sed

3037 3476 3151 3516 non
3179 3476 3341 3527 nunc,
3368 3477 3428 3518 se

3037 3532 3340 3587 Barabban.

2208 3600 2575 3663 decertarent,
3037 3603 3166 3657 Erat
3188 3614 3367 3659 autem

2209 3679 2267 3725 ut
2294 3687 2400 3724 non
2438 3669 2684 3725 traderer
3042 3673 3317 3730 Barabbas

2209 3742 2428 3797 Iudaeis
2464 3760 2477 3796 :
2506 3757 2649 3796 nunc
3041 3746 3203 3801 latro.

2211 3823 2390 3868 autem
2422 3828 2653 3883 regnum

1840 3928 2071 3987 CODEX
2109 3928 2499 3985 BRIXIANUS.

517 4026 692 4097 legem
744 4036 977 4098 vestram
1025 4027 1259 4098 iudicate
1315 4042 1459 4083 eum.
1535 4027 1795 4083 Dixerunt
1852 4040 1980 4096 ergo
2054 4026 2107 4080 ei

514 4098 724 4154 Iudaei.
793 4097 957 4153 Nobis
1009 4115 1114 4153 non
1172 4100 1296 4154 licet
1333 4098 1583 4153 occidere
1650 4112 1994 4169 quemquam.
2049 4106 2108 4149 ut

515 4186 697 4225 sermo
742 4169 870 4225 Iesu
927 4170 1247 4238 impleretur
1294 4186 1451 4241 quem
1480 4170 1638 4224 dixit.
1669 4170 1977 4241 signiﬁcans
2002 4183 2105 4237 qua

517 4251 691 4295 morte
716 4251 861 4295 esset
894 4244 1205 4295 moriturus.
1240 4240 1488 4295 Introibit
1515 4257 1643 4311 ergo
1670 4242 1863 4295 iterum
1888 4240 2108 4311 imprae-

517 4312 713 4365 torium
756 4312 978 4366 Pilatus.
1026 4324 1079 4366 et
1110 4316 1321 4367 vocavit
1348 4312 1530 4366 Iesum
1574 4309 1630 4367 et
1667 4312 1801 4366 dixit
1828 4311 1898 4365 ei.
1935 4309 2013 4363 Tu
2047 4324 2106 4363 es

517 4381 631 4434 Rex
658 4382 1006 4436 Iudaeorum.
1040 4383 1339 4450 Respondit
1368 4383 1545 4437 Iesus.
1581 4385 1624 4436 Α
1657 4392 1708 4437 te
1736 4383 1966 4447 metipso
2007 4380 2107 4433 hoc

519 4452 655 4522 dicis
683 4467 751 4504 an
776 4453 864 4506 alii
898 4454 990 4507 tibi
1022 4453 1272 4507 dixerunt
1301 4454 1368 4508 de
1399 4469 1502 4507 me.
1546 4453 1847 4522 Respondit
1876 4451 2099 4505 Pilatus.

520 4521 783 4591 Numquid
815 4539 914 4591 ego
945 4524 1183 4579 Iudaeus
1211 4541 1351 4579 sum.
1396 4524 1543 4579 Gens
1577 4521 1686 4578 tua.
1733 4534 1787 4577 et
1828 4523 2106 4589 Principes

520 4592 893 4665 Sacerdotum.
931 4596 1266 4650 tradiderunt
1295 4607 1346 4650 te
1376 4594 1527 4649 mihi.
1578 4595 1706 4665 quid
1739 4593 1934 4665 iecisti.
1968 4592 2104 4665 Res-

522 4663 708 4733 pondit
734 4662 908 4720 Iesus.
936 4665 1177 4735 Regnum
1208 4682 1383 4721 meum
1413 4680 1517 4721 non
1543 4662 1627 4721 est
1651 4665 1720 4720 de
1752 4664 1855 4719 hoc
1881 4664 2101 4735 mundo.

521 4736 565 4787 si
586 4750 662 4809 _ex
705 4735 803 4789 hoc
834 4734 1037 4791 mundo
1062 4750 1208 4793 esset
1238 4754 1461 4809 regnum
1495 4752 1695 4809 meum.
1729 4736 1967 4809 ministri
1998 4734 2103 4788 mei
2145 4776 2157 4789 .

522 4806 708 4877 υιίίιυε
736 4816 1129 4864 concertarent.
1171 4824 1238 4865 ne
1277 4806 1521 4866 traderer
1555 4807 1791 4865 Iudaeis.
1840 4821 1983 4861 nunc
2010 4820 2105 4860 au-

2218 4032 2343 4100 tem.
2372 4038 2804 4100 re_gnnm_tneum
2834 4038 2940 4079 non
2965 4035 3047 4100 e_st
3072 4028 3399 4100 liincaDixit
3428 4030 3609 4100 itaque
3635 4031 3685 4086 ei
3710 4031 3791 4085 Pi-

2214 4095 2562 4169 latus._7Ergo
2608 4094 2718 4149 Rex
2764 4104 2936 4169 esitu.
2985 4097 3287 4169 Respondit
3324 4099 3479 4154 Iesus
3524 4094 3606 4155 Tu
3645 4102 3789 4156 dicis.

2213 4166 2337 4236 quia
2374 4167 2483 4221 Rex
2528 4182 2647 4237 sum
2677 4182 2797 4235 ego.
2830 4168 2941 4237 Ego
2971 4169 3020 4221 in
3065 4166 3163 4225 hoc
3206 4178 3360 4224 natus
3394 4188 3536 4225 sum.
3584 4184 3641 4227 et
3682 4174 3793 4227 ideo

2213 4238 2336 4291 veni
2367 4239 2416 4291 in
2451 4236 2670 4291 mundo.
2716 4247 2773 4290 ut
2813 4236 3179 4294 testimonium
3225 4240 3535 4309 perbibeam
3566 4245 3791 4299 veritati.

2214 4309 2393 4363 omnis
2429 4310 2517 4378 qui
2557 4319 2638 4362 est
2666 4323 2732 4362 ex
2756 4311 3001 4365 veritate.
3035 4311 3185 4366 audit
3213 4327 3394 4367 vocem
3437 4330 3633 4369 meam.
3668 4314 3797 4369 Dicit

2215 4380 2264 4432 ei
2297 4380 2519 4433 Pilatus.
2546 4380 2683 4444 Quid
2712 4388 2795 4433 est
2821 4383 3038 4435 veritas.
3070 4383 3279 4438 Etcum
3306 4383 3406 4438 hoc
3433 4385 3680 4441 dixisset.
3705 4389 3797 4440 ite-

2217 4466 2334 4523 rum
2364 4450 2528 4503 exivit
2551 4451 2615 4523 ad
2640 4449 2897 4505 Iudaeos.
2929 4462 2984 4506 et
3009 4455 3085 4507 ait
3113 4456 3235 4508 illis.
3272 4456 3381 4523 Ego
3410 4457 3612 4510 nullam
3655 4458 3797 4511 inve-

2216 4522 2308 4575 nio
2336 4536 2553 4575 causam
2596 4520 2648 4574 in
2680 4535 2765 4575 eo.
2815 4524 2911 4577 Est
2939 4532 3117 4577 autem
3157 4520 3493 4580 consuetudo
3532 4528 3706 4582 vobis.
3747 4537 3797 4581 ut

2216 4608 2379 4645 unum
2416 4592 2686 4667 dimittam
2716 4593 2867 4667 vobis
2897 4595 2949 4648 in
2989 4595 3215 4650 Pascha.
3251 4596 3411 4650 vultis
3440 4614 3589 4667 ergo.
3623 4600 3798 4653 dimit-

2216 4673 2323 4716 tam
2346 4663 2501 4717 vobis
2524 4664 2724 4733 Regem
2754 4664 3099 4720 Iudaeorum.
3132 4663 3583 4723 Exclamavertint
3613 4670 3798 4725 iterum

2214 4748 2407 4806 omnes
2432 4734 2696 4789 dicentes.
2731 4734 2849 4790 Non
2882 4736 3044 4806 hunc,
3086 4737 3183 4793 sed
3212 4737 3514 4795 Barabban.
3549 4740 3681 4796 Erat
3704 4756 3797 4796 au—

2215 4813 2320 4859 tem
2359 4805 2631 4863 Barabbas
2669 4806 2827 4862 latro.

1771 4934 1783 4995 ;
1809 4921 2041 4981 CODEX
2078 4918 2546 4979 CORBEIENSIS.

590 5020 684 5077 40.
724 5018 896 5076 Rabbi
927 5021 1207 5079 Barabam.

1747 5114 2141 5174 VARIANTES
2178 5116 2581 5177 LECTIONES.

584 5212 600 5243 ί
640 5210 891 5276 Gut._ergo
910 5212 1082 5276 Iudaei
1116 5211 1314 5263 :Nobis.
1343 5216 1461 5264 Mm.
1488 5225 1609 5276 ergo
1648 5214 1695 5263 ei
1721 5228 1731 5262 :
1765 5211 1936 5262 Nobis.
1964 5209 2109 5274 Vulg.

521 5286 642 5333 ergo
666 5274 710 5320 ei
738 5274 912 5324 Iudaei
941 5289 951 5322 :
980 5275 1146 5326 Nobis.

583 5338 602 5366 ³
639 5338 757 5401 Mm.
776 5338 887 5399 quia
907 5345 1042 5387 esset
1058 5346 1213 5389 morte
1238 5340 1519 5389 moriturus.
1556 5336 1701 5401 Vulg.
1736 5351 1831 5401 qua
1849 5347 2006 5389 morte
2029 5351 2111 5388 es-

517 5406 598 5448 set
622 5400 906 5450 moriturus.

584 5461 605 5492 ³
638 5468 740 5510 Cat.
766 5463 829 5529 de
853 5464 1092 5515 mundo...
1116 5478 1181 5515 ne
1206 5463 1447 5515 traderer.
1498 5462 1643 5529 Vulg.
1669 5462 1733 5513 de
1756 5463 1845 5513 hoc
1868 5464 2106 5514 mundo...

522 5532 576 5577 ut
601 5537 698 5574 non
719 5526 961 5576 traderer.

584 5586 606 5623 θ
641 5588 748 5643 Gal.
771 5590 928 5644 exivit
952 5587 1011 5643 ad
1034 5589 1272 5657 Iudaeos,
1291 5597 1343 5644 et
1358 5589 1479 5643 dicit
1503 5591 1636 5641 eis...
1661 5586 1767 5653 Ego
1790 5591 1971 5642 nullam
1994 5605 2107 5643 cau-

2215 5228 2317 5279 sam
2343 5217 2515 5266 mortis
2534 5218 2731 5279 invenio
2756 5218 2806 5266 in
2828 5229 2907 5266 eo.
2948 5218 3067 5266 Mm.
3095 5215 3152 5279 ad
3172 5213 3405 5279 Iudaeos
3440 5215 3586 5279 foras,
3628 5225 3678 5268 et
3695 5218 3800 5268 dicit

2216 5278 2383 5344 adgeos
2414 5278 2743 5344 :rEgo.Vulg.
2792 5282 2945 5329 exivit
2992 5280 3048 5328 ad
3088 5276 3319 5337 Iudaeos,
3356 5284 3409 5327 et
3429 5276 3670 5330 dixit'eis.
3706 5280 3800 5342 Ego

2215 5340 2396 5389 nullam
2423 5340 2619 5392 invenio
2645 5340 2780 5391 in'eo
2800 5355 3011 5391 causam.

2277 5404 2297 5433 ⁸
2334 5406 2451 5453 Mm.
2501 5406 2801 5453 consuetudo
2844 5405 3109 5461 vobiscum,
3156 5410 3210 5452 ut
3236 5414 3386 5451 unum
3410 5404 3649 5454 dimittam
3674 5404 3799 5454 vobis

2213 5466 2427 5531 vinctum
2469 5468 2519 5515 in
2562 5466 2774 5531 Pas_cba._
2795 5464 2941 5531 Vulg.
2987 5464 3291 5516 consuetudo
3315 5466 3471 5530 vobis,
3497 5476 3551 5517 ut
3571 5481 3715 5517 unum
3735 5466 3801 5517 di-

2212 5530 2397 5580 mittam
2413 5530 2551 5581 vobis
2572 5529 2624 5579 in
2640 5528 2843 5583 Pascha.

1848 5675 2215 5737 BLANCHINI
2252 5678 2505 5753 nom;

598 5766 672 5839 (α)
703 5766 865 5824 Addit
905 5778 979 5839 tu,
1021 5768 1182 5827 etiam
1224 5779 1331 5827 tex.
1367 5771 1461 5829 Gr.
1489 5771 1607 5827 σύ.Ί
