1975 3097
287 115 340 149 487
554 113 690 145 EUSEBll
708 110 878 142 VERCELL.
899 107 1123 139 EVANGELIUM
1141 107 1211 137 CUM
1232 105 1346 136 VARIIS
1365 104 1442 135 COD.
1461 103 1659 134 COLLATUM.
1869 100 1910 128 488

466 173 583 204 CODEX
600 170 874 201 VERCELLENSIS.

292 227 428 263 fregerunt
441 244 448 255 ,
467 257 473 263 .

292 267 320 290 et
330 260 442 289 alterius
453 260 488 285 si-

293 298 393 326 militer
400 316 407 327 ,
423 294 459 329 (a)
474 292 519 328 qui

293 332 372 360 simul
387 330 473 358 cruci-

293 368 362 395 ﬁxus
377 370 434 393 erat
449 364 479 399 τ.

292 404 338 431 35.
377 402 416 429 Ad
429 400 520 428 Jesum
533 403 622 426 autem

294 446 355 466 cum
370 437 460 464 venis-

291 478 353 502 sent
362 494 370 507 ,
385 473 392 488 ‘
405 478 433 500 et
446 470 519 499 vide-

292 515 357 538 runt
369 516 431 537 eum

291 546 349 580 jam
363 548 497 571 mortuum
508 563 515 575 ,

294 588 349 609 non
362 580 467 614 lraege-

295 621 359 644 runt
372 622 450 643 crura

295 652 340 680 34.
380 651 454 686 ejus,
468 649 515 677 sed
526 655 556 676 u-

296 695 347 715 nus
361 685 479 714 ex'mili-

294 724 366 751 tibus
377 723 461 749 lanci-

294 766 310 786 a
325 759 394 786 latus
408 757 467 792 ejus

295 793 444 830 percussit,
461 796 488 819 et

294 828 360 858 exiit
374 828 480 857 confes-

295 867 343 893 tim
359 863 468 899 sanguis
479 883 487 894 ,

293 900 340 928 55.
379 896 499 933 et'aqua.
513 897 548 925 Et
560 896 605 932 qui

295 935 382 969 vidit,
398 933 494 962 testiﬁ-

296 976 373 999 catur
382 991 390 1004 ,
405 975 432 998 et
447 973 502 996 tes-

296 1007 439 1035 timonium

297 1042 356 1078 eius
368 1049 461 1070 verum

296 1076 348 1106 est.
367 1078 399 1105 Et
412 1078 470 1112 ipse
481 1076 548 1108 scit,

296 1114 307 1129 ’
321 1113 391 1149 quod
407 1120 470 1140 vera

296 1149 377 1183 dicit,
393 1153 423 1176 ut
436 1152 464 1175 et
476 1153 523 1175 vos

296 1185 423 1213 credatis.

296 1220 341 1248 56.
354 1220 427 1248 Haec
442 1218 514 1246 enim
528 1215 584 1245 fac-

296 1260 323 1283 ta
337 1260 400 1284 sunt
415 1255 471 1286 illi,
494 1273 501 1281 .
526 1274 532 1279 .
555 1273 562 1279 .
582 1252 616 1280 S-

295 1292 413 1327 criptura
426 1289 476 1317 ad-

296 1327 455 1362 impleretur
469 1333 476 1351 :

296 1362 392 1391 Ossum
405 1362 464 1397 ejus

295 1406 351 1426 non
363 1397 483 1426 confrin-

295 1434 359 1469 gitis
373 1434 408 1469 ab
422 1440 465 1469 eo.

295 1464 342 1501 57.
381 1468 416 1496 Ει
434 1468 531 1496 iterum
545 1464 584 1493 al-

294 1510 353 1533 tera
364 1505 456 1539 Scrip-

298 1545 358 1568 tura
374 1549 380 1567 :

331 1575 464 1604 Viderunt

331 1612 359 1639 in
375 1618 456 1646 quem

334 1653 499 1681 compunxe-

332 1686 406 1709 runt.

296 1717 342 1745 38.
380 1716 447 1744 Post
460 1715 527 1742 haec
539 1717 628 1741 autem

296 1751 517 1822 {3532.332}.

702 216 851 246 Arimatliia
861 237 870 249 ,

704 254 749 288 qui
762 252 888 288 eratidis-

704 287 808 323 cipnlus
822 287 885 315 Jesu
897 307 904 319 ,

705 323 879 351 absconditus

704 364 793 387 autem
808 365 889 393 prop-

705 399 747 423 ter
763 396 888 421 timorem

705 430 866 458 Iudaeorum
876 450 884 462 ,

706 471 737 494 ut
751 466 856 493 tolleret

706 508 805 536 corpus
818 500 882 527 .lesu
904 520 910 526 .
933 518 940 525 .
962 518 969 525 .

707 542 734 565 et
749 536 871 571 permisit

708 570 820 600 Pilatus.
834 570 921 598 Vene-

708 613 772 636 runt
786 614 849 642 crgo
861 627 868 639 .

708 649 737 672 et
749 644 868 671 tulerunt

709 679 795 707 illum.

707 716 753 743 59.
792 714 870 743 Venit
883 720 949 749 ergo
964 712 1010 740 Ni-

709 751 839 779 codemus
848 771 856 783 ,
874 750 896 778 is

710 787 754 821 qui
768 786 873 821 pridem

709 826 822 850 venerat
834 821 867 847 ad

710 857 803 885 Jesum
818 860 915 889 nocte.

710 894 784 920 ieren
807 914 814 920 .
837 913 843 918 .
865 891 934 919 mix-

709 934 796 956 turam
811 935 884 955 mur-

709 963 874 997 rae,etalo
895 983 903 991 .
926 982 933 988 .
955 981 962 989 .
986 981 994 993 ,

711 1000 767 1027 lere
781 1000 863 1028 libras
1008 1018 1011 1026 .

710 1036 756 1063 40.
795 1040 914 1063 centum.
929 1032 962 1060 Et
974 1039 1018 1059 ac-

710 1075 840 1106 ceperunt
855 1077 915 1097 cor-

711 1103 762 1169 Fus
771 1107 876 1139 Jesum,
892 1109 920 1133 et
933 1103 980 1131 ad—

723 1147 865 1169 ttzaverunt
912 1168 916 1169 ,

711 1147 865 1178 ligaverunt
911 1168 916 1171 .

711 1178 722 1193 ³
733 1179 809 1206 illum
824 1178 902 1205 linte—

712 1214 847 1241 aminibus
857 1219 918 1240 cum

712 1249 877 1276 aromatibus
884 1269 892 1280 ,

709 1284 780 1312 sicut
793 1289 834 1311 est
844 1291 912 1311 con-

710 1319 824 1347 suetudo
840 1319 883 1346 .lu-

709 1355 784 1383 daeis
798 1354 898 1383 seneli-

710 1390 743 1418 41
750 1411 756 1417 .
773 1398 813 1418 re.
829 1390 895 1417 Erat

712 1432 802 1454 autem
817 1426 843 1453 in
858 1425 898 1452 lo-

712 1469 785 1494 cum,
800 1461 846 1488 ubi
856 1468 917 1488 cru-

711 1497 806 1528 ciﬁxus
821 1500 889 1528 erat.

711 1533 806 1561 hortus
827 1540 833 1559 :
848 1536 876 1559 et
890 1530 918 1557 in

711 1568 748 1596 ho
762 1587 770 1595 .
787 1588 793 1594 .
811 1587 818 1594 .
833 1574 929 1595 monu-

716 1695 723 1701 ι
764 1694 771 1700 ι
811 1694 818 1701 ο
860 1693 867 1701 ι
908 1693 914 1700 ι
956 1692 962 1699 ο
1003 1691 1009 1698 ι
1050 1691 1057 1697 ι

716 1731 722 1737 ι
765 1730 772 1737 .
814 1729 820 1735 .
861 1728 868 1734 -
909 1727 916 1735 ο
956 1726 963 1734 ο
1005 1727 1011 1733 ι
1052 1727 1058 1733 ι

716 1765 722 1773 ι
763 1763 771 1772 δ
811 1763 819 1772 ο
858 1763 866 1771 σ
907 1763 914 1769 ι
956 1763 962 1770 .
1004 1762 1011 1768 ρ
1051 1762 1058 1768 .

1351 163 1469 193 CODEX
1486 161 1716 190 VEBONENSIS.

1134 220 1213 241 crura
1222 234 1230 245 .
1242 217 1269 240 et

1135 249 1246 277 alterius
1255 269 1263 281 ,

1136 285 1174 319 (a)
1185 285 1230 319 qui
1244 284 1324 311 simul
1335 290 1400 311 cru-

1135 321 1230 347 ciﬁxus
1242 324 1301 347 erat
1314 319 1335 354 -ι-

1136 363 1196 382 cum
1211 363 1254 383 εο.

1137 392 1182 418 55.
1221 391 1262 418 Ad
1274 390 1368 418 .lesum

1136 431 1225 454 autem

1136 469 1197 489 cum
1214 463 1362 494 venissent,

1137 502 1168 525 ut
1182 497 1308 525 viderunt

1137 541 1198 561 eum
1209 534 1264 568 jam
1281 540 1354 560 mor-

1138 573 1225 599 tuum.
1238 576 1290 596 non

1139 604 1278 645 fregerunt
1287 611 1366 631 crura

1139 647 1207 674 ejus,

1140 675 1183 703 54.
1200 674 1246 702 sed
1259 681 1328 702 unus
1343 674 1394 702 mi-

1140 711 1217 738 litum
1230 710 1322 738 lancea

1140 746 1209 773 latus
1222 746 1281 780 ejus

1141 781 1179 817 (ὁ)
1192 782 1302 822 pupugit
1314 781 1344 816 λε,

1142 823 1170 844 et
1183 822 1267 845 θιιγιι
1280 824 1345 843 (30"L

1142 853 1217 879 tinuo
1237 851 1358 886 sanguis,

1141 889 1185 916 55.
1198 893 1225 915 et
1237 895 1316 922 aqua.
1332 887 1366 914 Et

1142 925 1186 959 qui
1200 923 1277 954 vidit.
1293 927 1333 950 te-

1143 959 1298 986 stimonium

1142 994 1290 1029 perhibuit,
1307 998 1334 1021 et

1142 1038 1236 1058 verum
1252 1035 1294 1057 est

1144 1066 1327 1093 testimonium

1141 1101 1210 1136 ejus.
1227 1101 1261 1128 Et
1273 1101 1319 1128 ille

1141 1138 1202 1170 scit,
1213 1138 1274 1170 quia

1140 1180 1204 1200 vera
1217 1173 1293 1204 dicit,

1140 1213 1170 1235 ut
1184 1213 1210 1235 Cl
1225 1215 1272 1235 νος
1285 1214 1345 1234 cre-

1141 1244 1186 1271 56.
1202 1243 1281 1270 dalis.
1299 1242 1381 1269 Facta

1142 1283 1204 1307 sunt
1219 1279 1290 1306 enim

1142 1315 1219 1347 haec,
1235 1318 1263 1341 ut
1277 1314 1350 1341 Scri-

1143 1355 1220 1384 ptura
1234 1349 1348 1384 implea-

1143 1390 1186 1413 tur
1202 1394 1209 1412 :

1142 1421 1239 1449 Ossum
1253 1428 1307 1448 non

1143 1457 1319 1491 confringetis

1143 1500 1177 1520 8X
1190 1500 1233 1520 eo.

1143 1529 1189 1556 57.
1202 1528 1235 1555 Εῑ
1246 1528 1344 1555 iterum

1144 1564 1194 1591 alia
1210 1563 1350 1598 Scriptura

1144 1599 1209 1626 dicit
1221 1607 1227 1625 :
1243 1598 1380 1626 Videbunt

1144 1634 1171 1661 in
1186 1641 1265 1670 quem
1280 1640 1354 1661 com-

1145 1673 1313 1704 punxerunt.

1145 1706 1191 1733 58.
1203 1705 1269 1732 Post
1284 1705 1349 1731 haec

1145 1745 1235 1768 autem
1247 1748 1328 1775 roga-

1145 1776 1184 1804 vit
1194 1776 1310 1803 Pilatum

1548 208 1648 243 Ioseph
1664 208 1698 235 ab

1548 242 1689 276 Ariniatia,
1703 242 1748 277 qui

1550 284 1577 308 et
1591 280 1649 315 ipse
1664 279 1747 306 disci-

1552 316 1631 350 pulus
1646 319 1704 342 erat

1551 351 1626 383 Jesu,
1643 350 1750 378 occulte

1551 391 1640 414 autem
1658 390 1766 420 propter

1552 427 1652 450 metum
1668 421 1784 448 Judaeo—

1553 465 1624 490 rum,
1637 462 1667 484 ut
1681 456 1732 483 tol-

1553 493 1621 520 leret
1632 500 1730 527 corpus

1553 529 1615 556 Jesu
1626 537 1632 559 ;
1649 533 1676 556 et
1689 527 1784 562 permi-

1553 565 1589 592 sit
1604 564 1717 591 Pilatus.

1553 599 1598 628 59.
1613 600 1751 627 Venerunt

1555 640 1581 663 et
1594 634 1714 663 tulerunt

1555 679 1627 698 eum.
1642 670 1720 698 Venit

1541 711 1644 734 .autem
1656 710 1683 734 et
1697 705 1742 733 Ni-

1555 743 1695 774 codemus,
1707 741 1752 776 qui

1556 782 1666 806 venerat
1680 777 1725 805 ad'

1555 813 1647 841 Iesum
1660 817 1738 840 nocte

1557 849 1685 884 primum,
1696 848 1738 875 fe-

1556 892 1619 912 rens
1634 885 1777 911 mixturam

1556 927 1674 953 murrae,
1690 925 1718 947 et

1557 956 1641 989 aloes,
1655 954 1731 990 quasi

1557 992 1640 1019 libras
1653 998 1717 1018 cen-

1558 1032 1624 1054 tum.

1556 1063 1601 1090 40.
1616 1063 1783 1097 Acceperunt

1556 1106 1622 1133 ergo
1633 1106 1691 1125 cor-

1557 1141 1607 1168 pus
1619 1134 1696 1165 Jesu.
1711 1137 1739 1161 et

1556 1170 1707 1204 ligaverunt
1719 1176 1778 1196 eum

1556 1206 1647 1233 linteis
1660 1212 1722 1231 cum

1556 1240 1735 1272 aromatibus,

1556 1278 1630 1305 sicut
1640 1283 1698 1303 mos
1712 1280 1754 1303 est

1556 1312 1665 1340 Judaeis

1556 1348 1682 1383 sepelire.

1558 1384 1603 1411 Al.
1618 1383 1682 1410 Erat
1701 1386 1791 1410 autem

1559 1419 1585 1446 in
1600 1419 1671 1451 loco,
1687 1418 1733 1445 ubi

1558 1454 1703 1483 cruciﬁxus
1717 1458 1769 1486 est,

1558 1490 1654 1517 hortus
1666 1497 1674 1516 :
1690 1494 1717 1516 et
1732 1490 1757 1516 in

1559 1525 1639 1554 horto
1652 1532 1749 1552 monu-

1560 1565 1681 1588 mentum
1701 1567 1812 1592 novum,

1560 1596 1587 1624 in
1600 1604 1654 1631 quo
1668 1595 1786 1624 nondum

1559 1632 1702 1668 quiSquam
1717 1640 1761 1667 po-

1558 1671 1626 1695 situs
1639 1672 1707 1695 erat.

1559 1702 1604 1730 Δὶ.
1623 1703 1660 1730 lbi
1673 1711 1749 1738 ergo,
1765 1709 1828 1738 pro—

1560 1744 1620 1774 pter
1640 1746 1818 1773 parasceven,

1561 1775 1624 1809 quia
1637 1774 1712 1809 juxta

898 1867 901 1869 ι
950 1846 1066 1875 CODEX
1085 1846 1277 1875 BRIXIANUS.

299 1911 326 1935 ct
337 1903 449 1934 alterius
462 1900 597 1930 similiter.
620 1898 657 1935 (ll)
671 1898 717 1932 qui
739 1896 819 1925 simul
837 1895 982 1935 cruciﬁxus
997 1898 1056 1935 erat
1069 1894 1090 1929 -ξ-

298 1931 415 1971 Εἶηῖἐόξ
433 1940 578 1973 Postquam
594 1931 686 1962 autem
697 1936 830 1961 venerunt
848 1932 882 1973 ad
897 1931 998 1958 Jesum.
1016 1931 1091 1957 inve-

417 1982 479 2003 eum
498 1968 553 2008 jam
575 1975 719 2008 mortuum.
740 1973 767 2008 et
789 1976 842 1996 non
864 1968 1000 2008 iregerunt
1012 1974 1091 2007 crura

299 2001 524 2049 eiust-ised'unus
542 2015 577 2049 ex
596 2006 734 2049 militibus.
758 2001 920 2049 lancea-sua
936 2001 1092 2049 latulshejus

298 2037 457 2085 iiié'riuii'gt
475 2044 605 2085 continuo
628 2041 702 2085 enim.
717 2040 824 2075 sanguis
846 2043 875 2066 et
893 2045 975 2085 aqua.-
995 2038 1029 2078 Et
1049 2037 1093 2071 qui

298 2072 563 2113 Vidit—testimonium
580 2077 725 2114 perhibuit.
748 2072 779 2103 et
789 2082 885 2114 verum
904 2076 946 2114 est
970 2072 1093 2100 testiino-

383 2109 460 2154 ejus;
483 2117 515 2143 Et
535 2109 588 2141 ille'
602 2114 655 2154 scit
670 2113 733 2154 quia
749 2109 982 2154 verumndiclitqut
996 2113 1023 2149 _et
1036 2114 1091 2154 ‘v'os

297 2144 425 2184 credatis.
440 2152 522 2180 Facta
538 2154 600 2177 sunt
613 2144 687 2176 enini
702 2147 779 2184 haec.
794 2150 825 2174 ut
842 2145 980 2184 _Scribtura
996 2144 1092 2184 imple-

298 2180 521 2219 retuEOssnum
537 2186 597 2220 ejus
615 2181 864 2220 noniconi'ringelis
885 2188 918 2208 ex
939 2187 981 2208 eo.
1003 2180 1093 2220 etnite-

297 2215 420 2254 iiiﬁ'aina'
431 2215 570 2251 Scrilitura
581 2220 657 2248 dicit.
672 2215 844 2254 Videbuntjn
856 2215 1091 2254 quem_trans_ﬁxe‘-

299 2250 463 2290 iﬁﬁif'iio'si
481 2258 547 2285 haec
569 2259 657 2283 autem
681 2254 786 2289 rogavit
801 2250 916 2280 Pilatum
937 2250 1039 2285 Joseph
1060 2250 1093 2278 ab

1144 1894 1304 1922 Arimathia.
1319 1895 1381 1930 quia
1393 1898 1421 1922 et
1435 1894 1492 1929 ipse
1505 1894 1655 1929 discipulus
1669 1899 1728 1922 erat
1741 1894 1816 1923 Jesu.
1831 1891 1924 1921 occulte

1144 1935 1234 1958 autem
1255 1935 1366 1965 propter
1382 1935 1482 1957 metum
1502 1930 1677 1957 Iudaeorum.
1698 1936 1727 1957 ut
1747 1931 1854 1958 tolleret
1874 1935 1926 1965 cor-

1146 1974 1196 2001 pus
1210 1962 1284 1993 Jesu.
1304 1962 1331 1993 et
1343 1966 1467 2001 permisit
1488 1966 1600 1993 Pilatus.
1621 1965 1662 1992 Ad
1677 1965 1723 1992 ille
1738 1967 1820 1993 venit.
1836 1970 1861 1992 et
1875 1962 1926 2001 tulit

1145 1999 1244 2036 corpus
1266 1999 1438 2029 Jesusenit
1458 2007 1547 2029 autem
1561 2007 1589 2029 et
1604 2000 1776 2028 Nicodemns.
1800 2001 1844 2036 qui
1864 1999 1928 2034 prius

1146 2044 1257 2065 venerat
1271 2037 1303 2063 ad
1318 2037 1412 2066 Jesum
1426 2041 1516 2064 nocte.
1532 2037 1622 2064 ferens
1636 2037 1780 2064 mixturam
1796 2043 1894 2063 murrae
1906 2037 1929 2060 et

1146 2073 1231 2100 aloes.
1244 2073 1320 2108 quasi
1336 2073 1420 2101 libras
1435 2080 1554 2100 centum.
1577 2074 1747 2107 Acceperunt
1760 2080 1825 2107 ergo
1839 2075 1927 2104 corpus

1147 2108 1222 2149 lesu.
1239 2113 1267 2149 et
1280 2109 1430 2143 ligaverunt
1444 2116 1516 2149 eum.
1542 2108 1744 2149 linteaminibus
1757 2115 1819 2134 cum
1835 2111 1928 2149 arcium-

1144 2144 1225 2171 tibus.
1246 2141 1316 2171 sicut
1334 2144 1502 2172 consuetudo
1527 2148 1570 2171 est
1594 2143 1704 2170 Judaeis
1727 2144 1851 2177 sepelire.
1873 2141 1928 2168 Eral

1143 2184 1233 2206 autem
1248 2180 1275 2206 in
1290 2180 1359 2207 loco.
1375 2180 1419 2207 ubi
1431 2179 1576 2207 cruciﬁxus
1587 2184 1638 2206 est.
1655 2179 1758 2206 hortus.
1777 2184 1805 2206 et
1821 2179 1845 2205 in
1861 2177 1928 2203 horto

1144 2219 1348 2242 monumentum
1360 2223 1469 2242 novum.
1485 2216 1511 2242 in
1523 2222 1577 2250 quo
1586 2214 1704 2241 nondum
1715 2214 1855 2250 quisquam
1866 2211 1929 2247 posi-

1146 2255 1187 2277 tus
1202 2255 1270 2278 erat.
1293 2250 1331 2278 lbi
1350 2258 1426 2286 ergo.
1449 2249 1559 2286 propter
1577 2257 1741 2286 parasceven
1762 2249 1927 2277 Judaeorum.

932 2317 1052 2355 ICODEX
1071 2317 1307 2346 CORBEIENSIS.

332 2390 379 2418 52.
398 2391 426 2417 et
440 2387 512 2424 illius
522 2384 629 2424 quidem
643 2381 733 2424 pnrimi,
756 2380 894 2424 fregerunt
906 2385 997 2412 crura,
1011 2382 1039 2406 et
1053 2377 1093 2405 al-

298 2427 382 2456 terius
397 2422 507 2455 simul,‘
520 2418 562 2456 qui
578 2418 721 2456 cruciﬁxus
735 2422 804 2449 erat,
818 2420 871 2444 etc.

333 2462 379 2490 54.
399 2460 470 2487 latus
482 2455 540 2492 ejus
554 2455 698 2492 percussit.

334 2487 379 2525 56.
399 2487 563 2523 Ossum'non
576 2488 752 2525 confringetis
764 2487 798 2516 ab
813 2495 856 2516 eo.

296 2562 300 2570 ι
334 2533 380 2561 51.
401 2531 429 2559 in
442 2536 522 2565 quem
533 2531 759 2562 compunxerunt.

1182 2377 1225 2405 38.
1248 2377 1309 2412 quia
1318 2381 1375 2404 erat
1386 2375 1545 2411 discipulus.
1562 2376 1748 2405 etc.'occulte
1758 2380 1847 2405 autem

1148 2413 1287 2441 Venerunt
1299 2420 1375 2448 ergo,
1390 2416 1417 2439 et
1429 2412 1551 2448 tulerunt
1562 2419 1635 2439 eum.

1182 2448 1226 2477 59.
1250 2447 1407 2483 Venit'ergo
1421 2448 1431 2463 θ
1447 2447 1619 2475 Nicodemus.

1181 2484 1435 2554 tﬂlagdligaverunt
1454 2491 1516 2511 eum
1541 2483 1742 2512 aromatibus...
1758 2484 1767 2500 ⁷
1782 2484 1850 2512 sicut
1873 2489 1927 2509 con-

1209 2528 1224 2546 ιι
1264 2541 1271 2547 .

1146 2525 1271 2547 suetuao.

916 2578 961 2607 VA
966 2574 1070 2607 RIANT
1076 2577 1116 2606 ES
1133 2576 1335 2606 LECTIONES.

330 2649 340 2665 ι
357 2648 410 2675 Gut.
423 2643 602 2672 etviderunt...
615 2644 698 2667 etnon
713 2638 853 2670 fregerunt.
878 2635 951 2668 Vulg.
975 2639 1003 2661 ut
1024 2635 1095 2661 vide-

298 2676 635 2732 "itiif'éfreﬁgrmihia
660 2707 721 2727 vere
747 2700 815 2725 dicit.
847 2697 921 2732 Vulg.
949 2699 989 2730 qui

316 2697 560 2750 fif'c’iiﬁiiiii.’
576 2697 635 2736 quia
660 2707 721 2727 vere
747 2700 815 2725 dicit.
847 2697 921 2732 Vulg.
949 2699 1006 2730 quia
1035 2704 1096 2723 vera

298 2743 411 2799 ὼῗίὸαι.
425 2777 482 2798 eum
492 2768 607 2795 linteis...
619 2766 684 2791 sicut
694 2761 846 2789 consuetudo
869 2764 915 2786 est.
935 2759 1009 2792 Vulg.
1033 2758 1091 2784 illud

1147 2634 1259 2659 linteis...
1270 2635 1332 2659 sicut
1344 2641 1396 2659 mos
1407 2636 1453 2660 est.

1179 2665 1190 2700 ξ
1209 2667 1268 2700 {In}.
1281 2666 1322 2700 qui
1335 2666 1406 2690 simul
1417 2664 1551 2691 cruciﬁxus
1562 2667 1610 2691 est.

1179 2698 1189 2713 ⁸
1207 2699 1235 2722 Et
1248 2697 1280 2721 im
1294 2697 1346 2722 Gut.

1180 2728 1191 2743 ⁸
1210 2728 1418 2752 Gul.Nicodimus.

1177 2759 1187 2774 ⁷
1201 2760 1229 2784 Et
1238 2759 1270 2784 ila
1282 2759 1336 2784 Gal.

973 2800 1156 2830 BLANCHINI
1174 2801 1288 2829 ΝΟΤιΕ.

336 2873 376 2911 (α)
395 2872 473 2902 Juxta
494 2874 549 2899 lex.
560 2867 607 2898 Gr.
622 2861 861 2901 συσταυρωθέντος.
872 2874 908 2882 --
919 2858 958 2898 (b)
973 2859 1011 2888 ita
1023 2863 1051 2889 et
1064 2863 1118 2888 ter.
1133 2858 1180 2887 Gr.
1196 2857 1289 2891 ἔνυξε.“
1305 2858 1309 2863 ”
