1975 3097
84 120 132 148 495

83 227 132 250 1111³.

81 257 122 285 24.
143 258 251 287 Thomas
264 266 332 286 unus

79 294 111 321 de
122 302 165 322 xtt.
180 294 221 330 qui
234 294 298 322 dici-

79 334 118 357 tur
128 330 268 366 Dydymus,

77 372 124 393 non
139 366 183 392 ﬁtit
196 372 256 392 cttm

77 401 133 432 illis,
146 400 250 435 quando

76 437 114 464 9.5.
132 437 199 464 venit
211 435 301 464 Jesus.
317 436 363 465 Di-

76 472 161 500 cebant
174 479 238 507 ergo

76 508 108 535 illi
120 513 144 534 et
152 507 197 534 alii
211 507 266 535 dis—

74 543 143 577 cipuli
158 552 165 569 ι
181 542 304 570 Vidimus

74 578 217 606 Dotninum.

72 614 107 641 Ad
121 614 162 641 ille
176 614 246 641 dixit
258 622 289 641 a-

72 650 86 677 d
99 657 157 677 eos:
172 649 232 677 Nisi
247 650 288 677 vi-

71 686 128 713 dero
140 685 164 712 in
180 685 268 712 mani-

70 721 113 748 bus
125 720 183 756 ejus
197 728 258 748 ves-

70 756 150 792 tigium
164 757 260 792 clavo—

69 800 130 824 rum,
143 796 169 819 et
184 791 268 819 mise-

70 835 97 854 ro
107 828 218 862 digitum

69 871 145 890 mettm
159 863 188 890 iu
205 863 293 891 locum

69 900 208 941 clavomtn,
222 903 251 926 et

70 942 157 963 nnsero
172 942 229 961 ma-

68 978 111 998 nus
123 971 146 997 in
164 971 236 997 latus

68 1008 126 1040 ejus.
139 1014 195 1032 noti
210 1013 271 1033 sum

68 1042 222 1069 crediturus.

68 1077 106 1105 26.
125 1077 190 1105 Post
203 1076 262 1105 dies
271 1081 334 1105 octo
344 1077 394 1105 ite-

68 1121 118 1140 rum
132 1113 208 1141 venit
224 1121 231 1140 :
247 1113 285 1140 si-

69 1149 115 1176 mttl
128 1149 201 1175 intus
213 1153 293 1176 erant

69 1184 196 1219 discipuli.
210 1188 237 1211 et

69 1220 180 1247 Thomas
192 1227 255 1246 cum

70 1255 126 1283 illis.
146 1256 221 1283 Venit
231 1255 312 1283 Jesns

70 1292 148 1319 osteis
158 1291 252 1324 clusis,

69 1332 92 1354 et
104 1326 177 1355 stetit
192 1327 217 1354 in
235 1333 293 1354 me-

69 1362 118 1394 dio,
133 1367 163 1390 et
175 1362 262 1389 dixit:
278 1362 287 1378 ι
299 1361 354 1390 Pax

70 1398 212 1426 Vobiscum.

71 1433 109 1460 27.
125 1435 135 1449 ¹
150 1433 253 1461 Deinde
267 1432 306 1460 ait
319 1433 352 1461 ad

71 1469 185 1496 Thoman
201 1478 207 1494 :
222 1469 322 1496 Osten-

71 1504 100 1531 de
113 1505 163 1532 hoc
174 1504 287 1537 digitum

72 1544 153 1570 tuum.
166 1545 193 1568 et
203 1539 265 1568 vide

72 1584 162 1603 manus
173 1583 258 1607 meas,

72 1617 97 1638 et
107 1612 181 1639 mille
197 1618 293 1638 manus

73 1651 127 1674 tuas
141 1649 166 1674 in
179 1647 249 1674 latus

73 1690 156 1710 meum
170 1692 177 1710 :
192 1688 220 1710 et
234 1681 290 1709 noli

73 1726 128 1746 esse
140 1718 265 1746 incredu-

73 1753 121 1787 lus,
135 1754 181 1781 sed
196 1753 293 1781 ﬁdelis.

73 1789 114 1816 28.
134 1789 281 1824 Respondit
294 1787 426 1821 Thomas,

74 1829 99 1852 et
111 1824 174 1852 dixit
188 1825 226 1852 illi
244 1834 251 1852 :
268 1824 309 1851 Tn
323 1831 355 1852 es

75 1860 195 1889 Dominus
207 1867 297 1893 meus,
312 1864 341 1887 et

557 114 792 150 EVANGELIUM.
802 118 989 157 SECUNDUM
1007 118 1201 149 JOHANNEM.

254 175 370 206 CODEX
387 175 657 206 VERCELLENSIS.

478 224 523 250 29.
546 224 616 251 Dcu~
631 231 718 251 meus.
730 224 774 251 Ait

478 259 517 286 illi
531 259 610 286 Jesus
625 269 631 286 :
648 260 751 293 Quoni-

478 302 521 322 am
534 295 544 310 ³
558 296 659 325 vidisti,
675 303 734 323 cre-

478 330 572 358 didisti
587 339 593 357 :
610 331 681 359 beati

478 366 522 401 qui
538 374 591 393 non
607 367 682 395 vide-

477 408 552 434 ruut,
568 406 596 430 et
610 403 699 431 credi-

478 437 588 465 derunt.

477 473 522 501 30.
543 473 625 501 Multa
639 474 760 509 quidem,

478 514 505 544 et
518 509 570 536 alia
586 510 663 544 signa

478 543 542 572 fecit
555 543 635 572 Jestis
646 552 737 573 coram

478 580 619 615 discipulis
634 588 682 608 su-

479 615 513 648 is,
527 623 597 650 quae
611 625 664 643 nou

478 658 515 678 sci
523 650 577 686 ipta
595 656 658 678 sunt

478 687 505 713 in
521 687 572 714 hoc
587 687 665 714 libro.

477 722 523 749 51.
544 722 617 750 Haec
631 727 721 751 autem

477 758 578 792 scripta
593 763 666 792 sunt,

478 798 507 820 ut
520 794 649 827 credatis,

478 828 488 843 ⁵
501 830 629 864 quoniam

476 870 518 892 est
531 865 655 892 Christus
667 864 750 892 Filius

477 900 524 927 Dei
538 908 545 932 ;
562 905 589 927 et
605 905 633 927 ut
648 900 763 928 creden-

477 940 518 969 tes
528 957 535 966 ,
550 935 633 963 vitam
650 935 698 963 ha-

477 971 564 999 beatis
578 973 603 998 in
619 979 667 999 no-

478 1007 551 1035 mine
565 1007 635 1042 ejus.

562 1088 679 1117 CAPUT
698 1089 772 1117 XXI.

512 1183 538 1210 Ι.
559 1182 625 1210 Post
638 1182 706 1211 haec
720 1187 813 1211 osten-

477 1217 517 1246 dit
532 1226 562 1245 se
574 1219 670 1246 iterum

477 1253 557 1282 Jesus
571 1254 711 1289 discipulis

477 1289 516 1352 ac)
528 1290 584 1351 qus
633 1291 665 1331 ad
681 1297 757 1317 mare

500 1345 506 1351 .
553 1324 679 1352 ibertadts
694 1333 701 1352 :
718 1330 746 1352 et

500 1345 506 1351 .
528 1324 679 1352 Tiberiadis
694 1333 701 1352 :
718 1330 746 1352 et

478 1360 559 1387 simul
573 1365 651 1388 erant

479 1395 572 1423 Simon
586 1396 683 1423 Petrus
690 1416 697 1428 ,

478 1435 506 1458 et
518 1431 636 1458 Thomas
649 1452 656 1462 ,
672 1431 717 1466 qui

479 1466 578 1494 dicitur
594 1467 676 1502 Didy—

478 1509 540 1529 mus
551 1522 559 1535 ,
574 1508 601 1530 et
614 1502 695 1529 Nata-

480 1538 540 1565 nael
557 1538 567 1553 ¹⁵
582 1545 596 1564 a
612 1536 685 1565 Cana

479 1572 601 1601 Galilcae
613 1594 619 1603 .
636 1579 662 1601 et
676 1572 708 1600 ﬁ-

480 1609 498 1636 li
513 1608 679 1636 Zaebaedaei
688 1629 696 1641 ,

481 1649 509 1672 et
521 1645 566 1671 alii
580 1652 613 1671 es
627 1644 709 1672 disci-

481 1680 553 1713 pulis
567 1679 627 1714 ejus
640 1680 704 1707 duo.

480 1715 508 1743 '5.
530 1715 598 1742 Dicit
614 1716 675 1742 illos
688 1714 730 1743 Si-

481 1758 544 1779 mon
558 1750 653 1778 Petrus
669 1759 676 1777 :

481 1786 558 1814 Vadit
578 1786 686 1819 piscari.

482 1821 579 1849 Dicttnt
592 1821 629 1849 illi
644 1830 651 1848 ι
667 1821 721 1850 Ve-

482 1858 573 1885 nimus
585 1857 666 1885 simul

1657 125 1710 154 ὅθι

1124 178 1241 208 CODEX
1260 178 1487 208 VERONENSIS.

911 225 957 253 24.
978 225 1098 253 Thomas
1111 230 1201 254 autem

912 269 981 288 υηυε
996 270 1029 289 (‘X
1043 269 1093 289 ΧΠ.

911 297 956 331 qui
973 297 1041 325 dici-

911 337 955 360 tur
970 333 1098 367 Didymus
1112 354 1118 365 ,

912 376 966 395 non
982 373 1040 396 erat
1054 376 1115 396 cum

912 404 951 431 eis
963 427 968 433 ,
986 404 1094 437 quando

912 440 986 465 venit
1001 440 1090 466 Je~us.

980 476 1111 501 Dixoruut
1126 483 1192 511 ergo

912 510 936 537 ei
949 512 1031 536 cett-ri
1047 511 1127 537 disci-

912 547 985 579 puli:
1004 546 1127 573 Vidimus

913 581 1066 608 Dominttut.
1084 582 1133 609 Ille

911 623 999 643 autem
1015 617 1082 644 dixit
1097 618 1135 644 eis
1153 626 1159 643 :

910 651 967 679 Nisi
985 652 1078 679 videro
1091 652 1119 679 in

911 688 1037 715 manibus
1054 687 1113 722 ejus

911 722 1025 757 ﬁguram
1040 723 1131 750 clavo-

910 766 969 785 rum
979 780 987 791 ,
1005 763 1032 786 et
1048 759 1153 786 mittam

910 794 1023 829 digitum
1040 802 1130 821 meum

911 829 938 856 in
955 830 1043 856 locum
1058 830 1115 857 cla-

912 872 1008 892 vorum
1019 886 1027 898 ,
1042 870 1069 892 et
1082 865 1144 892 mit-

911 905 965 927 tam
982 908 1090 927 manum

911 944 998 962 meatu
1017 937 1041 962 iu
1060 937 1128 964 latus

913 971 971 1005 ejus
982 993 989 1004 ,
1007 980 1060 998 nou

914 1008 1034 1033 credam.

912 1042 956 1068 ‘26.
982 1043 1043 1068 I’o~t
1056 1043 1114 1069 dies
1128 1046 1190 1070 octo

915 1078 1012 1104 itertttn
1028 1082 1107 1104 erant.

914 1113 1038 1147 discipuli
1057 1115 1145 1144 intus,

914 1154 940 1175 ct
955 1149 1073 1174 Thomas
1088 1156 1149 1175 cum

914 1184 964 1211 eis.
985 1183 1061 1211 Venit
1075 1183 1155 1211 Jesus

911 1219 1002 1253 januis
1016 1220 1098 1247 clusis
1109 1240 1117 1252 ,

913 1260 940 1282 et
955 1255 1028 1282 stetit
1045 1255 1071 1282 in
1084 1262 1141 1282 me-

912 1290 967 1323 dio,
984 1295 1012 1318 et
1026 1291 1096 1317 dixit
1111 1300 1118 1317 :

914 1325 968 1353 Pax
985 1326 1073 1353 vobis.

912 1361 959 1388 27.
980 1361 1083 1389 Deinde
1098 1361 1164 1390 dicit

912 1396 1033 1425 Thomae
1050 1406 1056 1423 :
1071 1397 1142 1425 infer

912 1432 1026 1467 digitum
1043 1439 1117 1460 lllllm

913 1467 966 1494 huc
975 1488 982 1499 ,
998 1473 1025 1495 et
1038 1468 1100 1495 vide

913 1510 1010 1529 manus
1024 1510 1098 1530 meas
1109 1524 1117 1535 ,

913 1542 941 1565 et
956 1538 1032 1565 mitte
1049 1546 1157 1566 manum

914 1573 941 1600 itt
957 1574 1026 1600 latus
1041 1581 1131 1601 meuut
1147 1583 1153 1600 :

915 1613 943 1636 et
958 1610 1011 1636 noli
1028 1617 1089 1636 esse

914 1644 1088 1678 incredulus,
1103 1645 1151 1673 sed

915 1679 1013 1707 ﬁdelis.

915 1715 961 1744 28.
983 1715 1221 1751 Respondit‘Tho-

915 1759 974 1779 mas
987 1773 994 1782 ,
1010 1755 1037 1779 t't
1048 1752 1113 1779 tlit'il

915 1787 940 1815 ei
959 1796 966 1814 :
980 1787 1112 1814 Dominus

915 1831 992 1850 meus
1002 1843 1010 1856 ,
1026 1829 1054 1851 et
1067 1823 1139 1850 Deus

914 1866 1003 1886 meus.

1328 226 1374 253 29.
1399 227 1464 253 Dicit
1480 228 1504 255 ei
1519 227 1597 256 Jesus
1612 237 1619 256 :

1328 262 1396 295 Quia
1412 262 1501 289 vidisti
1517 271 1577 296 me,

1329 298 1470 325 credidisti
1488 309 1494 326 :
1511 299 1582 327 beati

1328 334 1373 368 qui
1389 341 1442 361 nou
1458 334 1534 361 vide-

1328 374 1409 401 runt,
1425 374 1454 397 et
1468 377 1527 397 ι·ιέ-

1329 404 1467 432 diderunt.

1329 440 1374 468 50.
1389 440 1477 477 Multa
1493 442 1620 477 quidem,

1330 480 1358 511 et
1370 476 1422 503 alia
1438 476 1513 511 signa

1330 510 1395 538 fecit
1407 510 1487 539 Jesus
1500 513 1525 540 in

1330 554 1478 582 conspectu
1494 548 1577 576 disci~

1330 582 1455 616 pulorttm
1470 591 1580 611 suorum
1594 606 1599 613 η

1330 625 1400 652 quae
1417 626 1470 645 non
1485 624 1548 646 sunt

1330 653 1430 687 scripta
1442 654 1468 680 in
1486 655 1555 682 libro

1331 689 1375 715 3L
1398 689 1459 717 hoc.
1477 690 1548 718 llaec
1560 699 1609 719 au-

1331 728 1385 751 tem
1401 726 1502 759 scripta

1331 764 1394 786 sunt
1403 781 1410 793 ,
1426 765 1453 787 ut
1468 769 1527 789 cre—

1330 795 1401 822 datis
1412 817 1419 828 ,
1434 797 1497 830 quia

1331 831 1371 865 (η)
1389 831 1467 859 Jcsus
1481 833 1606 862 Christus

1331 872 1373 894 est
1386 866 1469 894 Filius
1484 868 1530 895 Dei
1545 869 1581 903 1-;

1331 905 1360 928 et
1376 908 1404 928 ut
1417 903 1533 931 creden-

1333 942 1385 970 tes,
1403 939 1484 965 vitam
1497 939 1535 974 (li)
1549 944 1636 969 aeter-

1332 980 1394 999 nam
1406 973 1426 1009 -ι-
1440 973 1561 1003 habeatis

1333 1009 1360 1034 in
1374 1009 1484 1037 nomine
1497 1010 1565 1045 t-jus.

1422 1066 1535 1095 CAPUT
1556 1067 1628 1096 XXI.

1372 1113 1396 1139 i.
1417 1112 1514 1140 Postea
1531 1114 1617 1142 mani-

1335 1149 1443 1176 fcstavit
1457 1156 1487 1176 se
1500 1151 1549 1176 ite~

1334 1192 1393 1211 runt
1410 1184 1490 1211 Iesu.»
1502 1185 1545 1211 di-

1333 1220 1445 1254 scipulis
1457 1219 1495 1255 (c)
1511 1220 1568 1248 suis
1581 1221 1601 1255 -ι-

1332 1254 1373 1318 θςζ)
1388 1263 1470 1297 super
1484 1263 1557 1283 mare
1570 1254 1591 1291 14

1356 1292 1494 1318 tbertadts.

1332 1291 1494 1318 'l'iberiadis.

1309 1354 1312 1358 ,
1332 1326 1517 1354 Manifestavit

1332 1367 1422 1389 autem
1438 1362 1478 1389 sic
1493 1370 1499 1388 :

1298 1413 1304 1419 -
1332 1397 1360 1424 2.
1384 1398 1465 1424 Erant
1477 1397 1558 1425 simul

1333 1433 1427 1460 Simon
1440 1433 1535 1460 Petrus
1545 1454 1552 1465 ,

1333 1473 1361 1495 et
1375 1468 1494 1494 Thomas
1504 1488 1511 1497 .
1528 1469 1575 1502 qui

1334 1503 1434 1530 dicitur
1450 1503 1580 1538 Didymus
1589 1524 1596 1535 .

1335 1544 1362 1566 et
1376 1538 1506 1574 Nntatuael
1518 1558 1526 1571 ,
1542 1539 1588 1574 qui

1335 1578 1396 1601 erat
1409 1582 1422 1600 a
1437 1573 1508 1601 Cana

1334 1609 1454 1637 Galilt-ae
1464 1630 1471 1641 ,
1485 1615 1512 1637 et
1527 1609 1563 1636 ﬁli

1335 1644 1469 1672 Zehedat-i
1482 1665 1489 1676 ,
1505 1651 1532 1672 et
1546 1645 1594 1673 alii

1328 1680 1460 1714 discipuli
1476 1681 1533 1713 ejus
1548 1682 1613 1708 duo.

1335 1716 1362 1743 5.
1387 1716 1453 1743 Dicit
1467 1716 1507 1743 eis
1523 1716 1619 1745 Simon

1336 1751 1433 1779 Petrus
1450 1760 1456 1778 :
1474 1751 1549 1779 Vado

1335 1786 1446 1821 piscari.

1335 1823 1432 1850 Dicunt
1449 1823 1474 1850 ei
1492 1832 1498 1849 :
1515 1823 1568 1852 Ve-

1335 1858 1426 1886 nimus
1439 1863 1467 1886 et
1479 1867 1531 1887 nos

728 1917 842 1946 CODEX
863 1917 1064 1947 BRIXIANUS.

77 1971 124 1995 tur.
143 1968 261 1996 Thomas
278 1971 368 1995 autem
397 1973 466 1993 unus
486 1973 518 1993 ex
543 1965 697 1993 duodecim.
734 1966 779 2000 qni
799 1966 866 1994 dici-

77 2007 115 2038 tur
145 2004 273 2038 Didymus
287 2022 295 2034 ,
319 2011 372 2030 non
405 2006 546 2038 eratcum
572 2001 622 2038 eis.
641 2001 764 2038 quando
785 2002 866 2038 itteuit

76 2037 157 2066 Jesutt.
191 2036 323 2067 Dixerunt
351 2045 415 2072 ergo
448 2037 471 2065 ei
501 2037 547 2064 alii
579 2036 715 2072 discipuli.
743 2036 865 2064 Vidimus

77 2073 221 2102 Dominum.
257 2074 303 2101 ille
332 2079 421 2100 autem
453 2072 522 2100 dixit
543 2073 593 2100 eis.
622 2072 678 2100 Nisi
704 2072 807 2099 videro.
836 2073 862 2099 in

76 2110 191 2137 inanibus
218 2110 277 2145 ejus
306 2109 417 2145 locum.
434 2108 570 2136 clavorum
586 2113 614 2135 et
628 2109 733 2145 mittam
749 2108 862 2143 digitum

77 2152 157 2172 meum
184 2147 209 2173 iu
233 2144 370 2172 ’l'oratniua
396 2144 544 2171 clavorum.
573 2149 600 2171 et
627 2144 730 2170 iuitiatn
754 2152 861 2170 manum

78 2187 158 2208 meum
178 2183 203 2209 iu
218 2182 288 2208 latus
303 2180 372 2215 ejus.
390 2188 443 2207 non
460 2180 580 2207 credam.
599 2179 629 2205 ΡΙ
645 2185 703 2213 post
719 2179 776 2206 dies
789 2184 861 2205 octo.

78 2214 165 2250 iterum
178 2223 253 2244 erant
266 2214 391 2250 discipuli
405 2217 464 2248 cjus
475 2215 556 2248 intus,
571 2219 599 2242 et
608 2214 726 2241 Tha-mas
737 2223 798 2241 cum
812 2216 862 2241 eis.

77 2249 149 2278 Venit
164 2252 251 2285 inique
265 2251 355 2279 ,Ιιι-ιιε.
369 2252 457 2284 ianuis
470 2251 579 2278 clausis.
595 2254 623 2278 et
635 2252 708 2277 stetit
721 2251 746 2277 in
763 2250 863 2277 medio.

78 2290 104 2312 et
117 2288 180 2315 dixit
199 2288 251 2315 l’ax
268 2287 354 2314 vobis.
372 2287 473 2313 Deinde
488 2286 551 2313 dicit
567 2286 697 2313 Thomae.
713 2285 784 2313 infer
798 2287 867 2320 digi—

79 2325 129 2348 tutn
146 2327 215 2351 tuum
232 2324 294 2351 huc.
311 2328 337 2350 et
354 2322 412 2350 vide
428 2331 522 2348 manus
533 2329 617 2349 meas.
633 2326 661 2348 et
675 2322 741 2348 alter
757 2329 865 2348 manum

79 2360 158 2385 luant.
169 2365 194 2386 et
203 2359 278 2386 mitte
296 2360 321 2385 in
335 2358 406 2385 latus
418 2365 515 2384 meum.
529 2363 555 2384 et
568 2358 622 2384 uoli
638 2364 699 2385 esse
713 2357 867 2384 ittcredulus

79 2393 123 2420 sed
136 2394 227 2423 ﬁdelis.
247 2394 397 2429 Respondit
418 2392 538 2420 Thomas
557 2396 585 2420 et
602 2392 668 2421 dicit
681 2393 716 2421 ei.
738 2393 868 2420 Dominus

917 1974 993 1993 meus
1012 1971 1039 1993 et
1054 1966 1126 1994 Deus
1145 1973 1232 1994 meus.
1254 1966 1325 1994 Dicit
1339 1966 1362 1993 ei
1378 1965 1468 1993 Iesus.
1485 1965 1551 1998 Quia
1569 1967 1660 1994 vidisti
1675 1974 1719 1995 me

916 2002 1067 2029 credidisti.
1092 2002 1163 2029 beati
1189 2002 1234 2037 qui
1259 2010 1313 2029 non
1335 2002 1460 2037 viderunt
1482 2006 1509 2029 et
1533 2002 1717 2030 crediderunt.

916 2037 996 2064 Multa
1013 2038 1133 2071 quidem.
1150 2043 1177 2064 ct
1191 2038 1243 2064 alia
1257 2038 1332 2071 signa
1350 2036 1412 2064 fecit
1424 2036 1512 2063 Jews.
1530 2037 1556 2063 itt
1573 2043 1719 2068 consttcctu

916 2073 1122 2107 discipulorum.
1147 2080 1216 2107 quae
1244 2080 1296 2099 nou
1317 2076 1381 2099 sunt
1403 2072 1503 2098 srribta
1523 2073 1548 2099 iu
1568 2073 1618 2100 ltoc
1639 2073 1718 2101 libro,

917 2108 988 2136 Haec
1004 2113 1092 2135 autem
1109 2109 1208 2135 scribta
1225 2112 1297 2135 sunt.
1317 2113 1346 2134 ιιι
1360 2108 1488 2134 credatis.
1508 2109 1568 2140 quia
1579 2110 1626 2143 ⁴(η)
1641 2108 1721 2135 .Irsus

915 2144 1040 2171 Christus
1054 2151 1105 2172 cst.
1127 2144 1210 2170 Filius
1228 2144 1272 2171 ltei
1287 2144 1306 2179 ἦ·
1326 2150 1350 2170 et
1369 2149 1401 2179 ut
1411 2143 1531 2170 ert-deuo
1543 2151 1565 2169 s.
1582 2144 1662 2171 \‘ilaltt
1682 2144 1718 2179 (ὁ)

917 2186 1054 2207 aen-rnatu
1077 2180 1096 2215 -ἰ-
1121 2180 1251 2206 habeatis.
1279 2178 1304 2206 in
1332 2178 1441 2205 nomine
1467 2180 1534 2211 ejus.
1562 2179 1624 2206 Post
1654 2180 1721 2207 haec

919 2215 1102 2242 muniiestavil
1121 2223 1151 2242 se
1173 2215 1269 2242 ilt'rllm
1290 2215 1379 2242 ,ιε-υς.
1400 2215 1540 2247 discipulis
1555 2214 1592 2249 (τ)
1612 2217 1667 2241 suis
1688 2215 1719 2250 ᾧ.

918 2251 950 2277 ad
964 2259 1037 2277 mare
1049 2250 1211 2277 'l'itwrtatiis.
1224 2251 1404 2277 Mantlcslawt
1419 2254 1508 2275 :tlllt'llt
1520 2258 1560 2276 se.
1573 2251 1622 2277 sic.
1639 2251 1722 2278 Erant

919 2286 1010 2313 simul.
1023 2286 1115 2313 Situou
1125 2286 1231 2313 Petrus.
1242 2292 1266 2313 et
1277 2286 1406 2321 Thomas.
1418 2285 1461 2315 qui
1471 2285 1570 2321 dicitur
1580 2286 1720 2321 Didymus.

920 2327 947 2348 et
971 2322 1130 2349 Nathanael.
1153 2322 1196 2354 qtti
1220 2326 1288 2348 erat.
1315 2329 1329 2348 a
1352 2320 1442 2348 Cauau
1464 2320 1595 2348 Galilcae.
1619 2320 1645 2349 et
1675 2322 1722 2350 ﬁlii

921 2356 1049 2384 Zt-hcdei.
1073 2362 1100 2384 et
1125 2357 1169 2383 alii
1196 2357 1250 2384 dtto
1274 2365 1307 2384 ex
1330 2356 1470 2389 discipulis
1494 2356 1563 2390 ejus.
1589 2357 1656 2384 Dicit
1681 2357 1722 2385 eis

920 2393 1012 2420 Sitnou
1026 2393 1139 2428 Petrus.
1157 2391 1233 2420 Vado
1253 2393 1361 2428 piscari.
1377 2392 1475 2419 Dicunt
1494 2392 1529 2419 ei.
1545 2392 1672 2420 Venimus
1695 2400 1723 2421 et

709 2450 827 2479 CODEX
845 2450 1081 2479 CORBEIENSIS.

112 2496 183 2528 Deut
196 2501 287 2536 folium
297 2509 314 2528 α
323 2507 395 2529 vers.
409 2499 446 2528 25
457 2498 562 2526 excluso
575 2497 674 2534 Capitis
686 2505 720 2525 xx
732 2505 811 2532 usque
823 2496 857 2524 ad
868 2504 940 2525 vers.
958 2497 975 2524 8
990 2495 1090 2531 Capitis
1105 2504 1160 2524 xxi.

695 2554 894 2583 VARIANTES
908 2553 1108 2582 LECTIONES.

109 2603 117 2637 ξ
134 2605 190 2637 lim.
202 2605 251 2631 Pax
264 2606 396 2630 vobiscum.
410 2603 545 2637 Vulg.Pax
557 2603 634 2637 nobis.

94 2634 120 2669 ,ἶ
134 2635 185 2669 (Egit.
195 2637 285 2662 deinde
295 2637 405 2669 Thomas
418 2643 424 2660 :
439 2631 539 2668 porrige
557 2635 671 2666 digitum.
687 2631 760 2665 Vulg.
774 2633 866 2658 deinde

78 2664 133 2699 dicit
144 2666 258 2699 fl'houtae.
271 2668 334 2692 infer
343 2664 457 2699 digitum.

76 2705 81 2713 '
106 2696 117 2711 ⁸
134 2698 184 2723 Gut.
198 2700 275 2724 tldisti
287 2706 338 2727 me.
358 2696 384 2724 ei
395 2698 519 2723 credidisti
532 2705 538 2722 :
550 2698 616 2722 beati
632 2697 673 2728 qui
684 2703 724 2721 me
736 2702 784 2720 non
795 2696 866 2720 vide-

77 2732 140 2754 runt.
156 2729 226 2763 Vulg.
235 2730 319 2757 vidisti
335 2736 376 2755 me
388 2729 492 2761 Thema,
505 2729 630 2754 credidisti
644 2735 650 2753 :
664 2728 731 2753 beati
753 2728 795 2757 qui
818 2733 867 2751 uon

918 2602 1160 2667 figegiziiihquoniatn
1171 2631 1320 2667 Iesus..._ut
1339 2632 1493 2667 credentes,_
1507 2632 1582 2657 vitam
1603 2633 1723 2667 aeternam

917 2663 1032 2700 iiebeatis
1054 2662 1088 2687 in.
1115 2662 1184 2695 Vulg.
1205 2664 1261 2694 quia
1272 2663 1376 2688 Iesus...
1397 2668 1424 2689 ut
1435 2662 1579 2695 credentes,
1594 2663 1666 2688 vitam
1678 2663 1723 2687 ha-

917 2695 1037 2720 beatisin.

950 2727 960 2742 ⁵
979 2726 1034 2751 Gat.
1048 2732 1061 2750 a
1073 2725 1199 2752 Channan.
1215 2724 1394 2758 Vulg.aCaua.

739 2779 923 2809 BLANCIIINI
942 2779 1058 2808 NOTAE.

109 2841 150 2877 (α)
162 2842 201 2881 ita
213 2847 241 2871 et
253 2843 315 2871 cod.
327 2842 405 2881 (lant.
423 2841 708 2881 'lna'oﬁcXpta-rosuiéc
716 2841 850 2881 ἐστιν-τοξ
857 2843 980 2881 Θεοῦλ-ά
991 2838 1031 2881 φ)-
1044 2838 1130 2881 Addit
1140 2844 1284 2881 ueternum,
1301 2836 1382 2865 etiam
1396 2835 1457 2864 cod.
1473 2835 1549 2864 Cant.
1566 2836 1674 2863 αἰώνιον.
1689 2847 1721 2853 -——

79 2874 117 2912 (ε)
129 2874 208 2907 Addit
222 2878 356 2913 suit,cod.
382 2886 489 2915 quoque
510 2874 589 2906 (lant.
618 2876 810 2912 angam—(tt)
829 2875 897 2904 Tex.
918 2874 976 2911 Gr._
991 2876 1033 2902 ἐπὶ
1053 2877 1099 2904 τῆς
1117 2874 1258 2904 Galateam.
