3950 6194
542 175 649 237 495

545 401 600 448 et
631 405 727 445 nos
751 398 953 444 tecum.

547 464 848 524 Exierunt,
882 466 938 512 et

546 531 914 590 ascenderunt

547 607 602 660 in
632 601 932 659 naviculam
965 615 979 652 :

545 679 634 730 illa
667 682 823 728 nocte
848 670 929 724 ni-

544 748 622 802 hil
654 752 933 814 ceperunt.

543 819 597 871 4.
643 813 770 878 Sed,
803 829 923 868 cum
957 813 970 841 ‘
1003 827 1120 878 ma.

545 905 615 945 ne
647 889 843 942 factum

1059 172 1335 235 EUSEBII
1373 171 1710 236 VERCELL.
1751 171 2204 232 EVANGEUUM
2241 173 2383 230 CUM
2426 171 2652 232 VARUS
2686 170 2842 232 COD.
2883 168 3274 229 COLLATUM.

940 293 1169 352 CODEX
1207 291 1741 349 VERCELLENSIS.

1375 386 1429 440 8.
1477 386 1578 438 Alii
1601 381 1852 452 discipuli
1881 382 1934 438 in

1377 455 1622 510 navicula
1658 471 1747 509 ve-

1378 536 1575 582 nerunt
1597 526 1618 556 ⁸
1644 544 1656 579 :
1684 526 1702 597 (
1729 539 1833 581 non

1378 599 1520 653 enim
1552 598 1710 667 longe

1377 679 1494 724 erat
1520 680 1662 724 terra
1679 711 1692 734 ,
1731 669 1812 725 fe-

1380 755 1438 795 re
1463 741 1658 795 cubitis
1692 741 1773 794 vi-

1383 851 1394 863 .
1443 853 1455 863 .
1499 813 1614 879 nti)
1646 811 1829 866 trahe-

1379 883 1507 937 bant
1535 884 1728 938 retiam

544 968 721 1024 esset,
747 958 904 1012 Jesus
926 956 1076 1010 stetit
1379 955 1626 1024 piscium.

545 1033 599 1087 in
630 1032 848 1090 liuore;
880 1043 987 1080 non

545 1103 689 1158 enim
721 1098 966 1156 sciebant

545 1172 821 1247 discipuli,
851 1167 997 1240 quod
1041 1237 1055 1247 Δ
1078 1237 1109 1247 ,μ
1138 1236 1149 1247 .

545 1246 601 1300 5.
643 1236 800 1299 Jesus
827 1236 992 1296 esset.
1027 1237 1117 1291 Ait
1137 1236 1201 1294 il-

546 1318 613 1370 lis
644 1334 656 1368 :
690 1313 908 1367 Habetis
936 1312 1032 1366 ali-

546 1386 674 1458 quid
699 1387 718 1416 '
745 1383 989 1458 pulmen-

548 1455 659 1513 tum
683 1455 825 1512 vos?

546 1527 966 1596 Responderunt
994 1524 1067 1579 illi
1104 1541 1117 1574 :
1387 1539 1531 1596 nem.

550 1604 603 1656 6.
647 1601 782 1654 Non.
818 1596 899 1652 Ad
931 1596 995 1654 il-

549 1673 601 1726 le
631 1672 766 1725 dixit
795 1669 902 1722 illis
935 1684 947 1718 :
979 1667 1100 1724 Mit-

548 1744 646 1796 tite
675 1743 728 1796 in
755 1739 1010 1792 destram

549 1813 624 1884 (b)
652 1823 858 1881 partem
884 1807 974 1884 vi}
999 1805 1148 1862 navi—
1387 1807 1695 1884 tl._pistis.
1710 1806 1931 1884 discen-

930 1879 1006 1933 ie—
1385 1878 1465 1932 dit
1489 1878 1674 1933 Simon
1709 1875 1808 1931 Pe-

1385 1959 1502 2004 trus
1526 1991 1541 2014 ,
1575 1957 1630 2002 et
1658 1949 1826 2003 traxit

955 2053 999 2076 .-
1381 2022 1575 2076 retiam
1598 2019 1665 2074 ad
1690 2028 1798 2074 ter-

1384 2107 1498 2146 ram
1527 2092 1741 2161 plenam

1384 2163 1593 2233 magnis
1624 2163 1784 2233 pisci-

1383 2231 1494 2289 bus
1511 2249 1660 2288 cun.
1694 2231 1763 2288 Et

1383 2321 1506 2360 cunt
1533 2307 1553 2336 ⁵
1578 2305 1709 2358 tanti
1739 2319 1828 2364 cs-

1385 2386 1540 2441 sent,
1574 2390 1681 2429 non
1709 2383 1796 2429 est

1383 2448 1552 2501 sciSsa
1580 2446 1739 2501 retia.

1385 2518 1472 2571 12.
1517 2517 1606 2572 Ait
1631 2516 1736 2570 illis
1763 2515 1920 2576 Iesus
1953 2529 2082 2580 :ve—

913 2631 927 2656 ,
962 2589 1034 2646 Pe
1049 2620 1064 2630 -
1384 2589 1496 2643 nite
1515 2630 1528 2651 ,
1563 2587 1797 2656 prande-

1385 2669 1460 2714 te.
1493 2659 1562 2712 Et
1592 2672 1752 2713 nemo

1383 2729 1620 2785 audebat
1643 2745 1712 2783 ex

1384 2799 1663 2871 discipulis
1692 2815 1750 2854 e-

1379 2873 1468 2942 jus
1497 2875 1702 2925 interro
1718 2900 1734 2910 -

547 1885 621 1954 gii
643 1925 656 1949 ,
684 1891 740 1954 et
765 1884 1006 1935 invenie-

550 1953 640 2008 tis.
680 1953 941 2008 Miserum

549 2026 660 2090 illi,
689 2034 742 2080 et
768 2023 908 2077 lrah.

549 2112 610 2151 re
639 2112 742 2149 non
771 2103 922 2164 pote—

546 2179 669 2222 rant
696 2168 887 2221 retiam

547 2253 678 2310 prae
703 2235 883 2291 multi-

548 2310 792 2365 tudinem
822 2310 928 2377 pis-

547 2381 602 2434 7.
645 2381 808 2436 cium.
838 2378 974 2433 Dicit
999 2391 1088 2432 cr-

544 2467 613 2520 go
643 2450 942 2514 discipulus

548 2523 668 2589 ille,
700 2536 857 2592 quem
889 2520 1013 2592 dili-

544 2594 702 2665 gebat
733 2593 894 2665 Jesus

548 2663 633 2720 iro
665 2683 677 2718 :
712 2663 971 2717 Dominus
999 2671 1106 2718 est.

549 2736 617 2790 Et
649 2736 836 2792 Simon
862 2733 963 2789 Pe-

547 2817 664 2861 trus
685 2848 700 2873 ,
734 2805 918 2859 audito

545 2879 667 2948 quia
699 2876 954 2934 Dominus
984 2882 1070 2930 est
1087 2914 1101 2941 ,

549 2943 784 3031 [unicam
807 2963 879 3029 _se
1382 2957 1510 3031 gare
1533 2943 1681 3025 illum
1718 2958 1730 3029 ξ

584 3029 844 3077 raecitmt
866 3061 880 3083 ,

584 3037 844 3077 raecmxu
866 3061 880 3083 ,
1383 3037 1402 3045 '
1434 3037 1507 3068 tu
1535 3037 1623 3083 qut
1652 3037 1746 3068 es:
1773 3037 1948 3069 suen-

542 3037 579 3164 ἵ
583 3100 700 3164 erat
728 3092 872 3164 enim
900 3105 999 3164 ntt-
1382 3096 1496 3164 l_e_s.,
1529 3083 1964 3164 quodADominus

543 3161 688 3244 dus)
719 3171 772 3215 et
801 3161 948 3216 misit

543 3247 604 3288 se
633 3251 693 3303 tu
716 3247 885 3288 mare.

544 3466 645 3506 nos
676 3457 874 3502 tecum.
903 3445 968 3499 Et
988 3444 1256 3502 exierunt.
1283 3452 1336 3498 et
1361 3441 1724 3496 ascenderunt
1759 3440 1811 3496 in
1842 3456 2057 3496 navem.
2086 3451 2141 3496 et

542 3523 596 3576 iit
629 3520 718 3574 illa
751 3529 908 3571 nocte
951 3515 1084 3568 nihil
1130 3522 1410 3582 ceperunt.
1454 3512 1607 3566 Mane
1637 3520 1817 3566 autem
1845 3511 1922 3581 (α)
1951 3511 2064 3580 jam
2098 3511 2138 3582 -ι-

541 3592 706 3645 facto.
738 3590 885 3642 stetit
923 3587 1081 3644 Iesus
1118 3587 1169 3640 in
1201 3585 1377 3640 litore.
1420 3599 1524 3636 non
1557 3591 1739 3638 tamen
1767 3591 2141 3654 cognoverunt

543 3660 793 3726 discipuli
833 3658 981 3730 ejus.
1004 3657 1125 3730 quia
1167 3655 1475 3730 Jesus_est._
1501 3654 1638 3730 Dicit
1679 3669 1808 3730 ergo
1839 3653 1918 3708 eis
1955 3653 2133 3730 .lesus.

543 3725 706 3788 Pneri
729 3725 986 3798 numquid
1016 3725 1436 3798 pulmentarium
1454 3725 1694 3798 habetis.
1719 3725 2140 3798 Responderunt

541 3806 614 3859 ei.
663 3801 800 3856 Non.
838 3795 918 3854 Ad
968 3800 1058 3853 ille
1098 3799 1232 3851 dixit
1269 3798 1368 3850 eis.
1420 3797 1609 3850 Mittite
1649 3797 1700 3849 in
1742 3797 2020 3850 dexteram
2061 3795 2138 3865 (b)

542 3885 752 3946 partem
785 3871 825 3946 -ι-
857 3873 1007 3925 navis
1050 3873 1237 3946 retiain
1274 3877 1327 3923 et
1365 3868 1670 3922 invenietis.
1702 3867 1962 3946 Miserum
1987 3883 2139 3936 ergo.

541 3939 596 4001 ct
627 3961 733 3999 non
767 3939 1016 4009 pblerant
1051 3939 1265 3994 trahere
1303 3954 1442 3994 eam.
1480 3955 1608 4008 prae
1652 3939 1994 3992 multitudine
2026 3954 2138 4007 pis-

537 4019 703 4072 cium.
739 4016 876 4070 Dicit
897 4031 1024 4081 ergo
1051 4011 1346 4076 discipulus
1375 4011 1482 4064 ille.
1509 4026 1668 4079 quem
1695 4009 1953 4078 diligebat
1979 4009 2140 4081 .lesus

541 4089 703 4143 Petro
739 4080 996 4140 Dominus
1016 4094 1116 4140 est.
1139 4082 1328 4138 Simon
1352 4097 1481 4148 vero
1506 4081 1718 4146 Petrus,
1752 4095 1874 4134 cum
1898 4080 2142 4136 audisset

537 4162 659 4228 quia
693 4158 951 4214 Dominus
993 4164 1095 4229 est.
1140 4158 1377 4229 tunicam
1418 4168 1476 4209 se
1513 4151 1800 4229 succinxit.
1837 4161 1955 4229 erat
1993 4151 2137 4229 enim

540 4221 737 4286 nudus.
788 4237 843 4285 et
885 4227 1030 4284 misit
1080 4241 1140 4283 se
1192 4226 1244 4280 in
1294 4239 1462 4280 mare.
1511 4223 1614 4285 Alii
1655 4232 1836 4278 autem
1888 4221 2138 4290 discipuli

1825 4339 2058 4395 CODEX
2095 4336 2577 4400 CORBEIENSIS.

616 4473 668 4526 9.
713 4469 898 4524 vident
924 4466 1190 4524 carbones
1221 4465 1494 4531 incensos,
1525 4470 1581 4518 et
1611 4461 1834 4532 piscem,
1863 4466 1918 4514 et
1951 4472 2141 4528 panem

1382 3013 1403 3045 ⁵
1425 3014 1507 3068 Tu
1535 3014 1623 3083 qui
1652 3012 1750 3068 es?
1773 3013 1948 3069 scien-

545 4541 967 4611 superpositum.

618 4608 724 4668 1οζ
747 4627 883 4682 quos
913 4624 1052 4666 nunc
1073 4611 1095 4642 ⁸
1116 4608 1358 4679 cepistis.

516 4945 523 4948 _
546 4893 646 4934 tent
672 4882 979 4948 [actoLstt-tit
1001 4879 1149 4948 .lcsus
1173 4881 1238 4926 in.

611 4949 630 4978 ³
667 4946 775 4994 Gut.
805 4937 1189 5006 Pulmentarinm
1231 4952 1325 4988 non
1343 4938 1571 4988 habetis?
1601 4937 1745 5006 Vulg.
1771 4937 2013 5003 Numquid
2029 4939 2140 5003 pul-

549 5007 842 5057 mentarium
863 5005 1056 5052 habetis
1071 5002 1095 5051 ‘.’

614 5071 635 5101 ³
669 5070 774 5118 Gat.
801 5067 933 5114 naris
951 5070 1148 5125 rete,et
1173 5063 1449 5112 invenietis.
1481 5062 1719 5111 Miserum
1745 5075 1890 5124 ergo.
1911 5062 2142 5123 etiam...

545 5144 574 5180 a
593 5130 924 5180 multitudine.
953 5129 1073 5189 Mm.
1096 5126 1377 5189 invenietis.
1410 5125 1654 5189 Dixerunt
1679 5125 2143 5189 ergotPraaceptor,

549 5206 640 5255 per
661 5200 809 5242 lotam
826 5196 1019 5238 noctem
1048 5187 1344 5255 laborantes,
1367 5185 1487 5234 nihil
1511 5185 1784 5255 coepimus,
1808 5188 1856 5236 in
1880 5185 2032 5255 εει-βό
2056 5185 2144 5246 an;

547 5248 650 5304 ἰείη
672 5257 920 5302 mittemus
944 5259 1074 5317 rete.
1103 5248 1482 5317 Miseruutergo
1500 5248 1643 5309 retift,
1670 5258 1721 5299 et
1733 5251 1856 5317 jam.
1883 5250 2030 5317 Vulg.
2055 5263 2144 5300 na-

549 5318 673 5379 vigit
693 5324 824 5374 rete,
873 5321 927 5363 et
971 5312 1256 5362 invenietis.
1299 5310 1540 5361 Miserum
1573 5326 1712 5375 ergo,
1735 5310 1804 5363 ’et
1837 5310 1999 5375 jam”:
2027 5327 2143 5378 prae

549 5378 878 5429 multitudine.

633 5599 710 5674 (a)
724 5598 906 5674 -Addit

553 5667 650 5730 Gr;
693 5667 801 5726 ὧν.
825 5701 896 5711 -

939 5601 1058 5659 'am.
1089 5604 1146 5653 et
1175 5602 1284 5650 lex.
1315 5593 1411 5650 Gr.
1436 5591 1554 5653 ἤδη.
1586 5620 1657 5633 -

918 5621 998 5743 id)
1043 5667 1118 5723 Ita
1159 5674 1214 5723 et
1255 5674 1363 5722 tex.
1394 5665 1489 5721 Gr.
1529 5664 1654 5721 ἀπὸ.

1379 1021 1431 1079 9.
1476 1024 1544 1080 Ut
1569 1039 1695 1094 ergo
1722 1021 1948 1086 descen-

1376 1097 1573 1151 derunt
1602 1097 1653 1148 in
1683 1105 1790 1151 ter-

1377 1184 1493 1222 ram
1517 1209 1532 1232 ,
1561 1168 1747 1220 vident

1380 1239 1645 1293 carbones
1675 1238 1756 1291 in-

1383 1324 1599 1373 censos,
1633 1318 1687 1362 et
1719 1309 1826 1378 pis-

1384 1397 1502 1436 cem
1532 1395 1792 1449 superpo-

1385 1455 1544 1507 situm
1564 1493 1580 1517 ,
1613 1460 1668 1505 et
1693 1466 1787 1526 pa—

1393 1597 1478 1649 to.
1520 1594 1657 1648 Dicit
1684 1593 1794 1656 illis
1814 1591 2010 1656 Iesus:
2042 1589 2150 1646 Att-.-

1387 1666 1558 1726 leritis
1585 1664 1655 1718 de
1685 1665 1792 1733 pis-

1385 1737 1567 1816 cibus.
1589 1750 1724 1814 quos
1737 1749 1844 1816 _ce-

1380 3153 1470 3211 15.
1511 3153 1612 3211 est.
1641 3153 1709 3226 (Γ)
1729 3154 2142 3226 νθηίι·;·Ιεειις,

1377 3235 1435 3282 et
1466 3229 1485 3257 "
1514 3229 1745 3296 sumpsit
1772 3242 1865 3300 pa-

2675 288 2911 346 CDDEX
2951 285 3402 346 VERONENBIB.

2244 393 2421 437 tecum
2431 424 2443 437 .

2247 455 2314 508 Et
2339 456 2618 519 exierunt,

2245 535 2301 581 et
2331 525 2695 582 ascenderunt

2244 596 2298 650 in
2335 612 2523 651 navem
2558 613 2570 646 :
2600 605 2656 652 et
2685 595 2776 654 illa

2247 677 2406 722 nocte
2435 667 2724 736 prendide-

2247 747 2371 792 runt
2400 737 2555 792 nihil.

2245 810 2298 864 ἂν.
2341 811 2497 864 Mane
2527 819 2705 864 autem

2245 881 2323 950 (α)
2349 881 2459 949 iam
2491 880 2531 951 ’ξ’
2562 879 2704 942 facto
2721 923 2738 947 ι

2244 954 2394 1006 stetit
2419 951 2576 1006 Jesus
2607 953 2661 1008 in

2243 1023 2402 1077 litore
2423 1039 2437 1086 ;
2468 1038 2573 1078 non
2603 1033 2685 1080 ta-

2246 1109 2370 1148 men
2401 1104 2773 1163 cognoverunt

2245 1164 2532 1236 discipuli,
2565 1166 2690 1236 quia

2247 1235 2404 1290 .lesus
2429 1245 2535 1291 est.

2249 1308 2303 1362 5.
2349 1309 2484 1361 Dicit
2510 1323 2641 1375 ergo
2675 1308 2755 1364 eis

2249 1379 2408 1433 Jcsus
2443 1397 2458 1431 :
2485 1378 2647 1434 Pueri
2668 1418 2686 1445 ,

2253 1449 2512 1518 numquid
2547 1450 2789 1518 pulmen-

2254 1517 2449 1574 tarium
2480 1517 2737 1575 habetis?

2253 1591 2673 1661 Responderunt

2252 1662 2303 1716 ei
2337 1679 2352 1717 :
2387 1661 2524 1716 Non.

2253 1734 2307 1788 6.
2352 1733 2493 1790 Dicit
2521 1733 2602 1792 eis
2636 1751 2649 1786 :

2255 1805 2448 1860 Mittite

2253 1876 2304 1929 in
2333 1875 2583 1948 destram
2611 1873 2688 1948 (ὁ)
2717 1889 2841 1945 par-

2253 1955 2362 2000 tem
2393 1945 2435 2017 -l-
2464 1945 2732 2002 navis're—

2253 2026 2361 2072 tem
2379 2060 2392 2081 ,
2427 2026 2481 2072 et
2508 2019 2588 2073 itt-

2253 2090 2510 2146 venietis.

2252 2159 2519 2214 Miserunt
2546 2174 2676 2229 ergo
2696 2201 2710 2223 ,
2739 2167 2795 2215 et

2251 2245 2384 2299 prae
2418 2229 2765 2286 multitudine

2251 2303 2482 2372 piscium
2513 2303 2677 2358 etiam

2251 2388 2361 2427 non
2392 2382 2638 2442 poterant
2663 2387 2724 2434 re
2738 2402 2754 2422 -.

2253 2444 2381 2497 tiam
2415 2443 2652 2506 trahere.

2253 2515 2306 2568 7.
2352 2514 2489 2568 Dicit
2518 2529 2650 2584 ergo
2675 2513 2840 2572 disci.

2252 2585 2412 2654 pulus
2444 2585 2564 2649 ille,
2600 2601 2758 2654 quem

2251 2655 2509 2724 diligebat
2538 2655 2696 2720 Iesus
2727 2675 2740 2715 :

2253 2727 2518 2782 Dominus
2546 2737 2650 2782 est.

2248 2797 2439 2870 Simon
2472 2797 2542 2869 (ε)
2577 2799 2757 2870 itaque
2783 2799 2823 2870 -ι-

2251 2868 2445 2924 Petrus
2466 2910 2480 2930 .

2250 2955 2371 2994 cum
2406 2939 2590 2994 audis-

2251 3021 2362 3094 set,
2393 3011 2519 3094 quia
2552 3011 2815 3076 Dominus

2250 3091 2335 3136 est
2362 3125 2376 3148 ,
2408 3091 2588 3137 tunica
2611 3097 2734 3146 suc—

2249 3152 2422 3208 cinxit
2451 3169 2511 3208 se
2525 3196 2547 3225 ν,
2577 3152 2597 3225 (
2621 3163 2741 3225 erat

2252 3225 2399 3280 enim
2429 3224 2648 3296 nnduS)
2676 3235 2734 3286 et

1872 3344 2105 3404 CODEX
2146 3344 2545 3402 BRIXIANUS.

2252 3441 2788 3517 navigiorenerunt.
2808 3457 2930 3517 non
2963 3443 3106 3499 enim
3135 3443 3296 3517 longe
3326 3454 3482 3501 erant
3504 3461 3538 3500 ι
3569 3457 3727 3502 terra.
3752 3441 3835 3504 sed

2249 3514 2405 3586 quasi
2431 3513 2510 3584 (ά)
2532 3527 2572 3586 a_
2594 3513 2630 3582 ί-
2651 3514 2851 3570 cubitis
2872 3515 3138 3570 ducentis.
3164 3513 3442 3574 trahentes
3462 3527 3580 3573 rete
3603 3517 3834 3586 piscium.

2252 3582 2323 3637 Ut
2355 3582 2502 3664 .ergo
2541 3583 2946 3664 descenderunt
2999 3589 3051 3641 in
3097 3596 3304 3664 terram
3353 3582 3636 3664 viderunt_
3654 3600 3835 3664 prunas

2249 3656 2473 3729 positas.
2509 3664 2565 3729 et
2593 3656 2792 3729 piscem
2823 3659 3250 3726 superpositum.
3279 3669 3336 3716 et
3363 3675 3582 3729 panem.
3608 3659 3744 3714 Dicit
3764 3658 3838 3712 eis

2249 3723 2429 3799 Iesus.
2477 3724 2678 3780 AlTerte
2717 3727 2784 3781 de
2826 3723 3065 3796 piscibus
3106 3745 3242 3796 quos
3282 3723 3444 3786 modo
3483 3732 3720 3799 cepistis.
3752 3732 3837 3782 As-

2251 3795 2432 3849 cendit
2458 3799 2644 3870 Simon
2679 3795 2868 3853 Petrus
2898 3812 2951 3854 et
2983 3795 3150 3854 traxit
3177 3804 3366 3856 retiam
3401 3805 3450 3856 in
3479 3795 3700 3857 terram.
3734 3801 3836 3870 ple-

2251 3883 2376 3943 nam
2407 3869 2626 3943 magnis
2665 3870 2921 3938 piscinns.
2972 3885 3188 3927 centum
3221 3875 3609 3943 quinquaginta
3655 3869 3833 3926 tritius.

2250 3937 2320 3991 Et
2347 3953 2468 3992 cum
2499 3937 2631 3994 tanti
2669 3937 2870 3996 essent.
2909 3957 3014 3996 non
3046 3951 3131 3997 est
3165 3937 3392 3998 scissum
3427 3937 3561 3999 rete.
3600 3944 3734 3999 Dicit
3767 3957 3840 3996 ets

2247 4007 2427 4088 Iesus.
2463 4009 2672 4088 Yenite.
2715 4011 2996 4081 prandete.
3029 4013 3201 4070 Nemo
3237 4015 3310 4088 (ρ)
3351 4014 3596 4085 tamen?
3621 4015 3839 4069 audebat

2248 4095 2334 4159 ex_
2358 4080 2644 4159 discipulis
2676 4088 3013 4159 interrogare
3052 4101 3205 4159 eum.
3230 4080 3312 4140 'l'it
3343 4090 3464 4157 quis
3503 4080 3584 4141 es;
3617 4088 3839 4142 scientes

2247 4153 2370 4220 quia
2399 4153 2656 4216 Dominus
2675 4164 2777 4209 est.
2806 4153 2966 4214 Venit
3001 4171 3134 4227 ergo
3177 4153 3373 4215 Jesus.’
3404 4167 3462 4214 et
3500 4159 3706 4229 accepit
3749 4171 3836 4226 pa-

3074 382 3219 437 misit
3252 396 3311 436 se
3342 380 3393 434 in
3426 391 3594 434 mare.

3074 452 3128 506 8.
3168 452 3351 509 Ceteri
3378 465 3510 506 sero
3532 449 3612 506 ὥς

3074 524 3264 593 scipuli
3290 522 3506 591 navigio

3074 605 3337 650 venerunt
3370 611 3385 647 ζ

3073 667 3204 738 (ηοη
3236 666 3378 720 enim
3407 664 3572 734 longe

3076 746 3231 793 erant
3259 752 3291 791 a
3323 747 3546 800 terram,

3076 809 3170 864 sed
3201 807 3354 879 quasi
3383 805 3466 879 (ὁ)
3493 821 3526 862 a
3562 805 3604 875 -ῑ-
3628 820 3724 876 gn-

3078 879 3204 933 bitis
3225 877 3339 949 cc.)

3079 950 3354 1005 trahentes
3381 950 3574 1006 retiatn

3081 1023 3328 1088 piscium.

3078 1093 3134 1148 9.
3179 1092 3247 1148 Ut
3284 1107 3416 1163 ergo
3443 1091 3662 1147 discen-

3079 1163 3278 1219 derunt
3313 1164 3368 1218 in
3401 1172 3622 1227 terram,

3081 1235 3334 1289 viderunt
3361 1235 3557 1290 carbo-

3083 1323 3178 1360 nes
3211 1307 3484 1370 incensos,
3516 1314 3576 1360 et

3084 1377 3289 1448 piscem
3318 1377 3632 1446 impositum
3649 1416 3664 1439 .

3086 1460 3141 1504 et
3171 1464 3392 1519 partem.

3091 1520 3177 1577 10.
3222 1521 3361 1576 Dicit
3390 1519 3472 1576 eis

3087 1591 3247 1646 Jesns
3280 1609 3294 1644 :

3086 1662 3311 1718 Adferte
3333 1678 3400 1718 ex

3087 1733 3349 1804 piscibus.

3086 1803 3222 1873 quos
3264 1803 3633 1874 prendidistii.

3088 1877 3178 1931 lt.
3211 1876 3475 1932 Ascendit

3088 1946 3279 2002 Simon

3088 2019 3306 2084 Petrus,
3334 2028 3390 2074 et
3417 2019 3585 2073 trahit

3087 2103 3260 2145 retem
3291 2090 3512 2158 plenum
3535 2089 3604 2145 ad

3088 2169 3290 2215 terram
3322 2164 3532 2232 magnis
3558 2159 3639 2232 pie

3086 2232 3269 2287 scibus
3299 2248 3450 2288 cun.
3485 2234 3552 2287 Et

3085 2317 3209 2358 cum
3235 2305 3368 2357 tanti
3396 2312 3601 2369 essent,

3088 2390 3194 2428 non
3219 2384 3305 2429 est
3326 2386 3548 2446 ruptum

3088 2453 3225 2500 rete.

3088 2516 3181 2571 12.
3225 2515 3370 2571 Dicit

3087 2586 3167 2641 eis
3196 2587 3356 2642 Jesus
3389 2605 3404 2641 :

3086 2658 3283 2713 Venite
3302 2699 3317 2723 ,
3347 2658 3631 2726 prandete.

3088 2728 3259 2784 Nemo
3286 2732 3360 2800 (e)
3386 2742 3569 2786 tamen
3590 2729 3630 2800 1—

3088 2801 3414 2858 discentiutn
3445 2800 3619 2858 aude.-

3089 2873 3184 2928 bat
3210 2871 3549 2942 interrogare

3089 2958 3213 2997 eum
3246 2961 3258 2994 :
3290 2955 3344 2996 tu
3375 2947 3500 3012 quis
3526 2943 3622 3000 es?

3089 3014 3352 3079 scientes,
3382 3015 3513 3083 quia

3091 3085 3354 3140 Dominus
3385 3094 3492 3138 est.

3091 3157 3178 3238 ις’).
3224 3158 3293 3226 (f)
3319 3154 3483 3238 venit
3503 3154 3544 3226 -ι-
3565 3154 3740 3218 testis.

3087 3236 3144 3282 et
3173 3236 3384 3297 accepit
3418 3241 3514 3298 pas

2328 4460 2418 4513 12.
2459 4460 2630 4516 Nemo
2657 4470 2764 4517 tam
2786 4467 2808 4498 ³
2837 4465 3091 4520 audebat.

2329 4532 2416 4587 l5.
2457 4535 2582 4603 quia
2606 4533 2722 4605 ipse
2746 4544 2831 4591 est
2863 4536 3144 4593 Dominus.

1793 4721 2187 4782 VARIANTES
2225 4718 2630 4786 LECTIONES.

614 4824 628 4853 t
669 4821 756 4870 Gai
794 4818 937 4869 Mane
964 4824 1129 4880 autem
1144 4815 1243 4878 jam
1268 4814 1413 4875 facto,
1438 4815 1578 4864 stetit
1617 4815 1682 4862 in.
1715 4810 1861 4880 Vulg.
1891 4814 2033 4866 Mane
2059 4829 2142 4866 au-

2308 4817 2332 4882 ξ
2374 4817 2495 4882 illm.
2525 4815 2572 4868 in
2585 4826 2734 4882 Amare
2766 4829 2776 4865 :
2804 4828 2901 4882 non
2925 4817 3078 4882 enim.
3113 4813 3261 4882 Vulg.
3285 4829 3382 4865 non
3401 4818 3550 4866 enim.

2312 4877 2334 4944 ξ
2371 4877 2480 4944 Qui.
2511 4879 2596 4944 toti
2625 4887 2815 4944 essent.
2842 4875 2988 4944 Vulg.
3013 4881 3134 4928 tanti
3161 4875 3348 4944 essent.

2288 4940 2345 5050 “es
2374 4941 2490 5050 ign.
2516 4942 2584 5000 ei,
2603 4947 2716 4996 tu...
2738 4937 2976 4994 Dominus
2997 4949 3153 4994 eset.
3201 4937 3352 5005 Vulg.
3371 4953 3507 5004 eum,
3536 4946 3653 4994 tu...
3679 4942 3831 4995 Domi-

2369 5016 2396 5046 Η
2453 5040 2462 5049 ,

2252 5016 2345 5051 [ηις
2369 5016 2462 5050 «εει.

2317 5064 2481 5130 ἴσαι.
2500 5066 2694 5130 accepit
2716 5078 2909 5130 panem,
2937 5071 2988 5116 et
3009 5064 3157 5130 dedit
3174 5065 3264 5114 eis.
3292 5067 3408 5130 Mm.
3440 5069 3632 5130 accepit
3654 5081 3827 5130 panem,

2251 5131 2329 5236 gits
2349 5124 2639 5181 benedixit.
2675 5124 2727 5176 et
2759 5124 3016 5179 dedit'eis.
3060 5124 3209 5193 Vulg.
3242 5129 3418 5192 accipit
3445 5124 3731 5194 μῼὲῳζθᾳ
3760 5124 3830 5180 dat

2313 5251 2336 5281 ⁸
2370 5251 2477 5300 Gal.
2501 5251 2874 5312 praehendistis.

2315 5313 2335 5344 ⁹
2373 5314 2480 5364 Gat.
2507 5326 2656 5364 ausus
2679 5321 2773 5369 est.

1889 5475 2259 5538 BLANCHINI
2293 5479 2524 5536 NOTAE.

1676 5591 1950 5683 (bidd‘ditl
1981 5597 2548 5683 pgrlertt,hetiam‘te§.
2700 5593 3252 5683 (Ligna-ijIAAdti-il
3279 5598 3466 5683 neque,
3493 5601 3702 5683 pariter
3727 5610 3827 5661 ter.

941 5666 998 5739 ά)
1043 5667 1118 5723 Ita
1159 5674 1214 5723 et
1255 5674 1363 5722 tex.
1394 5665 1489 5721 Gr.
1529 5661 1808 5738 ἀπὸν-(θ)
1839 5661 1974 5723 Cod.
2003 5664 2160 5725 Cant.
2189 5665 2264 5725 δέ.
2294 5698 2366 5712 —-
2388 5667 2458 5746 (If)
2487 5661 2627 5725 Ante
2665 5661 2825 5738 vertit;
2847 5661 3007 5753 deest
3035 5661 3301 5734 'etiettam
3333 5661 3388 5727 in
3433 5661 3543 5728 tei.
3573 5667 3672 5729 Gr.

3725 165 3821 226 496
