3950 6194
442 994 449 1001 ι
532 964 709 1017 oratio
740 974 825 1018 tua
865 983 876 1017 :

531 177 633 235 503
1067 178 1337 237 EUSEBII
1376 176 1715 235 VERCELL.
1756 176 2209 238 EVANGELIUM
2248 178 2390 238 CUM
2434 178 2662 241 VARUS
2698 181 2854 240 COD.
2887 183 3283 241 COLLATUM.

2659 298 2894 357 CODEX
2936 298 3389 359 VERONENSIS.

925 254 1156 355 CODEX
1198 296 1743 355 VERCELLENSIS.

1359 393 1541 462 pulum
1577 408 1698 463 per-

1358 464 1585 520 fectum.

1363 535 1449 590 18.
1496 536 1562 591 Et
1591 535 1665 590 ait
1690 536 1890 593 Zacha.
1936 577 1949 589 .
1978 567 2003 576 -

1360 622 1421 661 as
1447 606 1516 661 ad
1557 609 1737 678 Ange-

1364 678 1475 733 lum
1500 698 1510 730 :
1544 678 1701 735 Unde
1725 680 1826 736 hoc

1362 750 1555 803 sciam?
1583 766 1682 820 ego

1365 820 1512 874 enim
1542 835 1711 876 senex

534 572 549 588 ο
629 578 644 595 ο
727 578 740 591 ο
821 578 835 592 ο
917 576 929 587 ⁸
1011 576 1023 589 ο
1105 576 1118 590 ⁸
1198 573 1216 591 θ

532 820 619 874 15.
663 822 805 875 niam
830 835 957 877 ecce

531 892 781 946 exaudita
805 902 889 948 est
1366 905 1509 957 sum,
1536 902 1589 946 et.
1617 909 1752 949 uxor

1366 978 1486 1016 mea
1521 978 1738 1031 proces-

531 1042 585 1088 et
615 1051 753 1089 uxor
788 1044 879 1089 tua
1366 1034 1437 1086 sit
1468 1034 1519 1087 in
1550 1034 1741 1088 diebus
1780 1034 1913 1089 suis.

528 1103 777 1160 Elis:tl)et
810 1120 905 1175 pa-

528 1177 634 1230 riet
667 1176 763 1231 tibi
794 1178 897 1230 lili-

530 1263 645 1311 um,
671 1256 726 1301 et
754 1262 911 1302 voca-

530 1318 611 1372 vis
636 1334 834 1373 nomen

1372 1104 1455 1159 l9.
1484 1105 1548 1158 Et
1589 1106 1927 1175 respondens

1368 1176 1605 1245 Angelus
1634 1178 1716 1231 di-

1366 1246 1448 1299 xit
1478 1247 1527 1300 ei
1556 1266 1566 1299 :
1596 1247 1708 1316 Ego
1743 1264 1862 1304 sum

1366 1316 1608 1383 Gabriel,
1639 1320 1729 1388 qui

530 1390 648 1457 ejus
678 1389 885 1445 Johan-
1070 1406 1073 1409 ’
1365 1389 1570 1443 adsisto
1593 1391 1645 1443 in

531 1463 621 1516 14.
654 1477 786 1536 nem
817 1461 1067 1536 :eritque
1364 1470 1662 1536 gouspectu

526 1532 781 1601 gaudium
815 1535 882 1587 ti-
977 1530 994 1536 ’
1364 1530 1461 1584 Dei
1491 1549 1503 1584 :
1537 1541 1591 1585 et
1619 1532 1815 1588 missus

532 1604 614 1667 bi,
646 1615 698 1657 et
731 1606 933 1659 exulta-
1365 1617 1484 1656 sum
1514 1603 1661 1671 loqui

1366 1672 1433 1726 ad
1458 1682 1527 1735 te,
1554 1682 1607 1726 et
1628 1674 1750 1727 veni
1786 1690 1846 1728 n-

1368 1743 1581 1796 untiare
1613 1743 1711 1799 libi

1365 1813 1456 1868 20.
1500 1813 1653 1869 haec.
1682 1816 1747 1870 Et
1763 1830 1890 1872 ecce

1368 1884 1479 1939 eris
1504 1886 1523 1915 ²
1549 1894 1754 1950 tacens,
1801 1912 1805 1916 -

1370 1965 1424 2011 et
1464 1972 1570 2009 non
1606 1967 1749 2024 pote-

1370 2026 1444 2080 ris
1471 2025 1618 2096 ioqni
1651 2044 1738 2083 us-

1371 2139 1384 2151 .
1432 2136 1444 2149 .
1480 2114 1546 2153 ue
1575 2100 1627 2152 in
1661 2100 1828 2167 diem,

1431 2208 1443 2220 .
1491 2211 1502 2221 .
1528 2187 1560 2223 ο
1590 2171 1723 2225 iiant
1740 2174 1895 2237 haec,

530 1674 630 1738 tio,
664 1683 719 1729 ct
754 1675 912 1731 multi

532 1746 586 1798 in
614 1747 867 1801 nativita-

533 1827 585 1869 te
615 1815 733 1883 ejus
762 1816 968 1885 gaude-

533 1887 620 1940 15.
667 1887 800 1940 bunt
831 1905 843 1941 :
874 1891 979 1944 erit

532 1958 677 2012 enim
707 1972 860 2028 mag-

532 2043 633 2082 nus
663 2029 714 2082 in
745 2043 907 2084 cons-

533 2109 691 2169 pectu
717 2100 930 2158 Domini
960 2123 971 2157 :

531 2180 585 2225 et
616 2170 821 2235 vinum,
854 2182 911 2228 et

532 2242 705 2296 sicera
736 2259 844 2299 non
1368 2241 1622 2309 quoniam
1648 2258 1755 2299 non

531 2312 710 2389 bibet;
742 2325 795 2389 et
823 2316 919 2389 Sp,
969 2360 982 2375 .
1030 2360 1044 2375 .
1090 2361 1103 2375 ,
1152 2364 1163 2377 ,
1368 2311 1645 2389 credidisti

531 2385 732 2439 Sancto
760 2386 847 2440 in-
866 2382 882 2389 ’
1373 2382 1556 2436 verbis
1584 2400 1697 2439 me-

534 2456 767 2521 plebitur
788 2459 885 2513 ad-
1370 2453 1434 2527 is,
1461 2468 1585 2522 qua.
1630 2493 1644 2508 .
1689 2492 1705 2509 .
1735 2456 1909 2527 mple-

533 2526 639 2581 huc
670 2544 736 2581 ex
766 2541 921 2587 utero
946 2535 1136 2592 matris
1370 2522 1573 2577 bum"?
1598 2535 1734 2580 ιθῐιι-

535 2598 624 2652 16.
669 2613 830 2667 suae;
856 2612 912 2660 et
940 2606 1081 2661 mu]-

536 2679 620 2723 tos
646 2669 878 2729 ﬁliorum

534 2741 763 2796 Istrahel
790 2759 923 2800 con-

532 2820 709 2866 vertet
736 2814 802 2869 ad

532 2885 826 2960 Dominum
857 2890 1024 2946 Deum
1053 2890 1134 2960 ip-

536 2958 628 3010 17.
670 2972 886 3025 sorum;
916 2972 973 3017 et

530 3028 649 3110 ipse
678 3032 909 3098 praeibit

534 3116 586 3152 Ill
619 3115 884 3171 COllSpec-

534 3180 589 3224 tu
621 3171 739 3239 ejus
769 3173 820 3228 in
841 3172 1058 3244 spiritu,

534 3248 591 3294 et
624 3244 823 3298 virtute
850 3270 855 3274 ο

535 3311 724 3365 Heliae
751 3330 763 3365 :
797 3314 864 3368 ad
885 3328 1015 3369 con-

535 3383 795 3437 vertenda

1371 2610 1502 2659 pore
1532 2611 1650 2649 suo.

1369 2665 1458 2720 21.
1502 2666 1567 2719 Et
1595 2676 1717 2722 erat
1741 2683 1909 2738 popu-

1370 2738 1452 2790 lus
1483 2752 1545 2791 ex
1555 2750 1777 2807 pectans

1370 2809 1685 2863 Zachariam
1710 2830 1722 2863 :

1368 2890 1425 2935 et
1452 2880 1725 2936 miraban-

1373 2963 1479 3018 tur,
1510 2954 1651 3023 quod
1687 2969 1801 3008 tnu-

1371 3041 1484 3080 ram
1510 3026 1711 3080 faceret

1373 3099 1424 3151 in
1456 3098 1675 3167 templo.

1370 3169 1463 3222 ‘22.
1509 3168 1772 3239 Egressus
1798 3182 1894 3223 au-

1376 3250 1482 3294 tem
1514 3256 1621 3293 non
1648 3256 1742 3307 po-

1373 3317 1515 3364 terat
1535 3310 1682 3379 loqui

1373 3380 1441 3433 ad
1468 3396 1581 3443 eos,
1610 3391 1664 3436 et
1691 3396 1818 3451 cog-

535 3453 697 3506 corda
723 3453 941 3509 Patrum
1371 3461 1641 3506 noverunt

536 3523 603 3576 ad
630 3523 791 3588 ﬁlios,
821 3535 878 3582 et
909 3526 994 3581 in-
1374 3522 1493 3591 quia
1529 3521 1792 3577 visionem

535 3594 828 3649 credibiles
1376 3590 1514 3645 vidit
1546 3594 1596 3646 in
1628 3601 1766 3649 tem-

535 3664 602 3717 ad
629 3664 865 3733 pruden-
1376 3664 1483 3734 pio.
1510 3663 1575 3717 Et
1603 3665 1719 3734 ipse
1746 3674 1865 3720 erat

530 3734 873 3808 tiamjusto-g
1444 3776 1455 3785 .
1503 3773 1515 3786 .
1559 3733 1728 3792 nuens
1758 3736 1816 3791 il-

531 3820 676 3869 rum,
709 3809 724 3838 ¹
754 3804 909 3876 para-
1378 3804 1466 3869 lis,
1500 3815 1553 3860 et
1583 3824 1833 3875 perman-

536 3892 595 3932 re
625 3879 857 3935 Domino
882 3895 977 3951 po-
1375 3876 1445 3931 sit
1470 3889 1671 3934 mutus.

2232 393 2362 448 cidit
2401 408 2562 464 super

2232 464 2404 520 illum.

2234 536 2323 589 13.
2367 535 2443 607 (α)
2478 535 2545 591 Εῑ
2567 536 2608 607 -ξ-
2630 539 2705 593 ait
2726 537 2792 593 ad

2232 607 2381 660 illum
2412 609 2669 677 Angelus,

2232 677 2419 733 dicens
2450 699 2463 733 :
2492 679 2567 733 Ne

2238 749 2429 804 timeas
2458 749 2478 778 ‘
2509 750 2609 803 Za-

2233 819 2443 885 cltaria,
2468 837 2600 891 quo-

2235 892 2375 943 niam
2405 893 2568 947 obse-

2233 962 2403 1015 cratio
2438 964 2525 1017 tua

2235 1033 2485 1088 exaudita
2504 1044 2587 1091 est
2610 1054 2621 1090 :
2652 1046 2707 1093 et

2236 1118 2372 1156 UXOI‘
2401 1115 2488 1159 tua

2234 1172 2469 1246 Elisabel
2503 1193 2593 1246 pa-

2235 1244 2337 1298 riet
2361 1246 2455 1299 tibi
2478 1244 2540 1300 ii-

2236 1315 2388 1382 lium,
2415 1324 2471 1371 et
2503 1334 2597 1374 νου

2236 1388 2387 1441 cabis
2412 1404 2607 1446 nomen

2237 1458 2354 1524 ejus
2383 1457 2586 1515 Johan-

2240 1527 2329 1582 14.
2370 1546 2475 1584 nen
2504 1549 2515 1584 :
2548 1542 2604 1587 et
2628 1538 2732 1589 erit

2237 1600 2493 1667 gaudium
2521 1604 2638 1670 tibi,

2238 1676 2293 1723 et
2318 1671 2606 1740 exultatio,

2238 1748 2293 1795 et
2324 1743 2479 1797 multi
2512 1745 2564 1799 in

2238 1812 2524 1885 nativitate
2554 1816 2674 1885 ejus

2238 1882 2551 1951 gaudebunt
2581 1882 2613 1953 ἔλ

2240 1953 2332 2008 15.
2374 1957 2478 2010 erit
2508 1958 2652 2012 enim

2242 2040 2469 2096 magnus
2492 2043 2677 2084 coram

2245 2095 2504 2163 Domino;

2242 2173 2299 2247 et
2325 2168 2531 2243 vinum,
2566 2180 2621 2225 et

2241 2251 2470 2293 Siceram
2504 2257 2613 2297 non

2242 2308 2426 2379 bibet;
2450 2320 2507 2365 et

2241 2378 2444 2449 Spiritu
2469 2382 2605 2438 San-

2241 2459 2331 2505 cto
2360 2454 2592 2523 replebio

2244 2533 2330 2576 llﬂ‘
2358 2540 2424 2577 CX
2458 2534 2616 2582 utero

2240 2598 2430 2651 matris
2460 2612 2610 2662 suae;

2241 2666 2327 2720 16.
2370 2677 2425 2723 et
2476 2671 2675 2724 multos

2238 2738 2379 2793 filios
2408 2740 2633 2796 istrahel
2660 2755 2889 2797 conver-

2242 2819 2317 2864 tct
2338 2810 2405 2863 ad
2440 2812 2543 2865 Do-

2242 2882 2445 2936 minttm
2476 2882 2645 2939 Deum

2240 2956 2328 3010 17.
2374 2955 2637 3025 ipsorum;
2663 2963 2719 3010 et

2240 3026 2356 3096 ipse
2378 3025 2668 3096 praecedet

2238 3107 2364 3152 ante
2382 3097 2531 3151 illum

2240 3167 2292 3221 in
2321 3169 2533 3237 spiritu,
2565 3179 2621 3223 et

2239 3239 2437 3295 virtute
2471 3240 2575 3293 He—

2240 3310 2344 3365 liae
2377 3328 2389 3364 :
2424 3320 2481 3365 ut
2504 3326 2636 3365 con—

2242 3390 2416 3435 vertat
2445 3383 2611 3437 corda

2241 3451 2457 3507 Patrum
2476 3453 2528 3507 in

2243 3521 2403 3585 ﬁlios,
2438 3533 2490 3578 et
2523 3525 2602 3580 in-

2242 3593 2531 3650 credibiles
2561 3597 2627 3651 ad

2180 3662 2181 3665 “
2244 3665 2589 3744 prudentiam

2238 3745 2529 3805 iustorum,
2561 3753 2646 3806 pa-

2245 3822 2365 3860 rare
2400 3807 2629 3863 Domino

2244 3876 2457 3945 plebem
2491 3894 2614 3948 per—

1865 3970 2099 4027 CODEX
2138 3968 2538 4028 BRIXIANUS.

536 4067 667 4123 cidit
711 4083 877 4137 super
902 4083 1050 4124 enm.
1110 4066 1257 4122 Dixit
1314 4074 1492 4121 autem
1546 4063 1612 4119 ad
1668 4064 1819 4137 illum
1883 4064 2143 4137 Angelus.

535 4140 611 4193 Ne
682 4135 874 4195 timeas
951 4137 1265 4194 Zaccharia.
1337 4139 1597 4217 quoniam
1624 4136 2002 4217 exaudita'est

539 4213 778 4278 precatio
840 4221 950 4265 tua.
1003 4219 1056 4265 et
1106 4216 1241 4263 UXU!‘
1296 4205 1383 4262 tua
1436 4208 1733 4261 Elisabeth.
1798 4207 1988 4274 pariet.
2051 4205 2146 4259 tibi

534 4284 726 4337 tilium.
769 4292 823 4337 et
876 4284 1098 4357 vocabis
1148 4295 1345 4357 nomen
1392 4280 1509 4349 ejus
1579 4279 1835 4357 Joannes.
1914 4286 1968 4330 et
2041 4278 2147 4357 erit

539 4355 796 4423 gaudium
853 4350 969 4407 tibi.
1021 4364 1076 4406 et
1121 4346 1516 4405 exilitatiofet
1580 4346 1735 4403 multi
1825 4349 1876 4400 in
1942 4348 2142 4423 nativi-

536 4418 649 4477 tate
695 4426 813 4493 ejus
856 4424 1164 4494 gaudebunt
1190 4423 1290 4476 erit
1329 4418 2141 4494 autemmagnns_coram_llo-

537 4498 688 4559 mino
725 4488 798 4548 'et
826 4488 1009 4549 vinum
1034 4506 1087 4549 et
1116 4496 1308 4549 Sicera.
1339 4509 1445 4546 non
1478 4491 1645 4546 bibet.
1676 4504 1729 4545 et
1773 4490 1975 4559 Spiritu
1999 4488 2137 4543 Satt-

536 4574 625 4619 ctn
660 4566 977 4634 replebitur.
1016 4566 1191 4619 adhuc
1221 4580 1286 4618 ex
1332 4572 1488 4618 utero
1522 4563 1711 4634 matris
1739 4576 1889 4634 suae.
1924 4561 2139 4634 et‘mnl-

537 4646 623 4689 tos
661 4630 895 4691 illiorum
934 4636 1185 4691 Sdrabel.
1217 4642 1501 4689 convertet
1536 4635 1603 4688 ad
1639 4633 1925 4688 Dominum
1970 4630 2139 4685 Deum

540 4707 807 4775 ipStil'lllll.
835 4717 888 4760 et
922 4709 1037 4777 ipse
1066 4708 1356 4776 praecedet
1405 4715 1539 4777 ante
1561 4705 1733 4777 illum.
1769 4704 1821 4757 in
1854 4702 2045 4777 spiritu
2085 4710 2141 4756 et

538 4773 740 4831 virtute
767 4773 970 4833 lleliae.
1005 4773 1078 4832 ut
1100 4786 1381 4831 convertat
1415 4776 1579 4830 corda
1619 4776 1840 4829 Patrum
1873 4776 1925 4827 in
1976 4773 2139 4838 lilios,

539 4858 593 4905 et
614 4850 912 4903 ineruditos
939 4850 1004 4903 ad
1027 4848 1361 4917 prudentiam
1379 4849 1671 4917 jnstorum.
1699 4860 1887 4917 parare
1908 4842 2141 4917 Domino

542 4920 759 4990 plebem
787 4915 1105 4989 perfectam.
1150 4920 1215 4975 Et
1245 4915 1392 4973 dixit
1414 4916 1736 4973 Zaccharias
1758 4916 1825 4972 ad
1849 4915 2136 4985 Angelum.

3069 395 3285 451 tectam.

3070 466 3155 520 18.
3198 468 3262 521 Ει
3290 464 3425 522 dixit
3454 465 3579 520 Zac-

3067 537 3279 593 charias
3298 538 3365 595 ad

3069 610 3331 677 Angelum
3357 627 3370 664 :

3071 678 3223 735 Unde
3257 682 3360 735 hoc

3071 752 3265 805 sciam?
3290 767 3392 821 ego

3069 824 3215 877 enim
3243 838 3411 878 senex

3071 909 3213 957 sum,
3239 903 3293 948 et
3334 910 3468 948 uxor

3072 979 3190 1020 mea
3212 966 3515 1033 processior

3072 1035 3122 1088 in
3148 1036 3339 1093 diebus
3376 1037 3509 1091 suis.

3072 1105 3159 1161 19.
3204 1107 3270 1160 Ει
3298 1106 3639 1174 respondens

3072 1176 3310 1248 Angelus
3338 1177 3475 1233 dixit

3072 1249 3120 1302 ei
3146 1265 3160 1303 :
3199 1251 3309 1318 Ego
3340 1266 3460 1304 sum

3073 1318 3311 1386 Gabriel,
3344 1321 3435 1389 qui

3074 1390 3279 1444 adsisto
3307 1401 3435 1446 ante

3076 1460 3362 1517 Dominum
3398 1481 3411 1516 :
3434 1471 3489 1516 et

3078 1532 3301 1587 missum
3326 1533 3474 1602 loqui

3077 1610 3133 1656 at
3152 1610 3225 1669 te,
3259 1615 3313 1658 et
3337 1604 3470 1659 haec

3080 1675 3174 1727 tibi
3205 1690 3370 1728 evan-

3078 1743 3168 1799 20.
3212 1746 3467 1815 gelizare.
3500 1744 3567 1798 Et

3080 1830 3208 1870 ecce
3236 1819 3343 1871 eris

3084 1895 3288 1952 tacens,
3320 1896 3375 1941 et
3400 1903 3507 1941 non

3083 1960 3283 2026 poteris
3311 1958 3459 2024 loqui

3083 2043 3251 2096 usque
3281 2028 3335 2083 in
3367 2029 3536 2096 diem,

3080 2114 3188 2167 quo
3212 2099 3347 2155 haec

3084 2172 3233 2235 iiant,
3267 2180 3486 2241 propter

3082 2241 3205 2307 hoc,
3231 2243 3355 2311 quia

3080 2327 3187 2367 non
3216 2312 3493 2368 credidisti

3082 2384 3261 2437 verbis
3286 2386 3445 2449 meis,

3080 2469 3218 2523 quae
3249 2456 3438 2524 imple-

3080 2526 3279 2580 buntnr
3304 2526 3357 2579 in

3083 2606 3322 2666 tempore
3351 2612 3471 2652 suo.

3077 2667 3170 2722 21.
3212 2671 3278 2723 Ει
3307 2680 3419 2723 erat
3439 2667 3597 2738 plebs

3076 2750 3371 2809 expectans

3079 2810 3426 2866 Zaccliariam
3451 2828 3466 2866 :

3077 2891 3131 2936 et
3154 2882 3514 2946 mirabantur,

3078 2969 3142 3007 eo
3171 2954 3316 3023 quod
3342 2962 3450 3009 tar-

3076 3024 3253 3079 daret.
3299 3064 3313 3078 .
3362 3066 3372 3077 .

3078 3096 3302 3164 templo.

3073 3165 3163 3221 22.
3211 3168 3471 3237 Egressus
3500 3176 3677 3222 autem

3076 3252 3181 3293 non
3211 3246 3420 3304 poterat

3078 3308 3223 3378 loqui
3250 3309 3313 3362 ad
3345 3309 3489 3373 illos,

3077 3389 3133 3433 et
3160 3394 3428 3449 cognove-

3084 3461 3210 3504 runt
3233 3450 3376 3517 quod

3082 3522 3346 3575 visionem
3371 3521 3449 3573 vi-

3082 3592 3225 3646 derit
3252 3594 3301 3647 in
3335 3600 3470 3646 tem-

3081 3662 3189 3731 plo.
3230 3663 3294 3715 Et
3325 3663 3440 3731 ipse

3081 3742 3199 3787 erat
3227 3732 3472 3789 adnuens

3084 3804 3212 3865 illis,
3249 3815 3301 3858 et
3334 3819 3452 3873 per-

3086 3874 3284 3929 mansit
3312 3885 3519 3931 mutus.

3718 181 3834 238 504

2251 4063 2404 4119 Unde
2434 4066 2537 4121 hoc
2558 4079 2907 4133 cegnoscam.
2943 4077 3043 4134 ego
3069 4062 3212 4116 enim
3236 4076 3360 4134 sum
3413 4074 3594 4134 senes.
3626 4065 3824 4134 et_uxor

2250 4150 2393 4189 mea.
2423 4126 2688 4204 processit
2721 4138 2772 4190 in
2820 4126 3009 4189 diebus
3039 4134 3172 4187 suis.
3208 4133 3273 4186 Et
3302 4130 3637 4204 respondens
3665 4126 3822 4191 Ange—

2250 4206 2333 4259 lus
2360 4202 2499 4261 dixit
2518 4210 2588 4262 ei.
2628 4208 2737 4278 Ego
2765 4204 3182 4286 sumGabrihel.
3224 4204 3313 4286 qui
3357 4203 3567 4286 adsisto
3606 4202 3655 4253 in
3707 4210 3823 4286 cui];

2248 4289 2434 4345 Spectn
2492 4279 2604 4333 Dei.
2638 4264 2700 4334 cf
2722 4280 2919 4332 missus
2948 4292 3066 4330 sum
3113 4264 3262 4344 loqui
3307 4273 3371 4327 ad
3426 4282 3499 4327 te.
3556 4272 3679 4324 haec
3734 4264 3817 4346 tibi

2247 4348 2643 4419 evangelizare.
2703 4350 2769 4403 Et
2815 4364 2942 4404 ecce
2987 4348 3095 4400 eris
3127 4355 3334 4399 tacens.
3385 4353 3441 4398 et
3492 4358 3593 4397 non
3636 4348 3819 4419 nolens

2248 4410 2415 4489 loqui:
2446 4435 2617 4491 usque
2652 4422 2701 4474 in
2727 4420 2867 4475 diem
2899 4434 3005 4488 quo
3037 4419 3167 4491 haec
3193 4418 3321 4491 liant
3347 4431 3443 4481 pro
3473 4430 3537 4491 eo
3568 4410 3697 4479 quod
3722 4419 3817 4491 non

2246 4486 2737 4546 (-redidisti'verbis
2773 4486 2932 4555 meis,
2965 4503 3102 4559 quae
3133 4486 3496 4559 illlliiebllltlt‘lr
3518 4487 3563 4537 in
3598 4489 3817 4557 tempore

2247 4579 2366 4616 suo.
2416 4563 2480 4617 Et
2522 4572 2641 4618 erat
2674 4563 2844 4631 plebs.
2876 4556 3172 4628 expectans
3202 4558 3239 4611 Ζ
3260 4556 3565 4631 tccltariattt.
3595 4562 3645 4604 et
3671 4556 3816 4602 Inita-

2252 4634 2469 4689 bantur.
2501 4634 2643 4704 quod
2673 4627 2913 4687 tardaret
2938 4631 3055 4701 ipse
3110 4629 3420 4704 iit-templo.
3447 4627 3696 4694 Egrcssus
3732 4631 3817 4704 au-

2253 4713 2381 4759 tem.
2437 4693 2545 4759 non
2603 4715 2811 4775 poterat
2870 4693 3012 4775 loqui
3056 4701 3123 4755 ad
3155 4693 3323 4775 illosf
3353 4708 3405 4775 et
3448 4693 3810 4775 cognoverunt-

2248 4777 2393 4845 quod
2419 4770 2682 4831 visionem
2732 4770 2955 4845 vidisset
2999 4773 3051 4825 in
3112 4771 3313 4841 templo
3358 4770 3424 4824 Et
3454 4770 3565 4838 ipse
3592 4771 3701 4819 erat
3742 4774 3813 4811 tn-

2251 4844 2421 4904 nuens
2453 4848 2579 4903 illis.
2611 4857 2662 4904 et
2688 4844 2986 4921 permansit
3016 4853 3211 4899 mutus.

1835 5006 2067 5064 CODEX
2108 5003 2575 5067 CORBEIENSIS.

620 5107 710 5161 15.
746 5104 818 5159 Et
866 5103 943 5157 ait
993 5104 1070 5158 illi
1116 5099 1637 5174 Angelus'Domini,
1673 5103 1908 5174 dicens:
1938 5099 2016 5157 Ne
2076 5100 2140 5153 ti-

544 5193 817 5233 meas.....
848 5175 1105 5245 quoniam
1136 5171 1262 5230 ecce
1290 5176 1599 5229 obsecratio
1628 5183 1714 5227 ttta
1755 5171 1934 5227 audita
1967 5181 2071 5227 est.

621 5247 709 5302 17.
751 5254 807 5302 et
832 5245 1183 5303 incredibiles
1202 5246 1270 5301 ad
1291 5247 1634 5317 prudentiam
1658 5245 1954 5316 justornm.

2320 5098 2424 5181 l9._
2451 5107 2507 5181 et
2535 5097 2673 5153 dixit
2695 5097 2784 5152 ei:
2821 5096 2933 5166 Ego
2962 5094 3106 5150 enim
3163 5106 3285 5149 sum
3337 5089 3569 5162 Angelus
3597 5076 3807 5141 Gabriel,

2247 5167 2675 5309 ψιέδᾳεὲῗὸριθτ
2704 5239 2835 5307 hoc,
2856 5237 3000 5309 quod
3021 5249 3130 5293 non
3158 5235 3339 5291 credis
3366 5233 3543 5289 verbis
3570 5225 3715 5283 meis.

1758 5287 2153 5396 iiiiiims
2178 5287 2591 5391 Lectiones.

608 5438 625 5467 ¹
663 5437 770 5485 Gal.
800 5447 973 5494 parare
996 5433 1218 5496 Domino.
1253 5432 1397 5496 Vulg.
1425 5446 1599 5496 parare
1622 5434 1849 5483 Domino.

610 5503 630 5531 ²
665 5501 773 5549 Gat.
798 5506 988 5547 tacens.
1014 5494 1194 5546 recenti
1217 5494 1385 5559 manu,
1412 5494 1773 5559 mutusaVulg.
1803 5502 1991 5545 tacens.

611 5564 632 5594 ³
666 5564 773 5612 Gut.
805 5572 1029 5609 annuens
1048 5561 1139 5609 eis.
1171 5557 1316 5625 Vulg.
1338 5557 1683 5609 innuensillis.

2317 5429 2339 5458 ⁸
2373 5430 2479 5478 Gut.
2505 5428 2781 5491 Zacharias,
2808 5430 2917 5491 quia
2944 5441 3060 5477 ecce
3096 5427 3325 5477 exaudita
3367 5431 3456 5475 est.
3485 5416 3621 5478 Vulg.
3646 5405 3802 5460 Zacha-

2249 5492 2342 5554 ria,
2361 5493 2591 5554 quoniam
2618 5493 2849 5542 exaudita
2866 5498 2959 5540 est.

1884 5640 2248 5702 BLANCHINI
2286 5643 2513 5702 NOTAE.

615 5716 689 5793 (α)
720 5714 801 5777 Ita
830 5724 885 5777 et
904 5714 1028 5791 00d,
1060 5714 1218 5776 Cant.
1249 5718 1354 5793 κοιᾷ.
