3950 6194
462 222 563 280 511
987 222 1258 281 EUSEBII
1294 218 1633 278 VERCELL.
1674 216 2126 277 EVANGELIUM
2173 220 2317 277 CUM
2362 212 2588 276 VARllS
2625 217 2779 275 COD.
2822 219 3213 277 COLLATUM.

856 337 1082 396 CODEX
1128 334 1671 395 VERCELLENSIS.

465 430 642 486 soluta
667 440 750 486 est
770 431 872 485 lin-

466 517 569 573 gua
597 502 732 571 ejus,
759 502 799 573 -ζ-
818 508 878 557 et

468 575 645 628 mirati
675 583 800 628 sunt

472 660 683 699 omnes.

470 719 727 783 Apertum
759 724 843 771 est

469 796 647 840 autem
674 801 736 841 os
759 786 897 857 ejus,

470 866 525 910 et
554 857 811 926 loqueba-

473 938 581 995 tur,
610 928 828 984 benedi-

469 998 555 1053 65.
606 1014 736 1054 cens
768 1002 954 1055 Deum.
1016 998 1086 1054 Et

533 1110 546 1122 .
593 1109 606 1124 .
661 1082 780 1125 CltlS
809 1081 893 1126 εει
923 1086 1014 1126 811-

539 1180 552 1194 .
606 1158 633 1195 ι·
663 1156 854 1197 omnes

536 1250 550 1265 .
609 1228 751 1277 mor,
781 1214 871 1281 qui
894 1213 999 1268 cir-

478 1321 489 1334 .
536 1322 549 1336 .
613 1300 701 1337 um
733 1285 857 1340 illos
885 1286 983 1339 ha-

535 1394 547 1406 .
599 1354 824 1418 itabant,

475 1460 488 1475 .
546 1426 620 1495 (b)
655 1467 667 1479 .
698 1444 728 1480 n
762 1427 909 1481 omni

473 1508 728 1568 montana
754 1499 791 1568 ’ᾗ
812 1498 905 1553 Ju-

472 1567 607 1639 tleae
638 1567 879 1639 divulga-

472 1637 670 1694 bantur
697 1637 813 1693 om;

473 1748 488 1761 .
536 1752 549 1764 .
597 1752 609 1763 .
644 1726 673 1764 a
702 1713 835 1767 haec
858 1727 971 1767 ver-

474 1780 561 1834 66.
626 1822 639 1835 .
685 1819 700 1834 .
750 1823 763 1836 .
809 1820 824 1834 .
868 1796 1104 1852 .posue-

661 1890 676 1905 .
735 1868 946 1919 omnes,

540 1964 551 1976 .
598 1963 611 1976 .
658 1963 673 1978 .
725 1925 911 1981 audie-

536 2028 553 2047 .
603 1994 854 2050 ntinco.
901 2040 913 2052 .
974 2028 1000 2039 -

472 2063 540 2118 de
562 2079 677 2129 suo,
696 2066 881 2122 dicen.

474 2144 555 2189 tes
588 2155 599 2188 :
628 2136 766 2203 Quid
793 2156 913 2196 nam

472 2222 608 2277 puer
631 2208 733 2263 iSte
762 2211 865 2265 erit
891 2213 915 2265 7

475 2570 557 2615 ter
584 2563 701 2633 ejus
730 2566 745 2594 ί
776 2566 952 2635 inple-

476 2642 559 2705 tus
590 2645 675 2688 est
701 2635 907 2705 Spiritu

474 2703 697 2777 Sancto,
730 2703 784 2761 et
814 2725 845 2777 p
888 2749 902 2764 .
949 2750 961 2762 .
996 2740 1020 2751 -

475 2775 749 2846 phetavit,
797 2775 826 2834 .“
858 2818 871 2834 .
902 2809 929 2821 -

474 2861 605 2901 cens
640 2866 651 2899 ε

478 2918 566 2971 68.
608 2918 939 2979 Benedictus

479 2988 620 3043 Deus
650 2991 906 3062 Istrahel,

600 3100 616 3115 .
663 3078 693 3117 a
724 3065 911 3119 visita-

478 3169 494 3187 .
541 3172 553 3184 .
602 3173 616 3186 .
670 3143 709 3201 t,
733 3144 786 3189 et
802 3138 947 3201 fecit

481 3201 814 3274 redemptio-

481 3287 551 3345 ne
593 3311 667 3345 ε.
713 3292 885 3345 popu-

481 3342 571 3396 69.
618 3342 835 3399 lo
879 3387 893 3400 .
942 3385 957 3402 .
1004 3364 1171 3406 .cor—

1305 573 1393 628 70.
1438 582 1522 626 tus
1552 581 1636 628 est
1665 585 1764 641 per

1305 659 1367 699 os
1398 645 1718 699 Sanctorum

1308 714 1933 770 P...h...rum

1307 801 1652 851 su...m,
1696 786 1788 856 qui

1372 897 1386 912 .
1437 859 1657 913 saeculo
1682 864 1808 914 sunt

1276 1105 1280 1110 -
1309 1072 1396 1127 7|.
1444 1070 1597 1125 micis
1631 1084 1758 1125 nos-

1370 1182 1383 1195 .
1426 1143 1525 1207 ris,
1558 1152 1611 1196 et
1639 1142 1707 1195 de
1744 1156 1856 1197 ma-

1435 1252 1449 1267 .
1492 1214 1758 1277 omnium,

1314 1327 1325 1338 .
1374 1327 1386 1339 .
1436 1325 1447 1337 .
1492 1299 1588 1337 nos
1615 1285 1746 1339 ode-

1310 1357 1399 1410 72.
1442 1366 1587 1411 runt.
1621 1354 1820 1410 Facere

1313 1429 1622 1482 misericor-

1311 1500 1453 1552 diam
1486 1514 1609 1552 cum

1314 1570 1563 1624 Patribus
1605 1587 1635 1623 n
1682 1610 1694 1622 .
1741 1608 1753 1623 .
1786 1598 1812 1609 -

1310 1643 1565 1706 tris;et.
1616 1680 1627 1693 .
1675 1681 1687 1693 .
1736 1679 1749 1692 .
1790 1670 1816 1680 ο-

1308 1728 1894 1767 ra.........

1313 1896 1327 1910 0
1408 1896 1422 1910 0
1503 1894 1517 1909 0
1598 1895 1612 1909 ο
1693 1891 1705 1906 0
1788 1886 1803 1906 ο
1883 1892 1895 1905 ο
1979 1890 1990 1903 ο

1314 2036 1327 2049 0
1408 2038 1419 2050 0
1504 2036 1516 2051 ο
1597 2039 1609 2051 0
1692 2034 1705 2047 ο
1788 2035 1802 2049 0
1883 2033 1897 2049 ι
1979 2033 1993 2047 0

1320 2285 1409 2337 75.
1453 2291 1593 2336 trum
1626 2297 1755 2352 pare

1320 2355 1409 2409 74.
1452 2354 1647 2407 nobis:
1684 2362 1740 2408 ut
1768 2352 1842 2409 si-

1321 2438 1389 2480 ne
1418 2426 1613 2478 timore

1311 2496 1331 2526 ³
1364 2494 1432 2550 de
1463 2510 1627 2549 manu
1655 2494 1755 2549 ini-

1308 2567 1575 2622 micorum

1304 2646 1620 2693 DOSU'OI'UID

1308 2710 1573 2765 liberatos

1310 2778 1519 2835 servire
1556 2779 1680 2849 ipsi.

1320 2850 1408 2907 75.
1453 2849 1508 2903 In
1536 2853 1807 2913 castitate,

1319 2932 1372 2978 et
1394 2922 1525 2992 justi
1556 2956 1570 2973 .
1606 2956 1619 2974 .
1656 2957 1671 2972 .

1319 2994 1373 3048 in
1400 3008 1570 3063 consp
1599 3030 1614 3045 .
1646 3029 1662 3045 .

1320 3074 1373 3119 tu
1405 3065 1524 3134 ejus
1552 3078 1668 3119 om-

1318 3151 1415 3191 nes
1441 3136 1559 3191 dies
1580 3173 1593 3189 .
1622 3176 1638 3191 .
1671 3162 1727 3187 .-

1318 3217 1453 3263 "'05.

1318 3280 1405 3333 76.
1445 3279 1512 3332 Et
1540 3289 1596 3334 tu
1626 3294 1780 3349 puer,
1813 3312 1829 3333 .
1868 3314 1881 3332 .
1915 3314 1929 3331 .

1318 3352 1477 3420 pheta
1510 3351 1601 3404 Alt
1634 3391 1645 3403 .
1678 3390 1689 3402 .
1718 3391 1730 3402 .

2554 372 2559 375 -
2596 330 2827 389 CODEX
2869 326 3317 389 VERONENSIS.

2167 428 2277 483 luta
2310 438 2393 482 est
2422 428 2603 498 lingua

2166 499 2286 568 ejus
2313 498 2375 569 1-,
2408 508 2464 554 et
2487 514 2603 553 om-

2994 428 3083 483 70.
3125 428 3206 482 sui
3232 444 3244 479 :
3273 427 3411 482 sicut

2997 501 3205 554 locutus
3233 508 3319 553 est

2167 586 2263 625 nes
2292 571 2473 624 mirati
2998 586 3095 641 per
3115 585 3175 625 os
3205 570 3343 625 San-

2166 651 2311 696 suut.
2344 643 2599 711 Apertum
2997 654 3205 697 ctorum
3235 654 3363 695 suo-

2167 722 2252 767 est
2279 723 2459 768 autem
2491 728 2552 767 os
3000 729 3117 767 rum
3147 714 3271 766 Pro-

2168 784 2308 853 ejus,
2338 792 2392 837 et
2417 785 2494 838 lo-
2998 784 3280 855 phetarum
3308 825 3324 849 ,

2167 856 2450 922 quebntur,
2484 914 2487 915 ν
2999 854 3088 920 qui
3117 854 3184 908 ab
3206 869 3344 909 aevo

2170 926 2499 981 benedicens
2922 962 2923 965 η
3000 927 3089 980 7t.
3132 937 3277 980 sunt.
3307 926 3373 980 Et

2171 996 2258 1051 65.
2298 998 2483 1051 Deum.
2518 995 2585 1050 Et
3000 997 3251 1053 liberavit

2171 1068 2342 1122 factus
2368 1077 2451 1122 est
2477 1068 2546 1121 ti-
3002 1083 3102 1123 nos
3123 1070 3190 1121 ab
3217 1068 3320 1121 ini-

2172 1156 2290 1193 mor
2322 1140 2394 1206 (α)
2425 1154 2537 1191 tna-
3004 1140 3160 1194 micis
3190 1139 3421 1204 nostris,

2173 1225 2311 1279 gnus
2340 1210 2381 1280 -ι-
2411 1224 2574 1280 super
3003 1221 3057 1266 et
3086 1212 3151 1264 de
3182 1225 3340 1264 manu
3408 1225 3418 1233 ‘

2171 1297 2362 1336 omnes
2394 1284 2597 1336 vicinos
3005 1282 3244 1337 omnium
3272 1323 3285 1339 .

2173 1369 2387 1415 eorum,
2421 1362 2474 1406 et

2176 1424 2251 1494 (b)
2295 1428 2344 1477 in
2369 1426 2619 1477 universa

2174 1505 2426 1548 montana
2456 1494 2497 1564 ’ί-
2525 1494 2619 1549 Ju-

2179 1566 2331 1629 deae,
2364 1577 2415 1619 et
2444 1566 2522 1619 di-

2177 1638 2537 1705 vulgabantur

2178 1708 2309 1763 haec
2341 1710 2519 1761 munia

2176 1779 2263 1833 66.
2308 1779 2471 1832 verba
2503 1796 2515 1832 :
2543 1787 2599 1833 et

2176 1860 2474 1920 posuerunt

2178 1938 2385 1985 omnes,
2418 1923 2510 1990 qui

2178 1992 2485 2058 audierant,
2521 1994 2570 2046 in

2182 2065 2345 2118 corde
2368 2079 2489 2130 suo,

2183 2134 2428 2190 dicentes
2459 2152 2471 2188 :

2183 2206 2321 2272 Quid
2355 2206 2544 2275 utique

2183 2279 2287 2331 erit
2317 2292 2451 2347 puer
2480 2277 2623 2333 iste?

2187 2349 2399 2403 Etenim
2434 2363 2546 2400 mn-

2188 2435 2287 2473 nus
2313 2419 2527 2473 Domini

2187 2505 2308 2544 cum
2340 2489 2432 2544 illo

2185 2561 2273 2616 67.
2316 2570 2419 2616 est.
2452 2560 2519 2615 Et
2546 2561 2645 2615 Za-

2183 2633 2395 2687 charias
2424 2632 2527 2686 im-

2187 2704 2362 2772 pletus
2391 2716 2474 2759 eSt

2182 2776 2386 2844 Spiritu

2185 2848 2407 2910 Sancto,
2439 2854 2495 2901 et
2520 2860 2649 2913 pro-

2186 2918 2463 2988 phetabnt,
2498 2918 2683 2972 dicens
2707 2931 2721 2970 :

3006 1354 3096 1415 qui
3134 1369 3233 1407 nos
3259 1351 3391 1405 ode-

3006 1425 3095 1479 72.
3140 1434 3284 1479 runt.
3317 1422 3398 1477 Ad
3429 1420 3511 1477 fa-

3005 1495 3253 1550 ciendam
3279 1495 3444 1548 mise-

3007 1566 3294 1622 ricordiam
3320 1581 3441 1619 cum

3008 1639 3259 1693 Patribns
3290 1635 3527 1701 nostris;

3008 1719 3065 1765 et
3095 1709 3380 1763 memorari

3014 1780 3320 1835 testamenti

3013 1851 3182 1907 sancti
3225 1852 3327 1905 sui.

3014 1924 3103 1977 75.
3145 1919 3553 1991 Jusjurandum,

3017 1994 3158 2064 quod
3186 1994 3387 2060 juravit

3015 2065 3081 2118 ad
3118 2064 3392 2119 Abraham

3016 2136 3229 2191 Patrem
3262 2150 3359 2189 no-

3014 2214 3209 2273 strum,
3238 2206 3334 2261 da-

3015 2288 3190 2333 turum
3218 2294 3276 2333 se

3014 2351 3101 2403 74.
3148 2350 3306 2403 nobis
3331 2368 3343 2402 :
3374 2358 3431 2403 ut

3016 2422 3133 2476 sine
3163 2421 3359 2476 timore

3016 2493 3086 2547 de
3109 2506 3301 2546 manus

3021 2565 3361 2618 inimicorum

3021 2644 3326 2689 nostrorum
3359 2632 3494 2687 libe-

3020 2707 3119 2760 rati
3145 2708 3444 2761 serviamus

3021 2778 3108 2832 75.
3152 2776 3250 2830 illi.
3283 2776 3339 2831 ln
3367 2788 3492 2830 san-

3015 2850 3219 2911 ctitate,
3244 2859 3300 2902 et

3014 2919 3223 2989 justitia
3265 2934 3359 2975 co-

2184 2990 2275 3044 68.
2318 2988 2645 3044 Benedictus
3017 2988 3132 3044 ram
3164 2989 3285 3058 ipso

2188 3061 2328 3115 Deus
2355 3060 2521 3114 lstra-
3018 3061 3270 3115 omnibus

2186 3132 2297 3198 hel,
2328 3133 2453 3199 quia
3019 3132 3211 3187 diebus
3240 3146 3340 3187 no-

2186 3204 2424 3257 visitavit
2442 3243 2455 3267 ,
3020 3204 3108 3258 76.
3152 3204 3300 3258 stris.
3334 3201 3402 3257 Et
3426 3210 3485 3256 tu

2186 3284 2239 3329 et
2272 3276 2397 3329 fecit
2424 3288 2514 3330 re-
3022 3290 3181 3345 puer,
3212 3275 3343 3329 Pro-

2186 3346 2556 3406 tlemptionem
3025 3346 3184 3415 pheta
3215 3345 3380 3401 Attis-

3647 238 3678 270 υ

3669 216 3757 270 ΗΞ

482 3429 516 3501 n
562 3450 577 3465 .
622 3460 633 3468 .
682 3455 696 3469 .
746 3457 757 3469 .
804 3455 875 3501 τ’.
1046 3460 1060 3475 .
1319 3421 1631 3501 simivoca-

1323 3490 1468 3545 beris
1499 3509 1511 3544 :
1549 3506 1706 3560 prae-

1327 3561 1431 3616 ibis
1462 3564 1609 3616 enim
1643 3603 1657 3616 .
1692 3602 1703 3615 .
1739 3591 1764 3603 -

1329 3643 1381 3687 te
1406 3632 1509 3686 faci
1538 3674 1550 3687 .
1586 3672 1598 3688 .
1636 3674 1649 3685 .

1328 3704 1541 3758 Domini
1576 3719 1651 3773 p.
1687 3742 1701 3757 .
1732 3742 1748 3759 .
1783 3744 1795 3756 .

1330 3774 1444 3830 vias
1471 3775 1590 3846 ejus
1624 3818 1636 3830 .
1672 3814 1683 3827 .
1723 3816 1734 3828 .

492 3663 506 3678 ο
589 3667 601 3679 ·
683 3667 696 3681 ο
779 3668 794 3684 0
876 3672 889 3685 ι
972 3673 983 3686 0
1066 3670 1080 3688 ι
1161 3670 1177 3688 ο

3021 3416 3142 3471 simi
3172 3432 3331 3471 voca-

3021 3488 3168 3542 veris
3198 3506 3211 3540 :
3247 3501 3402 3556 prae-

3024 3560 3125 3613 ibis
3150 3561 3295 3614 enim

3025 3640 3150 3684 ante
3180 3630 3371 3684 faciem

3029 3702 3238 3755 Domini
3267 3714 3423 3768 para-

3030 3788 3087 3827 re
3112 3774 3224 3827 vias
3247 3772 3384 3841 ejus.

2191 3416 2363 3485 plebis
2393 3431 2543 3469 suae.

2189 3488 2278 3543 69.
2326 3488 2388 3541 Et
2421 3488 2597 3542 erexit

2189 3574 2413 3613 cornum
2442 3574 2529 3614 sa-

2191 3632 2317 3684 lutis
2339 3630 2519 3697 nobis,

2192 3703 2243 3755 in
2274 3701 2438 3755 domo

2190 3770 2355 3827 David
2387 3774 2536 3844 pueri

1809 3890 2045 3948 coonx
2082 3890 2477 3948 BRleANUS.
2502 3893 2577 3960 εξ.

488 3980 555 4054 Et
585 3979 757 4037 mirati
790 3993 917 4038 sunt
956 3998 1166 4040 omnes.
1203 3986 1463 4054 Apertum
1495 3994 1580 4041 est
1624 3994 1803 4039 autem
1830 3986 1995 4040 illico.
2023 4000 2085 4040 os

485 4052 621 4127 ejus.
647 4063 702 4108 et
729 4054 907 4125 lingua
940 4057 1077 4125 ejus.
1098 4052 1503 4127 etloquebatur.
1538 4058 1862 4111 benedicens
1894 4058 2083 4111 Deum.

488 4124 561 4197 lit
581 4121 750 4197 factus
781 4121 863 4182 est
895 4121 1070 4181 timor.
1090 4121 1253 4197 super
1283 4143 1472 4184 omnes
1494 4131 1698 4184 vicinos
1725 4140 1993 4182 eorum.et
2013 4128 2089 4197 (b)

487 4194 822 4271 in'universa
872 4209 1124 4254 montana
1233 4199 1425 4254 Judae.
1468 4200 1881 4269 divuignbantnr
1908 4194 2090 4253 omnia

488 4267 883 4341 verha_lt:iec.et
899 4267 1199 4339 posuerunt
1221 4287 1411 4326 omnes
1430 4273 1517 4341 qui
1535 4267 1838 4326 audierunt.
1860 4272 1913 4324 in
1930 4272 2095 4326 corde

486 4351 606 4413 suo.
630 4338 907 4413 dicentes.
922 4341 1057 4409 Quid
1082 4352 1236 4410 putas
1258 4344 1363 4397 erit
1384 4338 1517 4413 puer
1541 4343 1883 4398 iste.Etenim
1904 4355 2093 4395 manus

491 4407 701 4462 Domini
743 4422 861 4465 erat
891 4407 1010 4466 cum
1045 4407 1159 4467 illo.
1199 4415 1257 4466 Et
1292 4407 1611 4467 Zur-Charias
1641 4420 1797 4482 pater
1836 4414 1972 4481 ejus.
2008 4428 2092 4467 re-

487 4482 685 4555 pletus
717 4491 801 4535 est.
850 4483 1063 4555 Spiritu
1114 4486 1333 4539 Sancto.
1387 4494 1441 4540 et
1492 4486 1836 4555 prophetavit
1880 4485 2085 4538 dicens.

488 4548 811 4629 benedictus
842 4554 1101 4629 Dominus
1137 4557 1278 4611 Dens
1305 4548 1555 4629 Sdraliel.
1588 4548 1711 4625 quia
1743 4558 2004 4609 visilavit.
2034 4567 2091 4610 et

488 4620 615 4701 fecit
645 4622 1038 4701 redemtionem
1067 4628 1239 4701 plebis
1272 4644 1424 4701 suae.
1457 4628 1522 4701 Et
1545 4620 1719 4701 erexit
1743 4642 1970 4701 cornum
2000 4642 2091 4680 sa-

490 4692 618 4747 lutis
648 4693 824 4750 nobis.
854 4696 907 4750 in
938 4692 1101 4753 domo
1154 4698 1323 4753 David
1374 4699 1528 4769 pueri
1574 4699 1678 4753 sui.
1712 4698 1851 4754 sicut
1874 4698 2092 4754 locutus

2189 3992 2293 4040 est.
2324 4001 2419 4055 per
2449 4002 2510 4040 os
2540 3985 2858 4041 Sanctorum
2895 3985 3283 4055 Prophetarum
3322 3992 3571 4037 suorum.
3599 3994 3787 4055 quaee

2192 4052 2416 4113 saeculo
2439 4068 2581 4111 sunt.
2612 4061 2747 4111 Dare
2772 4052 3015 4112 salutem
3030 4073 3094 4111 ex
3129 4056 3361 4110 inimicis
3393 4055 3617 4108 nostris.
3647 4064 3697 4107 et
3723 4052 3790 4107 de

2196 4144 2355 4182 manu
2386 4131 2648 4184 omnium.
2696 4130 2787 4198 qui
2818 4146 2914 4185 nos
2954 4128 3204 4185 oderunt.
3231 4127 3312 4182 Ad
3365 4125 3664 4181 faciendam
3693 4124 3793 4178 mi-

2197 4201 2572 4254 sericordiam.
2604 4217 2726 4255 cum
2775 4201 3023 4254 Patribns
3074 4201 3274 4254 nostris
3318 4207 3375 4253 et
3398 4198 3686 4252 memorari
3715 4205 3792 4249 le-

2200 4274 2453 4325 smmenti
2505 4274 2586 4327 sui
2644 4274 2837 4325 sancti.
2864 4272 2960 4327 Jns
2986 4271 3367 4342 jusjurandum
3400 4268 3547 4342 quod
3593 4266 3792 4342 jurnvit

2204 4344 2453 4397 Abrahae
2481 4344 2625 4399 Patri
2657 4352 2866 4398 nostro.
2893 4339 3142 4398 daturum
3188 4358 3247 4397 se
3289 4339 3464 4395 nobis.
3495 4350 3552 4393 ut
3586 4342 3699 4393 sine
3723 4339 3791 4391 ti-

2201 4430 2373 4471 mnre.
2406 4416 2471 4468 de
2499 4431 2658 4469 manu
2694 4416 3037 4469 inimicorum
3066 4423 3376 4470 nostrorum
3419 4412 3656 4465 liberati.
3681 4424 3793 4462 ser-

2200 4488 2408 4539 viamus
2465 4486 2646 4541 illi.ln
2700 4487 2988 4541 sanctitate
3026 4497 3080 4542 et
3128 4485 3357 4555 justitia.
3416 4498 3604 4537 coram
3656 4483 3789 4555 ipso.

2198 4558 2451 4611 omnibus
2481 4558 2671 4613 diebus
2695 4560 2914 4612 nostris.
2949 4559 3014 4612 Et
3034 4568 3087 4612 tu
3128 4552 3286 4627 puer.
3335 4554 3605 4627 Propheta
3636 4552 3793 4627 Altis-

2198 4628 2319 4681 simi
2365 4630 2671 4683 voeaheris.
2727 4630 2963 4699 praeibis
3009 4624 3151 4684 enim
3180 4640 3305 4683 ante
3333 4627 3523 4681 faciem
3555 4624 3788 4679 Domini.

2204 4714 2398 4770 parare
2424 4702 2538 4756 vias
2566 4701 2705 4771 ejus.

1784 4811 2016 4869 CODEX
2054 4812 2524 4871 COBBEIENSIS.

562 4927 652 4985 64.
684 4928 750 4985 Et
772 4932 1033 4987 continuo
1058 4930 1295 4986 resoluta
1328 4942 1412 4988 est
1451 4932 1635 5003 lingua
1663 4928 1803 5003 ejus,
1841 4942 1898 4988 et
1927 4946 2088 5003 aper-

492 5009 604 5055 tum
635 5010 720 5056 est
746 5016 807 5055 os
838 5005 975 5071 ejus.

563 5071 651 5144 66.
684 5074 704 5103 ⁸
728 5073 865 5138 Quid
897 5075 1080 5143 utique
1102 5074 1204 5129 erit
1232 5090 1364 5144 puer
1393 5074 1518 5130 iste?

561 5143 651 5199 70.
677 5143 829 5201 Sicut
858 5146 1070 5201 locutus
1109 5155 1194 5201 est
1225 5143 1319 5217 per
1348 5161 1410 5201 os
1452 5145 1776 5203 Sanctorum
1800 5143 2099 5216 PrOphela-

2202 4948 2344 4996 rum,
2370 4935 2459 5005 qui
2486 4935 2553 5005 ab
2581 4947 2715 4988 aevo
2736 4940 2881 4987 sunt.

2272 5005 2363 5059 7t.
2388 4998 2455 5059 Et
2477 5004 2724 5059 liberavit
2744 5019 2843 5058 nos
2867 5003 2937 5057 ab
2962 5001 3194 5056 inimicis
3220 4998 3440 5053 nostris.

2274 5076 2363 5131 72.
2397 5076 2461 5131 Et
2494 5075 2846 5132 rememorari
2878 5074 3186 5131 testamenti
3207 5072 3381 5127 sancti
3407 5071 3512 5126 sui.

1618 5318 1623 5323 .
1723 5256 2123 5317 VARIANTES
2161 5254 2568 5316 LECTIONES.

556 5373 571 5403 ¹
611 5373 718 5441 Gal.
744 5373 977 5441 impletus
1002 5378 1138 5424 est...
1159 5373 1503 5437 prOphetabat.
1535 5372 1681 5441 Vulg.
1707 5374 1935 5437 repletus
1952 5380 2090 5425 est...

492 5435 827 5497 prophetavit.

556 5500 578 5529 ²
613 5499 722 5550 ϐαι.
750 5498 973 5550 Salutem
999 5512 1013 5549 :
1041 5505 1095 5551 et
1118 5498 1347 5551 liberavit
1370 5511 1462 5549 nos
1485 5511 1550 5549 ex
1575 5498 1805 5550 inimicis.
1834 5498 1983 5565 Vulg.
2005 5498 2095 5548 Sa-

2201 5373 2357 5423 lutem
2381 5385 2443 5421 ex
2470 5372 2695 5422 inimicis.

2268 5438 2288 5499 ἓ
2324 5438 2430 5486 Gat.
2458 5436 2789 5499 demanihus.
2814 5428 2962 5499 Vulg.
2987 5426 3052 5484 de
3070 5440 3234 5483 manu.

2267 5498 2289 5530 ³
2325 5500 2432 5549 Gal.
2459 5498 2575 5563 quid
2605 5496 2777 5561 putas?

1856 5600 2226 5659 BLANClllNl
2266 5600 2495 5659 NOTAE.

580 5719 663 5797 (α)
714 5721 877 5781 Addit
904 5737 1147 5807 magnus,
1196 5723 1360 5785 etiam
1383 5720 1506 5787 00d.
1534 5718 1692 5784 Cant.
1723 5720 1901 5808 μέγας.
1929 5749 2001 5763 --
2020 5716 2097 5803 (b)
2134 5716 2214 5781 tta
2238 5725 2293 5781 et
2319 5725 2427 5789 ωδ.
2460 5716 2556 5783 Gr.
2581 5720 2632 5791 ἂν
2655 5714 2743 5809 ὅλῃ
2766 5716 3028 5806 τῇόρσινῇ.
