3950 6194
203 201 294 276 διε
1253 206 1697 294 Eunaeum
1736 223 2107 298 secuupuu
2145 226 2400 300 LUCAM.
3376 237 3482 302 5N

582 339 808 412 CODEX
848 341 1395 416 VEBCELLENSIS.
2326 349 2554 422 CODEX
2596 349 3049 423 VBBONENSIS.

202 429 305 519 ’Πτο
329 472 346 489 .
379 476 391 487 .
426 435 615 492 audam
648 475 662 494 .
690 477 706 502 ,
741 479 754 492 .
780 469 806 482 -
1023 440 1057 494 5
1115 455 1218 496 no:
1246 450 1300 495 et
1332 441 1480 506 ibant
1890 444 1976 519 77_.
2021 444 2099 519 Ad
2126 443 2358 502 dandam
2717 448 2786 503 de
2818 448 3128 519 SiriaegCy-

207 507 397 580 entiam
429 523 517 562 sa-
556 579 561 580 ί
1023 526 1212 567 omnes
1245 527 1366 580 pro.
1887 517 2169 569 scientiam
2197 529 2283 570 sa-
2721 520 2844 574 rino
2877 537 2888 573 :
2920 527 2972 573 et
3006 508 3155 573 ibant

201 573 324 656 latis
358 579 603 656 {populo
1033 583 1065 637 ﬁ
1096 621 1110 637 .
1144 620 1160 635 .
1196 620 1210 636 .
1241 573 1286 638 ri
1321 582 1500 656 unuse}
1740 612 1753 623 ο
1887 586 2014 640 Iutis
2048 585 2188 656 plebi
2214 585 2332 655 ejus
2370 605 2384 642 :
2719 591 2773 644 5.
2816 573 3038 653 omnes,
3071 599 3130 644 ut

191 650 308 732 ejus
326 667 350 732 ,ε
378 650 432 705 in
463 667 549 707 re-
1032 695 1044 709 .
1083 695 1095 707 .
1134 695 1147 708 .
1185 695 1198 708 .
1231 653 1386 732 que"
1418 650 1501 725 in]
1887 656 1942 712 in
1971 650 2258 712 remissio:
2721 650 3111 732 proﬁterentur

189 721 507 776 missionem
1031 765 1042 777 .
1077 763 1092 779 .
1125 767 1138 780 .
1173 742 1224 780 m
1251 721 1388 782 civi-
1476 721 1497 725 ⁷
1887 742 2010 801 nem
2035 742 2228 798 pecca-
2721 721 2917 801 singuli
2947 732 2998 786 in
3033 721 3184 789 suam

190 801 533 858 peccatorum
1028 840 1038 852 .
1075 837 1088 850 .
1119 837 1132 850 .
1167 839 1182 852 .
1215 842 1230 852 .
1262 812 1336 850 m.
1889 799 1976 854 78.
2024 809 2200 853 torum
2229 813 2440 858 eorum.
2721 799 3018 858 civitatem.

191 863 276 938 7_8.
317 864 586 938 ipsorum.
617 863 722 932 Per
1023 869 1077 923 4.
1114 865 1376 938 Ascendit
1398 878 1575 926 autem
1887 869 1996 924 Per
2024 873 2229 925 viscera
2719 874 2777 928 4.
2820 874 3079 929 Ascendit
3107 889 3197 938 au-

189 935 394 990 viscera
425 937 528 991 mi-
1023 947 1079 995 et
1103 937 1306 1006 Joseph
1335 954 1362 992 a
1395 938 1502 996 Ga-
1888 941 2300 996 misericordiae
2615 973 2620 986 -
2721 954 2831 1000 tem
2858 955 2914 1000 et
2938 945 3029 999 Jo-

189 1006 480 1085 serieordi-
1022 1009 1181 1085 lilaea
1209 1010 1276 1085 de
1303 1009 1380 1064 ci-
1887 1013 1982 1085 Dei
2011 1013 2212 1085 nostri,
2721 1018 2854 1085 seplt
2887 1032 2916 1070 a
2948 1015 3054 1072 Ga-

187 1092 250 1153 ae_
278 1078 377 1153 Dei
407 1094 538 1153 nos-
1024 1082 1189 1153 vitate
1213 1081 1410 1136 Nazar-
1888 1084 1941 1137 in
1969 1084 2165 1153 quibus
2199 1078 2203 1079 ί
2722 1078 2882 1142 lilaea
2913 1088 2982 1142 de

189 1150 275 1212 Iri,
308 1150 363 1203 in
393 1149 591 1220 quibus
1024 1161 1077 1208 et
1102 1151 1154 1206 in
1185 1161 1382 1210 terram
1888 1149 2129 1208 visiiavit
2720 1158 2938 1213 civitate
2969 1158 3073 1213 Na-

187 1220 427 1276 visitavit
463 1236 564 1287 nos
579 1261 597 1292 ,
1023 1223 1252 1278 Judeam
1276 1221 1330 1277 in
1888 1240 1988 1280 nos
2003 1267 2018 1292 ,
2052 1225 2236 1280 oriens
2719 1229 2908 1284 zareth
2935 1230 2988 1284 in

187 1293 369 1347 oriens
399 1308 464 1346 ex
496 1293 575 1346 al-
1023 1294 1302 1349 civitatem
1887 1297 1978 1350 79.
2020 1311 2083 1350 ex
2115 1296 2228 1351 alto
2255 1312 2269 1348 :
2295 1295 2376 1362 in-
2718 1299 2976 1355 Judaeam
3008 1302 3062 1354 in

187 1363 270 1418 79.
305 1372 400 1418 to:
435 1363 730 1422 inlumina-
1026 1364 1215 1428 David,
1251 1379 1390 1435 quae
1889 1367 2152 1421 luminare
2180 1365 2279 1431 iis,
2719 1371 2994 1426 civitatem

188 1435 288 1511 rei
320 1436 374 1489 in
405 1444 552 1490 tene-
1027 1447 1254 1511 vocatur
1279 1437 1382 1491 Be-
1484 1505 1498 1511 _
1888 1439 1978 1511 qui
2010 1437 2062 1492 in
2095 1448 2246 1492 tene-
2721 1442 2888 1496 David
2912 1484 2926 1507 ,
2959 1457 3099 1511 quae

189 1505 316 1571 bris,
350 1515 403 1560 et
432 1522 552 1561 um-
1025 1505 1194 1562 thlem
1229 1525 1242 1560 :
1273 1523 1339 1562 eo
1359 1505 1501 1576 quod
1889 1505 2003 1564 bris
2023 1549 2038 1574 ,
2073 1518 2127 1564 et.
2164 1512 2215 1562 in
2723 1505 2949 1568 vocatur
2979 1505 3092 1568 ’Βε-

191 1575 278 1632 bra
310 1579 502 1633 mortis
771 1593 775 1597 ‘
1024 1587 1170 1633 esset
1200 1577 1266 1633 de
1295 1575 1395 1633 do;
1490 1575 1493 1576 ⁷
1889 1581 2079 1634 umbra
2114 1579 2302 1644 mortis
2723 1583 2893 1639 thlem
2924 1602 2935 1636 ε
2970 1599 3035 1639 eo

193 1648 439 1720 sedentes
468 1667 481 1702 :
510 1649 578 1720 ad
1022 1663 1133 1720 mo,
1165 1659 1220 1704 et
1245 1649 1416 1718 patria
1452 1719 1457 1720 ί
1891 1652 2082 1706 sedent
2109 1669 2122 1705 :
2151 1650 2219 1705 ad
2721 1655 2864 1720 quod
2896 1664 3041 1709 esset

195 1718 497 1792 dirigendos
561 1718 566 1720 ⁷
1021 1718 1078 1774 5.
1118 1719 1306 1783 David.
1341 1719 1501 1792 proli-
1889 1722 2201 1792 dirigendos
2724 1718 2792 1781 de
2813 1725 3005 1789 domo,
3033 1734 3089 1781 et

197 1790 352 1873 pedes
380 1806 507 1874 ηοξ·
1021 1798 1104 1874 ter
1131 1829 1145 1844 .
1181 1829 1194 1844 .
1223 1807 1310 1846 um
1337 1791 1447 1846 Ma-
1889 1790 2054 1876 pedes
2087 1803 2300 1848 nostros
2718 1797 2891 1924 gatria
2925 1796 3091 1851 David
3112 1837 3126 1861 ,

202 1871 305 1916 tros
329 1878 379 1915 In
409 1879 550 1916 Viam
1019 1877 1064 1916 rt
1097 1900 1111 1914 .
1147 1903 1162 1917 .
1197 1901 1212 1916 .
1245 1901 1258 1916 .
1296 1902 1308 1915 .
1343 1879 1402 1919 re
1887 1879 1939 1918 tu
1965 1880 2102 1919 Viam
2762 1907 2774 1920 .
2820 1875 2878 1922 ut
2907 1882 3030 1924 Dro-

202 1871 305 1937 t_r_os
329 1862 379 1915 in
409 1863 550 1937 viam
1019 1862 1064 1916 ri
1097 1900 1111 1914 .
1147 1903 1162 1917 .
1197 1901 1212 1916 .
1245 1901 1258 1916 .
1296 1902 1308 1915 .
1343 1879 1402 1919 re
1887 1862 2102 1919 inviam
2718 1862 2774 1924 Β.
2820 1875 2878 1922 ut
2907 1882 3030 1937 pro-

203 1933 281 1988 80.
318 1934 482 2001 pacis.
517 1934 660 2002 Puer
1018 1947 1046 1986 s
1079 1975 1092 1988 .
1132 1974 1145 1988 .
1181 1975 1194 1988 .
1234 1975 1246 1989 .
1282 1949 1404 2005 reg-
1888 1937 2055 2004 pacis.
2718 1933 2962 1993 ﬁterett'tr

202 2014 364 2059 autem
394 2019 540 2061 cres-
1017 2018 1123 2057 nan
1159 2044 1172 2057 .
1209 2045 1222 2058 .
1251 2045 1265 2059 .
1885 2007 1973 2062 80.
2017 2007 2158 2061 Puer
2189 2014 2372 2072 autem
2717 2023 2840 2064 cum
2868 2008 3033 2062 Maria

203 2075 360 2152 gebat,
385 2085 438 2130 et
461 2091 598 2132 con-
1018 2073 1073 2129 6.
1101 2073 1322 2130 Factum
1345 2084 1428 2152 est
1458 2091 1552 2142 au-
1884 2077 2164 2152 crescebat
2189 2119 2204 2140 ,
2235 2087 2291 2144 et
2448 2141 2464 2149 κ
2722 2096 2892 2134 uxore
2921 2094 3015 2133 sua
3049 2093 3204 2152 preg-

205 2144 499 2202 iirmabatur
579 2167 584 2171 Α
1019 2153 1150 2212 tem,
1189 2186 1202 2198 .
1232 2185 1245 2199 .
1276 2163 1326 2200 m
1358 2147 1429 2202 ibi
1885 2148 2291 2202 confortabatur
2449 2144 2464 2149 ’
2721 2162 2906 2205 name.

207 2217 499 2292 fin_spirittt
527 2237 540 2272 :
573 2232 629 2278 et,
657 2232 775 2292 erat
1015 2226 1219 2292 essent,
1247 2217 1329 2272 in—
1885 2219 1937 2273 in
1970 2220 2161 2292 Spiritu
2199 2237 2213 2272 :
2722 2221 2775 2276 6.
2821 2221 3046 2279 Factum
3075 2230 3161 2282 est

210 2286 258 2341 in
285 2287 502 2347 desertis
693 2286 706 2289 ’
731 2286 738 2292 ’
1021 2288 1150 2356 pleti
1179 2298 1306 2343 sunt
1887 2294 1941 2344 et
1969 2299 2088 2344 erat
2120 2291 2177 2344 in
2717 2301 2918 2356 autem,
2947 2307 3068 2348 cum

209 2372 360 2429 usque
391 2361 441 2415 in
465 2363 546 2416 di-
1018 2358 1137 2414 dies
1166 2368 1224 2414 ut
1257 2401 1269 2413 .
1294 2398 1308 2412 .
1345 2399 1358 2413 .
1396 2400 1408 2412 .
1439 2401 1452 2414 .
1886 2361 2105 2415 deserto
2130 2375 2223 2415 us-
2718 2375 2864 2418 esset
2887 2363 2983 2427 ibi,

209 2443 282 2504 em
306 2435 554 2488 ostensio-
1019 2429 1072 2504 7_.
1103 2441 1214 2504 rgat.
1240 2431 1308 2487 Et
1336 2445 1400 2500 pe
1432 2473 1443 2486 .
1483 2472 1495 2485 .
1527 2473 1536 2484 .
1885 2448 1988 2502 que
2011 2436 2064 2486 in
2092 2431 2234 2504 diem
2717 2433 2930 2504 impleti
2957 2443 3084 2489 sunt

209 2500 284 2555 nis
302 2517 421 2558 suae
450 2505 517 2560 ad
1017 2501 1087 2554 rit
1116 2501 1217 2556 Fili
1247 2545 1259 2556 .
1294 2544 1306 2556 .
1346 2542 1360 2555 .
1883 2500 2041 2556 suum
2075 2503 2142 2558 ad
2181 2505 2255 2558 ls-
2717 2500 2834 2561 dies
2862 2517 2923 2560 ut

208 2569 434 2629 Istrahel.
1017 2585 1174 2627 suum
1211 2574 1319 2656 pri-
1885 2573 2077 2630 trabel.
2719 2577 2770 2630 7.
2817 2585 3061 2658 pareret...
3085 2575 3155 2631 Et

392 2685 620 2745 CAPUT
659 2687 724 2743 tt.

2719 2651 2928 2718 peperit
2960 2647 3159 2709 Filium

2093 2715 2324 2780 CAPUT
2361 2716 2427 2783 ll.
2717 2720 3048 2790 primogeni-

272 2778 338 2858 l._
356 2778 568 2858 Factum
591 2790 676 2842 est
703 2797 801 2848 au-
1015 2778 1139 2858 eum
1173 2786 1382 2842 involu-
2060 2855 2089 2858 η
2197 2778 2204 2780 ὴ
2366 2778 2372 2783 ’
2717 2778 2831 2845 illm
2857 2832 2873 2857 ν
2896 2778 2957 2845 δι
2987 2804 3122 2858 0³η*

211 2856 306 2924 tem
327 2850 374 2904 in
403 2851 508 2907 illis
1013 2853 1112 2922 vit,
1142 2867 1197 2912 et
1226 2858 1414 2913 conlo-
1957 2858 2008 2912 l.
2053 2855 2274 2914 Factum
2306 2870 2390 2924 est
2716 2861 2802 2915 nis
2823 2850 2948 2915 eum
2978 2850 3060 2914 i'n-

207 2917 395 2997 diebus,
417 2924 549 2978 exiit
1014 2917 1164 2982 cavit
1189 2943 1314 2984 eum
1883 2937 2064 2982 autem
2096 2931 2147 2983 in
2347 2917 2358 2924 ⁷
2715 2931 2910 2997 volvit,
2943 2940 2998 2986 et

207 2989 418 3070 edictum
508 3067 516 3070 Α
1016 2997 1068 3052 in
1101 2999 1418 3070 praesepio;
1885 2999 2074 3054 diebus
2101 2999 2230 3068 illis,
2718 2989 2909 3070 posuit,
2929 3001 2985 3058 in

208 3076 232 3112 a
259 3059 472 3143 Caesare
493 3067 531 3121 A
565 3102 581 3118 .
617 3107 632 3130 ._
662 3098 687 3107 -
1013 3059 1266 3138 quoniam
1405 3059 1414 3066 ’
1882 3071 2014 3125 exiit
2053 3059 2228 3127 edici
2718 3059 3038 3143 praesepio;

239 3142 365 3214 usto,
392 3146 445 3204 ut
473 3154 596 3210 pro-
1016 3151 1273 3214 nouerat
1302 3142 1382 3208 lo-
1887 3151 1998 3196 tum
2031 3156 2066 3214 ag
2093 3143 2226 3197 Cae—
2717 3142 2841 3214 quia
2863 3143 3015 3197 locus

227 3212 430 3284 iteretur
1015 3213 1190 3284 cusin
1223 3212 1402 3268 diver-
1883 3227 2006 3267 sare
2042 3212 2226 3284 Augu—
2718 3212 2825 3268 non
2858 3224 2977 3268 erat
3008 3213 3062 3268 in

212 3287 296 3340 per
321 3278 520 3353 univer-
1015 3283 1186 3338 sorio.
1883 3291 1998 3347 sto,
2025 3292 2086 3338 ut
2117 3278 2336 3353 proﬁte-
2716 3285 3045 3340 diversorio.

212 3357 402 3429 sunto.
438 3388 452 3403 .
480 3351 624 3407 bem.
1015 3353 1068 3409 8.
1106 3355 1355 3429 Pastores
1376 3354 1456 3428 (α)
1485 3370 1580 3424 au-
1882 3364 2032 3429 retur
2056 3351 2344 3412 universus
2716 3356 2771 3412 8.
2816 3357 3071 3429 Pastores
3100 3357 3180 3429 (α)
3208 3371 3304 3424 att-

211 3413 259 3498 ἓ.
298 3417 430 3476 Haec
463 3461 477 3476 .
514 3463 527 3474 .
563 3463 580 3484 .,
611 3437 697 3482 ma
1018 3433 1122 3498 tem
1142 3425 1189 3498 ν-ι-
1214 3413 1396 3484 erant‘
1434 3413 1453 3426 ⁷
1504 3413 1511 3422 ί
1541 3413 1547 3424 ’

1541 3413 1547 3424 ’
1882 3427 2032 3481 orbis
2062 3433 2172 3482 ter-
2719 3437 2828 3483 tem
2855 3426 2896 3498 ἰ-
2923 3436 3079 3483 erant

213 3485 282 3568 [ac
314 3531 325 3542 .
354 3529 367 3544 .
399 3533 412 3546 .
448 3533 462 3548 .
495 3532 508 3546 .
547 3533 560 3546 .
597 3509 727 3568 pro-
1017 3495 1070 3550 in
1097 3485 1185 3550 illa
1218 3500 1394 3568 regio-

1881 3513 2185 3568 rarum.....
2217 3513 2342 3566 pro-
2723 3498 2776 3553 in
2809 3485 2898 3553 illa
2929 3513 3013 3554 re-

211 3555 322 3640 [ρετ
355 3601 367 3615 .
402 3605 415 3618 .
450 3605 471 3640 ί
499 3555 732 3640 ._aéside
1019 3582 1109 3632 ne,
1143 3555 1396 3639 vigil5n--
1881 3569 1936 3621 ‘2-
1979 3567 2145 3624 fessio
2184 3555 2292 3639 ρὶὶ-
2721 3569 2901 3640 Βίοηθι
2932 3571 3070 3640 γεεί-

213 3627 348 3694 Syn’a
371 3674 384 3687 .
413 3674 426 3688 .
453 3635 473 3666 ³
499 3635 609 3707 Cyr
641 3672 658 3690 .
695 3680 705 3689 .
739 3667 764 3676 -
1021 3627 1106 3694 tes
1122 3649 1176 3694 et
1197 3627 1382 3695 Eusto—
1883 3655 1968 3694 tua
2011 3655 2040 3694 a
2083 3627 2296 3696 Pra'esi-
2721 3627 2934 3710 iantes,
2959 3627 3015 3698 εἴ

1503 3751 1737 3808 ΟΟῡΕΧ
1778 3751 2206 3819 ΒΒΙΧΙΑΝυδη

216 3862 283 3938 Ad
332 3863 550 3922 dandam
604 3867 886 3924 scientiam
949 3868 1145 3923 salutis
1201 3869 1342 3938 plebi
1395 3869 1536 3938 eius.
1592 3870 1648 3928 in
1696 3884 1781 3924 re-
1883 3870 2147 3924 herentur
2173 3868 2389 3938 singuli.
2417 3868 2469 3924 in
2491 3883 2648 3925 suam
2675 3866 3486 3936 civitatem.Ascenditautem.

217 3933 496 4009 missionem
543 3951 890 4007 peccatorqu
941 3956 1152 3995 eorum.
1203 3933 1306 3996 Per
1356 3933 1566 3996 viscera
1617 3941 1780 3996 mise-
1884 3951 1939 3995 et
1993 3941 2195 4009 Joseph
2237 3933 2522 3997 a‘Galilea.
2555 3940 2624 3994 de
2675 3941 2893 3994 civitate
2950 3939 3234 3994 Nazarebt.
3284 3933 3342 4000 in
3390 3939 3490 3996 Ju-

216 4007 449 4081 ricordiae
496 4010 591 4064 Dei
647 4012 836 4065 nostri.
899 4013 950 4065 in
1001 4011 1197 4081 quibus
1255 4011 1492 4065 visitavit
1547 4028 1646 4070 nos
1721 4026 1782 4065 o—
1883 4007 2404 4079 daeam.civitatetn
2441 4011 2627 4064 David.
2660 4027 2799 4080 quac
2830 4020 3055 4065 vocatur
3089 4011 3388 4081 Bethleem.
3421 4025 3488 4063 eo

216 4077 340 4154 riens
379 4097 443 4134 ex
489 4083 617 4135 alto.
661 4082 988 4138 inluminare
1021 4077 1132 4154 'his
1158 4082 1326 4154 quiin
1376 4084 1618 4137 tenebris
1649 4092 1701 4135 et
1728 4083 1780 4136 in
1885 4083 2031 4154 quod
2059 4077 2204 4137 esset
2239 4083 2307 4137 de
2353 4083 2518 4136 domu
2543 4093 2596 4135 et
2628 4077 2796 4151 patria
2827 4081 2992 4135 David
3036 4091 3092 4135 ut
3136 4080 3488 4152 proﬁteretur

216 4149 376 4222 umbra
425 4155 614 4206 martis
658 4155 871 4209 sedent.
911 4153 976 4206 ad
1029 4153 1342 4222 dirigendos
1369 4154 1535 4222 pedes
1567 4163 1783 4208 nostros
1884 4149 2008 4208 cum
2065 4155 2230 4209 Maria
2281 4149 2788 4222 deSponsata'sibi.
2850 4157 2989 4222 quae
3030 4149 3151 4205 erat
3191 4166 3484 4220 pregnans.

215 4215 258 4271 in
282 4221 606 4304 viampaeis.
630 4224 772 4304 Puer
805 4237 985 4304 autem
1016 4215 1316 4304 crescebat.
1338 4215 1403 4304 et
1429 4223 1781 4304 confortaba-
1885 4225 2108 4279 Factqu
2151 4235 2239 4280 est
2263 4215 2464 4304 _autem
2494 4233 2826 4304 cumnesseut
2846 4215 2937 4278 ibi.
2967 4223 3170 4304 impleti
3191 4215 3490 4304 'sut'itbdies

214 4297 285 4371 tur
309 4296 508 4374 spiritu.
529 4303 728 4375 et_er_a_t
756 4297 808 4375 in
836 4295 1087 4375 desertis.
1121 4311 1292 4366 usque
1337 4295 1392 4375 in
1419 4297 1561 4375 diem
1595 4305 1779 4375 osten-
1885 4306 1944 4350 ut
1975 4306 2210 4375 pareret.
2261 4297 2326 4351 Et
2363 4295 2576 4375 peperit
2614 4295 2782 4349 lilium
2835 4309 2995 4375 suum
3039 4295 3486 4375 primogenitum.

211 4361 358 4438 gignis
383 4381 510 4421 suae
537 4367 602 4418 ad
651 4367 901 4438 Sdrahel.
925 4365 1149 4422 Factum
1178 4361 1262 4422 est
1290 4374 1470 4421 autem
1505 4367 1556 4421 in
1587 4366 1778 4438 diebus
1887 4377 1940 4423 et
1967 4361 2161 4438 pannis
2188 4383 2313 4424 eum
2362 4361 2605 4422 involvit.
2653 4375 2708 4421 et
2733 4366 2915 4438 posuit
2938 4361 3060 4438 eum
3106 4365 3161 4438 in
3181 4361 3484 4438 praesepio.

210 4430 324 4488 illis.
359 4439 489 4493 exiit
528 4438 766 4492 edictum
797 4455 826 4490 a
852 4436 1088 4493 Caesare
1114 4438 1378 4509 Augusto.
1419 4445 1477 4492 ut
1501 4437 1780 4509 describe—
1884 4430 2006 4509 quia
2039 4455 2145 4494 non
2186 4448 2305 4495 erat
2333 4438 2412 4494 eis
2467 4439 2624 4492 locus
2672 4430 3094 4509 in'diversorio.
3129 4430 3490 4509 Pastores(a)

203 4518 340 4581 retur
362 4511 653 4564 universus
698 4510 867 4581 orbis.
919 4509 1061 4565 Haec
1091 4507 1393 4566 deseribtio
1431 4511 1602 4580 prima
1637 4508 1778 4563 facta
1886 4507 2066 4566 autem
2098 4511 2140 4581 1-
2169 4520 2326 4567 erant
2345 4516 2351 4521 '
2372 4511 2424 4565 in
2446 4511 2638 4566 eadem
2668 4509 2893 4580 regione
2914 4507 3201 4579 vigilantes
3227 4519 3282 4564 et
3303 4507 3489 4564 custo-

194 4588 293 4633 est.
320 4579 570 4636 Praeside
599 4581 789 4653 Syriae
819 4579 1042 4654 Cyrino.
1076 4592 1130 4637 et
1158 4582 1308 4637 ibant
1337 4579 1530 4638 omnes
1555 4588 1614 4635 ut
1643 4581 1774 4636 scri-

1464 4695 1697 4758 CODEX
1726 4691 2197 4754 CORBEIENSIS.

254 4792 342 4846 71.
373 4790 454 4847 Ad
480 4790 716 4846 dandam
745 4789 1024 4846 scientiam
1054 4791 1228 4861 plebis
1253 4791 1389 4860 ejus.
1885 4858 1896 4861 _
1955 4787 2008 4842 5.
2042 4784 2179 4861 Cum
2201 4782 2367 4861 Maria
2395 4783 2726 4855 desponsata
2771 4781 2877 4839 sibi
2907 4794 3102 4848 uxore,
3125 4784 3144 4816 θ
3170 4794 3294 4838 eum
3342 4787 3490 4837 esset

249 4863 624 4937 Gsell—4‘.“
656 4855 1085 4937 utproﬁteretur
1110 4855 1395 4937 universus
1415 4861 1564 4937 orbis
1591 4869 1770 4937 terrae.
1882 4858 1937 4912 in
1956 4855 2374 4937 utero-habena.
2431 4934 2439 4937 _
2476 4927 2488 4937 _
2653 4926 2666 4937 .
2746 4925 2779 4937 η
2981 4925 2993 4937 ο

50 4935 56 5016 ι
251 4936 306 5016 ξ.
335 4936 371 5016 1
391 4934 530 5016 Haec
560 4935 580 4965 ⁷
613 4925 879 5016 prolessio
906 4933 948 5016 σί-
979 4949 1156 5016 prima.
1179 4935 1315 5016 facta
1339 4942 1469 4990 esta
1493 4931 1769 4988 Praeside.
1955 4930 2008 4983 7.
2035 4928 2170 4995 Quia
2202 4941 2306 4983 non
2329 4934 2447 4983 erat
2476 4927 2628 4984 locus
2650 4926 2707 4983 in
2729 4925 3052 4983 diversorio.

50 5005 54 5040 "
250 5008 307 5062 Δ.
334 5007 412 5061 De
438 5006 626 5073 domo,
657 5005 679 5035 ⁸
711 5013 765 5060 et
791 5005 967 5074 patria
993 5005 1180 5060 David.
1213 5005 1256 5076 1-

1376 5121 1769 5187 VARIANTES
1804 5119 2233 5189 LECTIONESJ

237 5225 256 5256 ⁸
286 5223 397 5274 Gal.
423 5223 734 5296 plebis_ejns.
767 5220 920 5293 Vulg.
939 5219 1080 5294 plebi
1099 5221 1224 5283 ejus.
1362 5282 1370 5291 _
1701 5282 1712 5292 ν
1878 5221 2074 5326 reptat.
2192 5274 2203 5284 ‘
2257 5272 2270 5283 ο
2406 5272 2417 5284 .
2781 5275 2791 5288 ⁸
2855 5275 2865 5286 .

235 5289 260 5319 ﬁ
284 5287 397 5326 Cm-
422 5287 470 5326 in
491 5288 663 5326 mirlln
690 5299 706 5326 ε
723 5292 952 5326 [αι-ξηιλ
988 5282 1081 5326 Dei
1104 5291 1210 5326 erat
1228 5295 1340 5326 cum
1360 5281 1462 5326 illo-
1486 5288 1538 5326 et
1558 5288 1666 5326 erat
1702 5294 1768 5326 tn.
1945 5276 1966 5306 °
2027 5283 2095 5325 at.
2124 5287 2294 5326 prmus
2308 5287 2460 5326 cum.
2483 5273 2609 5324 haec.
2631 5272 2865 5326 descripti

284 5287 397 5336 Gal.
422 5281 470 5335 in
491 5281 664 5345 spiritu
689 5295 782 5340 :0"
793 5281 952 5348 gratia
986 5282 1081 5335 Dei
1104 5281 1340 5334 eratcum
1360 5281 1463 5342 illo,
1486 5288 1538 5334 et
1558 5288 1666 5336 erat
1701 5282 1768 5348 ip.

284 5360 330 5395 α.
361 5347 726 5395 ronfortabatur
747 5348 948 5395 spiritu.
970 5353 1022 5395 et
1041 5353 1149 5395 erat
1171 5345 1240 5395 in.

1360 5281 1463 5342 illo,
1486 5288 1538 5334 et
1558 5288 1666 5336 erat
1701 5282 1768 5340 in.
1945 5281 1966 5306 ⁸
1987 5281 2095 5326 ϐαι.
2124 5281 2294 5337 primis
2308 5281 2460 5330 curis.
2483 5281 2609 5324 haec
2631 5281 2917 5344 descriptio.

1723 5345 1726 5348 ‘
1943 5339 1964 5370 "
1992 5341 2051 5388 Et
2073 5336 2139 5388 ita
2156 5340 2264 5388 Gut.
2285 5336 2511 5389 secundis
2533 5349 2688 5388 cum.

175 5348 330 5412 Vulg.
361 5347 726 5406 ronfortabatur
747 5347 948 5410 spiritu,
970 5353 1022 5395 et
1041 5353 1149 5395 erat
1171 5347 1240 5398 in.

232 5415 258 5446 ⁸
284 5413 399 5461 Gat.
426 5409 599 5474 Cyrino
623 5413 837 5460 nomine.
870 5406 1017 5474 Vulg.
1036 5406 1236 5474 .Cyrino.
1400 5470 1410 5474 _
1451 5470 1460 5474 _

1053 5353 1149 5395 erat
1171 5347 1240 5398 in,
1943 5347 1963 5370 ⁷
1992 5347 2051 5388 Et
2073 5347 2139 5388 tta
2156 5347 2264 5388 Gal.
2285 5347 2511 5389 secutum
2533 5349 2613 5388 cui

1053 5406 1236 5474 Eyrino.
1400 5470 1410 5474 _
1451 5470 1460 5474 _
1940 5401 1964 5474 ξ
1989 5403 2048 5474 ξι
2066 5399 2143 5474 ita
2166 5403 2270 5451 Gai.
2375 5470 2384 5474 Α
2460 5463 2474 5474 ι
2532 5462 2564 5474 _
2605 5462 2613 5473 ι

228 5476 254 5507 ⁸
279 5476 395 5525 Gal.
421 5462 480 5523 iu'
493 5487 627 5532 suam
649 5475 927 5537 regionem.
951 5462 1098 5536 Vulg:
1125 5473 1173 5526 in
1205 5482 1356 5537 suam‘
1369 5470 1640 5520 civitatem.
1671 5531 1694 5537 _
1940 5465 1961 5498 ⁸
1988 5465 2097 5515 Gal.
2119 5470 2426 5527 praegnante
2443 5463 2510 5514 de
2532 5462 2722 5526 Spiritu
2745 5467 2932 5514 uncto.

227 5541 252 5572 ⁸
277 5539 393 5588 Gal.
429 5543 488 5586 ut
507 5529 739 5601 ceasum'
751 5529 1144 5598 describereiur,
1171 5529 1356 5596 recenti
1390 5545 1556 5599 manu,
1578 5531 1779 5608 proﬁte-

1505 5637 1876 5712 ntsucmm
1911 5637 2142 5708 nam.

243 5737 324 5812 (a)
356 5735 435 5792 Ita
455 5735 638 5793 etcod.
680 5736 835 5806 Cant.
863 5735 936 5796 δέ.
