3950 6194
527 227 631 284 515
1055 225 1329 285 EUSEBII
1364 220 1710 282 VERCELL.
1753 223 2200 282 EVANGL‘LIUM
2238 223 2379 283 CUM
2423 221 2654 282 VARUS
2694 221 2851 281 COD.
2890 221 3287 281 COLLATUM.

923 343 1155 400 CODEX
1197 342 1738 400 VERCELLENSIS.

527 436 740 492 dientes
769 435 901 506 vigi-

527 509 626 563 lias
657 510 828 562 noctis

528 595 692 647 super
722 595 841 648 gre-

528 652 581 706 9.
608 667 726 720 gem
759 665 935 704 suum.
963 649 1031 704 Et

526 737 654 776 ecce
679 727 853 790 Ange-

527 793 609 848 lus
636 792 846 846 Domini
876 801 984 848 ste-

527 864 588 917 tit
617 865 630 892 ¹
663 877 824 932 super
848 879 966 927 eos,

525 943 579 989 et
611 935 865 1001 Inajestas

527 1005 739 1060 Domini
772 1008 1006 1060 circum-

526 1076 663 1130 luxit
691 1094 805 1142 eos,
835 1085 890 1131 et
911 1076 977 1130 ti-

526 1157 784 1202 muernnt

527 1219 722 1272 timore
745 1234 892 1288 mag-

526 1290 613 1344 10.
642 1307 730 1343 nn.
761 1289 930 1343 Dixit-

523 1376 628 1430 que
651 1362 730 1415 eis
759 1363 871 1414 An-

523 1433 707 1501 gelus:
732 1431 910 1486 Nolite

526 1503 750 1569 timere;
779 1517 907 1558 ecce

523 1576 668 1628 enim
695 1577 714 1605 ²
753 1590 920 1628 evan-

520 1646 698 1716 getizo
723 1646 876 1700 vobis

520 1716 779 1786 gaudium

523 1803 799 1856 maguum,

521 1858 667 1925 quod
688 1859 792 1911 erit
821 1872 938 1912 om-

529 1928 611 1983 11.
649 1929 701 1981 ni
721 1929 921 1998 pupula
945 1945 958 1980 :
983 1929 1108 1998 quia

521 2008 680 2054 natus
709 2011 789 2053 est
818 2014 912 2052 V0-

521 2069 608 2125 bis
638 2071 798 2125 hodie
829 2070 948 2126 Sat-

522 2151 699 2205 vator,
729 2142 819 2210 qui
845 2152 929 2197 est

520 2211 770 2268 Christus
790 2213 1075 2278 Dominus,
1102 2212 1154 2267 in

520 2284 739 2338 civitate
773 2285 864 2338 Da-

521 2354 612 2426 12.
641 2355 750 2409 vid.
786 2356 852 2410 Ει
878 2355 1038 2426 hujus

521 2425 624 2480 hoc
655 2426 809 2481 vobis

520 2497 734 2566 signum
769 2498 838 2552 is-

523 2577 601 2622 tut
627 2587 640 2622 :
674 2569 840 2624 inve-

521 2638 683 2695 nietis
706 2639 880 2694 infan-

523 2719 631 2765 tem
658 2712 850 2779 pannis

519 2781 822 2836 involutum
842 2823 858 2848 ,

520 2856 754 2922 positum
786 2853 839 2906 in

520 2925 829 2994 praesepio.

521 2995 609 3049 15.
644 2996 711 3050 Ει
731 2995 909 3050 subito
937 2995 1050 3050 lac-

518 3076 568 3120 ta
593 3078 677 3121 est
703 3068 724 3098 ³
743 3082 866 3121 cum

518 3138 628 3191 illis
661 3139 902 3206 Angelo-

517 3225 639 3262 rum
671 3210 855 3262 multi-

517 3279 648 3333 tudo
678 3294 841 3333 exer-

517 3350 658 3404 citus
679 3350 889 3404 caeles-

520 3421 846 3475 Uslaudan-

518 3491 651 3545 tium
681 3492 848 3545 Deum
867 3532 882 3556 ,
911 3499 967 3545 et

517 3562 816 3617 dicentium
849 3580 861 3615 :

519 3631 607 3687 M.
651 3633 836 3687 Gloria
859 3632 880 3664 ⁸
911 3633 967 3687 in
992 3645 1086 3686 ex-

516 3718 567 3759 c.
601 3748 616 3761 .
647 3704 724 3758 sis
747 3704 892 3771 Deo,

516 3785 572 3830 et
597 3790 760 3844 super
789 3787 889 3830 ter-

519 3861 634 3900 ram
669 3862 768 3914 pax
806 3845 901 3900 bo-

517 3917 753 3973 minibus
780 3918 878 3972 bo-

515 4114 728 4170 dientes
753 4114 964 4185 vigilias
985 4115 1160 4168 noctis
1190 4129 1350 4182 supra
1395 4128 1644 4183 gressum
1673 4129 1852 4169 suum.
1890 4114 1954 4166 Et
1987 4129 2114 4167 ecce

516 4187 754 4257 Angelus
784 4186 1022 4240 Domini.
1069 4185 1278 4257 adstitat
1307 4186 1410 4239 illis
1441 4199 1494 4257 et
1525 4188 1744 4239 claritas
1775 4185 1984 4238 Domini
2013 4187 2120 4257 cir-

515 4255 792 4313 cumluisit
828 4260 967 4311 illos.
1000 4269 1054 4310 et
1079 4256 1374 4311 timuerunt
1417 4256 1613 4310 timore
1641 4272 1854 4325 magno.
1893 4257 1953 4309 Et
1985 4255 2121 4309 dixit

520 4329 626 4384 illis
675 4329 933 4400 Angelus.
992 4327 1166 4382 Nolite
1221 4341 1431 4381 timere.
1481 4343 1607 4400 ecce
1657 4334 1798 4382 enim
1846 4329 2119 4400 adnuncio

515 4401 670 4454 vobis
707 4399 960 4468 gaudium
1017 4415 1290 4469 magnum.
1352 4399 1496 4469 quod
1551 4400 1657 4452 erit
1709 4399 1855 4452 omni
1891 4399 2106 4466 populo.

516 4473 642 4538 quia
677 4467 834 4523 natus
863 4485 943 4525 ρει
977 4467 1132 4524 νυὺῦ
1165 4472 1325 4522 hodie
1368 4467 1620 4522 Salvator
1645 4472 1732 4538 qui
1760 4482 1842 4524 est
1867 4471 1994 4522 Chri
2033 4478 2117 4522 tus

518 4541 781 4594 Dominus
809 4543 859 4594 in
892 4544 1109 4596 civitate
1147 4541 1334 4594 David.
1368 4543 1432 4595 Et
1473 4546 1575 4594 boe
1607 4542 1760 4594 vobis
1799 4543 2009 4611 signum
2042 4543 2119 4593 in-

517 4613 750 4667 venietis
796 4612 1053 4668 infantem
1096 4615 1287 4682 pannis
1345 4615 1667 4666 involutum.
1715 4623 1767 4666 et
1800 4617 2030 4681 positum
2066 4611 2117 4664 in

519 4683 824 4754 praesepio.
877 4685 942 4739 Et
965 4686 1146 4738 subito
1177 4684 1313 4738 facta
1338 4698 1422 4740 est
1443 4700 1563 4740 cum
1596 4685 1805 4754 Augelu
1829 4684 2120 4736 multitudo

519 4755 726 4809 militia:
754 4757 1029 4811 caelestis.
1080 4756 1413 4810 laudantium
1477 4757 1642 4810 Deum
1700 4769 1754 4810 et
1799 4755 2116 4809 dicentium.

517 4827 701 4882 Gloria
757 4828 808 4881 in
851 4829 1088 4882 excelsis
1115 4828 1247 4882 Deo.
1281 4837 1336 4880 et
1390 4828 1442 4881 in
1480 4838 1621 4882 terra
1652 4843 1771 4897 pax.
1809 4827 2120 4880 hominibus

516 4897 694 4953 bonae
713 4900 1026 4953 voluntatis.
1063 4898 1134 4953 Et
1174 4897 1379 4954 factum
1425 4911 1531 4956 est.
1565 4909 1624 4953 ut
1651 4900 2024 4954 discesserunt
2052 4898 2120 4951 ab

1358 453 1458 490 nae
1491 436 1738 488 volunta-

1362 508 1448 561 15.
1482 508 1570 560 tis.
1610 507 1672 560 Et
1704 507 1811 561 lac—

1363 589 1472 632 tum
1507 587 1620 640 est,
1653 589 1710 631 ut

1361 650 1614 704 abierunt

1370 735 1758 775 ....ncae-

1365 793 1475 846 lum
1508 791 1698 858 Angeli
1717 833 1732 857 ,

1366 873 1612 933 pastores
1643 862 1722 916 lo-

1362 935 1668 1004 quebantur

1362 1005 1428 1058 ad
1463 1005 1718 1068 invicem,

1363 1086 1419 1130 et
1443 1075 1738 1130 dixerunt:

1367 1146 1713 1201 Pertransea-

1365 1233 1486 1271 Inus
1510 1231 1678 1286 usque

1363 1287 1639 1352 Bethlem,
1673 1295 1727 1341 et

1365 1360 1647 1414 videamus

1366 1429 1468 1484 hoc
1494 1431 1716 1484 verbum

1364 1502 1505 1570 quod
1540 1501 1740 1554 factum

1363 1569 1466 1635 est,
1494 1573 1631 1625 sicut
1660 1569 1922 1625 Dominus

1364 1643 1608 1697 ostendit
1629 1657 1718 1695 no-

1366 1713 1452 1768 16.
1497 1714 1597 1769 bis.
1637 1712 1703 1766 Et
1724 1727 1889 1767 vene-

1366 1797 1494 1838 ruut
1519 1786 1539 1815 ⁵
1569 1785 1716 1839 [6811-

1367 1867 1586 1921 nantes;
1615 1871 1666 1911 e.
1703 1896 1714 1908 .
1753 1894 1765 1908 .
1793 1870 1853 1908 n-

1365 1937 1634 1984 venerunt

1367 1998 1609 2064 Mariam,
1645 2006 1701 2052 et

1361 2069 1533 2134 Josef,
1558 2080 1613 2124 et
1640 2069 1784 2123 inl’an
1813 2098 1838 2108 -

1362 2151 1468 2196 tem
1497 2141 1728 2210 positum

1359 2213 1414 2265 in
1449 2213 1758 2282 praesepio.

1364 2283 1449 2336 17.
1499 2284 1754 2338 Videutes
1782 2297 1878 2335 au-

1361 2363 1470 2408 tem
1498 2397 1513 2422 ,
1549 2365 1604 2409 et
1630 2354 1651 2384 ⁸
1683 2368 1808 2424 cog-

1362 2439 1762 2480 ηο......

1362 2496 1430 2551 de
1462 2513 1575 2551 ver.
1625 2541 1635 2549 .
1683 2531 1698 2548 .
1725 2537 1739 2558 ,

1361 2568 1505 2636 quod
1532 2569 1610 2623 eis
1638 2566 1755 2621 dic-

1362 2648 1474 2694 tum
1507 2649 1624 2695 erat
1646 2639 1714 2691 de

1363 2711 1452 2765 l8.
1490 2725 1687 2779 puero;
1718 2716 1774 2762 et
1793 2721 1908 2760 om—

1361 2797 1460 2837 nes
1481 2824 1496 2847 ,
1529 2781 1618 2851 qui
1647 2779 1832 2833 audie-

1360 2863 1505 2914 1⁵11111,
1539 2866 1703 2906 mira-

1363 2923 1401 2978 ti
1428 2931 1556 2978 sunt
1587 2923 1665 2992 (b)
1697 2921 1765 2976 de
1794 2921 1857 2975 iis
1884 2919 1962 2988 λς,

1358 3010 1497 3061 quae
1519 2995 1584 3048 ad
1611 3009 1708 3048 eos

1360 3067 1526 3122 locuti
1557 3073 1684 3121 sunt

1360 3147 1630 3206 pastores.

1361 3210 1449 3265 19.
1480 3209 1644 3263 Maria
1667 3220 1798 3261 vero

1360 3279 1720 3334 conserwbat

1361 3351 1538 3404 omnia
1574 3363 1698 3401 ver-

1362 3422 1428 3474 ba
1462 3422 1560 3474 ista
1583 3461 1597 3482 ,
1631 3433 1782 3472 com-

1363 3491 1586 3546 mittens
1609 3491 1665 3543 in

1362 3562 1528 3616 corde
1558 3575 1678 3614 suo.

1358 3633 1452 3687 20.
1488 3633 1554 3686 Et
1583 3629 1786 3686 reversi
1821 3639 1948 3684 sunt

1362 3705 1380 3733 ⁷
1414 3715 1657 3771 pastores
1685 3716 1834 3770 mag-

1362 3774 1647 3829 niﬁcantes
1673 3815 1687 3840 ,

1359 3857 1414 3900 et
1447 3847 1726 3899 laudantes

1360 3917 1530 3972 Deum
1557 3916 1610 3971 iu
1640 3917 1814 3973 omni-

2660 340 2893 399 CODEX
2932 337 3391 397 VERONENSIS.

2233 436 2602 491 custodientes

2234 508 2444 577 vigilias
2467 507 2640 561 noctis

2232 593 2393 645 supra
2424 593 2677 649 graegem

2232 665 2411 704 51111111.

2233 721 2286 776 9.
2333 722 2396 775 Et
2424 737 2551 776 ecce
2578 722 2693 776 An-

2231 793 2385 860 gelus
2417 791 2626 846 Domini

2233 865 2380 917 stetit
2407 863 2557 932 juxta

2235 933 2358 988 illos
2377 976 2390 992 .
2425 945 2476 987 et
2508 935 2580 1004 (α)
2609 936 2718 990 cla-

2232 1005 2362 1060 ritas
2390 1007 2430 1075 ·ξ·
2457 1007 2563 1059 cir-

2232 1077 2507 1130 cumfulsit

2234 1148 2374 1205 illos.
2405 1157 2460 1202 et
2491 1148 2787 1204 timuerunt

2236 1219 2430 1271 timore
2460 1234 2573 1271 ma-

2237 1289 2322 1342 10.
2356 1305 2482 1358 guo.
2517 1290 2579 1343 Et
2605 1289 2686 1344 die

2233 1363 2314 1413 xit
2338 1362 2479 1413 illis:
2513 1361 2621 1415 N0-

2233 1430 2327 1484 lite
2357 1433 2576 1495 timere;

2233 1517 2362 1557 ecce
2394 1505 2539 1556 enim

2234 1576 2548 1644 evangebzo

2237 1645 2388 1699 vobis
2417 1659 2537 1710 gau-

2237 1715 2382 1768 dium
2419 1731 2667 1785 magnum
2695 1758 2707 1780 ,

2239 1788 2380 1857 quod
2407 1787 2509 1840 erit

2239 1858 2385 1911 omni
2420 1857 2558 1926 plebi
2587 1876 2600 1912 :

2245 1929 2329 1982 11.
2364 1931 2485 1996 quia
2512 1938 2668 1982 natus

2237 2009 2321 2053 εει
2348 2001 2499 2052 vobis

2240 2069 2399 2124 hodie
2424 2071 2544 2124 Sal-

2232 2153 2407 2206 vator,
2440 2143 2529 2208 qui

2233 2223 2316 2267 est
2344 2213 2586 2267 Christus

2237 2284 2499 2338 Dominus
2515 2326 2530 2348 ,

2236 2355 2289 2408 in
2319 2359 2538 2409 civntate

2239 2425 2430 2479 David.

2236 2496 2326 2550 η.
2371 2497 2434 2549 Et
2464 2496 2624 2565 hujus

2237 2567 2341 2621 hoc
2363 2567 2516 2623 Vobis

2236 2640 2445 2708 signum
2473 2657 2484 2690 :

2232 2709 2526 2764 invenietis

2233 2779 2284 2833 in
2295 2781 2491 2834 fantem

2231 2852 2285 2904 in
2320 2853 2510 2920 pannis

2232 2922 2537 2977 involutum
2562 2964 2576 2987 ,

2231 3004 2285 3047 et
2315 2998 2546 3062 positum

2233 3066 2286 3118 in
2313 3064 2620 3134 praesepio.

2234 3135 2321 3190 15.
2367 3137 2428 3190 Et
2458 3137 2636 3190 subito
2666 3134 2741 3190 fa-

2231 3218 2313 3260 cta
2347 3220 2428 3261 est
2458 3208 2640 3261 multi-

2232 3278 2364 3331 tudo
2389 3294 2546 3332 exer-

2232 3349 2370 3402 citus
2401 3350 2580 3404 caele-

2232 3422 2395 3473 stium
2429 3421 2653 3474 laudan-

2233 3492 2364 3544 tium
2400 3493 2564 3546 Deum
2588 3533 2604 3557 ,

2233 3571 2288 3615 et
2319 3562 2617 3616 dicentium
2653 3580 2666 3616 :

2231 3632 2321 3686 14.
2363 3633 2544 3688 Gloria
2571 3636 2622 3689 in

2230 3704 2514 3759 altissimis

2229 3775 2342 3829 Deo
2364 3817 2376 3840 ,
2411 3786 2464 3831 et
2496 3776 2550 3830 in

2231 3857 2374 3900 terra
2413 3863 2513 3915 pax

2231 3917 2544 3974 hominibus

1846 4019 2080 4075 CODEX
2119 4019 2519 4076 BRIXIANUS.

2229 4114 2308 4168 eis
2338 4115 2529 4184 Angeli
2564 4115 2616 4168 in
2647 4115 2886 4170 caelum.
2921 4124 3168 4184 pastores
3199 4116 3564 4185 loquebantur
3594 4117 3659 4171 ad
3687 4117 3818 4170 iuri-

2228 4201 2369 4239 cem.
2431 4187 2794 4239 Transeamus
2849 4203 3016 4256 usque
3081 4187 3382 4242 Bethleem.
3441 4198 3497 4242 et
3547 4189 3823 4243 videamus

2230 4256 2330 4310 hoc
2359 4259 2607 4311 verbum.
2631 4257 2773 4326 quod
2805 4259 3000 4312 factum
3050 4270 3152 4312 est.
3193 4260 3336 4327 quod
3363 4260 3623 4313 DOlltiIHIS
3645 4273 3822 4314 osten-

2228 4328 2306 4381 dit
2351 4331 2525 4380 nobis.
2578 4330 2644 4382 Et
2677 4339 2943 4383 venerunt
2999 4329 3336 4385 festinantes.

3071 433 3245 487 bonae
3275 447 3367 486 vo-

3072 505 3321 558 luntatis.

3072 575 3160 630 15.
3210 576 3276 629 Et
3306 576 3503 628 tactum
3533 580 3614 629 est
3635 614 3649 634 ,

3069 657 3127 700 ut
3152 646 3404 700 discessit
3431 645 3500 700 ab

3073 718 3180 771 illis
3198 718 3437 787 Angelus

3072 790 3124 842 in
3155 790 3361 843 caelum
3381 830 3396 854 ,

3074 869 3318 928 pastores
3347 860 3425 914 l0-

3072 934 3377 1001 quebantur

3074 1003 3138 1056 ad
3171 1002 3423 1063 invicem.

3075 1084 3128 1128 et
3157 1075 3418 1127 dixerunt
3451 1090 3463 1123 :

3074 1145 3439 1199 Transeamus

3074 1231 3243 1285 usque
3276 1215 3552 1272 Bethleem
3573 1257 3590 1283 ,

3074 1299 3127 1342 et
3160 1289 3441 1342 videamus

3074 1359 3179 1413 hoc
3205 1361 3430 1412 verbum
3450 1401 3465 1426 ,

3075 1429 3216 1500 quod
3244 1431 3441 1484 factum

3074 1512 3194 1563 est,
3225 1500 3372 1571 quod

3074 1572 3151 1626 sic
3182 1573 3441 1627 Dominus

3074 1645 3310 1697 Ostendit
3335 1645 3512 1699 nobis.

3075 1715 3162 1770 16.
3207 1715 3271 1769 Et
3297 1725 3561 1770 venerunt

3075 1785 3423 1852 festinantes;

3075 1866 3130 1912 et
3163 1859 3382 1911 invene-

3075 1943 3196 1982 runt
3227 1928 3444 1983 Mariam
3469 1969 3482 1995 ,

3074 2009 3129 2054 et
3153 1999 3353 2067 Josepb
3377 2042 3393 2065 ,

3074 2081 3128 2124 et
3156 2072 3414 2126 infantem

3076 2141 3311 2210 positum
3341 2142 3394 2196 in

3075 2211 3382 2281 praesepio.

3076 2283 3162 2337 17.
3208 2285 3272 2338 Et
3296 2299 3468 2356 cogno

3072 2365 3265 2408 verunt
3290 2355 3359 2409 de

3072 2427 3238 2480 verbo
3257 2467 3271 2488 ,
3291 2427 3432 2496 quod

3073 2497 3274 2551 dictum
3303 2509 3388 2551 est

3075 2568 3182 2621 illis
3211 2571 3278 2622 de
3310 2583 3437 2636 pue-

3078 2640 3165 2694 18.
3209 2656 3270 2695 ro
3301 2639 3423 2694 hoc.
3455 2641 3522 2696 Et

3075 2725 3292 2774 omnes,
3324 2713 3417 2782 qui

3073 2782 3394 2847 audierunt,

3073 2854 3251 2907 mirati
3281 2864 3407 2907 sunt

3074 2924 3149 2994 (ὁ)
3177 2924 3245 2979 de
3279 2924 3362 2979 his
3391 2925 3454 2995 ἦ,

3070 3011 3208 3064 quae
3237 2997 3383 3050 dicta

3070 3076 3226 3120 erant
3249 3082 3277 3119 a
3311 3083 3403 3135 pa-

3068 3139 3304 3191 storibus
3332 3138 3398 3193 ad
3440 3138 3605 3208 ipsos.

3073 3208 3159 3263 19.
3203 3209 3366 3263 Maria
3398 3221 3579 3266 autem

3073 3282 3433 3334 conserbabat

3070 3352 3253 3405 onmia
3280 3353 3444 3405 verba

3071 3422 3224 3481 haec.
3255 3421 3439 3476 coul'e-

3071 3508 3197 3547 rens
3224 3494 3275 3546 in
3297 3493 3461 3548 Corde

3067 3565 3157 3618 20.
3200 3579 3319 3618 suo.
3353 3564 3421 3618 Et
3445 3580 3532 3622 re-

3067 3635 3215 3690 versi
3242 3645 3369 3690 sunt

3070 3721 3315 3776 pastores
3341 3721 3454 3761 ma-

3067 3778 3388 3848 gmlicantes
3409 3821 3424 3844 ,

3068 3858 3125 3904 et
3154 3849 3439 3904 laudantes

3195 3961 3208 3974 .
3258 3961 3271 3974 .
3308 3922 3361 3975 in
3391 3922 3645 3978 omnibus
3669 3964 3682 3988 ,

3717 217 3820 279 516

3397 4341 3452 4385 et
3499 4331 3819 4384 invenerunt

2227 4399 2444 4470 Mariam
2472 4409 2528 4453 et
2555 4400 2780 4465 Joseph.
2805 4411 2858 4453 et
2890 4401 3148 4455 infantem
3179 4405 3409 4470 positum
3436 4404 3485 4454 iu
3520 4403 3815 4470 praesepio.

2231 4469 2490 4524 anentes
2527 4485 2704 4525 autem
2738 4483 3111 4538 cogumeruut
3160 4469 3228 4526 de
3256 4475 3424 4526 verbo
3453 4474 3595 4541 quod
3626 4474 3822 4525 dietuiu

2227 4551 2342 4594 erat
2397 4543 2502 4594 illis
2555 4544 2622 4594 de
2656 4559 2843 4609 puero.
2883 4542 2948 4595 Et
2993 4559 3182 4596 ttllllles
3209 4546 3298 4612 qui
3331 4543 3617 4598 audierunt
3660 4547 3822 4597 mira-

2226 4611 2421 4666 bantur
2447 4615 2520 4682 (ὁ)
2550 4614 2616 4667 de
2651 4614 2732 4666 his
2781 4614 2821 4682 ἦ·
2848 4630 2986 4683 quae
3021 4611 3340 4669 dicebantur
3369 4631 3396 4665 a
3425 4615 3733 4683 pastoribus
3763 4613 3824 4666 ad

2227 4683 2392 4750 ipses.
2445 4683 2609 4738 Maria
2647 4695 2827 4737 autem
2875 4689 3236 4740 conservabat
3279 4687 3458 4738 oumia
3511 4687 3676 4740 verba
3703 4686 3824 4738 haec

2224 4755 2514 4810 conferens
2571 4759 2624 4809 iu
2679 4756 2845 4810 corde
2887 4771 3006 4809 suo.
3059 4758 3124 4810 Et
3170 4758 3376 4811 reversi
3417 4765 3545 4810 sunt
3587 4768 3822 4825 pastores

2225 4826 2629 4896 tnagnilicantes
2675 4837 2731 4882 et
2765 4827 3053 4882 laudantes
3099 4827 3292 4884 Deum.
3327 4828 3382 4881 in
3426 4826 3682 4883 omnibus

1808 5013 2043 5070 CUDEX
2081 5011 2548 5070 CORBEIENSlS.
2585 5018 2591 5031 ‘

2309 5108 2397 5163 t2.
2425 5107 2489 5162 Et
2518 5106 2676 5178 bujus
2707 5106 2810 5165 hoc
2837 5108 3049 5180 signum
3077 5107 3252 5164 vobis.

587 5111 643 5167 9.
675 5110 928 5182 Majestas
952 5109 1311 5166 circumfulsit
1343 5111 1484 5168 illos.

1747 5203 2145 5262 VARIANTES
2183 5202 2593 5261 LECTIUNES.

2286 5299 2307 5363 ξ
2343 5298 2450 5363 Gal.
2477 5296 2787 5348 festinanter.
2823 5297 2968 5363 Vulg.
2995 5279 3308 5363 festinantes.

583 5300 601 5364 ξ
637 5300 746 5348 Gal.
771 5301 899 5349 circa
925 5312 1026 5348 eos.
1059 5299 1206 5364 Vulg.
1250 5301 1392 5364 juxta
1415 5301 1540 5351 illos.

581 5362 602 5439 ξ
773 5365 940 5439 nuntio
961 5364 1115 5439 vobis.
1151 5362 1294 5439 Vulg.
1322 5364 1606 5439 evangelica
1631 5363 1784 5439 vobis.

581 5427 602 5489 ἓ
637 5427 743 5474 Gal.
770 5439 879 5489 cum
907 5425 1109 5486 Angelis
1127 5425 1383 5477 multitudo
1407 5430 1671 5476 exercitus.
1702 5425 1846 5489 Vulg.
1875 5440 1987 5476 cum
2011 5425 2109 5475 An-

514 5488 631 5552 gelo
655 5488 914 5538 multitudo
938 5501 986 5552 In
1007 5489 1157 5540 litiae.

582 5530 1258 5614 τάᾶἷίιῖὶοᾶἑίἐῗίέιιιρ.
1285 5553 1335 5600 in
1358 5530 1626 5601 altissimis.

2285 5360 2306 5389 ⁸
2343 5360 2450 5409 Gal.
2479 5368 2818 5424 cognoverunt
2855 5354 2969 5410 euin
3011 5361 3075 5409 de
3101 5360 3273 5408 verbo”.
3317 5354 3467 5424 Vulg.
3493 5367 3818 5423 cognoverunt

2221 5423 2287 5471 de
2318 5425 2490 5473 verbo.

2286 5485 2305 5515 "
2343 5487 2449 5536 Gat.
2489 5493 2712 5546 pastores
2745 5485 3029 5542 laudantes,
3067 5492 3119 5535 et
3146 5484 3508 5534 benedicentes
3547 5483 3816 5536 Dominum.

2232 5546 2376 5610 Vulg.
2407 5557 2628 5612 pastores
2649 5548 2980 5611 gloriﬁcantes
3003 5555 3056 5599 et
3079 5547 3336 5597 laudantes
3355 5546 3538 5597 Deum.

1859 5633 2226 5693 BLANCHINI
2267 5632 2497 5690 ΝΟΤέΕ.

591 5735 672 5806 (α)
713 5733 840 5791 Post
870 5733 1100 5799 claritas,
1129 5733 1284 5791 deest
1317 5731 1430 5800 Dei,
1471 5731 1632 5787 etiam
1665 5731 1718 5788 in
1747 5729 1869 5788 cod.
1893 5728 2206 5802 Cant.—-(b)
2227 5729 2369 5787 Ante
2397 5731 2458 5785 de
2481 5728 2586 5799 Iu's,
2617 5729 2852 5798 deestet,
2887 5731 3048 5788 etiam
3082 5730 3132 5787 in
3165 5739 3273 5786 tex.
3298 5727 3394 5785 Gr.
