3950 6194
155 241 241 302 5η

1229 237 1678 306 EVANGELIUM
1715 239 2089 306 SECUNDUM
2127 241 2380 307 LUCAIl.

530 355 761 416 CODEX
798 355 1340 420 VERCELLENSIS.

157 457 261 515 but,
291 467 432 523 quae
458 466 555 507 au-

155 526 354 580 dierunt
366 565 382 586 ,
413 533 468 578 et

155 596 387 651 viderunt
411 594 483 648 si-

154 678 228 722 cut
244 667 386 721 dicta
414 672 536 720 sunt

155 738 208 792 ad
233 752 344 792 eos.

155 810 229 864 2i.
269 808 336 864 Et
351 850 366 872 ,
395 823 517 862 cum
544 807 734 878 inpleti

157 889 263 935 sunt
289 881 403 934 dies
431 893 516 934 oc-

159 962 204 1008 to
225 993 240 1015 ,
267 961 325 1005 ut
348 965 472 1006 eum
499 951 608 1006 cir-

157 1023 501 1077 cutncidereut
516 1061 533 1087 ,

158 1103 383 1150 vocatum
405 1101 490 1148 est

157 1181 334 1220 nomen
355 1164 473 1233 ejus

155 1235 318 1293 Iesum
341 1279 358 1301 ,
384 1234 527 1305 quod
555 1248 650 1290 vo-

155 1320 316 1363 catum
343 1315 463 1360 erat

90 1443 95 1448 _
155 1381 213 1433 ab
237 1379 434 1448 Angelo
457 1378 568 1446 pri-

156 1465 361 1520 usquam
389 1464 523 1503 con-

154 1524 408 1589 ciperetur

154 1593 232 1646 2'2.
271 1594 320 1647 in
345 1602 516 1646 utero.
544 1590 614 1646 Et
641 1631 655 1656 ,

154 1679 264 1718 cum
292 1663 490 1732 expleti

155 1745 320 1790 essent
348 1735 467 1790 dies

155 1806 409 1876 purgatio-

154 1879 232 1931 nis
254 1878 364 1946 ejus
390 1891 476 1932 se—

153 1949 367 2003 cundum
405 1949 482 2003 le-

152 2035 264 2090 gem
289 2019 446 2091 Moysi
465 2059 482 2084 ,

154 2094 407 2146 duxerunt
431 2117 436 2121 ·

156 2178 271 2218 eum
293 2165 340 2217 in
367 2161 489 2218 Hie-

156 2235 372 2288 rusalem
396 2274 412 2300 ,

157 2316 211 2358 ut
235 2304 483 2360 offerrent

158 2391 270 2430 eum
302 2377 524 2431 Domino
541 2415 557 2440 ,

158 2447 239 2503 25.
279 2449 410 2501 sicut
437 2448 612 2517 scrip-

159 2528 261 2572 tum
288 2529 366 2572 est
393 2519 446 2573 in

160 2589 272 2657 lege
298 2589 505 2645 Domini
537 2607 550 2641 :

159 2661 284 2727 Quia
310 2661 325 2691 ‘
350 2675 512 2716 omne

162 2733 500 2786 masculinum
520 2772 536 2798 ,

165 2802 296 2870 quod
322 2805 492 2873 aperit

166 2875 359 2928 Vulvum
374 2918 388 2939 ,
418 2887 573 2929 sanc—

167 2953 268 2999 tum
292 2945 512 3000 Domino

166 3017 444 3072 vocabitur.

166 3087 251 3140 24.
292 3089 381 3152 Et,
417 3097 477 3143 ut
495 3088 692 3144 darent

170 3156 363 3212 hostias
390 3174 481 3215 se-

172 3230 387 3285 cundum

173 3301 304 3369 quod
329 3301 526 3358 dictum

176 3380 253 3444 ςει
280 3373 328 3444 in
353 3374 467 3444 lese

177 3440 371 3498 Domini
393 3440 426 3508 ,⁷
442 3459 540 3514 par
580 3452 700 3500 tur-

181 3521 341 3568 turum
358 3556 373 3579 .
396 3516 480 3571 vel

181 3582 305 3639 duos
333 3587 502 3655 pullos

186 3657 433 3712 columba-

185 3740 309 3781 l'lllll.

185 3795 266 3852 25.
307 3799 365 3854 Et
385 3815 510 3856 ecce
529 3808 648 3857 erat

190 3868 332 3924 homo
350 3873 398 3926 in
427 3872 549 3929 Hie-

191 3942 396 3999 rusalem
421 3985 436 4008 ,

964 454 1050 508 cui
1083 455 1104 485 ²
1135 469 1332 510 nomen
1395 515 1400 520 ,

963 523 1201 596 Symeon
1221 567 1236 587 .
1267 537 1322 581 ct

964 594 1128 650 homo
1161 598 1262 651 iste
1281 597 1400 667 jus-

966 676 1052 720 tus
1073 709 1088 732 ,
1115 677 1169 722 et
1200 667 1420 722 timora-

968 746 1053 793 tus
1068 780 1082 802 ,
1111 748 1406 804 expectans

967 811 1262 865 exortatio-

965 896 1090 935 nem
1121 880 1346 935 Istrahel
1373 923 1386 944 .

968 961 1023 1007 et
1043 950 1280 1020 Spiritus
1303 953 1440 1006 San-

968 1031 1056 1077 tus
1082 1034 1199 1077 erat
1225 1038 1389 1088 super

965 1093 1058 1148 26.
1099 1109 1244 1149 eum.
1288 1093 1354 1148 Et
1380 1104 1499 1150 erat

965 1167 1016 1220 ei
1041 1180 1362 1234 responsum

967 1250 997 1290 a
1022 1235 1228 1305 Spiritu
1253 1235 1453 1293 Sancto
1473 1277 1487 1300 ,

969 1321 1075 1361 ηοιι
1105 1321 1347 1361 vtsurum

968 1393 1091 1433 eum
1120 1386 1348 1432 mortem
1366 1418 1381 1443 ,

971 1451 1282 1518 priusquam

969 1517 1177 1574 videret
1204 1517 1482 1574 Christum

971 1590 1204 1645 Domini.

967 1662 1059 1716 27.
1101 1661 1169 1716 Et
1195 1661 1341 1715 venit
1364 1660 1416 1716 in
1444 1659 1638 1730 spiritu

973 1733 1027 1787 itt
1053 1735 1333 1803 templum.

975 1804 1042 1858 Et
1064 1847 1078 1868 ,
1113 1802 1238 1858 cum
1269 1802 1426 1858 indu-

974 1885 1162 1931 cereut
1206 1889 1297 1943 pa—

972 1958 1156 2001 rentes
1187 1961 1320 2015 pue-

973 2033 1092 2072 rum
1119 2017 1301 2071 Jesum
1327 2057 1344 2083 ,

972 2098 1033 2142 ut
1063 2089 1305 2142 facerent

971 2159 1039 2214 de
1070 2160 1164 2213 illo
1195 2173 1389 2213 secun-

971 2229 1099 2285 dum
1130 2243 1360 2285 consuc-

975 2301 1217 2356 tudinem
1248 2303 1316 2354 le-

973 2372 1064 2428 28.
1104 2373 1224 2444 gis;
1252 2381 1307 2427 et
1327 2371 1442 2442 ipse
1463 2386 1555 2428 ac-

975 2446 1120 2512 cepit
1141 2460 1263 2497 eum

977 2516 1030 2569 in
1047 2515 1377 2582 amplexum,

976 2596 1031 2640 et
1062 2586 1336 2641 benedixit

977 2658 1144 2711 Deum
1166 2697 1181 2717 .
1211 2667 1267 2710 et
1291 2657 1367 2710 ait
1397 2671 1411 2708 :

975 2729 1067 2784 29.
1108 2728 1129 2758 ³
1161 2727 1312 2782 Nunc
1339 2726 1522 2783 dimit-

980 2801 1048 2853 lis
1074 2814 1292 2854 servum

979 2881 1128 2925 tuum
1153 2869 1382 2925 Domine
1403 2910 1419 2936 ,

978 2941 1280 2997 secundum

980 3013 1204 3068 verbum
1230 3019 1313 3065 tu—

983 3099 1073 3138 um
1106 3085 1160 3138 in
1188 3097 1318 3151 pace
1349 3097 1363 3134 :

982 3156 1077 3211 ὄρ.
1119 3158 1244 3224 quia
1276 3153 1528 3209 viderunt

985 3227 1128 3281 oculi
1152 3227 1256 3280 mei
1279 3239 1370 3279 sa-

989 3299 1162 3352 lutare
1191 3306 1342 3351 tuum
1361 3337 1376 3361 ,

988 3370 1051 3425 3|
1065 3411 1079 3425 .
1120 3368 1264 3438 quod
1304 3382 1459 3438 prae-

990 3439 1190 3510 paraSti
1221 3454 1308 3495 se-

989 3510 1223 3567 cundum
1255 3525 1371 3565 om-

990 3583 1140 3637 nium
1165 3582 1296 3636 faci-

991 3669 1077 3708 em
1102 3654 1324 3724 papulo-

990 3726 1082 3781 32.
1106 3723 1264 3778 rum.
1292 3723 1501 3781 Lumen

993 3795 1282 3851 revelatio-

993 3883 1062 3922 ne
1081 3866 1321 3936 gentium
1344 3909 1358 3932 ,

995 3947 1048 3994 et
1070 3938 1302 4008 gloriam

3331 245 3440 311 518

2263 359 2495 419 CODEX
2539 358 3001 421 VERONENSIS.

1831 474 1973 530 quae
2000 459 2343 524 audierant,‘

1833 540 1889 586 et
1916 531 2164 584 viderant

1832 602 1972 657 sicut
2001 601 2143 656 dicta
2170 608 2298 657 sunt

1735 715 1740 718 .
1833 673 1900 726 ad
1932 672 2078 726 illos.

1831 742 1895 798 2t
1909 783 1923 796 .
1965 743 2063 803 Et.
2095 753 2380 826 postquam

1832 824 2194 870 consummati

1833 896 1959 940 sunt
1972 885 2088 940 dies

1833 966 1956 1012 OCtu
1978 999 1993 1020 ,
2017 965 2075 1010 ut
2095 957 2204 1010 cir-

1835 1028 2259 1092 Cumcitleretur,

1834 1109 2086 1153 vocatum
2113 1107 2198 1154 εει

1833 1185 2030 1223 nomen
2059 1169 2178 1238 ejus

1759 1239 1762 1242 ’
1832 1241 2018 1296 Jesum
2041 1281 2056 1301 .
2084 1239 2228 1310 quod

1832 1321 2085 1365 vocatum
2117 1321 2205 1365 est

1834 1383 1902 1436 ab
1930 1383 2136 1451 Augclo

1807 1499 1814 1504 .
1833 1455 2146 1522 priusquam
2170 1451 2224 1506 in

1834 1536 1994 1578 utero
2016 1524 2201 1578 conci-

1831 1593 1924 1648 22.
1969 1606 2206 1663 peretur.
2253 1634 2266 1646 .
2312 1631 2325 1645 .

1841 1675 2128 1736 postquam
2155 1669 2255 1720 im-

1839 1738 1968 1807 pleti
2001 1748 2127 1790 sunt

1840 1808 1958 1863 dies
1989 1807 2237 1876 puriﬁca-

1841 1879 2017 1934 tioues
2046 1879 2166 1948 ejus

1841 1949 2141 2005 secundum
2174 1950 2251 2006 le-

1841 2036 1961 2090 gem
1991 2021 2162 2091 Moysi
2185 2063 2201 2086 ,

1841 2093 2081 2146 tulerunt
2109 2091 2259 2146 illum

1844 2163 1896 2217 in
1926 2162 2263 2217 Hierusalem
2280 2205 2295 2229 ,

1845 2234 1923 2288 uti
1954 2236 2212 2288 sisterent

1843 2319 1968 2360 eum
2001 2304 2232 2359 Doinino
2251 2349 2265 2370 ,

1845 2375 1937 2431 25.
1965 2375 2124 2447 sicut
2142 2377 2408 2447 scriptum

1845 2456 1930 2501 est
1960 2446 2012 2501 in
2044 2447 2164 2516 lege

1849 2517 2063 2572 Domini
2095 2535 2109 2572 :
2137 2516 2273 2584 Quia

1845 2604 2008 2644 omne
2039 2591 2338 2646 masculum

1846 2660 2169 2727 adaperiens

1845 2733 2061 2787 vulvam
2088 2775 2103 2798 ,
2137 2746 2266 2788 san-

1846 2813 1994 2858 ctum
2023 2805 2253 2858 Domino

1847 2874 2150 2928 vocabitur.

1846 2943 1940 2999 24.
1985 2943 2083 3010 Et,
2112 2952 2170 2997 ιιι
2191 2943 2388 3000 darent

1850 3015 2047 3070 ostiatn
2075 3030 2270 3070 secun-

1850 3085 1978 3142 dum
2005 3085 2149 3156 quod
2172 3085 2257 3140 tli-

1850 3166 1997 3212 ctuut
2029 3167 2113 3212 est
2135 3161 2188 3210 in

1854 3229 1973 3299 lege
2007 3227 2220 3282 Domini
2240 3269 2256 3294 ,

1853 3314 1951 3369 par
1973 3307 2216 3354 turtures
2237 3339 2254 3365 ,

1853 3378 1910 3426 et
1935 3371 2071 3425 duos
2100 3371 2281 3443 pullos

1856 3443 2257 3497 columbarum.

1855 3512 1948 3568 25.
1990 3513 2060 3567 Et
2089 3529 2219 3570 ecce
2241 3512 2343 3568 ho-

1858 3599 1947 3639 mo
1968 3596 2085 3639 erat
2117 3586 2168 3638 iu

1858 3654 2194 3711 Hierusalem
2216 3695 2232 3722 ,

1859 3742 1944 3782 CUI
1974 3743 2176 3784 nomen

1861 3808 1979 3852 erat
1997 3798 2268 3867 Symaeon
2294 3840 2309 3864 ,

1859 3875 1916 3924 et
1947 3870 2108 3924 homo
2142 3871 2244 3926 iste

1857 3939 2039 4010 justus
2061 3983 2076 4008 ,
2100 3951 2155 3996 et
2181 3941 2342 3998 timo-

2617 478 2628 484 τ
2667 466 2854 522 ratus,
2890 466 3010 513 erat

2669 537 2964 597 expectans
2986 543 3115 585 con-

2669 599 2991 655 Solatinnem

2668 669 2898 725 Istrahel
2915 712 2932 733 .
2963 680 3022 726 et

2670 741 2906 812 Spiritus
2931 743 3071 800 San-

2665 823 2786 868 ctus
2813 823 2934 870 erat
2955 814 3012 870 in

2669 884 2686 939 i
2695 899 2812 951 μεθ.

2667 956 2760 1012 26.
2803 956 3147 1026 Responsum

2670 1027 2748 1099 (α)
2779 1037 2962 1082 autem
3001 1029 3044 1099 1-

2667 1100 2882 1167 accepit
2907 1100 2976 1154 ab

2669 1169 2879 1240 Spiritu
2905 1173 3042 1224 San-

2669 1252 2762 1297 cto
2782 1282 2796 1302 .
2828 1256 2932 1297 non
2962 1241 3041 1296 vi-

2669 1328 2856 1367 ειη-11111
2884 1329 3032 1367 mor-

2676 1393 2782 1438 tem
2807 1425 2822 1448 ,
2855 1384 2956 1438 nisi
2989 1385 3142 1451 prius

2672 1456 2885 1510 videret
2917 1453 3072 1510 Chri-

2671 1535 2814 1580 stum
2843 1526 3152 1581 Dominum.

2673 1595 2765 1650 27.
2810 1597 2873 1651 Et
2899 1597 3049 1670 venit
3088 1599 3142 1654 in
3171 1597 3369 1670 spiritu

2675 1669 2727 1722 in
2762 1679 2867 1723 tem
2877 1668 2982 1735 plu.

2676 1738 2772 1806 Et,
2802 1755 2925 1793 cum
2957 1739 3041 1794 in-

2673 1809 2936 1866 ducerent
2965 1826 3098 1879 pue-

2673 1896 2791 1936 rum
2815 1880 2999 1936 Jesum

2676 1963 2930 2021 parentes
2954 1952 3074 2022 ejus
3091 1994 3106 2018 ,

2677 2032 2736 2076 ut
2764 2023 3004 2079 facerent

2678 2095 2973 2166 secundum
3001 2109 3140 2166 con-p

2678 2165 3022 2221 suetudinem

2679 2235 2719 2288 l.
2763 2275 2779 2290 .
2823 2277 2836 2290 .
2882 2252 3158 2306 .proeo,

2811 2317 2865 2362 et
2891 2308 3008 2388 ipse
3038 2323 3194 2365 acce-

2679 2380 2760 2448 pit
2783 2394 2907 2433 enm
2941 2380 2995 2435 in

2683 2450 2930 2505 manibus
2953 2491 2968 2515 ,

2682 2530 2739 2575 et
2759 2521 2979 2576 benedi-

2683 2591 2761 2647 xit
2789 2593 2953 2649 Deum
2973 2633 2988 2658 ,
3019 2601 3075 2648 et

2683 2663 2818 2718 dixit
2852 2681 2866 2716 :

2683 2733 2774 2790 29.
2819 2734 2972 2790 Nunc
2999 2734 3211 2792 dimitte

2684 2821 2901 2860 servum
2928 2816 3078 2860 tuum

2689 2875 2917 2932 Domtne
2932 2916 2948 2943 ,

2687 2947 2988 3002 scentulum

2687 3017 2912 3072 verbum
2947 3028 3096 3071 tuum

2691 3089 2744 3142 in
2777 3103 2909 3159 pace
2941 3105 2956 3142 :

2690 3157 2792 3214 50.
2823 3158 2946 3230 quia
2978 3157 3130 3214 vide-

2692 3243 2817 3285 runt
2844 3231 2986 3286 oculi

2693 3303 2800 3358 mei
2830 3303 3124 3358 salutarem

2691 3373 2782 3428 51.
2824 3382 2976 3455 tuum
3003 3414 3020 3455 .
3042 3369 3187 3444 quod

2692 3454 2894 3512 parasti
2925 3454 3053 3500 ante

2695 3514 2888 3570 faciem
2913 3531 3033 3570 om-

2696 3587 2845 3641 nium
2875 3602 3047 3657 popu-

2696 3657 2788 3713 32.
2830 3658 3030 3712 lorum.
3067 3657 3174 3714 Lu-

2699 3743 2822 3784 men
2845 3732 2911 3783 ad
2944 3745 3036 3784 re-

2699 3800 3024 3855 vetationem

2700 3870 2983 3925 oculorum
3007 3910 3023 3934 ,

2699 3950 2757 3997 et
2780 3941 3011 4012 gloriam

1488 4051 1719 4109 CODEX
1755 4052 2042 4110 BRIXIAN
2049 4055 2155 4112 US.

227 4165 315 4205 uae
339 4152 608 4207 audierant
630 4159 686 4205 et
713 4149 982 4204 viderant.
1010 4147 1148 4202 sicut
1177 4145 1380 4201 dictum
1411 4145 1584 4219 estad
1618 4145 1760 4201 illos.
1867 4146 2016 4203 mine
2063 4147 2326 4219 Symeon.
2356 4155 2411 4204 et
2456 4147 2622 4204 homo
2651 4147 2764 4219 iste
2803 4146 3018 4219 justus.
3066 4155 3121 4202 et
3169 4145 3476 4219 timoratus.

227 4165 315 4205 ttae
339 4163 608 4207 audierant
630 4163 686 4205 et
713 4163 982 4204 viderant.
1010 4163 1148 4202 SlCtlt
1177 4163 1380 4201 (llCltlm
1411 4163 1494 4201 est
1519 4163 1584 4200 aa
1619 4163 1760 4201 mos.
1867 4163 2016 4203 nnne
2063 4163 2326 4219 aymeon.
2356 4163 2411 4204 et
2456 4163 2622 4204 nomo
2662 4163 2764 4202 tSte
2812 4163 3008 4213 lttSlllS.
3066 4163 3121 4202 et
3169 4163 3476 4200 ttmoratus.

198 4163 530 4294 Etoostquam
553 4219 914 4277 consummati
936 4230 1058 4273 sunt
1082 4220 1198 4294 dies
1213 4225 1364 4294 octo.
1396 4230 1447 4270 ttt
1476 4217 1763 4294 circumci-
1868 4228 2164 4294 expectans
2189 4220 2616 4294 consolationem
2643 4217 2908 4275 lsdraltel.
2931 4218 3233 4294 et_Spir_itt_ts
3249 4218 3482 4294 Sanctus

199 4288 408 4349 dereturl
433 4306 681 4349 vocatum
710 4304 792 4346 est
834 4306 1029 4345 nomen
1061 4293 1180 4358 ejus
1202 4288 1364 4343 Jesns
1387 4288 1527 4363 quod
1556 4289 1760 4363 dictum
1867 4302 1987 4345 erat
2013 4291 2174 4346 ineo.
2203 4292 2268 4345 Et
2296 4305 2620 4363 responsum
2644 4303 2932 4363 acceperat
2956 4291 3024 4346 ab
3045 4290 3258 4363 Spiritu
3278 4288 3482 4363 Saneto

200 4374 268 4416 est
290 4372 348 4418 ab
372 4367 596 4435 Aligelt).
623 4367 934 4435 priusquam
968 4362 1020 4415 in
1071 4373 1224 4415 utero
1271 4361 1670 4435 conciperetur.
1701 4360 1764 4414 Et
1870 4377 1979 4435 non
2013 4363 2258 4435 visurum
2282 4359 2589 4435 semortezn
2620 4363 2723 4435 nisi
2748 4359 2909 4435 prius
2951 4363 3184 4435 videret_
3201 4359 3481 4435 Christum

202 4429 690 4506 postquam‘iutpleti
740 4429 866 4506 sunt
895 4434 1010 4487 dies
1049 4430 1528 4506 purgationisejus
1568 4447 1765 4506 secun-
1870 4432 2108 4489 Domini.
2145 4435 2209 4487 tit
2235 4433 2380 4491 venit
2415 4435 2470 4506 in
2499 4433 2694 4502 spiritu
2745 4429 2798 4487 in
2828 4433 3114 4506 templum.
3147 4431 3214 4485 Et
3243 4447 3364 4506 cum
3398 4429 3484 4484 in-

201 4501 498 4577 dum'legem
523 4501 710 4578 Moysi.
759 4501 1334 4578 adduxerunteuutiu
1366 4502 1760 4578 Hierosolyma.
1871 4505 2136 4578 ducerent
2169 4521 2394 4572 puerum
2442 4503 2651 4559 Jesum.
2690 4513 2944 4578 parentes
2989 4505 3128 4573 ejus.
3161 4511 3220 4556 ut
3237 4501 3488 4578 lacerent

202 4586 250 4628 ut
276 4573 515 4634 sisterent
555 4573 679 4634 eum
724 4591 907 4631 coram
943 4577 1186 4629 Domino.
1222 4575 1362 4628 sicut
1385 4573 1643 4628 set-ibtqu
1683 4586 1768 4629 est
1874 4575 2172 4630 secundum
2206 4578 2658 4632 consuetudinem
2689 4575 2824 4645 legis
2857 4589 2953 4645 pro
2998 4590 3085 4630 eo.
3130 4582 3188 4629 et
3237 4573 3352 4645 ipse
3398 4587 3489 4645 ac-

196 4645 242 4700 in
269 4649 376 4717 lege
401 4651 631 4704 Domini.
666 4648 799 4716 Quia
831 4661 994 4702 omne
1038 4646 1397 4701 masculinum
1447 4645 1770 4717 adaperiens
1874 4647 2021 4717 cepit
2045 4662 2168 4700 eum
2193 4647 2248 4701 in
2279 4662 2470 4702 manus
2487 4661 2636 4700 suas.
2654 4656 2709 4700 et
2736 4643 3015 4717 benedixit
3042 4647 3293 4717 Denm_et
3321 4643 3486 4697 dixit.

86 4769 88 4772 ,
196 4715 388 4776 vulvam
427 4732 671 4776 sanctum
696 4715 934 4773 Domino
983 4719 1283 4773 vocabitur.
1325 4717 1388 4771 Et
1416 4726 1472 4770 ut
1503 4715 1772 4770 offerrent
1872 4716 2031 4771 Nunc
2058 4717 2286 4773 dimittis
2315 4733 2536 4773 servum
2569 4726 2720 4771 tuum
2755 4715 3006 4772 Domine.
3031 4715 3331 4770 secundum
3362 4729 3489 4769 ver-

85 4829 92 4861 ,
188 4806 282 4861 pro
304 4809 368 4846 eo
415 4791 739 4846 sacriﬁcium
787 4791 1032 4843 Domino.
1057 4789 1354 4861 secundum
1398 4787 1541 4858 quod
1562 4787 1769 4861 dictum
1879 4787 2006 4841 bum
2031 4797 2184 4843 tuum
2213 4791 2264 4861 iu
2300 4804 2450 4860 pace.
2485 4789 2609 4861 quia
2641 4788 2897 4844 viderunt
2915 4788 3057 4844 oculi
3091 4793 3193 4861 mei
3246 4786 3492 4842 salutare

77 4857 90 4950 ί
293 4865 338 4950 in
364 4866 480 4934 lege
511 4861 726 4950 Domini
757 4876 856 4950 par
883 4867 1152 4915 turturum
1199 4857 1454 4950 autnduos
1485 4858 1662 4950 pttlltts
1682 4873 1774 4914 co—
1880 4866 2054 4950 tunm.
2085 4859 2228 4950 quod
2255 4857 2616 4950 praeparasti.
2638 4861 2690 4937 in
2719 4872 3020 4929 (‘Ottspecllt
3042 4859 3285 4950 omnium
3302 4873 3494 4950 1πιοιιιι-

73 4929 86 5016 ᾖ
179 4929 501 4993 lumbarein.
551 4934 622 4989 Et
666 4947 794 4990 ecce
828 4931 991 4988 homo
1031 4942 1150 4987 erat
1199 4932 1253 4986 in
1283 4929 1646 4986 Hierusalem.
1673 4945 1773 4986 no-
1880 4931 2078 4985 larunt.
2106 4929 2310 4988 Lumen
2359 4931 2429 4988 ad
2468 4930 2868 4990 revelaticmetn
2909 4932 3155 5004 gentium
3179 4938 3236 4986 et
3265 4929 3495 5002 gloriam

65 5051 74 5116 ἰ
1457 5064 1690 5124 CODEX
1726 5064 2205 5125 CORBEIENSIS.

243 5191 338 5247 22.
375 5189 444 5246 Ut
470 5195 768 5245 statuerent
795 5185 1069 5242 Domino.‘

241 5264 338 5321 24.
371 5262 476 5317 Par
507 5271 798 5327 turturum,
827 5268 883 5314 et
907 5259 1043 5314 duos
1072 5257 1272 5329 pullos,
1299 5263 1410 5313 etc.

1432 5369 1832 5430 VARIANTES
1869 5364 2279 5426 LECTIONES.

234 5481 250 5511 ι
282 5477 399 5527 Gut.
423 5484 566 5522 omne
583 5469 870 5520 masculum.
903 5468 1048 5533 Vulg.
1073 5481 1221 5520 omne
1255 5467 1603 5533 masculinum.
1956 5464 1976 5533 ξ
2006 5463 2115 5533 (ξω.
2133 5460 2276 5533 Hunc
2290 5459 2516 5533 dimitte.
2545 5453 2693 5522 Vulg.
2713 5451 2856 5508 Nunc
2877 5453 3098 5505 dimittis.

231 5544 256 5575 ³
283 5522 403 5590 bitt.
419 5537 612 5586 nomine
632 5534 865 5586 Semeon.
896 5522 1045 5596 ναιᾶ.
1066 5533 1144 5583 cui
1167 5545 1354 5584 nomen
1368 5530 1595 5584 Simeon.
1957 5527 1980 5556 δ
2009 5527 2120 5578 Gat.
2146 5525 2197 5574 in
2218 5522 2366 5574 ulnis.

1553 5633 1924 5697 BLANCHINI
1965 5631 2200 5694 NOTAE.

1956 5183 2050 5239 28.
2079 5182 2304 5254 Omittit,
2323 5183 2347 5216 δ
2368 5184 2424 5240 in
2446 5182 2603 5240 ulnas
2631 5197 2780 5241 suas.

258 5756 341 5828 (α)
369 5746 452 5805 Ita
478 5754 532 5805 et
549 5749 675 5809 cod.
705 5749 865 5808 Cant.
891 5746 967 5805 δά.
