3950 6194
552 217 658 293 519
1087 215 1357 277 EUSEBII
1395 213 1737 274 VERCELL.
1780 194 2155 286 “suam:

2271 212 2407 281 CUII
2450 210 2680 269 VARIIS
2718 207 2876 267 COD.
2912 203 3306 266 COLLATUM.

941 336 1170 395 CODEX
1212 335 1748 399 VERCELLENSIS.

555 434 738 505 p0puli
781 433 854 489 lui
884 432 953 487 Is-

555 507 726 560 raheL

555 578 645 634 55.
692 577 757 631 Et
782 582 898 630 erat
928 573 1005 644 (a)
1035 570 1237 644 Joseph
1258 613 1272 639 ,

555 659 612 703 et
645 651 808 701 Mater
833 647 948 715 ejus
975 644 1015 716 -ι-

556 722 814 774 mirantes

556 792 609 846 in
645 791 755 855 his,
782 802 921 858 quae

554 862 869 915 dicebantur

554 932 645 989 54.
689 935 755 985 de
777 946 865 985 eo.
903 930 966 984 lit
987 929 1152 983 bene-

554 1004 689 1058 dixit
720 1003 800 1074 (b)
827 1002 947 1055 illos
974 1000 1015 1071 ‘j‘
1038 1000 1142 1070 Sy-

555 1091 713 1129 meon
734 1116 749 1138 ,
776 1083 829 1127 et
854 1074 928 1126 ait

555 1146 622 1199 ad
662 1145 885 1199 Mariam

556 1217 780 1270 Matrem
812 1214 927 1284 ejus
957 1231 970 1267 :

557 1287 702 1342 Ecce
727 1287 812 1340 hic
844 1284 986 1352 posi-

558 1368 642 1412 tus
669 1368 750 1412 est
774 1360 823 1410 in
849 1358 958 1410 rui-

558 1445 717 1493 nam,
755 1437 809 1483 et
836 1442 1015 1483 resur-

557 1502 857 1555 rectionem

556 1573 848 1625 multorum

558 1644 610 1696 in
642 1642 840 1696 Israhel
865 1683 877 1703 .
907 1652 961 1695 et

556 1715 612 1768 in
643 1714 853 1780 signum
879 1753 894 1776 ,

557 1784 700 1851 quod
723 1792 937 1837 eontra-

556 1856 645 1910 55.
690 1854 909 1907 dicitur.
936 1852 1005 1906 Et

559 1936 705 1979 tuam
734 1940 865 1978 vero
897 1924 977 1993 ip-

556 1997 671 2051 sius
694 1996 927 2049 animam

558 2068 825 2150 pertransi
838 2100 854 2112 -

560 2136 601 2193 it
627 2137 837 2207 gladius
860 2179 874 2202 ,
908 2136 985 2191 uti

558 2210 871 2263 revelentur

559 2282 631 2350 (ε)
669 2281 960 2333 multorum

558 2351 804 2406 cordium
833 2350 875 2421 -ι-
905 2365 995 2405 co-

559 2422 873 2492 gitatinues.

559 2493 651 2548 56.
695 2492 763 2547 Et
782 2504 899 2547 erat
928 2492 1084 2547 Anna

561 2565 773 2630 I’rop...
806 2566 915 2620 issa
937 2607 951 2632 ,

560 2635 750 2689 IiliaP.
795 2675 808 2688 .
855 2676 866 2688 .
904 2652 1007 2690 nu-

558 2707 606 2761 el
630 2707 699 2762 de
729 2707 853 2761 trib.
899 2746 912 2760 .
957 2707 1028 2761 A~

558 2779 666 2832 seri
704 2794 716 2831 :
749 2778 881 2860 haec
913 2794 1036 2850 pro-

558 2859 798 2904 cesserat
829 2859 881 2903 in

558 2921 753 2975 diebus
774 2921 912 2975 mul-

558 2990 629 3045 tis
653 3033 667 3057 ,
699 3008 837 3061 quae
869 2993 949 3047 vi-

557 3072 712 3116 xerat
738 3078 862 3117 cum

559 3133 676 3186 viro
704 3134 861 3187 annis

558 3220 652 3257 vn.
686 3220 714 3257 a
742 3205 905 3274 virgi-

559 3284 726 3327 nitate
748 3289 865 3328 sua.

558 3345 647 3399 57.
693 3347 709 3373 ¹
741 3345 806 3398 Et
835 3344 967 3400 haec
1000 3343 1159 3398 vidua
1196 3345 1261 3413 (Ι)

560 3430 826 3468 annorum
847 3415 884 3484 ’ἷ-

562 3500 805 3540 Lxxxun.
827 3500 967 3553 quae

564 3572 671 3610 non
701 3556 926 3611 descen-

560 3627 722 3680 debat
748 3627 815 3681 de
847 3636 981 3681 tem-

559 3698 687 3767 plo,
726 3698 776 3750 in
805 3698 945 3766 jeju-

563 3768 667 3822 niis
688 3810 703 3836 ,
734 3779 790 3823 et
816 3785 937 3824 ora-

561 3958 740 4028 popnli
792 3956 865 4011 tui
922 3955 1184 4028 Iadrahel.
1249 3955 1315 4009 Et
1366 3963 1483 4028 erat
1513 3952 1601 4028 tu)
1649 3951 2161 4028 Iosepb._et_Ma_ter

561 4025 679 4097 ejus
699 4030 736 4097 ϊ
760 4031 1022 4082 mirantes
1044 4026 1214 4081 dehis
1236 4042 1373 4095 quae
1389 4026 1709 4097 dicebantur
1740 4025 1806 4078 de
1822 4025 1951 4097 illo.
1976 4026 2039 4078 Et
2062 4025 2159 4097 be-

562 4096 765 4155 nedixit
797 4101 871 4168 (b)
898 4100 1016 4152 illos
1044 4100 1083 4168 -ίο
1111 4098 1365 4167 Symeon.
1395 4108 1447 4148 et
1492 4096 1626 4149 dixit
1680 4097 1744 4150 ad
1790 4096 2010 4149 Mariam
2057 4096 2158 4149 Ma-

562 4181 697 4226 trem
726 4172 862 4241 ejus.
912 4172 1049 4224 Ecce
1080 4171 1162 4223 hic
1195 4170 1400 4241 positus
1429 4169 1593 4241 estin
1642 4168 1872 4241 ruinam.
1900 4176 1953 4220 et
1978 4182 2157 4241 resar-

558 4237 881 4298 rectinnem.
908 4241 1200 4294 multorum
1236 4241 1286 4293 in
1311 4239 1569 4293 lsdrahel.
1598 4248 1651 4293 et
1683 4240 1733 4291 in
1774 4237 1989 4307 signum
2014 4240 2156 4307 quod

553 4315 979 4369 contradicetur.
1011 4312 1077 4366 Et
1109 4322 1252 4365 tuam
1307 4312 1477 4378 ipsius
1525 4312 1779 4363 animam.
1834 4312 2159 4374 pertransiet

555 4387 783 4454 gladius.
808 4394 865 4438 ut
888 4385 1194 4438 revelentur
1232 4382 1763 4454 ennultisgeordibus
1780 4381 2153 4454 cogitationes.

564 4452 629 4511 Et
653 4467 769 4509 erat
799 4463 949 4508 Anna
976 4454 1285 4509 Proftetissa.
1321 4453 1426 4506 lilia
1477 4452 1676 4506 Fanuel
1722 4452 1789 4505 de
1823 4453 1963 4504 tribu
1998 4455 2152 4506 Aser.

563 4528 698 4580 haec
726 4537 1059 4593 processerat
1087 4528 1138 4579 in
1188 4525 1382 4579 diebus
1414 4524 1617 4577 multis.
1642 4539 1780 4593 quae
1804 4521 2013 4576 vixerat
2034 4540 2155 4577 eum

560 4599 678 4652 viro
709 4611 808 4651 suo
825 4598 982 4652 annis
1015 4606 1220 4665 septem
1261 4612 1291 4651 a
1312 4596 1619 4665 virginitate
1667 4609 1782 4648 sua.
1816 4595 1883 4649 Et
1916 4596 2047 4649 haec
2071 4594 2155 4648 vi-

564 4670 691 4723 dua.
737 4684 909 4737 usque
956 4669 1021 4723 ad
1052 4684 1224 4723 annos
1247 4669 1524 4733 oetoginta
1570 4676 1845 4737 quattuor.
1879 4681 2018 4733 quae
2049 4682 2156 4723 non

565 4740 877 4796 discedebat
897 4741 965 4795 de
988 4740 1213 4811 templo.
1231 4738 1471 4810 jejuniis.
1489 4749 1544 4794 et
1559 4738 2155 4794 obseerationibusser-

1387 428 1625 511 tionibus
1652 442 1767 482 ser-

1386 515 1537 553 Vlt'nS
1556 513 1685 553 1100·

1387 572 1474 625 58.
1519 580 1593 631 te,
1620 584 1682 622 ac
1702 568 1809 623 die.
1843 566 1911 623 Et
1938 565 2091 631 haec,

1388 652 1536 696 stans
1561 643 1671 711 ipsa
1698 640 1793 692 ho-

1388 728 1444 767 ra
1469 754 1484 777 ,
1514 728 1563 766 c.
1610 752 1622 765 .
1669 711 1825 767 nﬁte-

1388 784 1545 838 batur
1577 783 1763 838 Deum.
1810 820 1823 835 .
1868 820 1880 834 .
1930 822 1941 833 .

1389 864 1443 908 et
1474 856 1546 909 Io.
1592 892 1607 905 .
1648 854 1777 908 eba-

1392 936 1496 979 llll‘.
1546 967 1558 979 .
1603 965 1616 978 .
1663 965 1674 976 .
1722 964 1735 977 .
1782 961 1794 975 ο
1829 939 1945 978 om-

1391 1014 1421 1051 n
1454 1037 1465 1049 .
1512 1036 1524 1048 .
1569 996 1667 1049 bus
1698 1010 1895 1067 expec-

1391 1068 1625 1122 tantibus
1651 1082 1740 1120 re-

1389 1139 1509 1194 dem
1520 1139 1757 1207 ptionem

1390 1210 1638 1264 Istrahel.

1390 1282 1479 1336 59.
1526 1282 1621 1345 Et,
1656 1290 1714 1335 ut
1743 1278 1981 1348 perfece-

1391 1363 1515 1408 runt
1543 1368 1666 1406 omn
1700 1392 1715 1405 .
1764 1390 1774 1401 .

1389 1439 1594 1495 quem.
1640 1466 1651 1477 .
1700 1465 1715 1478 .
1762 1464 1773 1474 .
1821 1450 1921 1487 .,.-

1389 1497 1516 1550 dum
1545 1495 1719 1563 legem

1392 1567 1603 1623 Domini
1626 1607 1640 1631 ,
1668 1577 1883 1629 regres-

1392 1640 1436 1691 si
1467 1646 1596 1692 sunt
1630 1637 1680 1689 in
1708 1634 1816 1689 Ga-

1394 1709 1571 1762 lileam
1601 1708 1652 1759 in
1684 1706 1758 1760 ci-

1392 1781 1614 1834 vitatem
1645 1792 1735 1832 su-

1394 1867 1479 1904 am
1504 1851 1733 1904 Nazaret
1754 1888 1768 1912 ,

1394 1922 1532 1975 sicut
1561 1922 1762 1974 dictum

1394 2002 1477 2047 est
1502 2008 1596 2060 per
1623 1992 1751 2044 Pro-

1434 2065 1610 2117 lietam
1640 2080 1651 2114 :
1685 2076 1755 2131 qu
1791 2101 1803 2113 .
1851 2100 1863 2115 .
1911 2100 1922 2111 .

1442 2150 1665 2189 azoreus

1395 2205 1695 2259 vocabitur.

1394 2276 1485 2331 40.
1530 2276 1671 2330 Puer
1700 2281 1879 2329 autem

1394 2349 1673 2402 crescebat
1694 2386 1707 2409 ,

1396 2428 1451 2472 et
1480 2416 1752 2472 conforta-

1393 2489 1552 2543 batur
1583 2488 1757 2557 reple-

1394 2568 1481 2614 tus
1514 2562 1564 2613 in
1597 2560 1811 2626 sapien-

1398 2632 1465 2684 tia
1495 2651 1507 2683 :
1541 2641 1595 2685 et
1620 2629 1791 2698 gratia

1396 2702 1493 2756 Dei
1516 2704 1536 2732 ¹
1568 2708 1684 2756 erat
1708 2714 1870 2767 super

1396 2774 1485 2827 41.
1530 2789 1672 2826 eum.
1704 2772 1770 2824 Et
1800 2771 1947 2824 ibant

1397 2843 1598 2912 Ioseph
1621 2883 1637 2907 ,
1671 2851 1729 2897 et
1756 2842 1871 2896 Ma-

1396 2916 1474 2969 ria
1508 2930 1603 2985 per
1630 2928 1747 2995 om:

1398 3001 1496 3041 nes
1521 3000 1693 3039 annos
1721 3002 1773 3037 Ill

1398 3056 1734 3111 Ilierusalem
1758 3096 1773 3121 ,

1396 3130 1484 3183 die
1511 3128 1731 3183 Sollem-

1397 3201 1449 3254 ni
1474 3199 1734 3254 Pasehae.

1394 3272 1484 3325 42.
1533 3273 1595 3323 Et
1621 3284 1742 3323 cum
1770 3276 1955 3322 essent

1395 3342 1472 3394 illi
1500 3339 1577 3412 (g)
1604 3340 1728 3393 anni
1759 3340 1909 3408 duo-3'

1395 3412 1569 3464 decim
1596 3452 1609 3475 ,
1644 3420 1698 3463 et
1723 3425 1809 3464 as-

1395 3481 1699 3536 cenderunt

1399 3553 1449 3605 in
1478 3553 1733 3606 Hieroso-

1398 3624 1538 3696 lyma
1567 3638 1759 3677 secun-

1398 3697 1525 3748 dum
1549 3709 1781 3749 consue-

1400 3766 1640 3821 tudinem
1663 3765 1744 3820 di-

2688 324 2923 393 CODEX
2964 321 3417 391 VERONENSIS.

2254 424 2427 493 plebis
2450 431 2573 477 tuae

2253 494 2502 550 Istrahel.

2252 568 2341 621 55.
2386 566 2450 619 Et
2474 572 2593 620 erat
2616 561 2693 635 (α)
2718 562 2810 621 Jo-

2253 637 2385 705 seph
2405 677 2421 703 ,
2450 645 2504 691 et
2532 634 2640 691 Maé

2253 716 2337 764 ter
2367 709 2484 777 ejus
2509 706 2548 776 ’ί-

2254 782 2514 834 mirantes
2542 793 2629 831 su-

2256 867 2351 918 per
2383 851 2495 915 his,
2525 864 2665 919 quae

2253 922 2571 976 dicebantur

2254 993 2343 1047 54.
2386 992 2455 1047 de
2484 992 2598 1045 illo.
2627 990 2694 1046 Et

2254 1062 2532 1118 benedixit

2255 1136 2334 1208 (b)
2364 1135 2481 1189 illos
2506 1132 2547 1203 τ
2576 1132 2679 1208 Sy_-

2254 1204 2447 1261 maeon
2470 1249 2483 1271 ,
2519 1213 2574 1259 et
2602 1204 2683 1269 di-

2255 1279 2335 1331 xit
2364 1280 2428 1330 ad
2460 1277 2681 1332 Mariam

2256 1348 2478 1402 Matrem
2508 1346 2624 1415 ejus
2651 1363 2667 1404 ξ

2258 1419 2398 1473 Ecce
2432 1419 2517 1473 hic
2549 1432 2645 1485 po-

2257 1491 2393 1544 situs
2416 1498 2499 1544 est
2530 1488 2582 1542 in

2258 1578 2474 1628 casum,
2509 1569 2563 1615 et

2260 1632 2684 1695 resurectionetn

2262 1703 2552 1757 multorum

2262 1773 2313 1827 in
2335 1774 2590 1841 Istrahel,

2260 1854 2313 1897 et
2340 1847 2391 1899 in
2419 1846 2661 1915 signum,

2260 1916 2403 1984 quod
2427 1932 2555 1970 con-
2737 1976 2747 1981 _

2261 1988 2576 2042 tradicetur.
2606 1988 2671 2042 Et

2264 2059 2353 2112 55.
2398 2070 2541 2114 tuam
2573 2058 2745 2128 ipsius
2768 2058 2885 2121 ani-

2265 2145 2405 2184 mam
2435 2131 2767 2199 pertransiet

2264 2201 2503 2269 gladius,
2531 2211 2588 2255 ut
2616 2218 2703 2257 re-

2266 2274 2514 2326 velentur
2544 2272 2617 2343 (ε)
2644 2272 2783 2328 mul-

2268 2352 2444 2397 torum
2474 2346 2716 2401 cordium
2740 2343 2781 2413 -ξι

2266 2416 2645 2483 cogitationes.
2683 2416 2770 2484 (ά)

2268 2485 2358 2556 56.
2405 2485 2469 2538 Ει
2496 2485 2531 2556 ’ξ’
2560 2486 2715 2547 Anna
2756 2485 2887 2550 Ρςυ-

2263 2555 2524 2626 phetissa,

2263 2628 2373 2681 lilia
2405 2626 2581 2681 Fanu-

2259 2698 2308 2752 el
2340 2697 2407 2752 de
2439 2698 2581 2755 tribu

2261 2769 2399 2823 Aser
2432 2788 2443 2822 :
2478 2770 2611 2825 haec

2262 2850 2606 2911 processerat

2260 2913 2313 2966 in
2346 2912 2536 2967 diebus

2261 2983 2443 3037 multis
2464 3025 2479 3049 ,
2508 2993 2562 3037 et

2260 3054 2473 3109 vixerat
2504 3054 2577 3126 (ε)
2608 3070 2703 3110 an-

2262 3141 2361 3179 nos
2388 3128 2423 3195 ϊ
2450 3141 2573 3181 cum

2260 3197 2379 3251 viro
2409 3212 2506 3250 suo
2530 3214 2627 3253 vn.

2261 3283 2289 3320 a
2324 3268 2635 3337 virginitate

2262 3340 2352 3393 57.
2394 3355 2509 3393 sua.
2544 3340 2611 3397 Et
2640 3339 2776 3403 haec

2261 3411 2420 3465 vidua
2449 3410 2521 3481 (f)
2551 3426 2646 3466 an-

2264 3496 2452 3536 norum
2478 3484 2515 3553 -ξ-

2264 3569 2516 3608 Lxxxnu.
2551 3569 2687 3624 quae

2263 3641 2370 3678 non
2397 3626 2642 3681 discede-

2261 3698 2353 3752 bat
2379 3697 2445 3750 de
2483 3708 2618 3751 tem-

2265 3769 2381 3837 plo,
2411 3768 2634 3838 jejuniis
2655 3810 2670 3836 ,

1886 3857 2117 3915 CODEX
2154 3860 2551 3918 BRIXIANUS.

2265 3956 2414 4031 _viens
2439 3968 2689 4031 npctegac
2726 3959 2835 4013 die.
2864 3958 2955 4031 Et
2986 3959 3119 4016 haec
3143 3962 3255 4031 ipsa
3300 3978 3415 4018 ora.
3442 3972 3596 4020 stans
3642 3964 3847 4020 conﬁte-

2264 4026 2422 4083 batur
2463 4029 2802 4103 Domino.‘et
2859 4026 3180 4101 loquebatur
3220 4034 3286 4088 de
3342 4035 3453 4088 illo.
3488 4037 3736 4090 omnibus
3766 4036 3843 4103 qui

2264 4103 2620 4173 expectabant
2640 4100 3071 4171 redemptionem
3102 4105 3461 4161 Hierusalem.
3492 4106 3561 4162 Et
3589 4125 3707 4161 cum
3734 4100 3843 4173 per-

2264 4169 2772 4247 fecissent_omnia.
2813 4169 3111 4247 secundum
3166 4178 3335 4247 lgent
3379 4179 3611 4233 Domini.
3662 4169 3849 4233 reversi

2262 4253 2389 4295 Sunt
2426 4244 2481 4296 in
2519 4243 2783 4298 Galileam
2818 4246 2870 4297 in
2911 4246 3184 4301 civitatem
3223 4243 3385 4302 suam
3412 4249 3699 4306 Nazareth.
3723 4250 3847 4303 Puer

2264 4322 2443 4389 autem
2467 4316 2764 4389 crescebat.
2793 4327 2843 4369 et
2869 4316 3279 4374 confortabatur
3322 4321 3537 4389 spiritu.
3583 4330 3637 4376 et
3686 4322 3845 4389 inple-

2270 4382 2426 4438 batur
2442 4385 2728 4461 Sapientia.
2756 4396 2809 4442 et
2839 4390 3010 4457 gratia
3041 4389 3133 4444 Dei
3163 4401 3280 4444 erat
3302 4382 3475 4446 in'illo
3502 4393 3565 4448 Et
3592 4382 3844 4461 ibant-pa-

2270 4466 2451 4510 rentes
2484 4457 2600 4525 ejus
2626 4473 2720 4526 per
2744 4474 2934 4513 omnes
2964 4475 3137 4515 annos
3179 4461 3233 4516 in
3276 4461 3640 4521 Hierusalem.
3668 4466 3719 4518 in
3761 4457 3846 4516 die

2267 4528 2494 4582 solemni
2520 4529 2735 4584 Paseae.
2765 4530 2968 4585 Etcum
2997 4529 3173 4588 factus
3202 4544 3349 4590 esset
3370 4550 3637 4591 annorum
3663 4534 3847 4591 duode-

2266 4598 2391 4653 cim.
2444 4599 2863 4677 ascendentibus
2901 4601 3007 4659 illis
3049 4604 3102 4659 in
3144 4603 3515 4677 Hierosolyma
3566 4606 3844 4665 secundum

2266 4671 2713 4729 consuetudinem
2740 4673 2821 4728 di-

1865 4837 2101 4895 CODEX
2136 4837 2607 4899 CORBEIENSIS.

632 4938 721 4993 ‘55.
747 4934 817 4991 Et
842 4945 957 4993 erat
977 4933 1200 5005 Ioseph,
1230 4943 1287 4991 et
1313 4933 1480 4991 Mater
1515 4937 1655 5005 ejus.

635 5010 724 5066 5t.
760 5006 1007 5077 Signum,
1030 5007 1172 5076 quod
1195 5007 1617 5063 contradicetur.

632 5080 725 5135 55.
758 5079 825 5134 Ut
852 5079 1160 5134 ‘revelentur
1185 5078 1205 5109 ³
1228 5081 1524 5135 multorum
1565 5079 1809 5136 cordium
1866 5079 2153 5150 cogitatio-

626 5272 641 5301 ¹
670 5269 779 5331 Gut.
802 5266 864 5331 Et
885 5266 1012 5331 haec
1034 5270 1141 5331 erat
1166 5264 1365 5316 vidua...
1392 5267 1617 5316 serviens
1644 5267 1755 5317 Deo
1778 5266 1882 5331 die,
1904 5281 1960 5317 ac
1984 5276 2148 5319 nocte.

570 5332 716 5393 Vulg.
747 5330 806 5379 Et
823 5330 949 5378 haec
972 5328 1174 5393 vidua...
1200 5331 1424 5393 serviens
1445 5336 1608 5393 nocte,
1636 5343 1692 5380 ac
1707 5331 1804 5381 die.

624 5398 644 5427 ²
669 5390 776 5444 Cat.
805 5398 1041 5442 eratcum
1070 5391 1170 5441 illo.
1195 5390 1343 5456 Vulg.
1365 5400 1472 5441 erat
1496 5394 1543 5441 in
1568 5392 1669 5442 illo.

2264 4954 2380 4994 nes.
2414 4937 2457 5009 τ

3088 429 3139 474 et
3170 418 3425 472 observa-

3092 490 3326 544 tionibus

3088 561 3328 616 serviens
3357 564 3521 613 nocte
3540 595 3558 620 ,

3089 647 3150 686 ac
3171 632 3279 687 die.

3088 704 3176 759 58.
3222 703 3287 756 Et
3318 701 3483 764 haec,
3517 697 3629 770 ipsa

3094 774 3224 828 hora
3253 782 3423 835 stans,

3092 844 3451 901 COItIitebatur

3095 918 3351 977 Domino,
3376 925 3432 970 et

3090 988 3416 1058 loquvbatur

3089 1058 3157 1113 de
3188 1059 3285 1113 illo
3315 1072 3432 1111 om—

3091 1132 3250 1186 nibus
3290 1130 3381 1197 qui

3092 1201 3453 1271 expectabant

3094 1273 3523 1341 redemptionem

3096 1343 3459 1400 Hierusalem.

3094 1416 3185 1472 59.
3230 1416 3333 1479 Et,
3365 1422 3423 1467 ut
3448 1410 3622 1496 perle-

3096 1496 3290 1543 cerunt
3319 1499 3501 1539 omnia

3094 1558 3393 1614 secundum
3420 1556 3496 1615 Ic—

3094 1647 3215 1702 gem
3244 1628 3486 1694 Domini,

3096 1702 3303 1757 reversi
3336 1709 3460 1754 sunt

3097 1774 3151 1828 in
3179 1772 3473 1829 Galilaeam

3098 1845 3151 1900 in
3174 1847 3448 1899 civitatem

3098 1932 3251 1972 suam
3277 1916 3448 1971 Nam-

3100 1990 3244 2043 rcth.

3098 2060 3190 2115 40.
3230 2059 3374 2114 Puer
3399 2062 3577 2109 autem

3099 2130 3511 2186 confortabatur
3531 2166 3548 2193 ,

3100 2211 3158 2257 et
3185 2200 3492 2264 crescebat,

3104 2282 3158 2329 et
3187 2273 3449 2344 itnplebaf

3105 2355 3190 2400 tur
3219 2342 3483 2413 sapientia
3512 2357 3527 2396 :

3104 2426 3158 2471 et
3188 2416 3359 2487 gratia

3105 2487 3201 2543 Dei
3226 2495 3346 2543 erat

3103 2574 3225 2613 cum
3255 2558 3369 2613 illo.

3102 2629 3194 2685 41.
3237 2630 3304 2684 Ει
3331 2628 3484 2684 ibant

3096 2701 3296 2771 Ioseph
3322 2742 3338 2767 ,
3366 2709 3419 2754 et

3095 2773 3258 2828 Maria
3293 2787 3390 2841 per

3096 2858 3287 2900 omnes
3317 2856 3499 2898 annos

3098 2918 3149 2971 in
3184 2916 3429 2970 Hierusa.

3098 2988 3205 3043 lem
3226 3030 3239 3054 ,
3274 2988 3325 3039 in
3358 2985 3503 3039 diem

3098 3056 3355 3114 sollemni
3382 3055 3484 3112 Pa-

3097 3131 3282 3185 schae.

3098 3203 3188 3257 42.
3230 3201 3298 3256 Et
3324 3214 3447 3257 cum
3476 3196 3555 3252 fa-

3100 3276 3170 3328 cti
3196 3286 3381 3329 essent

3097 3345 3174 3400 illi
3205 3346 3280 3417 (g)
3312 3344 3437 3401 anni
3464 3345 3503 3414 ’ξ’

3097 3432 3192 3470 XII.
3235 3428 3291 3472 81.
3321 3430 3514 3473 ascen-

3096 3486 3306 3544 dissent
3326 3490 3380 3545 in

3098 3558 3461 3617 Hierusolima

3096 3633 3391 3688 secundum

3098 3706 3449 3760 consuetudi-

3102 3789 3224 3828 nem
3252 3777 3337 3830 di-

3734 197 3829 259 520

2335 5011 2424 5073 58.
2455 5012 2523 5068 Et
2571 5010 2727 5080 haec,
2764 5012 2881 5081 ipsa
2934 5014 3066 5068 hora
3108 5012 3129 5043 ‘
3157 5021 3328 5078 stans,
3356 5014 3712 5073 conﬁtebatur
3746 5015 3838 5070 Do-

2264 5082 2481 5135 mino...
2516 5084 2951 5155 redemptionem
2997 5083 3321 5141 Jerusalem.

1787 5174 2206 5239 {VAHIANTES
2241 5176 2649 5236 LEC'I‘IONES.

2326 5270 2345 5300 ³
2371 5269 2638 5321 EtilaGat.

2344 5333 2497 5402 δραι.
2526 5335 2789 5397 adsistens,
2814 5335 3218 5389 maﬁtebatur....
3244 5338 3643 5402 redemptionem
3661 5342 3710 5391 in
3730 5338 3833 5391 Hie-

2258 5395 2497 5445 rusalem.

1888 5474 2258 5532 BLANCHINI
2297 5479 2529 5536 NOTAE.

632 5579 711 5652 (τι)
740 5578 814 5633 Ita
843 5587 896 5632 et
924 5575 1154 5652 tei_t_._Gr.
1189 5575 1530 5652 Ἰωσὴφικαίἠ
1570 5575 1737 5645 μήτηρ
1765 5574 2039 5652 atat-os._—
2072 5568 2149 5652 (b)
2182 5570 2273 5652 Ita
2300 5582 2352 5625 et
2395 5582 2502 5652 te‘x.
2535 5574 2630 5652 _Gr.
2672 5577 2978 5652 αὐτούςζ-
2999 5577 3082 5652 _(c)
3112 5578 3188 5632 Ita
3218 5587 3279 5652 et
3317 5577 3442 5652 eod.
3477 5578 3632 5652 Capt.
3661 5581 3831 5635 πολλῶν

560 5640 801 5727 καρδὶῶν.
834 5680 905 5727 _——_
943 5648 1023 5719 (ά)
1046 5648 1172 5727 Post
1203 5656 1261 5727 ξι
1294 5640 1662 5727 ,ξίὶρθξιρται
1683 5640 1893 5727 {etiam
1944 5641 1994 5693 in
2025 5640 2146 5695 cod.
2177 5640 2334 5699 Cant.
2361 5646 2503 5717 —(e)
2535 5646 2609 5701 Ita
2641 5655 2695 5702 et
2723 5659 2836 5703 lex.
2860 5646 2953 5704 Gr.
2986 5640 3095 5709 Feri.
3120 5680 3190 5692 —
3221 5648 3289 5723 (Ῑ)
3320 5649 3395 5704 Ita
3422 5658 3477 5706 et
3521 5650 3655 5708 Cod.
3693 5652 3835 5707 Cant.

563 5711 861 5793 inim—(9)
887 5711 960 5775 tui
987 5711 1040 5774 ἐι
1066 5715 1353 5773 cod.Cant.
1385 5717 1453 5775 ὡς
1472 5716 1668 5787 ἐγένετο
1692 5717 1833 5787 αὐτῷ
1860 5711 1972 5770 ἔτη.
