1975 3097
273 90 322 116 551

471 145 587 175 CODEX
604 143 874 174 VERCELLENSIS.

278 196 300 223 it
314 202 363 225 per
373 201 481 222 omnem
693 192 740 219 ΞΟ.
764 192 796 218 Et
807 190 950 218 revolvens

277 230 420 258 ﬁnitimam
694 227 810 259 librum,
825 231 854 254 et

279 267 415 300 regionem
695 263 812 290 reddens
823 262 873 300 mi-

282 297 324 328 151
347 303 379 328 de
397 301 451 327 illo.
467 300 500 328 Et
512 300 570 336 ipse
695 300 797 336 nisini,
810 297 902 336 sedet.

280 337 394 364 docebat
409 338 432 362 in
523 334 530 336 ἡ
696 334 731 361 Ει
743 334 864 360 omnium

279 374 318 407 (α)
328 372 473 406 Synagogis
484 370 516 406 τ,
699 370 723 396 in
741 371 881 404 Synagoga

279 409 411 435 honorem
699 407 769 432 oculi
785 410 862 431 erant

279 444 416 477 accipiens
698 441 832 477 intuentes

698 476 744 517 ἓξ.
766 477 791 503 in
804 484 875 502 eum.
892 475 960 503 Coe-

701 517 738 546 pit
757 517 846 538 aulcm

700 549 790 574 dicere
806 547 838 573 ad

280 480 315 506 ab
325 480 461 505 ()lllﬂll)US.

281 516 325 542 16.
349 516 380 541 Et
396 515 467 541 venit
479 514 518 550 (ι)
532 514 558 542 in
567 514 589 549 1'

279 550 407 582 Nazaret,
426 559 455 576 u-

278 587 307 614 bi
323 591 381 613 erat
396 594 445 613 nu-
701 584 760 609 illos
777 593 782 608 :
796 583 896 616 Quoni-

280 621 377 654 lriltls,
702 626 744 644 aut
760 619 839 645 hodie
857 619 896 643 in-

281 661 311 685 et
331 657 441 684 intravit
702 655 773 688 ple-la
789 662 828 681 εδι
839 654 930 689 Scrip-

282 692 432 721 secundnm
701 694 760 716 tura
773 691 839 717 haec

281 732 430 755 consuetu-
702 725 729 752 in
741 725 850 753 auribus

281 763 372 791 dinem
386 763 430 791 die
702 761 810 788 vestris.

282 799 396 827 sabbato
408 800 434 826 in
445 799 495 834 Sy-
702 795 746 834 22.
769 796 804 834 Et
818 804 912 826 omnes
927 799 980 823 tes-

281 842 396 870 nagoga.
407 839 435 861 et
447 831 503 861 εἰη-
702 831 844 870 timooiurn

701 866 805 894 dabam
820 867 873 900 illi,

700 907 727 928 et
740 903 876 930 miraban-

702 942 747 964 tur
759 938 784 964 in
800 945 860 965 ver-

702 972 745 1000 bis
758 974 861 1008 gratiae

701 1016 772 1043 quae
785 1008 876 1043 prodi-

703 1044 770 1071 bant
782 1045 816 1072 de
826 1052 874 1073 ore

282 870 354 897 rexit
369 870 469 904 legere.

282 905 329 932 17.
353 905 383 931 Et
396 908 537 938 porrectus

284 944 327 968 est
337 940 374 967 illi
389 939 458 967 liber

284 976 454 1009 Propliaelae

283 1011 392 1043 Eseiae,
404 1015 430 1038 et
442 1018 485 1039 re-

284 1047 396 1074 volvens
410 1046 442 1073 li-

284 1081 374 1113 brum.
386 1082 460 1109 inve-

284 1118 324 1145 nit
335 1117 435 1148 locum.
450 1125 482 1144 u-

284 1152 314 1181 bi
332 1158 391 1180 erat
401 1153 487 1188 scrip-

285 1193 342 1215 tum
359 1196 367 1215 2

286 1225 299 1251 1
306 1226 332 1250 δ.
344 1223 462 1258 Spiritus
472 1223 580 1252 Domini
587 1229 667 1259 super

286 1267 331 1287 me
345 1267 352 1285 :
369 1264 480 1293 propter

289 1296 297 1310 ¹
311 1295 383 1330 quod
394 1294 472 1322 unxit

703 1080 776 1107 illius
787 1100 794 1112 ,
811 1084 839 1107 et
851 1081 923 1108 dico-

703 1115 768 1143 bant
786 1124 793 1142 :
810 1115 907 1144 Nonne

704 1151 791 1178 Filius
801 1151 905 1186 Ioseph

703 1186 749 1214 25.
771 1186 833 1214 hic?
847 1187 880 1214 Et
892 1187 934 1214 di-

703 1222 744 1249 xit
753 1222 787 1249 ad
805 1223 865 1250 illos
880 1232 887 1250 :

704 1257 838 1285 Forsitam
849 1258 890 1285 di-

705 1294 772 1322 cetis
786 1293 852 1321 mihi

286 1329 342 1373 me,
354 1337 471 1365 evange—
704 1329 860 1392 Rarabolam
870 1365 876 1370 _

284 1367 368 1394 lizare
385 1366 436 1393 bu-
725 1373 794 1392 anc:
809 1364 876 1392 Medi

288 1373 368 1394 uzare
385 1373 436 1393 nu-
705 1373 794 1392 nanc:
809 1373 890 1392 meat-

288 1402 396 1430 milibus
410 1402 461 1429 mi-
704 1408 736 1428 ce
750 1408 814 1428 cura
829 1405 855 1427 te

289 1439 334 1475 19.
346 1439 381 1466 sit
394 1445 448 1470 Ille,
465 1436 502 1473 (c)
517 1443 596 1475 prae-
704 1438 792 1472 ipsum
805 1444 813 1463 :
828 1443 911 1470 quae-

287 1474 380 1501 dicare
392 1474 411 1510 1‘
424 1481 487 1508 cap-
703 1479 820 1510 cumque
833 1479 881 1510 au-

287 1510 349 1537 tivis
360 1506 465 1537 remis;
707 1508 824 1535 divinius
839 1506 896 1534 fac-

285 1546 404 1578 sionem,
418 1549 446 1572 et
705 1550 733 1571 ta
745 1545 770 1571 in
782 1543 901 1577 Caphar-

547 87 685 116 EUSEBII
704 85 874 115 VERCELL.
896 84 1122 114 EVANGELIUI
1140 83 1212 112 ευιι
1236 82 1349 112 VARI”
1366 81 1445 110 COD.
1464 79 1662 109 COLLATUM.

1863 75 1906 104 532

1340 139 1458 169 CODEX
1476 138 1704 168 VERONENSIS.

1126 195 1233 216 versam
1246 188 1386 223 regionem
1541 189 1586 216 20.
1612 187 1642 214 Et
1651 208 1659 219 ,
1669 193 1735 223 cum
1748 185 1798 221 pli~

1127 225 1160 251 de
1173 225 1229 250 illo.
1279 221 1288 223 ἡ
1542 223 1642 250 cuisset
1658 221 1754 249 librum
1765 242 1773 254 ,

1126 259 1171 287 15.
1195 260 1223 286 Et
1240 259 1297 293 ipse
1312 258 1363 285 do-
1543 258 1660 286 reddidit
1677 257 1727 284 mi-

1127 295 1205 323 cebat
1218 296 1244 322 in
1257 296 1295 329 (α)
1309 294 1358 329 Sy—
1546 295 1646 321 nistros
1656 315 1663 325 ,
1676 297 1705 320 et

1128 338 1239 365 nagogts
1253 331 1284 365 1-,
1545 329 1626 358 sedit.
1643 329 1675 356 Et

1129 371 1157 394 et
1168 364 1326 400 m-igniﬁca-
1546 366 1666 392 omnium
1684 364 1711 391 in

1130 402 1209 429 batur
1220 402 1254 429 ab
1547 401 1689 436 Synaguga

1130 437 1267 464 Omnibus.
1546 435 1624 464 erant
1636 435 1708 463 oculi

1131 472 1174 500 16.
1197 473 1228 499 Et
1242 471 1316 498 venit
1548 472 1719 499 intendentes

1135 508 1174 543 (ι)
1188 509 1213 534 in
1227 508 1248 542 -l~
1262 506 1315 543 Na-
1548 508 1575 535 in
1594 515 1666 543 eum.

1130 542 1240 574 iarellt,
1257 542 1302 569 ubi
1548 544 1594 571 21.
1614 542 1711 574 Coepit
1730 545 1818 569 autem

1132 583 1191 606 erat
1203 579 1329 612 nutritus,
1550 579 1641 606 dicere
1654 579 1688 605 ad

1132 619 1159 642 et
1171 614 1281 641 intravit
1549 615 1612 642 illos
1625 614 1710 647 :Quia

1131 649 1280 677 secundum
1550 650 1631 677 hodie
1642 649 1752 680 imi-leta

1133 684 1357 713 consuetudinea
1550 690 1593 714 est
1604 685 1671 712 haec
1679 684 1772 719 Scrip-

1132 728 1209 748 suam
1225 720 1270 757 die
1550 727 1629 757 plura
1642 721 1669 748 in
1687 728 1738 757 au_-

1133 756 1238 783 sabbati
1254 755 1281 783 in
1551 755 1626 784 ribus
1644 755 1751 784 vestris.

1133 791 1301 831 Synagogam
1309 811 1318 825 ,
1552 792 1598 831 22.
1620 791 1762 831 Et_otnnes
1776 796 1813 819 te-

1135 833 1162 854 et
1170 828 1290 854 surrexit
1554 827 1711 855 stimoninm

1136 863 1181 889 Π.
1203 862 1304 896 legere.
1322 862 1355 890 Et

1135 897 1251 924 traditus
1265 902 1308 924 est

1135 933 1174 960 illi
1188 933 1256 959 liber
1270 932 1337 960 Pro-

1135 969 1235 1003 plietae
1246 968 1341 997 Eseiae
1350 989 1358 1002 ,

1554 863 1592 890 illi
1606 863 1772 895 reddebant;

1553 903 1580 926 et
1596 898 1733 926 miraban-

1551 938 1595 962 tur
1606 935 1633 961 in
1649 934 1740 962 verbis

1552 970 1656 1005 gratiae
1668 991 1675 1001 .
1691 977 1761 1004 quae

1135 1008 1178 1040 et,
1192 1008 1219 1030 nt
1231 1004 1320 1031 revol-
1553 1004 1737 1040 procedebant

1137 1039 1176 1076 vit
1189 1039 1286 1067 librum
1296 1059 1304 1072 .
1553 1039 1589 1068 de
1602 1049 1651 1069 ore
1671 1039 1720 1076 ip-'

1136 1075 1239 1102 invenit
1250 1077 1337 1103 locum
1349 1095 1357 1109 ,
1554 1077 1612 1104 sius
1622 1098 1629 1109 ,
1642 1081 1670 1104 et
1679 1075 1721 1103 di-

1137 1110 1184 1137 ubi
1197 1110 1327 1146 scriptum
1555 1112 1652 1140 cebant
1669 1121 1676 1138 :
1689 1111 1764 1139 Noa-

1137 1150 1196 1173 erat
1210 1154 1218 1172 :
1554 1155 1590 1175 ne
1605 1148 1648 1175 hic
1661 1151 1704 1175 est

1138 1182 1184 1209 18.
1205 1180 1321 1215 Spiritus
1337 1182 1389 1210 Do-
1555 1183 1641 1211 Filius
1653 1182 1774 1217 Ioseph?

1137 1218 1204 1245 mini
1216 1224 1298 1251 Super
1555 1219 1601 1246 23.
1623 1219 1656 1246 Et
1668 1219 1705 1245 ait
1720 1219 1771 1247 illis
1785 1227 1792 1246 :

1140 1261 1184 1280 me
1196 1262 1203 1280 :
1216 1257 1338 1287 propter-
1556 1254 1655 1290 Utique
1670 1253 1744 1282 dico-

1139 1296 1171 1316 ea
1192 1297 1218 1316 u.
1241 1307 1249 1315 .
1272 1309 1278 1315 .
1302 1310 1309 1315 .
1557 1291 1592 1318 tis
1606 1290 1671 1317 mihi

1139 1332 1183 1352 me
1192 1345 1200 1356 ,
1211 1332 1293 1351 evan-
1557 1326 1628 1353 hanc
1640 1326 1712 1353 simi-

1138 1361 1256 1397 gelizare
1271 1367 1336 1397 pau-
1559 1362 1701 1389 litudinem
1713 1371 1719 1389 :

1141 1395 1251 1432 peritius
1263 1395 1336 1432 misit
1555 1397 1657 1425 Medice
1665 1405 1730 1425 cura

1141 1430 1185 1461 l9.
1207 1440 1265 1464 me,
1282 1430 1319 1467 (ε)
1334 1437 1411 1466 prae-

1140 1469 1231 1497 dicare
1244 1469 1264 1504 ἰ-

1139 1505 1256 1540 captivis

1139 1541 1327 1568 remissionem
1339 1558 1347 1571 ,

1557 1439 1584 1461 te
1600 1434 1686 1468 ipsum
1705 1441 1714 1460 :

1556 1475 1655 1504 quanta
1666 1468 1747 1504 audi—

1558 1503 1645 1532 vimus
1660 1503 1730 1531 facta

1557 1540 1719 1568 Cal‘arnaum
1729 1557 1739 1574 ,

285 1582 375 1608 caecis
388 1575 485 1614 visunt,
706 1587 787 1607 naum
799 1600 806 1611 ,
823 1575 865 1605 l'.tc
879 1582 908 1606 et
1139 1581 1167 1603 et
1178 1576 1266 1604 caecis
1282 1575 1322 1614 v_i-
1555 1576 1599 1614 fac
1613 1580 1640 1602 et
1653 1576 1696 1614 llic

286 1616 424 1643 dimittere
479 1610 484 1614 ’
706 1616 750 1642 ltic
764 1616 791 1641 in
800 1610 889 1649 patria
1138 1620 1216 1649 sunt,
1237 1610 1376 1639 remittere
1555 1612 1582 1639 in
1593 1611 1742 1649 patriatua.

286 1652 441 1678 contractos
707 1656 762 1677 tua.
804 1646 811 1649 ’
1138 1647 1291 1675 confraclos
1589 1646 1637 1674 ‘24.
1659 1646 1731 1673 Dixit
1744 1651 1836 1674 autem

286 1687 313 1713 in
328 1688 449 1719 requiem
461 1706 468 1717 ,
704 1685 750 1712 24.
774 1685 962 1714 Dixitautem:
1139 1683 1166 1710 in
1183 1683 1322 1719 remissio;
1555 1682 1635 1719 .lesus
1653 1682 1759 1719 :Amen

286 1717 445 1757 praedicare
471 1756 475 1757 γ
501 1756 504 1757 ν
706 1722 793 1757 Amen
804 1720 865 1757 dico
878 1727 926 1757 vo-
1139 1726 1200 1746 nem
1211 1739 1218 1750 ,
1232 1717 1339 1753 praedi-
1555 1717 1705 1757 dico_vobis
1715 1737 1722 1750 ,

286 1754 388 1784 annum
400 1756 506 1783 Domini
705 1755 748 1782 bis
759 1776 766 1787 ,
778 1756 839 1790 quia
855 1756 914 1783 nul-
1138 1761 1202 1790 care
1215 1760 1316 1781 annum
1556 1754 1627 1787 quod
1639 1760 1719 1780 nemo

286 1796 428 1826 acceptum
440 1811 449 1825 ,
707 1790 750 1817 lus
762 1789 881 1824 Prophe-
1140 1789 1246 1816 Domini
1257 1795 1335 1826 acce-
1557 1789 1690 1823 Propheta
1709 1796 1755 1816 ao-

287 1832 316 1854 et
326 1824 397 1854 diem
410 1834 455 1854 re-
707 1831 733 1853 ta
744 1831 872 1860 acceptus
1138 1829 1225 1859 ptum,
1239 1829 1267 1852 et
1279 1824 1351 1854 diem
1556 1828 1651 1859 ceptus
1663 1828 1705 1851 est

285 1862 462 1897 demptionis.
706 1865 748 1889 est
762 1861 789 1888 in
804 1861 889 1897 patria
1139 1860 1310 1888 redditionis.
1556 1861 1583 1888 in
1598 1860 1684 1895 patria
1704 1866 1765 1888 In.

948 1927 1064 1956 CODEX
1078 1928 1275 1964 BRIXIANUS.

306 1984 337 2004 er
359 1976 517 2003 universam
546 1974 656 2010 regione
669 1973 704 2001 de
730 1973 787 2010 illo.
802 1974 837 2001 Et
860 1974 918 2010 ipse
937 1973 1049 2001 docebat
1065 1975 1090 2002 in

306 1985 337 2004 er
359 1985 517 2003 unlversam
546 1985 656 2010 regione
669 1985 704 2001 ut:
730 1985 787 2001 Ill".
803 1985 837 2001 nl
860 1985 918 2010 IPSE
937 1985 1049 2001 υυρευῖιι
1065 1985 1089 2002 Ill

286 1985 566 2048 gynngogisueorum.
601 2009 877 2048 ct_magnilical_iatur
897 2010 932 2048 ab
953 2010 1089 2048 omnibus.

286 2045 321 2076 Ei
343 2045 416 2075 venit
442 2046 577 2074 Nazareni
602 2045 646 2072 ubi
666 2049 725 2072 erat
739 2045 866 2072 nutritus.
882 2049 909 2072 et
921 2045 1029 2072 intravit
1050 2053 1094 2073 se-

287 2083 405 2112 cundum
426 2080 649 2110 consuetudinem
665 2088 740 2108 suam
755 2081 799 2108 die
817 2081 950 2107 sabbatho
963 2081 989 2107 in
1006 2081 1090 2116 Syna.

305 2127 394 2153 ogam.
417 2123 444 2145 et
467 2116 584 2144 surrexit
600 2118 699 2151 ivgera.
728 2117 759 2143 Et
780 2117 894 2153 traditus
916 2122 957 2143 est
973 2116 1009 2143 illi
1026 2117 1093 2143 liber

305 2127 394 2153 ομκιιι.
417 2127 444 2145 ει
467 2127 584 2144 ΒΙΙΙἿἘᾺΙΙ
600 2127 699 2151 to'gere.
728 2127 759 2143 ιιι
780 2127 894 2143 ιῐῖηιιιυθ
916 2127 957 2143 (ﬁl
974 2127 1009 2143 Illl
1026 2127 1092 2143 IIDCI'

287 2127 403 2183 flcsaiae
429 2153 590 2188 Prophetae.
615 2157 642 2179 ct
661 2156 690 2178 nt
715 2153 830 2179 revolvit
859 2151 957 2178 librum
991 2153 1092 2179 invenit

287 2189 388 2217 locum.
415 2190 459 2215 ubi
484 2187 616 2215 Scribtnm
639 2191 707 2214 erat.
737 2188 855 2221 Spiritus
881 2188 985 2214 Domini
1012 2194 1093 2219 super

287 2233 333 2253 me
353 2228 462 2259 propter
477 2223 548 2258 quod
565 2224 641 2250 unxit
662 2231 705 2249 lue
725 2223 912 2257 evangelium
931 2223 1092 2257 pauperibus

287 2258 362 2288 misit
388 2268 430 2286 me
450 2266 547 2286 sanare
562 2259 694 2285 col-tritus
710 2258 793 2286 corde
809 2258 966 2293 praedicare
980 2259 1093 2293 captivis

289 2296 490 2324 remissionem.
508 2300 534 2321 ct
559 2295 649 2322 caecis
673 2295 770 2321 visum.
787 2294 924 2321 dimittere
941 2293 1094 2321 confractus

288 2331 317 2359 in
332 2330 464 2367 requiem.
477 2330 636 2366 praedicare
651 2337 752 2358 annum
775 2330 880 2358 Domini
903 2334 1045 2365 acceptum
1064 2334 1092 2357 et

1145 1975 1215 2002 dietn
1228 1975 1424 2011 retributionis.
1440 1975 1546 2003 Etcum
1568 1975 1695 2011 plicasset
1725 1975 1823 2003 librum
1847 1973 1926 2011 reddi-

1145 2011 1185 2038 dit
1200 2010 1325 2038 ministro
1339 2016 1366 2038 et
1379 2011 1459 2038 sedit.
1479 2011 1512 2038 Et
1524 2008 1644 2047 omnium
1659 2012 1685 2038 in
1699 2011 1839 2047 Synagoga
1852 2008 1924 2047 oculi.

1146 2047 1409 2074 ernntintendcnles
1420 2047 1447 2074 in
1463 2055 1535 2074 eum.
1551 2046 1646 2082 Cocptt
1674 2043 1764 2074 autEm
1774 2043 1877 2074 'dicere
1897 2043 1926 2082 ad

1147 2083 1218 2110 illos.
1235 2083 1301 2115 Quia
1318 2083 1396 2109 hodie
1410 2083 1518 2118 impleta
1533 2088 1574 2110 est
1586 2080 1652 2110 haec
1666 2083 1814 2110 Scribtnra.
1824 2083 1849 2109 in
1860 2080 1925 2118 auri-

1147 2119 1197 2145 bus
1209 2118 1305 2145 vestris
1320 2119 1350 2145 Et
1361 2126 1455 2145 omnes
1470 2118 1651 2146 testimonium
1665 2118 1841 2152 perltiltcltant
1852 2117 1893 2143 illi.
1904 2119 1926 2142 et

1145 2154 1312 2180 mirabantur
1326 2155 1352 2181 in
1367 2155 1456 2181 verbis
1475 2155 1577 2189 gratiae
1601 2161 1670 2188 quae
1699 2154 1876 2189 procedebant
1898 2153 1925 2189 de

1144 2196 1191 2216 ore
1207 2189 1301 2224 ipsius.
1318 2194 1344 2217 et
1358 2187 1493 2217 dicebant.
1508 2189 1602 2216 Nonne
1612 2187 1657 2216 ltic
1671 2187 1710 2216 esi
1726 2189 1810 2216 Filius
1824 2187 1923 2222 Joscph.

1182 2224 1215 2251 Et
1229 2225 1265 2251 :iil
1280 2225 1342 2251 illis.
1355 2224 1452 2259 Utique
1467 2226 1563 2252 dicetis
1575 2225 1639 2251 mihi
1651 2225 1720 2251 hanc
1731 2224 1924 2259 similitudinem

1145 2260 1247 2296 Modice
1260 2268 1324 2287 cura
1346 2265 1371 2288 te
1391 2257 1488 2296 ipsum.
1515 2265 1614 2295 quanta
1640 2260 1792 2287 audivimus
1811 2260 1879 2296 lat-tn
1904 2257 1925 2283 in

1144 2295 1344 2330 Capharnaum.
1367 2296 1408 2324 lac
1428 2301 1455 2323 et
1481 2296 1523 2323 llic
1547 2297 1573 2323 in
1601 2297 1685 2331 patria
1706 2301 1761 2323 tua.
1784 2295 1828 2322 Ait
1846 2299 1926 2331 autem

1146 2329 1231 2373 Anien
1246 2332 1306 2359 dico
1321 2332 1399 2360 vobis
1411 2333 1472 2368 quia
1488 2339 1568 2360 nemo
1576 2329 1710 2367 Propheta
1723 2335 1848 2367 acceptus
1858 2334 1895 2358 est
1904 2329 1925 2355 in

1140 2372 1227 2403 patria
1240 2374 1299 2395 sua.

935 2424 1054 2453 C(iDEX
1069 2424 1300 2459 CORBEIENSIS.

324 2473 369 2501 19.
384 2471 521 2509 dimittere
534 2475 729 2507 conquassatos
742 2471 769 2500 in
782 2472 916 2509 requiem,
929 2472 1087 2509 praedicare

288 2516 390 2537 annum
404 2508 510 2536 Domini
523 2512 677 2543 acceptum.
823 2508 830 2517 "

322 2616 330 2632 ι
349 2614 404 2640 σαι.
417 2620 449 2640 eo
459 2613 533 2646 quod.
550 2612 622 2645 Vulg.
634 2617 734 2646 propter
745 2614 819 2646 quod.

1174 2472 1220 2500 22.
1235 2472 1320 2502 Filius
1331 2472 1431 2510 Joseph
1445 2473 1524 2502 labri.

899 2565 1096 2596 VARIANTES
1115 2563 1313 2594 LECTIONES.

952 2667 1138 2698 BLANCHINI
1157 2667 1272 2696 ΝΟΤΕ.

326 2732 363 2768 (a)
379 2730 445 2768 Post
467 2729 625 2765 Synagogir,
641 2728 719 2768 deest
731 2736 830 2768 eorum.
847 2728 929 2768 etiam
944 2728 975 2768 in
986 2727 1036 2754 cod
1047 2727 1124 2768 Cant.
1138 2741 1172 2768 -έ
1185 2726 1225 2763 (ὁ)
1244 2726 1326 2768 Addit
1339 2727 1383 2759 in,
1398 2727 1607 2768 etiam_tex.ﬂGr.
1624 2728 1723 2768 «2::
1744 2726 1781 2763 (c)
1793 2728 1859 2768 Ante
1868 2732 1925 2762 prir-

292 2762 397 2795 diéai'e.
414 2762 499 2793 dcest'
509 2762 602 2792 sanare
619 2765 743 2792 contritas
760 2766 847 2796 cordo,
864 2764 891 2790 in
902 2763 962 2790 cod.
979 2769 1086 2796 quoilue
1096 2762 1175 2790 Cant.
1188 2770 1237 2789 nec
1250 2771 1303 2790 non
1315 2762 1342 2790 in
1357 2763 1526 2797 versionibns
1542 2764 1630 2796 Copt.,
1650 2762 1774 2795 Ethiop.
1793 2769 1819 2791 el
1835 2763 1924 2791 Saxon.

292 2809 324 2830 ac
343 2802 369 2829 in
388 2800 516 2829 Patrllms
540 2801 628 2836 0r‘tg.,
645 2801 775 2836 Ambros.
791 2804 818 2826 et
838 2802 951 2836 August.
967 2797 1148 2833 Probabilius,
1170 2798 1255 2834 inquit
1280 2798 1400 2834 Grotius,
1416 2800 1536 2829 additum
1551 2806 1584 2829 ex
1598 2797 1677 2829 Esaia
1696 2799 1730 2827 ab
1743 2797 1927 2836 Interpretlbus

292 2836 376 2870 LXX,
396 2843 477 2872 quam
488 2836 523 2863 ab
535 2834 819 2871 altis‘exscriptoribus
832 2835 972 2864 omissum.
