3950 6194
170 207 196 239 κ

170 206 266 263 553

168 413 250 469 25.
293 427 414 466 sua.
446 410 508 468 In
531 411 670 470 ml-

171 492 272 541 tate
289 483 416 539 dico
444 499 541 539 voc

169 556 244 612 bis
274 574 288 610 :
315 555 496 609 Multa:

169 626 350 682 viduae
367 635 524 682 erant

168 699 214 755 in
235 697 426 753 diebus
452 696 554 752 He-

169 770 261 825 liae
277 809 292 833 ,
326 767 545 838 quando

169 842 397 897 clausum
421 848 509 895 est

167 913 358 969 caelum
392 925 491 980 per

167 982 444 1038 triennium
462 1023 479 1049 ,

166 1064 212 1110 et
235 1067 454 1110 menses

166 1141 246 1181 sex
284 1143 298 1178 :
329 1138 557 1194 quomo-

165 1198 225 1251 do
259 1195 399 1250 facta
430 1203 517 1250 est

164 1267 308 1323 famis
336 1282 486 1336 mag-

167 1355 224 1394 na
241 1353 405 1408 super
425 1352 542 1392 om-

166 1425 275 1465 nem
307 1422 508 1464 terram
527 1419 545 1474 ι

163 1481 240 1536 26.
283 1491 336 1536 et
360 1481 425 1534 ad
455 1479 660 1537 nullam

165 1567 335 1608 earum
362 1552 495 1606 mis-

165 1638 248 1679 sus
275 1632 358 1679 est
377 1621 526 1677 Heli-

165 1710 242 1758 as,
278 1695 374 1748 nisi
408 1695 462 1747 in
491 1693 590 1749 Sa-

164 1775 299 1838 repta
326 1765 548 1838 Sidonia
564 1807 581 1831 ,

164 1837 229 1892 ad
243 1837 524 1892 mulierem

162 1909 380 1963 viduam.

162 1980 240 2034 27.
281 1981 347 2034 Et
367 1979 524 2034 multi
554 1978 635 2038 le-

163 2053 295 2119 prosi
323 2059 476 2106 erant

165 2123 181 2152 ¹
201 2121 249 2176 in
277 2121 479 2176 Israhel

161 2195 253 2249 sub
278 2193 486 2248 Heliseo

161 2263 411 2333 Propheta
437 2287 450 2318 :
481 2272 567 2319 set

163 2337 329 2390 nullus
359 2349 548 2391 eorum

163 2416 404 2478 purgatus
426 2416 508 2461 est
525 2446 543 2472 ,

161 2479 260 2532 nisi
291 2478 501 2534 hieman

165 2548 344 2605 Surus.

170 2618 249 2674 9.8.
290 2621 344 2675 Ei
366 2620 557 2704 repleti
580 2629 709 2678 sunt

173 2705 338 2746 omnes
366 2707 438 2745 ira

173 2761 218 2816 in
239 2762 462 2834 Syiiago-

171 2847 226 2901 ga
253 2835 460 2888 audien-

170 2903 250 2958 29.
291 2917 364 2960 tes
389 2906 442 2958 h.
485 2945 499 2960 .
544 2919 595 2962 c.
627 2904 695 2964 Et

175 2989 432 3043 surgentes
447 3019 464 3045 ,

175 3045 416 3102 eiciebant

177 3115 306 3170 illum
327 3126 471 3174 extra

180 3187 420 3242 civitatem
440 3205 457 3255 ;

180 3266 226 3311 et
247 3259 463 3316 adduxe-
543 3325 545 3327 1

181 3341 288 3383 runt
309 3345 423 3385 eum

179 3414 325 3468 usque
348 3401 411 3456 ad
436 3419 526 3458 su-

180 3472 428 3540 percilium

181 3545 382 3612 montis,
407 3559 494 3599 su-

181 3626 262 3680 per
294 3630 438 3685 quem
470 3616 542 3672 ci-

180 3684 298 3740 vitas
313 3684 488 3742 aediﬁ-

180 3768 279 3830 cata
299 3770 405 3813 eral.
434 3759 513 3830 ip

181 3825 258 3882 30.
292 3825 484 3886 sorum'.
516 3828 586 3886 Et
609 3831 776 3904 prae-

186 4033 448 4094 Veritatem
515 4048 692 4094 autem
769 4038 894 4093 dico
977 4037 1153 4092 vobis.

186 4105 303 4178 diuae
347 4112 554 4164 luerunt
604 4112 658 4164 in
709 4110 900 4164 diebus
942 4107 1130 4162 Heliae
1180 4105 1257 4163 in,
1289 4109 1492 4163 Israhel
1546 4110 1763 4178 quando

185 4177 397 4236 clausum
444 4191 526 4236 est
573 4183 780 4236 caelum
828 4180 984 4234 annis
1027 4181 1198 4235 tribus
1226 4188 1279 4236 et
1323 4179 1603 4236 mensibus
1640 4196 1755 4235 sex.

183 4263 288 4302 cum
334 4251 465 4307 facta
516 4263 658 4306 esset
693 4251 848 4306 famis
899 4265 1090 4320 magna
1142 4253 1194 4307 in
1243 4253 1386 4307 omni
1440 4263 1580 4306 terra
1611 4260 1664 4306 et
1691 4253 1758 4308 ad

187 4321 360 4391 nullam
401 4339 580 4379 carum
626 4326 822 4377 missus
861 4333 944 4377 est
997 4322 1178 4376 llelias
1203 4323 1302 4376 nisi
1343 4324 1393 4376 in
1427 4323 1648 4391 Sareptzi
1675 4325 1758 4378 Si-

196 4388 362 4464 doniae
387 4394 448 4448 ad
479 4395 761 4448 mulierem
794 4394 1030 4464 viduam.
1068 4395 1130 4448 lit
1157 4393 1309 4448 multi
1352 4388 1578 4464 lcprOsi'
1600 4405 1757 4450 erant

195 4460 238 4514 iu
274 4461 457 4521 Israhel
507 4467 608 4520 sub
637 4465 849 4519 Elisseo
899 4463 1188 4533 Propheta.
1242 4479 1293 4520 ei
1348 4460 1506 4518 nemo
1563 4480 1749 4520 eorum

191 4537 546 4592 miindaiusest
575 4536 680 4590 nisi
709 4535 978 4590 Neueinaii
1020 4537 1212 4606 Syrus.
1271 4534 1333 4607 Ei
1385 4535 1576 4607 repleti
1629 4547 1754 4591 sunt

193 4616 354 4662 omnes
380 4609 554 4664 lurore
581 4610 634 4662 in
667 4607 952 4680 Synagoga
975 4605 1253 4680 audientes
1277 4605 1431 4661 haec.
1450 4605 1534 4661 'Et
1557 4623 1754 4662 exsur—

193 4687 356 4747 gentes
375 4678 820 4747 ejel‘el‘lllllllllllll
868 4688 1017 4731 extra
1061 4678 1330 4732 civitatem
1374 4687 1430 4732 et
1483 4679 1753 4733 duxerunt

197 4745 503 4822 diuinusque
537 4751 604 4806 ad
634 4749 982 4822 supercilium
1007 4748 1228 4804 montis.
1267 4764 1426 4817 SUpl‘a
1476 4765 1632 4818 quem
1679 4751 1753 4803 ci-

198 4815 528 4880 vitasilloi'ttin
563 4831 681 4879 erat
704 4815 986 4878 aediﬁcata
1034 4829 1092 4875 ut
1139 4815 1557 4892 praecipitarent
1605 4835 1749 4874 eum.

253 5003 332 5082 g7.
367 5010 387 5082 ξ
417 5008 622 5066 Neman
644 5008 685 5082 -ι-
707 5009 875 5081 Syrus

1242 196 1693 258 EVANOELIUM
1734 197 2099 259 SECUNDUM
2135 199 2393 262 LUCAM.
2514 255 2519 261 .
3300 201 3305 235 θ
3353 199 3458 256 554

555 317 791 377 CODEX
834 314 1367 375 VERCELLENBIS.

993 408 1198 463 teriens
1227 421 1349 474 per-

994 479 1176 535 medio
1205 478 1326 532 illo-

992 567 1112 606 rum
1136 592 1152 612 .
1184 550 1309 605 ibat.

991 623 1082 678 51.
1130 621 1194 675 Ει
1213 617 1498 680 devenitin

991 692 1169 763 Capha
1181 707 1302 746 rna-

991 779 1080 819 um
1107 775 1295 818 emta-

990 844 1100 890 tem
1128 835 1361 890 Galilae-

991 921 1055 961 ae
1077 947 1094 973 ,
1127 915 1184 960 et
1213 914 1328 960 erat
1356 904 1456 960 do-

989 992 1120 1032 cens
1149 978 1268 1032 illos
1299 978 1423 1031 sab—-

992 1048 1082 1102 52.
1122 1049 1282 1103 batis.
1314 1049 1378 1106 Et
1400 1057 1512 1105 stu-

990 1119 1187 1190 pehaut
1213 1121 1264 1174 in

989 1191 1231 1245 doctrina

987 1261 1106 1331 ejus
1127 1304 1142 1328 ,
1174 1262 1366 1331 quoni-

986 1348 1071 1386 am
1102 1333 1153 1386 in
1179 1342 1410 1402 potesta-

987 1412 1040 1458 te
1068 1414 1186 1458 erat
1213 1420 1332 1460 ver-

984 1473 1108 1528 bum
1137 1475 1299 1530 Illius.

952 1545 958 1550 ’
986 1545 1076 1599 55.
1101 1545 1170 1599 Ει
1191 1555 1308 1601 erat
1337 1545 1394 1602 in
1411 1543 1506 1616 Sy-

985 1631 1190 1687 nagoga
1213 1619 1312 1671 lio-

983 1702 1074 1742 mo
1096 1688 1300 1744 habens

982 1758 1253 1813 daemoni-

981 1845 1070 1885 um
1098 1829 1311 1888 inmun-

980 1900 1106 1956 dum
1129 1943 1145 1969 ,
1177 1911 1231 1956 et
1257 1920 1350 1960 εις

980 1972 1232 2028 clamavit
1256 1990 1349 2029 vo-

978 2057 1042 2115 ce
1063 2061 1251 2115 magna
1275 2087 1290 2113 ,

979 2114 1071 2188 36.
1099 2114 1300 2188 dicens
1331 2136 1344 2175 :
1369 2119 1513 2188 Quid

981 2185 1140 2240 nobis
1157 2196 1275 2253 est,
1305 2200 1360 2246 et

980 2257 1074 2312 tibi
1096 2257 1222 2313 Jesu
1249 2261 1358 2316 Na-

987 2331 1223 2384 zarene?
1245 2349 1338 2390 ve-

985 2401 1109 2454 nisti
1142 2403 1335 2470 perde-

981 2486 1041 2526 re
1073 2473 1214 2526 nos?
1240 2475 1354 2530 scio

983 2550 1039 2598 te
1065 2544 1152 2612 qui
1175 2543 1250 2598 sis
1272 2588 1284 2612 ,
1319 2546 1488 2603 Sauc-

980 2621 1070 2667 tiis
1104 2615 1219 2668 Dei.

979 2684 1181 2759 55._l§t
1209 2687 1460 2759 objurga—

977 2753 1050 2809 vit
1080 2755 1227 2811 illum

978 2825 1139 2882 Jesus
1163 2870 1178 2893 ,
1223 2829 1410 2888 dicens
1443 2849 1456 2886 :

987 2897 1084 2952 Om
1093 2912 1296 2955 mutes-

986 2983 1081 3035 ce,
1114 2981 1167 3024 et
1199 2972 1286 3026 exi
1307 2971 1376 3026 ab
1401 2973 1466 3027 il-

985 3041 1058 3114 lo.
1086 3040 1154 3094 Et
1174 3083 1188 3106 ,
1220 3058 1342 3096 cum
1377 3060 1503 3114 pro-

982 3111 1202 3180 jeciSset
1235 3111 1387 3170 illum

985 3182 1261 3238 daemoni-

987 3268 1076 3307 um
1106 3295 1120 3320 ,
1144 3255 1164 3284 ²
1195 3255 1327 3310 exiit
1355 3257 1424 3313 ab

985 3323 1078 3378 illo
1103 3367 1118 3391 ,
1150 3327 1284 3382 nihil
1315 3341 1415 3384 no-

982 3409 1114 3450 cens
1139 3399 1311 3453 illum.

982 3466 1075 3522 36.
1118 3469 1184 3522 Et
1215 3471 1385 3524 lacius
1410 3482 1496 3532 est

984 3536 1004 3566 ³
1032 3553 1200 3607 pavor
1221 3555 1386 3612 super

979 3623 1167 3664 omnes
1189 3653 1203 3674 ,
1235 3621 1290 3666 et

982 3684 1275 3752 conloque-

983 3755 1180 3811 bautiir
1205 3754 1274 3811 ad

985 3827 1308 3883 alterutrum
1332 3867 1350 3897 ,

2281 313 2515 378 CODEX
2551 313 3000 379 vsaonsusts

1854 405 1946 462 25.
1988 405 2047 460 In
2073 408 2302 465 veritate
2686 410 2904 465 illorum
2925 450 2940 475 ,
2964 418 3021 466 et

1855 476 1979 533 dico
2001 479 2152 533 vobis
2175 497 2190 533 :
2684 481 2838 536 abiit.

1854 548 2034 603 Multze
2065 552 2257 608 viduae
2684 552 2776 607 51.
2818 551 2888 607 Et
2909 551 3180 610 discendit

1853 617 2069 674 fuerunt
2100 622 2152 675 in
2684 624 2739 678 in
2767 621 2958 678 Calar-

1853 689 2046 745 diebus
2067 691 2216 750 Eliae
2236 695 2292 754 iu

1853 760 2082 834 Istrahel
2103 808 2118 831 ,
2145 766 2361 834 quando

1853 833 2062 888 clusuiii
2091 833 2173 890 est
2202 853 2326 895 cae-

1853 903 1962 958 lum
1987 907 2145 960 auiiis
2174 912 2267 964 tri-

1851 974 1954 1030 bus
1975 1017 1991 1039 .
2019 987 2075 1033 et
2111 980 2389 1038 mensibus

1852 1061 1946 1100 88X
1974 1065 1988 1101 ε
2011 1062 2134 1106 cum

1850 1115 1989 1173 facta
2017 1131 2100 1174 est
2126 1121 2162 1174 l’.
2205 1162 2221 1177 .
2265 1161 2282 1178 .

2686 709 2848 750 naum
2870 695 3008 750 civi-

2685 774 2848 822 tatem
2873 766 3022 821 Gali-

2683 835 2831 908 leae,
2859 837 3040 908 ibique

2681 907 2912 964 ducebat
2938 907 3060 965 illos

2681 979 2942 1034 sabbatis.

2681 1049 2774 1124 52.
2791 1121 2801 1124 _
2819 1050 2885 1106 Et
2913 1051 3200 1124 stupebant

2681 1121 2736 1176 in
2771 1121 3017 1178 doctrina

1850 1203 2043 1259 magna
2068 1191 2121 1245 in
2683 1192 2801 1262 ejus
2820 1235 2834 1256 ,
2868 1194 2992 1261 quia

1850 1263 1998 1332 omni
2029 1273 2170 1317 terra
2193 1282 2206 1329 ;
2684 1263 2736 1316 iu
2762 1274 3026 1332 potestate

1849 1329 1940 1384 26.
1983 1341 2039 1386 et
2059 1335 2123 1387 ad
2149 1336 2351 1394 nullam
2684 1329 2804 1389 erat
2828 1350 3012 1392 sermo

1851 1402 2068 1457 illarum
2091 1407 2288 1462 missus
2683 1405 2822 1470 ejus.

1849 1484 1933 1526 est
1954 1473 2104 1529 Elias
2124 1517 2141 1544 ,
2682 1476 2773 1532 35.
2816 1476 2883 1532 Et
2915 1487 3035 1536 erat
3059 1478 3116 1536 in

1849 1544 1953 1621 nisi
1993 1544 2122 1621 Sara
2132 1557 2220 1621 pta
2339 1600 2344 1605 ,
2683 1546 2966 1621 Syuagoga

1854 1613 2106 1671 Sidoniae
2132 1613 2204 1674 ad
2685 1613 2858 1674 homo
2871 1613 3073 1680 habens

1850 1688 2129 1742 mulierem
2155 1691 2234 1744 vi-
2683 1688 3029 1746 daemonium

1849 1755 1957 1832 27.-
1984 1758 2164 1832 duam.
2190 1761 2258 1818 Et
2685 1760 3019 1818 immundum
3041 1807 3058 1832 ,

1793 1856 1800 1866 ι
1848 1828 2002 1882 multi
2029 1830 2229 1901 leprosi
2685 1843 2739 1888 et
2765 1835 3038 1889 exclama-

1848 1913 1998 1953 erani
2037 1903 2088 1956 in
2113 1903 2194 1958 ιε.
2684 1907 2764 1959 vit
2791 1921 2924 1961 voce

1848 1969 2022 2047 trahel
2051 1976 2152 2047 sub
2682 1991 2875 2047 magna
2900 2018 2914 2042 ,
2943 1979 3028 2034 di-

2683 2039 2945 2102 34.'cens
2979 2067 2992 2103 :
3025 2039 3166 2117 Quid

2683 2118 2862 2182 nobis,
2893 2129 2948 2173 et
2971 2120 3068 2174 tibi

2682 2187 2810 2242 Jesu
2842 2189 3158 2248 Nazarene?

2683 2260 2810 2329 quid
2837 2272 2962 2317 ante
3040 2329 3042 2332 ν

2685 2340 2895 2402 tempus
2924 2333 3126 2389 venisti

2685 2407 2918 2472 perdere
2943 2404 3081 2461 nos?

2687 2473 2800 2547 scio
2829 2483 2880 2528 te
2901 2477 2993 2547 qui

2687 2544 2783 2610 sis,
2815 2556 2872 2600 tu
2897 2544 2956 2603 es

2686 2614 2914 2672 Sancms
2935 2620 3050 2674 Dei.

2820 2687 2884 2741 Et
2917 2685 3214 2760 increpavit

2688 2757 2839 2812 illum
2871 2760 3028 2816 Jesus

2690 2827 2877 2884 dicens
2906 2849 2920 2884 :
2953 2833 3084 2887 0m-

2688 2909 2954 2967 miitesce,
2977 2911 3032 2956 et

2690 2969 2778 3023 exi
2804 2972 2872 3024 ah
2905 2972 3016 3026 illo.

2688 3038 2760 3121 Et
2776 3055 2908 3120 .cuin
2934 3056 3057 3112 proo

2683 3121 2908 3179 iecisset
2937 3153 2950 3166 .
2983 3153 2994 3163 .
3032 3152 3046 3166 .
3083 3153 3096 3166 .

2688 3182 3059 3251 daemonium,

1851 3245 1982 3301 lium
2011 3245 2245 3320 montis,
2687 3253 2821 3307 exiit
2847 3255 2916 3308 ab
2944 3245 3055 3320 illo;

1850 3331 2016 3400 super
2037 3336 2198 3391 quem
2688 3323 2932 3394 nihilque
2954 3326 3106 3381 illum

1851 3401 2044 3446 emtas
2067 3408 2256 3454 eorum
2689 3407 2914 3450 nocens.

1851 3473 1970 3514 erat
1998 3463 2186 3519 aedili-
2688 3465 2777 3520 36.
2822 3467 2892 3522 Et
2913 3470 3087 3528 factus
3109 3476 3196 3532 est

1847 2038 2068 2098 Elisaeo
2089 2044 2218 2102 Pro-

1850 2110 2012 2180 pheta
2036 2132 2050 2167 :
2082 2122 2139 2170 et

1850 2197 2012 2238 nemo
2038 2199 2225 2242 eorum

1850 2254 2138 2311 mundatus

1851 2334 1935 2380 est
1957 2366 1972 2388 ,
2002 2327 2105 2380 nisi
2133 2329 2271 2384 Naa-

1851 2412 1976 2468 mau
2007 2397 2195 2468 Syrus.

1849 2465 1941 2521 28.
1984 2465 2288 2552 Et'repleti.
2334 2517 2348 2530 .
2394 2515 2408 2530 .

1852 2552 2047 2594 omnes
2080 2557 2130 2596 In

1849 2609 2126 2683 Syiiagoga
2149 2615 2230 2672 ira

1851 2679 1988 2736 haec
2003 2679 2307 2745 'au'dientes.

1851 2751 1942 2834 Qa.
1968 2753 2056 2834 .Et
2082 2771 2476 2830 surrexerunt,

1853 2830 1908 2876 et
1932 2830 2208 2892 ejecerutit

1854 2893 2004 2946 illum
2036 2907 2188 2953 extra

1850 2964 2158 3033 civitatein;
2183 2980 2239 3026 et

1851 3033 2192 3094 deduxerunt

1850 3104 2000 3178 illum
2030 3122 2201 3178 usque

1851 3175 1920 3248 ad
1946 3175 2188 3248 superci-

1851 3540 1970 3585 cata
1995 3545 2091 3613 ,_u_t
2686 3539 2966 3613 pavorla)
2993 3555 3110 3598 ma-

1851 3606 2269 3684 praecipitarent
2684 3624 2824 3680 8m“
2851 3612 2893 3684 ἰ’
2925 3606 2980 3668 in

1852 3681 1941 3734 50.
1984 3677 2156 3734 illum.
2185 3689 2243 3748 ᾖ
2279 3685 2400 3757 Ipse
2686 3677 2968 3757 omnibus,
2996 3695 3052 3741 et

1851 3759 2028 3805 autem
2054 3757 2268 3812 transiit
2304 3756 2318 3757 ί
2685 3756 3097 3826 (εοηιυίιιιθῠθω

1853 3840 1952 3898 per
1979 3827 2217 3884 medium
2687 3833 2774 3881 tur
2803 3829 2870 3882 ad
2896 3828 3032 3884 iuvi-

1469 3929 1704 3999 CODEX
1741 3943 2135 4000 BBIXIANUS.

1219 4037 1353 4106 Quia
1412 4037 1617 4092 multae
1684 4037 1765 4092 vi-

1869 4039 1991 4109 lpse
2017 4048 2197 4111 autem
2231 4041 2500 4098 transiens
2530 4055 2627 4111 per
2654 4039 2889 4095 medium
2935 4039 3158 4111 illorum,
3208 4038 3340 4111 ibat.
3387 4035 3457 4093 Et

1869 4110 2151 4165 descendit
2189 4111 2241 4165 in
2285 4109 2658 4181 Capharnaum
2711 4111 2763 4164 in
2806 4112 3076 4166 civitatein
3127 4109 3454 4181 Galilcaeet

1867 4193 1982 4239 erat
2011 4182 2213 4238 docens
2243 4197 2338 4237 eos
2364 4180 2622 4240 sabbatis.
2660 4181 2731 4238 Et
2768 4182 3097 4240 mirabamur
3124 4183 3178 4236 in
3209 4180 3455 4240 doctrina

1867 4253 1985 4322 ejus
2007 4255 2135 4322 quia
2179 4255 2231 4308 in
2267 4262 2532 4322 potestate
2558 4264 2674 4310 erat
2705 4268 2885 4308 seruio
2917 4256 3106 4320 ipsius.
3141 4252 3208 4308 Et
3237 4257 3354 4308 erat
3399 4249 3454 4314 in

1867 4324 2153 4395 Synagoga
2187 4324 2354 4380 hoino
2395 4324 2598 4380 habens
2639 4327 2981 4380 daemonium
3025 4324 3457 4395 inmunduiuqet

1865 4389 2186 4450 eiclaina'vit
2215 4412 2348 4451 voce
2375 4411 2565 4466 magna
2588 4395 2796 4451 dicens.
2820 4395 2955 4464 Quid
2980 4395 3133 4449 nobis
3159 4407 3211 4452 et
3239 4393 3345 4466 tibi
3363 4389 3456 4456 Je-

1863 4480 1953 4520 sus
1982 4466 2258 4521 Nazarene
2279 4463 2720 4536 venisti'pcrdcre
2743 4482 2842 4520 nos
2889 4467 3001 4520 scio
3033 4477 3083 4520 te
3108 4466 3197 4536 qui
3220 4465 3294 4523 sis
3317 4463 3455 4536 S_ati-

1861 4547 1979 4591 ctus
2012 4540 2123 4592 Dei.
2160 4538 2223 4592 Et
2269 4531 2630 4593 comminatus
2659 4548 2740 4600 est
2782 4537 2832 4598 ei
2868 4536 3047 4600 Jesus.
3089 4535 3295 4599 dicens,
3328 4531 3456 4596 Oui-

1863 4619 2102 4679 inuiesce
2134 4621 2186 4662 et
2207 4611 2291 4664 exi
2315 4611 2384 4663 ab
2432 4609 2542 4664 illo.
2590 4611 2653 4662 lit
2680 4609 2888 4679 jaciaus
2931 4609 3078 4668 illum
3108 4606 3454 4679 daemonium

1862 4677 1915 4731 in
1971 4680 2207 4733 medium
2265 4681 2396 4734 exiit
2440 4685 2508 4734 ab
2559 4677 2694 4735 illoﬁ
2730 4679 2865 4734 nihil
2911 4679 3059 4734 illum
3103 4694 3327 4738 nocens.
3387 4677 3453 4734 Et

1861 4747 2033 4830 lucius
2071 4759 2154 4805 est
2203 4765 2366 4821 pavor
2419 4751 2472 4806 in
2503 4750 2751 4808 omnibus
2799 4760 2852 4808 ei
2889 4749 3356 4824 conloquebautur
3387 4745 3461 4803 ad

1861 4835 2093 4874 ιηνιοθιη

1446 4910 1677 4968 CODEX
1705 4910 2179 4969 CORBEIENSIS.

253 5076 332 5134 30.
369 5081 457 5138 Ille
481 5076 670 5138 autem
696 5076 793 5153 per
823 5079 1060 5137 medium
1091 5079 1327 5149 illorum,
1354 5089 1410 5137 et
1442 5079 1576 5140 ibat.

1383 5191 1782 5250 VARIANTES
1819 5187 2228 5247 LECTIONES.

242 5288 256 5318 ‘
289 5287 382 5339 Gal.
407 5291 455 5340 iu
470 5286 787 5340 Hierusalem
804 5288 953 5338 sub...
966 5287 1174 5339 Neman.
1197 5287 1342 5353 Vulg.
1367 5287 1415 5336 in
1432 5284 1583 5337 Israel
1605 5285 1756 5337 sub...

189 5345 389 5401 Naaman.

242 5414 260 5442 ¹
279 5413 388 5478 βαι.
412 5416 536 5466 exiit
556 5415 621 5466 ab
646 5413 861 5464 homine.
875 5411 1057 5465 recenti
1081 5417 1248 5478 mit,
1265 5413 1328 5464 ab
1349 5411 1452 5465 illo.
1470 5411 1617 5477 Vulg.
1641 5410 1761 5462 exiit

194 5474 241 5524 ab
263 5474 355 5525 illo.

1934 5007 2024 5065 54.
2065 5007 2179 5066 scio
2211 5008 2231 5040 '
2259 5007 2349 5081 qui
2375 5023 2454 5078 es,
2485 5017 2542 5067 tu
2567 5011 2797 5071 Sanctus
2825 5013 2942 5071 Del.

1933 5280 1954 5312 ⁸
1988 5282 2092 5353 Gal.
2113 5296 2262 5353 pavor
2278 5299 2485 5351 magnus
2501 5289 2548 5353 in
2563 5289 2809 5353 omnibus,
2828 5294 2881 5340 et
2895 5287 3294 5353 conloquebatur.
3320 5280 3467 5348 Vulg.

1869 5353 2018 5408 pavor
2043 5347 2088 5394 lu
2112 5347 2434 5414 Omnibus,'et
2455 5347 2876 5416 colloquebantur.

1931 5405 1953 5440 ἰ
1988 5408 2045 5457 Et
2065 5408 2136 5459 ita
2159 5409 2263 5462 dat.
2605 5417 2608 5422 ’

1931 5467 1953 5498 ⁸
1987 5476 2091 5521 (.‘at.
2117 5475 2201 5535 qui
2223 5476 2306 5527 sis.

1493 5601 1858 5675 BLANCHINI
1894 5601 2123 5676 ΝΟΤᾸΕ.

260 5707 329 5782 (α)
354 5708 514 5776 Addit
535 5725 779 5785 magnus,
807 5709 972 5774 etiam
1019 5707 1122 5770 cod
1167 5705 1325 5772 Cant.
1369 5711 1547 5784 μάννας.
