3950 6194
554 194 660 249 555
1100 183 1375 243 EUSEBII
1411 178 1758 240 VERCELL.
1800 171 2252 232 EVANGELIUM
2286 171 2429 231 CUM
2470 167 2695 227 VARIIS
2730 166 2886 225 COD.
2924 167 3314 225 COLLATUM.

950 299 1181 361 CODEX
1220 292 1761 355 VERCELLENSIS.

556 402 804 457 dicentes
826 416 839 453 :

556 473 712 542 Quod
741 480 825 527 est
848 469 952 523 hoc

558 546 784 600 verbum
804 585 818 607 ,

559 615 684 683 quia
718 617 769 668 in
794 627 889 683 po-

559 680 755 743 testate
776 680 805 750 ,v
820 691 875 738 et
896 680 997 735 vir-

559 768 675 814 tute
704 758 801 811 im-

556 841 713 900 perat
742 828 971 900 immun-

558 898 643 955 dis
674 898 876 968 spiriti-

561 973 664 1026 bus
684 1012 699 1036 ,
730 979 783 1021 et
812 982 940 1021 exe-

560 1043 653 1099 37.
696 1039 830 1093 unt?
859 1038 925 1091 Et
962 1036 1145 1092 exibat

558 1115 701 1167 fama
726 1111 793 1163 de
814 1124 880 1163 eo

561 1186 616 1239 in
649 1196 864 1236 omnem

562 1255 847 1309 finitimam

563 1328 883 1395 Regimiem.

563 1391 672 1453 ‘58:
696 1399 931 1464 Surgens
961 1391 1037 1464 (α)
1059 1408 1152 1448 au-

566 1478 671 1523 tem
696 1467 737 1537 -ι-
768 1467 835 1519 de
855 1462 1030 1536 Synaé

562 1554 699 1611 goga
723 1580 736 1603 ,
758 1537 941 1611 intra-

561 1608 715 1665 vit’in
739 1608 959 1662 domum

564 1682 823 1740 Simonis.

565 1754 769 1808 Socrus
796 1759 980 1803 autem

563 1822 801 1881 Simonis
824 1823 919 1876 de-

566 1894 841 1949 tittebalur

566 1966 717 2020 febre
750 1979 898 2035 mag—

566 2052 634 2091 na
667 2053 680 2089 :
712 2045 766 2090 et
792 2050 945 2105 roga—

568 2116 765 2162 verunt
787 2107 851 2160 il-

566 2181 676 2233 lum
712 2193 809 2245 pro
831 2193 915 2232 ca.

567 2250 657 2305 39.
703 2250 769 2303 Et
795 2248 1017 2304 adstans

569 2338 735 2388 super
756 2334 874 2373 eam
899 2362 916 2387 ,

568 2391 857 2459 imperavit

570 2463 704 2518 febri
738 2480 751 2515 :
776 2471 830 2516 et
849 2478 941 2517 re-

568 2534 740 2604 liquid
764 2548 908 2588 eam.

569 2604 870 2663 Cool'estim

570 2687 749 2731 autem
776 2692 889 2730 8111⁵·

571 2764 707 2817 gens
730 2790 745 2811 ,
776 2746 963 2802 minis-

574 2822 753 2875 trabat
774 2819 877 2872 his.

576 2890 667 2945 40.
710 2890 1003 2945 Occidente

571 2973 753 3016 autem
774 2962 890 3016 sole
910 3003 925 3026 ,

572 3047 765 3088 omnes
785 3075 799 3096 ,
831 3032 1000 3102 quod.

572 3104 715 3172 quod
742 3104 905 3157 habe-

571 3176 701 3228 bant
728 3188 922 3243 aegros

570 3246 620 3298 la
630 3247 849 3314 nguori-

575 3316 677 3370 bus
700 3316 885 3378 variis,

572 3387 917 3440 adducebant

572 3456 700 3511 illos
720 3456 787 3509 ad
814 3471 962 3511 eum.

573 3528 678 3596 Qui
709 3527 916 3581 unicui-

576 3615 685 3670 que
713 3613 906 3670 eorum

576 3668 830 3725 manibus
858 3670 939 3722 in-

613 3741 769 3794 ositis
798 3755 957 3794 cura-

611 3823 664 3865 at
692 3812 830 3865 illos.

578 3884 669 3938 41.
716 3882 954 3936 Exiliaut
984 3888 1101 3937 au-‘

581 3964 690 4010 tem
714 3954 807 4008 et1
831 3952 962 4009 dae—

570 4178 835 4231 dicentes.
860 4174 1016 4239 Quod
1062 4184 1145 4226 est
1189 4171 1291 4225 hoc
1318 4171 1564 4225 verbum.
1596 4168 1719 4236 quia
1742 4168 1793 4222 in
1819 4177 2085 4233 potestate
2113 4180 2167 4224 et

568 4250 769 4302 virtute
797 4248 1026 4315 imperat
1075 4242 1345 4315 inmundis
1374 4240 1654 4311 spiritibus
1677 4249 1729 4315 et
1750 4250 1969 4315 exeunt.
1998 4241 2063 4315 Et
2089 4241 2169 4315 di-

569 4310 893 4386 vulgabatur
932 4316 1071 4369 fama
1103 4317 1170 4386 de
1197 4313 1386 4386 illoLio
1410 4310 1413 4311 ⁷
1435 4326 1650 4386 omnem
1684 4310 2166 4386 locum_Re_gionis.

574 4382 811 4457 Surgens
837 4391 911 4458 (α)
940 4398 1118 4441 autem
1140 4384 1178 4456 -ι-
1199 4387 1265 4438 de
1296 4383 1578 4455 Synagoga
1610 4382 1851 4434 introivit
1874 4382 1924 4434 in
1949 4382 2167 4435 domum

572 4459 830 4513 Simonis.

644 4530 847 4583 Socrus
875 4539 1051 4584 autem
1083 4527 1326 4584 Simonis
1353 4525 1639 4580 tenebatur
1670 4524 1877 4593 magnis
1908 4522 2169 4578 febribus.

571 4610 627 4654 et
653 4610 978 4669 rogaverunt
1002 4600 1150 4653 illum
1178 4614 1274 4668 pro
1296 4612 1378 4650 ra.
1410 4598 1473 4651 Et
1503 4606 1653 4669 stans
1684 4610 1849 4669 super
1879 4595 2024 4648 illam
2084 4595 2167 4649 in-

570 4666 808 4740 cra-pavit
837 4671 992 4726 l'vbri.
1024 4683 1075 4725 et
1107 4666 1313 4724 dimisit
1336 4669 1505 4721 illam.
1534 4667 1601 4740 Et
1622 4666 1905 4740 confestim
1936 4681 2165 4735 surgens

568 4737 1066 4796 ministrabatillis.
1093 4743 1227 4794 Cum
1266 4750 1445 4801 autem
1490 4738 1572 4793 sol
1614 4737 1919 4791 occidisset.
1977 4753 2165 4791 omnes

570 4814 661 4878 qui
692 4812 964 4868 habebant
994 4814 1256 4866 inﬁnitos.
1300 4810 1467 4864 variis
1510 4810 1859 4878 languoribus
1898 4809 2168 4862 ducebant

570 4883 693 4937 illos
719 4883 783 4935 ad
814 4899 934 4936 eum
966 4882 1057 4936 Ille
1079 4892 1257 4936 autem
1285 4881 1509 4951 singulis
1539 4894 1729 4951 manus
1757 4879 2044 4947 imponens
2072 4896 2165 4951 cu-

570 4954 723 5009 rabat
752 4968 865 5009 eos.
907 4954 1176 5010 Exiebanl.
1228 4950 1410 5007 autem
1463 4962 1518 5007 et
1568 4950 1851 5005 daemonia
1896 4966 1927 5004 a
1981 4950 2165 5005 multis

1401 388 1582 445 monia
1611 403 1641 441 a

1401 460 1589 516 multis
1618 473 1714 512 ex-

1402 532 1713 595 clamantia,

1399 614 1452 658 et
1478 602 1714 656 dicentia
1739 617 1751 650 :
1798 640 1803 665 τ

1399 674 1479 728 Tu
1508 688 1566 727 es
1594 671 1763 725 Filius

1403 745 1499 799 Dei
1536 761 1549 795 :
1572 750 1627 797 et
1653 741 1843 810 objur-

1400 831 1555 886 gans,
1581 829 1694 886 non»
1714 814 1787 865 si-

1404 883 1569 941 nebat
1591 899 1651 937 ea
1685 883 1830 953 loqui
1854 900 1868 949 ;

1405 958 1661 1028 quoniam

1404 1023 1649 1082 sciebant
1675 1023 1952 1080 Christum

1402 1100 1553 1153 illum
1586 1111 1725 1151 esse.

1404 1169 1495 1226 42.
1543 1170 1668 1224 Orta
1699 1177 1882 1223 autent

1403 1242 1512 1304 die,
1543 1254 1793 1309 egressus

1402 1313 1533 1366 abiit
1578 1315 1630 1364 in
1657 1310 1755 1364 de-

1400 1394 1606 1439 sertum
1640 1382 1719 1435 lo-

1401 1470 1548 1519 cum,
1579 1463 1634 1507 et
1665 1460 1777 1509 tur—

1404 1526 1505 1580 bae
1534 1524 1779 1591 require-

1402 1597 1534 1650 bant
1563 1596 1712 1648 illum
1736 1639 1749 1661 ,

1405 1676 1459 1721 et
1484 1677 1751 1721 venerunt

1406 1753 1576 1807 usque
1598 1737 1665 1789 ad
1696 1753 1843 1797 eum.

1402 1821 1458 1863 et
1483 1809 1694 1863 detine-

1400 1885 1533 1939 bant
1566 1881 1736 1945 illum,

1403 1969 1472 2008 ne
1500 1951 1747 2008 discede-

1406 2035 1491 2081 ret
1518 2025 1585 2078 ab
1616 2022 1769 2091 ipsis.

1406 2099 1497 2151 1.5.
1541 2096 1641 2162 Qui
1672 2094 1810 2150 dixit
1837 2095 1904 2150 ad

1410 2168 1533 2223 illos
1560 2185 1575 2222 :
1603 2166 1810 2231 Quoni-

1413 2254 1499 2297 am
1530 2250 1584 2292 et
1615 2237 1738 2290 aliis

1407 2311 1720 2370 civitatibus

1405 2393 1625 2455 Oportet
1654 2396 1741 2437 me

1404 2454 1681 2524 evangeﬁ-

1408 2543 1533 2582 zare
1561 2540 1786 2596 regnum

1409 2600 1505 2654 Dei
1537 2618 1548 2652 :
1582 2600 1710 2666 quia
1736 2596 1807 2650 ob

1409 2670 1512 2725 hoc
1536 2672 1735 2724 missus

1407 2742 1500 2796 1M.
1542 2756 1685 2795 sum.
1718 2738 1787 2793 Et
1813 2745 1931 2793 erat

1409 2813 1732 2883 praedicans

1413 2887 1465 2956 in
1494 2883 1795 2956 Synagogis

1414 2954 1713 3013 Galilaeae.

1614 3065 1844 3125 CAPUT
1896 3063 1962 3118 γ.

1414 3170 1467 3223 1.
1512 3164 1732 3218 Factum
1758 3166 1841 3212 est
1870 3170 1965 3210 au-

1410 3248 1542 3301 tem,
1574 3236 1705 3288 dum
1735 3241 1847 3286 tur-

1406 3310 1475 3364 ba
1504 3309 1712 3361 incum-

1410 3380 1489 3434 bit
1515 3381 1562 3431 ei
1594 3377 1660 3429 ad
1684 3388 1779 3428 au-

1411 3447 1671 3504 diendum

1410 3519 1638 3575 verbum
1682 3516 1811 3583 Dei,

1411 3602 1466 3647 et
1494 3591 1608 3659 ipse
1633 3596 1752 3643 erat

1412 3673 1564 3718 Stans
1588 3660 1744 3730 juxta

1412 3744 1661 3803 stagnum

1413 3804 1491 3877 (d)
1510 3803 1901 3877 :Cennesaret
1931 3807 1991 3877 ’ξπ

1409 3874 1477 3930 2.
1508 3874 1652 3930 Vidit
1683 3878 1831 3934 navi-

1412 3948 1560 4003 culas
1593 3945 1729 4002 duas

2703 280 2937 342 CODEX
2974 280 3425 340 VERONENSIS.

2263 398 2380 439 cem
2398 424 2413 449 ,
2446 382 2690 436 dicentes
2721 400 2732 434 :

2263 456 2415 521 Quod
2444 462 2528 507 est
2558 452 2661 507 hoc

2265 528 2492 582 verbum
2519 566 2532 587 ,
2560 525 2704 593 quod

2266 598 2319 652 in
2350 603 2639 666 potestate,

2264 679 2320 724 et
2349 670 2547 721 Virtute

2266 741 2499 808 imperat
2533 740 2634 793 im—

2268 810 2482 864 mundis
2508 812 2619 877 spi—

2266 881 2483 939 ritibus.
2511 889 2567 934 et

2266 953 2509 1007 exeunt?

2268 1024 2354 1078 37.
2404 1025 2465 1077 Et
2493 1022 2735 1093 divulga-

2269 1096 2427 1150 batur
2461 1093 2600 1148 fama

2272 1167 2339 1221 de
2372 1168 2461 1220 illo
2486 1166 2539 1219 in

2269 1253 2484 1292 omnem
2514 1238 2598 1290 lo-

2270 1324 2389 1364 cum
2423 1308 2679 1378 Regionis

2271 1381 2435 1434 illius.

2271 1452 2362 1509 58.
2404 1452 2641 1520 Surgens
2668 1451 2745 1523 (α)
2778 1465 2872 1506 au-

2272 1533 2378 1578 tem
2405 1523 2446 1594 -ξ-
2476 1527 2551 1607 de.
2568 1523 2667 1593 Sy-

2274 1610 2503 1664 nagOga,
2540 1612 2626 1648 tn-

2276 1667 2438 1720 lravit
2466 1667 2517 1719 itt
2545 1665 2643 1719 d0-

2274 1752 2420 1790 mum
2454 1736 2694 1791 Simonis
2719 1776 2733 1800 ,

2276 1807 2349 1895 Lb)
2377 1816 2432 1861 et
2462 1808 2708 1895 Andreae
2735 1808 2790 1876 ’ξπ

2278 1882 2481 1934 Socrus
2511 1889 2693 1934 autem

2279 1951 2518 2007 Simonis
2548 1962 2626 2005 te-

2278 2023 2507 2077 nebatur
2537 2036 2654 2075 ma-

2275 2096 2396 2164 gnis
2422 2093 2665 2151 febribus
2696 2110 2708 2145 :

2278 2175 2333 2222 et
2357 2182 2582 2239 rogave-

2281 2252 2407 2293 runt
2432 2241 2580 2294 illum

2276 2310 2366 2364 39.
2399 2326 2495 2380 pro
2522 2326 2607 2365 ea.
2641 2309 2711 2363 Et

2275 2390 2425 2435 stans
2452 2396 2616 2449 super

2278 2452 2449 2521 illam,
2486 2458 2653 2522 impe-

2278 2526 2421 2579 rabit
2444 2524 2578 2580 febri
2606 2540 2618 2575 :

2277 2608 2331 2651 et
2357 2598 2567 2651 remisit

2278 2668 2444 2722 illaut.
2482 2667 2547 2721 Et
2571 2666 2741 2722 conti-

2277 2754 2386 2794 nuo
2416 2754 2667 2809 surgens,

2279 2813 2620 2867 ministrabat
2650 2809 2779 2864 illis.

2276 2884 2368 2939 40.
2401 2883 2533 2937 Cum
2565 2882 2648 2936 sol
2675 2890 2853 2937 autem

2278 2954 2565 3009 occidisset
2590 2995 2604 3019 ,
2632 2968 2754 3016 om:

2280 3041 2398 3091 nes,
2427 3027 2518 3096 qui
2552 3024 2718 3079 habe-

2279 3097 2410 3153 bant
2436 3095 2681 3151 inﬁrmos

2279 3169 2490 3239 magnis
2522 3170 2635 3222 lan-

2318 3241 2539 3293 uorilius
2556 3282 2571 3307 ,

2316 3310 2549 3365 urebant
2580 3312 2701 3368 illos

2277 3382 2346 3436 ad
2377 3397 2522 3435 eum.

2279 3453 2360 3507 Ad
2393 3452 2482 3506 ille
2513 3455 2627 3508 sin-

2278 3524 2418 3593 gulis
2448 3538 2667 3580 manum

2279 3597 2564 3663 imponens
2592 3612 2686 3651 cu-

2278 3666 2435 3720 rabat
2465 3681 2579 3722 cos.

2279 3738 2371 3791 41.
2412 3738 2674 3795 Exicbant
2700 3755 2791 3795 au-

2284 3817 2391 3863 tem
2421 3811 2641 3866 daemo-

2286 3880 2371 3934 nia
2406 3882 2479 3951 (c)
2512 3883 2648 3937 mul-

2284 3960 2334 4005 ta
2358 3952 2396 4023 σῖ
2418 3954 2659 4009 claman-

1894 4072 2130 4130 CODEX
2171 4076 2568 4135 BRIXIANUS.

2273 4173 2556 4228 clamantia
2608 4182 2662 4229 et
2713 4173 2945 4228 dicentia
2989 4173 3123 4241 Quia
3183 4183 3239 4229 tu
3294 4190 3353 4230 es
3410 4174 3655 4229 Christus
3704 4165 3842 4241 Filius

2278 4244 2390 4296 Dei.
2451 4255 2503 4299 ct
2548 4248 2831 4315 increpans
2883 4239 3157 4301 eosfnon
3202 4246 3419 4300 'sinehat
3463 4261 3524 4300 ea
3571 4242 3708 4312 loqui
3738 4239 3838 4315 (lilia

2275 4315 2519 4369 sciebant
2568 4309 2715 4370 eum-
2754 4315 3026 4370 Christum
3094 4332 3234 4371 es.~e.
3303 4316 3462 4371 Facta
3520 4309 3691 4369 autem
3748 4309 3837 4362 dic.

2276 4402 2530 4454 egressus
2581 4388 2688 4441 ibat
2736 4391 2788 4441 in
2837 4388 3112 4443 desertum
3163 4389 3377 4453 locum,
3440 4398 3493 4443 et
3548 4386 3842 4454 turbaercc

2278 4449 2713 4523 qitirebauteum
2769 4469 2822 4513 et
2873 4470 3134 4513 venerunt
3180 4449 3435 4527 usquead
3473 4460 3703 4526 ipsumet
3723 4449 3839 4528 «leti;

2280 4522 2481 4581 nebant
2509 4545 2654 4593 eum,
2688 4546 2753 4583 ne
2806 4530 3109 4584 discederet
3145 4530 3211 4585 ab
3241 4522 3338 4583 eis.
3392 4522 3506 4584 Ille'
3534 4535 3703 4581 autem
3729 4522 3840 4575 dixit

2273 4601 2372 4653 eis.
2401 4600 2539 4665 Quia
2566 4609 2618 4653 et
2649 4602 2767 4654 aliis
2794 4601 3101 4654 civitatibus
3124 4608 3336 4669 oportet
3376 4617 3464 4656 me
3503 4595 3841 4669 evangelizarc

2273 4662 2499 4738 regnum
2527 4672 2640 4725 Dei.
2668 4673 2789 4739 quia
2814 4672 2877 4724 ad
2906 4672 3007 4725 hoc
3038 4662 3235 4726 missus
3262 4687 3400 4724 sum.
3431 4671 3497 4725 Et
3522 4680 3634 4724 erat
3655 4662 3841 4737 praedi-

2273 4755 2402 4813 cans
2420 4747 2471 4795 in
2496 4742 2793 4813 Synagogis
2815 4743 3072 4797 Gallicae.
3095 4742 3315 4797 Factum
3330 4743 3843 4813 estauteincumtttr-

2271 4811 2372 4865 bne
2396 4807 2677 4868 iuruérctft
2701 4807 2750 4867 in
2767 4830 2906 4867 eum.
2936 4824 2994 4867 ut
3013 4814 3263 4867 audirent
3287 4815 3514 4867 verbum
3532 4809 3637 4865 Dei.
3673 4818 3721 4859 et
3746 4807 3841 4871 ipse

2270 4882 2447 4938 stabat
2469 4900 2625 4941 secus
2638 4893 2884 4957 stagnum
2898 4886 3196 4941 Gennesar.
3226 4885 3292 4939 Et
3307 4884 3435 4939 vidit
3452 4885 3583 4940 duas
3598 4876 3839 4936 naviculas

1864 5063 2097 5121 CODEX
2124 5064 2597 5124 CORBEIENSIS.

2344 5160 2443 5217 ‘59.
2486 5161 2621 5217 febri
2654 5180 2666 5215 :
2696 5170 2751 5219 et
2775 5162 2986 5219 remisit
3014 5176 3152 5219 eam.

643 5167 735 5223 38.
780 5166 833 5222 in
861 5164 1084 5221 domum
1112 5163 1371 5229 Simonis,
1401 5170 1456 5219 et
1475 5161 1747 5219 Andreae.

592 5445 601 5454 _
628 5363 645 5411 λ
684 5378 792 5429 ϐαι.
818 5376 1074 5428 daemonia
1099 5376 1247 5426 etiam
1268 5387 1296 5425 a
1319 5375 1498 5427 multis.
1532 5375 1677 5443 Vulg.
1702 5376 1960 5427 daemonia
1991 5390 2020 5425 a
2043 5375 2165 5425 mul-

565 5452 647 5493 tis.

640 5618 715 5701 tu)
748 5618 874 5673 Post
903 5616 1271 5701 autern,‘d_ee_st
1298 5618 1471 5701 usus,
1512 5614 1726 5701 pariter
1751 5615 1855 5701 Iinn
1878 5621 1986 5701 tet.
2028 5614 2123 5701 Gr:
2147 5646 2216 5701 :—
2246 5617 2320 5701 (bl
2349 5620 2514 5701 Addit
2541 5619 2868 5701 et_Andrgae,
2899 5621 3021 5693 cod.
3054 5621 3446 5701 qttoque‘Caut.
3494 5620 3582 5676 καὶ
3609 5614 3834 5689 Ἀνδρέου,

1792 5280 2193 5338 VARIANTES
2231 5277 2637 5336 LECTIONES.

2336 5375 2356 5405 ¹
2392 5373 2499 5424 Gut.
2524 5372 2765 5425 Genesar.
2799 5374 2945 5437 Vulg.
2972 5373 3297 5426 Genesar-eth.

1878 5519 2249 5579 BLANCHINI
2286 5524 2517 5581 NOTE.

3101 381 3175 435 tia
3196 423 3209 445 ,
3240 388 3296 435 et
3320 380 3503 435 dicen-

3101 453 3174 507 tia
3207 469 3220 505 :
3253 451 3333 506 Tu
3364 465 3423 505 es

3101 522 3273 577 Filius
3308 522 3397 575 Dei
3430 538 3445 576 :

3100 604 3154 650 et
3186 596 3468 662 increpans
3483 635 3497 659 ,

3102 682 3208 720 non
3234 664 3446 719 sinebat

3100 752 3165 791 ea
3190 735 3365 804 loqui;

3101 811 3224 877 quia
3252 806 3497 861 sciebant

3101 882 3275 945 ipsum
3312 891 3434 933 esse

3101 949 3400 1005 Christum.

3101 1023 3194 1075 42.
3237 1019 3394 1073 Facta
3421 1028 3599 1077 autem

3103 1092 3211 1155 die,
3245 1105 3494 1161 egressus

3100 1162 3208 1217 ibat
3237 1164 3288 1216 in
3314 1163 3407 1216 deo

3101 1246 3304 1288 sertum
3336 1235 3417 1288 lo-

3103 1322 3249 1370 cum,
3278 1315 3333 1359 et

3106 1379 3295 1431 turbae
3322 1377 3507 1447 requi-

3106 1450 3300 1503 rebant
3326 1464 3475 1515 eum,

3108 1530 3542 1575 ctven.....

3106 1606 3277 1660 usque
3306 1592 3372 1646 ad

3110 1665 3308 1734 ipsum,
3341 1673 3397 1719 et

3111 1736 3420 1790 rednebant

3108 1807 3281 1869 illum,
3308 1816 3367 1860 ut

3110 1878 3178 1931 ab
3208 1878 3338 1943 ipsis
3369 1894 3478 1935 non

3110 1950 3437 2006 discederet.

3107 2022 3198 2076 45.
3247 2020 3457 2087 Quibus
3490 2021 3579 2078 ille

3109 2094 3184 2146 ait
3216 2110 3229 2146 :
3259 2094 3398 2158 Quia

3107 2174 3163 2218 et
3187 2165 3304 2217 aliis
3338 2163 3418 2217 ci-

3106 2235 3364 2289 vitalibus

3108 2316 3325 2376 oportet
3350 2325 3439 2364 me

3110 2380 3494 2447 evangelizare

3108 2465 3333 2517 regnum
3371 2452 3467 2507 Dei
3494 2468 3507 2505 .'

3108 2524 3234 2593 quia
3267 2522 3388 2577 ideo

3107 2598 3307 2650 missus
3333 2611 3479 2650 sum.

3105 2667 3197 2723 44.
3240 2666 3311 2721 Ει
3338 2679 3459 2723 erat
3484 2680 3633 2739 prae-

3109 2739 3299 2794 dicans
3326 2740 3379 2793 in

3106 2811 3405 2881 Syuagogis

3115 2881 3412 2939 Galilacae.

3319 3023 3551 3082 CAPUT
3588 3023 3650 3079 γ.

3114 3171 3166 3224 1.
3201 3168 3424 3225 Factum
3449 3176 3533 3225 est

3113 3251 3292 3295 autem
3315 3282 3328 3304 ,
3365 3254 3492 3295 cum

3114 3312 3302 3366 turbae
3331 3312 3414 3365 in-

3114 3392 3338 3439 ruerent
3364 3384 3418 3437 in

3113 3470 3237 3510 eum
3267 3464 3327 3508 ιιι
3351 3470 3455 3508 au-

3115 3525 3297 3580 dirent
3326 3525 3551 3581 verbum

3115 3597 3234 3661 Dei,
3265 3606 3318 3652 et
3345 3597 3465 3665 ipse

3116 3669 3293 3722 stabat
3322 3682 3482 3722 secus

3115 3749 3363 3809 stagnum
3392 3741 3474 3809 (ά)
3503 3737 3644 3793 Gen-

3118 3820 3337 3866 neSaret

3114 3880 3170 3935 2.
3217 3880 3360 3936 Vidit
3378 3880 3516 3937 duas

3118 3968 3285 4009 naves
3309 3963 3457 4009 stare

565 5703 597 5741 e
638 5687 836 5748 Marco.
870 5719 939 5730 —
972 5687 1045 5757 (c)
1076 5687 1239 5743 Addit
1267 5687 1447 5755 "uitta,
1475 5690 1635 5741 etiam
1666 5687 1787 5744 cod.
1816 5687 1971 5743 Cant.
2004 5688 2185 5745 πολλά.
2209 5687 2278 5731 -ὲ
2301 5692 2380 5763 ((1)
2408 5692 2482 5747 lla
2503 5702 2559 5747 et
2587 5698 2725 5747 text.
2757 5691 2851 5749 Gr.
2877 5687 3205 5768 remo-alga.

3733 165 3816 223 536
