3950 6194
525 126 629 182 559
1065 117 1711 195 EUSEBIILNERCELL.
1753 122 2202 183 EVANGELIUM
2240 125 2384 182 CUM
2429 124 2657 183 νΑηιιε
2686 122 2839 181 COD.
2874 122 3265 182 COLLATUM.

915 241 1148 303 CODEX
1185 240 1729 298 VERCELLENSIS.

523 334 652 390 dum
679 343 827 391 esset

525 407 645 476 ipse
675 407 728 461 in
760 421 866 462 una

529 477 848 543 civitatium,

529 559 585 606 et
610 564 739 604 ecce
764 549 847 604 vir

527 621 725 693 plenus
753 621 832 693 le-

532 692 649 763 pra,
680 700 732 745 et
761 692 875 760 ipse

532 772 833 832 prostratus

530 835 586 888 in
612 833 823 900 faciem,
856 848 976 893 ora.

528 904 621 960 bat
648 904 823 969 illum,
852 904 937 960 di-

529 991 659 1032 cens
683 993 695 1029 :
727 976 935 1045 Quoni-

532 1063 643 1111 am,
670 1049 712 1101 si
742 1050 842 1111 vis,
872 1062 970 1117 po-

533 1128 618 1173 tes
645 1134 731 1173 me
751 1134 909 1174 mun-

534 1190 688 1244 dare.

536 1261 625 1315 15.
661 1261 723 1315 Et
751 1260 1055 1318 extendens

536 1348 777 1399 manum,
813 1341 891 1388 te-

540 1404 655 1472 tigit
683 1403 855 1471 illum,

538 1475 725 1530 dicens
749 1491 762 1527 :
803 1474 931 1532 Volo

537 1545 819 1602 mundare.

538 1618 607 1672 Et
636 1620 881 1685 protinus

538 1688 687 1755 lepra
720 1688 927 1744 disces-

543 1758 633 1813 14.
666 1758 737 1812 sit
766 1760 834 1815 :tb
863 1761 957 1818 illo
984 1776 999 1828 ;
1039 1769 1093 1818 et
1122 1760 1204 1832 ip.

540 1844 599 1884 se
627 1844 851 1898 praece-

542 1902 620 1970 pit
646 1903 693 1955 ei
720 1902 894 1957 nemi-

544 1974 597 2027 ni
625 1973 868 2029 diceret:

545 2044 639 2098 sed
668 2062 680 2096 :
712 2042 879 2115 Vade,
903 2055 959 2105 et

544 2115 774 2170 ostende
805 2127 857 2172 te

548 2186 853 2253 Sacerdoti,

552 2267 607 2313 et
632 2258 795 2312 offers
820 2275 918 2329 pro

549 2331 870 2401 purgatione

553 2413 665 2474 tua,
695 2404 837 2474 sicut
869 2417 1025 2474 prae-

548 2472 696 2542 cepit
724 2472 957 2545 Moyses,

556 2545 632 2616 (a)
665 2555 721 2598 ut
748 2546 819 2598 sit
846 2549 898 2601 in
929 2555 1036 2601 tes-

552 2616 837 2670 timonittm

556 2690 659 2759 hoc
684 2688 863 2759 vobis.
892 2686 934 2759 -ι-

555 2758 642 2813 15.
677 2758 1055 2831 Divulgabatur

564 2837 743 2884 autem
772 2847 888 2885 nia.

564 2903 646 2971 gis
676 2901 815 2955 fama
849 2902 918 2958 de

556 2987 623 3027 eo
647 2990 661 3038 ;
691 2982 745 3027 et
766 2987 967 3029 conve-

559 3043 780 3099 niebant
807 3057 922 3101 tur-

556 3116 658 3170 bae
688 3117 891 3173 multae

557 3186 765 3252 audire,
792 3200 847 3242 et
873 3203 967 3245 cu—

554 3257 662 3310 rari
692 3271 720 3309 a
755 3258 873 3312 lan-

554 3326 813 3396 guoribus

559 3396 648 3450 16.
682 3398 812 3469 suis.
846 3397 968 3469 Ipse
996 3413 1095 3456 au-

557 3476 667 3522 tem
695 3468 710 3497 ¹
742 3468 972 3525 θηῐεθς

557 3538 757 3592 cedens
783 3538 838 3593 in

559 3608 812 3675 desertis,
842 3617 899 3665 et

559 3695 746 3735 orans.

565 3751 655 3805 17.
691 3750 761 3806 Ει
786 3751 985 3808 factum
1012 3761 1096 3809 est

520 3890 521 3893 η
567 3822 621 3877 in
652 3838 754 3877 una
786 3823 904 3880 dic-

561 4030 687 4072 cum
708 4024 853 4092 esset
882 4016 934 4071 in
963 4032 1069 4092 una
1102 4015 1404 4092 civitatum.
1425 4024 1479 4071 et
1495 4013 1741 4092 eccevir
1760 4013 1957 4084 plenus
1971 4010 2155 4092 lepra.

562 4103 687 4142 cum
716 4087 944 4142 vidisset
968 4088 1157 4143 Jesum
1184 4086 1468 4156 procidens
1495 4086 1765 4142 infaciem.
1800 4086 2008 4151 rogavit
2036 4098 2158 4136 eum

566 4159 773 4213 dicens.
815 4161 1040 4215 Domine
1065 4163 1109 4213 si
1141 4155 1225 4214 vis
1255 4168 1409 4227 potes
1448 4174 1534 4213 me
1565 4157 1849 4227 mumlare.
1888 4155 2160 4227 Elemen-

563 4229 700 4285 dens
730 4246 951 4285 manum
999 4233 1168 4299 tetigit
1217 4225 1365 4285 illum
1421 4229 1632 4284 dicens.
1685 4226 1819 4281 Volo
1874 4225 2158 4299 mundare.

565 4302 632 4355 Et
673 4305 955 4357 Confestim
997 4297 1143 4371 lepra
1175 4302 1427 4359 discessit
1460 4303 1528 4353 ab
1557 4315 1642 4354 eo.
1670 4309 1723 4353 et
1755 4302 1867 4371 ipse
1891 4297 2162 4371 praecepit

564 4372 663 4427 illi.
694 4382 751 4427 ut
798 4376 998 4427 nemini
1047 4366 1273 4428 diceret.
1325 4372 1419 4426 sed
1462 4370 1609 4425 Vale
1636 4370 1866 4423 ostende
1898 4377 1947 4420 te
1978 4366 2166 4422 Sacer-

566 4442 702 4505 doti,
729 4454 782 4496 et
818 4444 951 4498 offer
989 4446 1059 4498 illi
1092 4460 1188 4512 pro
1232 4442 1585 4497 inundatione
1613 4451 1700 4496 tua
1730 4442 1868 4495 sicut
1898 4437 2169 4508 praecepit

1356 349 1498 395 rum,
1528 342 1584 387 et
1608 333 1724 399 ipse

1384 403 1434 474 b)
1464 412 1584 458 erat
1607 403 1648 474 -ι-
1672 403 1898 460 docens.

1410 486 1913 531 ter.....a-

1357 548 1924 603 risae.....en~

1360 628 1889 676 te........

1360 688 1629 754 doctores,
1662 688 1753 761 qui

1361 770 1687 815 convenerat

1362 846 1429 886 ex
1456 832 1602 886 omni
1635 848 1751 888 mu-

1361 903 1562 972 nicipio
1586 902 1733 959 Gali-

1366 974 1503 1039 leae,
1536 986 1590 1029 et
1619 975 1687 1029 de
1715 975 1839 1041 Ju-I

1364 1045 1518 1113 daea,
1543 1056 1597 1101 et
1618 1047 1807 1101 llieru-

1366 1120 1531 1172 salem
1560 1136 1573 1172 :
1598 1128 1652 1172 et
1678 1119 1787 1172 vir-

1369 1197 1457 1243 tus
1486 1197 1605 1243 erat
1634 1189 1846 1246 Domini

1368 1260 1435 1314 ad
1464 1275 1661 1315 sanan-

1369 1331 1495 1385 dum
1524 1348 1639 1386 eos.

1371 1402 1459 1457 18.
1499 1403 1562 1457 Ει
1592 1418 1718 1459 ecce
1745 1404 1846 1460 viri

1371 1472 1679 1528 adferentes

1370 1560 1534 1613 super
1558 1547 1752 1601 lectum

1372 1616 1668 1680 hominem,

1374 1688 1463 1756 qui
1495 1696 1611 1741 erat
1639 1702 1799 1757 para-

1375 1758 1571 1828 lyticus
1594 1774 1613 1811 :
1642 1770 1696 1813 et
1721 1774 1889 1829 quae-

1375 1828 1676 1885 rebantiu-

1378 1903 1521 1959 ferre
1548 1900 1721 1967 illum,

1373 1984 1428 2032 et
1458 1987 1659 2042 ponere
1682 1988 1779 2027 an-

1376 2058 1429 2103 te
1455 2060 1598 2099 eum.

1384 2118 1474 2174 19.
1510 2116 1597 2185 Ει,
1630 2132 1753 2173 cum
1784 2131 1893 2174 non

1387 2190 1921 2247 ......issent

1390 2274 1774 2315 .....8!’-

1384 2347 1861 2387 re.......

1387 2411 1608 2472 propter
1636 2410 1748 2457 tur-

1385 2474 1534 2535 bam,
1561 2488 1749 2528 ascen-

1388 2545 1585 2600 derunt
1609 2559 1775 2613 super

1392 2625 1619 2696 tectum,
1645 2624 1707 2696 ει
1738 2630 1835 2696 per

1397 2687 1603 2755 tegulas
1626 2686 1785 2740 dimi-

1391 2766 1577 2814 serunt
1604 2772 1725 2812 eum

1391 2845 1514 2885 cum
1542 2828 1711 2883 lectu-

1392 2904 1446 2958 lo
1474 2903 1525 2955 in
1557 2913 1815 2970 conspec-

1393 2983 1446 3028 tu
1474 2972 1620 3027 Jc5u.

1394 3046 1487 3102 20.
1520 3044 1606 3107 Et,
1636 3043 1750 3096 visa
1777 3041 1885 3104 fide
1912 3041 1977 3099 il-

1395 3116 1600 3178 lorum,
1632 3114 1769 3168 dixit

1395 3186 1605 3241 homini
1634 3204 1647 3238 ι
1680 3183 1787 3241 Re-

1389 3259 1552 3313 missa
1585 3263 1712 3310 sunt

1394 3329 1487 3382 tibi
1518 3338 1737 3397 peccata

1389 3399 1452 3453 21
1468 3441 1481 3453 .
1518 3408 1628 3451 tua.
1661 3398 1723 3451 Et
1743 3409 1937 3466 coepe-

1391 3476 1521 3524 runt
1549 3469 1757 3537 cogita-

1393 3555 1453 3594 re
1487 3539 1733 3604 Scribae,

1397 3624 1453 3665 et
1481 3610 1780 3673 Pharisaei,

1396 3681 1642 3737 dicentes
1671 3700 1682 3734 :
1715 3682 1849 3749 Quis

1396 3765 1501 3819 est,
1529 3752 1619 3823 qui
1648 3753 1821 3824 loqui-

1401 3833 1489 3881 tur
1516 3824 1771 3896 blasphe-

2663 238 2897 297 CODEX
2931 238 3164 297 VERON
3172 235 3384 297 ENSIS.

2218 341 2325 399 est,
2350 347 2471 387 cum

2221 412 2369 458 essﬂ
2399 406 2449 457 in
2482 419 2589 457 una

2220 474 2541 541 civitatium,

2221 560 2349 601 ecce
2376 549 2457 600 vir

2223 618 2415 687 plenus
2447 618 2521 671 lc-

2222 703 2315 758 pra
2329 731 2343 751 ,
2372 698 2425 742 et
2454 688 2567 757 ipse

2223 759 2513 829 procidens

2224 832 2278 885 in
2312 831 2523 897 faciem,

2227 904 2451 972 rogabat
2476 917 2621 968 eum,

2228 973 2412 1027 dicens
2440 991 2452 1025 :
2488 974 2595 1027 Do-

2227 1045 2396 1109 mine,
2428 1044 2472 1098 Si
2502 1044 2608 1111 vis,

2228 1126 2385 1187 potes
2416 1132 2504 1171 me

2232 1188 2515 1241 mundare.

2233 1258 2322 1312 15.
2360 1259 2427 1312 Et
2455 1260 2753 1315 extendens

2234 1344 2476 1391 manum,
2511 1342 2588 1387 te-

2233 1401 2351 1469 tigit
2377 1403 2547 1466 illum,

2236 1471 2421 1527 dieens
2451 1490 2464 1526 :
2502 1474 2639 1530 Volo

2240 1545 2524 1599 mundare.

2242 1614 2309 1669 Et
2336 1615 2622 1671 confestim

2242 1688 2388 1755 lepra
2412 1688 2528 1755 ejus
2558 1688 2761 1741 disces-

2242 1759 2335 1813 14.
2368 1758 2524 1811 sitab
2553 1758 2687 1823 illo;
2720 1766 2774 1813 et

2245 1830 2359 1897 ipse
2391 1829 2667 1900 praecepit

2244 1901 2319 1955 illi
2347 1901 2549 1954 nemini

2244 1971 2451 2026 diceret
2478 1990 2489 2025 :
2521 1972 2615 2027 sed
2642 1990 2653 2024 :

2246 2043 2416 2108 Vade,
2447 2042 2675 2099 ostende

2249 2124 2303 2169 te
2334 2114 2644 2170 Sacerdoti-

2252 2187 2375 2252 bus,
2398 2193 2453 2239 et
2481 2184 2645 2241 offers

2253 2272 2451 2313 munus
2486 2272 2585 2326 pro

2254 2329 2640 2384 etnuudatione

2256 2409 2369 2464 tua,
2400 2401 2539 2453 sicut
2565 2412 2724 2467 prae-

2256 2472 2401 2539 cepit
2432 2470 2642 2540 Moyses

2257 2543 2333 2615 (a)
2367 2551 2423 2596 ut
2446 2541 2516 2594 sit
2546 2542 2597 2594 in
2629 2551 2708 2595 te-

2254 2614 2568 2668 stimonium
2693 2625 2791 2666 vo-

2255 2685 2340 2739 bis
2362 2684 2424 2755 ’ξπ

2256 2757 2344 2811 15.
2379 2753 2794 2809 Perambulabat

2255 2840 2433 2881 autem
2466 2841 2581 2879 ma-

2257 2900 2339 2968 gis
2365 2910 2547 2952 sermo
2574 2896 2643 2952 de

2260 2971 2375 3031 illo,
2406 2979 2461 3022 et
2490 2981 2618 3022 con-

2260 3042 2551 3095 veniebant

2264 3114 2455 3166 turbae
2480 3111 2699 3177 multae,

2262 3194 2319 3237 ιιι
2350 3183 2622 3249 audirent,

2258 3264 2313 3308 et
2343 3263 2662 3308 curarentur

2260 3326 2327 3378 ah
2359 3326 2644 3378 inﬁrmita-

2262 3396 2403 3450 tibus
2434 3396 2565 3449 suis.

2264 3468 2350 3520 16.
2384 3465 2499 3535 Ipse
2529 3476 2708 3524 autem
2730 3466 2958 3524 secede-

2261 3538 2354 3592 bat
2376 3540 2428 3591 in
2461 3538 2698 3609 deserto,

2261 3619 2316 3663 et
2345 3611 2557 3666 orabat.

2265 3679 2352 3733 17.
2386 3679 2452 3734 Et
2480 3681 2678 3738 factum
2725 3723 2738 3737 .
2784 3722 2799 3736 .
2845 3720 2859 3736 .
2907 3722 2920 3735 .

2261 3766 2365 3806 una
2390 3752 2621 3819 dierum,
2652 3764 2707 3809 et

2260 3822 2375 3892 ipse
2406 3824 2481 3897 (b)
2512 3835 2627 3882 erat
2648 3826 2689 3897 οξ·

1840 3914 2101 3991 [ΟΟΒΕΧ
2143 3917 2537 3976 BllleANlJS.

694 4528 781 4569 ses
806 4514 859 4568 in
887 4517 1253 4570 testimonium
1278 4514 1406 4569 illis.

566 4512 652 4568 Mn
694 4528 781 4569 ses
806 4514 859 4568 in
887 4517 1253 4570 testimonium
1278 4514 1406 4569 illis.

568 4653 579 4655 _
642 4529 711 4637 ἐι
737 4586 1109 4655 divulgabatur
1152 4589 1322 4655 magis
1351 4598 1535 4639 sermo
1565 4583 1634 4637 de
1657 4583 1772 4637 illo.
1800 4590 1853 4635 et
1879 4580 2169 4655 convenie-

567 4653 698 4709 bant
726 4653 913 4711 tnrbae
937 4658 1133 4712 ntultae
1160 4666 1219 4710 ut
1246 4653 1495 4711 audirent
1514 4662 1899 4711 ctcurarentur
1924 4654 1991 4708 ab
2020 4654 2169 4708 intir-

566 4726 844 4781 mitatibus
864 4729 997 4782 suis.

639 4798 761 4865 Ipse
786 4809 965 4853 autem
1004 4799 1296 4854 secedebat
1343 4798 1398 4854 in
1451 4798 1690 4854 deserto.
1744 4807 1799 4853 et
1844 4797 2055 4853 orabat.
2102 4796 2169 4852 Et

570 4866 772 4925 factum
800 4878 887 4925 est
913 4871 969 4925 in
999 4886 1102 4925 una
1123 4870 1359 4926 dierum.
1385 4879 1441 4926 et
1466 4871 1585 4942 ipse
1614 4870 1689 4942 (b)
1720 4878 1838 4926 erat
1875 4870 1914 4941 -ι-
1964 4868 2169 4924 docens

643 5060 730 5134 12.
770 5059 855 5115 vir
882 5060 1071 5132 plenus
1097 5061 1265 5132 lepra,
1294 5071 1350 5118 et
1376 5060 1493 5134 ipse
1539 5061 1831 5134 procidens
1859 5063 1914 5118 in
1948 5060 2160 5127 faciem,

572 5132 861 5203 rogabat...
877 5171 890 5184 .

2260 4021 2315 4068 et
2338 4023 2492 4067 erant
2524 4011 2805 4068 Pharisaei
2836 4012 3109 4070 sedentes.
3138 4021 3189 4065 et
3232 4012 3625 4082 legisdoctores
3650 4007 3733 4082 qui
3758 4018 3830 4059 ve-

3053 336 3274 391 docons.
3302 336 3367 389 Et

3054 417 3209 462 erant
3236 407 3436 462 Phari-’

3054 479 3162 532 saei
3188 479 3457 546 sedentes,

3057 558 3111 603 et
3139 549 3367 618 Iegisdo-

3055 628 3253 680 ctores.
3279 620 3369 689 qui

3058 700 3313 747 venerant
3344 707 3410 747 ex

3058 764 3203 817 omni
3233 763 3458 819 cnSIello

3058 833 3349 900 Galilaeae,

3058 914 3115 961 et
3138 905 3361 970 Jndeae,

3060 986 3114 1030 et
3141 976 3474 1032 Hieru-alem
3498 992 3512 1032 :

3061 1056 3115 1102 et
3141 1049 3311 1102 virtus
3332 1057 3448 1102 erat

3061 1118 3270 1173 Domini
3299 1119 3365 1173 ad

3066 1190 3364 1244 sanandum
3394 1205 3505 1246 eos.

3069 1262 3157 1316 18.
3184 1261 3243 1316 Et
3278 1277 3404 1316 ecce
3429 1262 3525 1317 viri

3069 1340 3348 1402 portantes
3377 1335 3428 1387 in

3073 1404 3211 1458 lecto
3237 1404 3402 1457 homi-

3073 1490 3216 1539 nem,
3247 1475 3339 1545 qui

3076 1558 3191 1601 erat
3221 1561 3282 1615 pa
3292 1548 3475 1617 ralyti—

3074 1633 3168 1671 cus
3194 1636 3206 1670 :
3231 1627 3286 1671 et
3310 1632 3474 1687 quae-

3075 1688 3263 1743 rebant
3293 1705 3415 1743 eum

3077 1760 3298 1824 inferre,
3330 1769 3385 1813 et

3081 1846 3283 1900 ponere
3309 1841 3439 1887 ante

3082 1917 3226 1957 eum.

3082 1974 3170 2028 19.
3200 1973 3287 2039 Ει,
3322 1991 3429 2030 non
3457 1975 3604 2031 inve-

3083 2047 3296 2101 nientes
3324 2061 3430 2116 qua

3084 2126 3237 2186 parte
3266 2118 3413 2172 illum

3085 2188 3345 2243 inferrent
3371 2204 3503 2259 prae

3086 2258 3262 2324 turba,
3289 2258 3483 2314 ascen-

3087 2329 3287 2384 derunt
3309 2347 3469 2400 supra

3093 2411 3315 2473 tet-tum,
3352 2404 3423 2473 (c)
3450 2413 3505 2457 et

3089 2471 3539 2542 disceperuerunt

3092 2552 3292 2598 tecmm
3316 2545 3378 2615 ἢ,
3410 2555 3466 2599 et

3092 2618 3480 2670 summiserunt

3090 2686 3240 2740 illum
3269 2702 3389 2741 cum

3091 2756 3233 2811 lecto
3262 2760 3314 2813 in
3345 2774 3460 2814 me-

3090 2827 3181 2881 dio
3206 2838 3332 2883 ante

3093 2897 3185 2953 20.
3214 2899 3421 2956 Jesum.
3456 2900 3597 2969 Quo-

3094 2985 3215 3025 rum
3248 2982 3305 3025 ut
3332 2973 3411 3027 vi-

3097 3040 3177 3095 dit
3208 3043 3389 3110 fidem,
3430 3050 3439 3057 '

3095 3112 3229 3167 dixit
3254 3115 3489 3170 homini:

3096 3183 3341 3239 Remissa
3366 3195 3493 3241 sunt

3100 3255 3193 3309 tibi
3224 3268 3439 3324 peccata

3097 3327 3186 3381 21.
3218 3336 3329 3382 tua.
3367 3329 3433 3383 Et
3463 3339 3659 3397 coepe-

3098 3410 3221 3470 runt
3251 3402 3492 3470 cogitare

3101 3469 3347 3535 Scribae,
3376 3484 3431 3525 et

3097 3540 3372 3596 Pharisaei
3403 3542 3487 3611 (d)
3516 3542 3566 3595 in

3099 3613 3354 3667 cordibus
3382 3614 3496 3668 suis
3528 3612 3586 3683 1-,

3101 3683 3382 3739 dicentes:
3412 3684 3545 3751 Quis

3102 3763 3187 3809 est
3212 3755 3320 3827 hic,
3354 3757 3444 3823 qui
3477 3754 3649 3827 loqui-

3105 3834 3193 3880 tur
3221 3826 3476 3899 blasphe-

3691 126 3721 181 ὃ

3732 126 3748 178 l
3758 129 3784 177 ti

2262 4097 2457 4139 nerunt
2483 4100 2549 4139 ex
2582 4086 2730 4139 Omni
2760 4085 2988 4139 castello
3010 4084 3251 4141 Galileae
3278 4080 3331 4138 et
3355 4084 3561 4139 .ludeae
3588 4092 3641 4138 et
3672 4080 3832 4135 Hieru-

2266 4156 2435 4210 salem
2464 4165 2520 4209 et
2550 4159 2721 4209 virtus
2760 4168 2875 4209 erat
2930 4156 3163 4210 Domini.
3216 4156 3281 4209 ad
3328 4155 3624 4209 sanandum
3652 4168 3752 4205 eos.
3783 4147 3832 4201 Et

2264 4242 2393 4281 ecce
2416 4228 2512 4280 viri
2544 4236 2819 4294 portantes
2843 4227 2894 4280 in
2922 4228 3063 4281 lectu
3090 4226 3365 4281 hominem
3401 4244 3488 4287 «ιω
3537 4237 3652 4279 erat
3695 4236 3827 4292 paruo

2266 4299 2487 4368 lyticus.
2519 4312 2571 4354 et
2602 4300 2938 4369 quaerebant
2961 4301 3233 4367 quomodo
3263 4314 3386 4352 eum
3433 4298 3635 4351 inferre
3674 4304 3831 4369 etnpn'

2270 4364 2402 4425 nere
2433 4383 2561 4424 ante
2585 4364 2731 4425 enm.
2766 4370 2832 4424 Et
2862 4364 3341 4424 nou—invenientes
3381 4386 3483 4438 qna
3535 4382 3676 4438 parte
3704 4364 3830 4417 illum

2276 4442 2540 4494 inferrent
2582 4458 2709 4510 prae
2753 4442 2928 4495 turba.
2964 4442 3327 4495 ascenderunt
3365 4456 3527 4509 supra
3572 4448 3752 4493 tectum
3778 4439 3833 4511 ‘el

2274 4528 2369 4583 per
2417 4506 2621 4585 tegulas
2671 4514 3047 4585 Submiscrunt
3079 4528 3201 4567 eum
3239 4526 3361 4566 cmn
3398 4506 3546 4585 lecto
3591 4512 3639 4565 in
3670 4506 3832 4585 medio

2272 4581 2397 4637 ante
2423 4581 2629 4638 Je'sum.
2665 4585 2728 4639 Et
2760 4584 2949 4638 videns
2983 4583 3140 4637 fidem
3168 4599 3355 4637 eorum
3380 4582 3518 4636 dixit
3541 4581 3828 4653 paralyliCO.

2275 4655 2446 4709 Homo
2467 4656 2688 4711 dimissa
2713 4664 2841 4709 sunt
2862 4656 2952 4709 tibi
2978 4665 3194 4724 peccata
3224 4665 3330 4707 tua.
3364 4654 3431 4707 Et
3455 4660 3737 4724 Coeperunt
3759 4658 3832 4722 c0:

2272 4727 2447 4795 gitare
2469 4728 2691 4783 Scribae
2719 4736 2775 4782 et
2801 4722 3074 4784 Pharisaei
3100 4726 3364 4782 dicentes.
3396 4725 3530 4793 Quis
3557 4735 3637 4781 est
3657 4722 3735 4775 hic
3757 4728 3830 4786 qm

2272 4799 2511 4871 loquitur
2540 4800 2790 4871 blasphe-

1867 4961 2100 5021 CODEX
2127 4958 2596 5016 CORBEIENSIS.

2272 5072 2305 5126 ξίν
2346 5057 2432 5111 17.
2474 5062 2628 5110 erant
2650 5052 2923 5109 Pharisaei
2948 5051 3227 5108 docentes.

2274 5184 2279 5189 .
2342 5128 2434 5188 ΩΟ.
2474 5127 2723 5185 Remissa
2744 5133 2871 5181 sunt
2899 5126 2992 5181 tibi
3020 5131 3238 5195 peccata
3260 5130 3367 5178 tua.

642 5202 733 5259 l4.
775 5213 835 5259 ut
863 5204 934 5258 sit
956 5202 1010 5259 in
1042 5204 1349 5260 testimonia
1372 5204 1476 5261 hoc
1502 5205 1674 5263 vobis.

660 5572 738 5645 (a)
762 5573 835 5628 Ila
864 5582 919 5630 et
960 5573 1059 5630 cod
1084 5575 1242 5631 Cant.
1290 5575 1373 5630 ἵνα
1417 5575 1688 5649 εἰξμαρτύ
1729 5596 1796 5629 ιον
1834 5572 1891 5634 ἧν
1918 5573 2037 5646 ὑμῖν
2084 5576 2163 5626 τοῖ

660 5649 1056 5719 τοστεγάσαντις
1084 5650 1204 5710 τοὺς
1229 5648 1502 5719 κεράμους.
1524 5676 1593 5688 --
1629 5595 1723 5719 (dio
1744 5644 1908 5704 Addit
1934 5646 1986 5699 in
2015 5645 2163 5699 cordi.

2281 5596 2351 5607 -—
2386 5565 2459 5635 (b)
2488 5550 2561 5617 ita
2600 5570 2655 5618 et
2677 5570 2782 5616 tex.
2806 5558 2901 5615 Gr.
2928 5556 3007 5618 ἧν.
3038 5587 3108 5599 -
3139 5557 3208 5630 (c)
3234 5557 3311 5613 Ita
3336 5565 3391 5613 et
3424 5556 3546 5611 cod.
3585 5554 3729 5611 Cant.
3752 5546 3835 5623 [καὶ

2278 5640 2407 5711 suis,
2426 5637 2591 5695 etiam
2616 5633 2737 5693 cod.
2762 5631 2915 5690 Cant.
2945 5632 2996 5690 ἓν
3014 5639 3128 5694 ταῖς
3157 5629 3389 5708 καρδίαις
3412 5631 3587 5690 αὐτῶν.

605 5629 1056 5721 ἅῆοᾶτεγάὀαντις
1084 5629 1502 5725 τοῦξῆεράμουξ.
1519 5629 1602 5688 ⁸-⁸
1629 5629 1707 5719 (Δ)
1744 5629 1908 5704 Addit
1934 5629 1986 5699 iit
2015 5645 2163 5699 corde

2278 5629 2407 5711 suis,
2426 5629 2591 5695 etiam
2616 5633 2737 5693 cod.
2762 5631 2915 5690 Cant.
2945 5632 2996 5690 ἓν
3014 5639 3128 5694 ταῖς
3151 5629 3389 5708 «paene
3412 5631 3587 5690 αὐτῶν.

1782 5286 2185 5356 VARIANTES
2222 5288 2625 5351 LECTIONES.

636 5390 653 5423 ¹
693 5390 800 5443 Gal.
824 5392 1094 5445 accedebat
1113 5393 1165 5442 in
1184 5393 1406 5445 deserto.
1440 5391 1589 5459 Vulg.
1626 5393 1898 5446 secedebat
1920 5394 1971 5442 in
1994 5393 2267 5445 desertum.

1894 5471 2263 5532 BLANL‘HINI
2301 5466 2531 5525 NOTIE.
