1975 3097
71 107 115 135 5H

71 211 158 239 mias?
171 211 235 245 Quis
249 218 295 246 po-

68 247 129 274 terit
142 247 232 274 dimit-

68 286 123 310 tere
135 290 232 317 pecca-

66 322 99 349 ta,
114 319 166 346 nisi
183 324 250 345 unus

65 353 104 380 22.
121 354 194 381 Deus
204 354 216 380 2
228 352 328 382 Cotini-

63 388 346 417 tis.....Jesus

63 425 233 460 cogitationi-

62 460 105 487 bus
121 468 231 488 eorttm.

93 470 105 486 s
121 469 231 492 eorum,

63 495 94 531 (ιι)
109 496 182 532 dixit
193 496 214 532 -ιν
225 495 259 523 ad
273 494 335 524 illos
347 505 354 522 :

61 531 127 564 Quid
141 533 247 566 cogita-

60 567 88 594 tis
105 569 134 594 in
148 566 281 594 cordibus

57 602 95 629 23.
112 602 240 630 vestris?
253 602 326 637 Quid

57 643 91 664 est
106 638 221 665 facilius

58 674 150 701 dicere
164 683 170 700 :
187 673 291 701 Remit-

59 714 151 736 tuntur
168 709 218 736 tibi

59 751 169 780 peccata
183 749 229 772 tua
242 753 248 771 ε

60 784 101 806 aut
113 781 210 807 dicere
223 789 230 804 :

62 816 160 851 Surge,
170 820 199 843 et
210 822 267 843 am-

63 851 117 877 bula
129 851 143 877 ?

64 886 104 914 Ἃ.
116 886 153 914 Ut
166 886 259 914 sciatis
274 893 321 915 au-

66 927 114 949 lem
128 922 190 956 quia
206 929 254 955 po-

68 962 186 985 testatem
202 957 250 984 ba-

65 992 110 1020 bet
120 993 202 1020 Filius
213 992 264 1021 lto-

68 1029 145 1056 minis
158 1028 184 1055 in
198 1033 254 1056 tere

67 1071 97 1091 ra
114 1065 120 1079 ¹
134 1065 274 1092 remitten-

68 1099 93 1126 di
111 1105 223 1133 peccata,
238 1099 276 1128 ait

69 1136 211 1171 paralytico
221 1144 228 1161 :
245 1135 292 1165 Tia

69 1171 96 1197 hi
111 1171 176 1203 dico,
192 1178 284 1205 surge.

68 1211 97 1233 et
112 1206 169 1233 tolle
183 1206 266 1234 lectu-

71 1261 78 1267 .
100 1260 109 1268 .
128 1261 134 1268 .
155 1246 238 1272 tuum.
254 1246 281 1269 et

71 1276 137 1304 vade
150 1277 174 1305 in
189 1277 299 1307 domum

69 1316 150 1339 tuam.

67 1347 112 1374 35.
128 1348 158 1375 Et
171 1348 314 1377 confestim

73 1390 177 1419 surgens
191 1392 238 1412 co-

75 1426 124 1446 ram
137 1420 221 1447 omni-

75 1453 127 1486 bus,
137 1456 242 1483 sustulit

76 1491 212 1524 grabattum

76 1533 154 1562 suum.
170 1527 196 1554 in
209 1534 264 1562 quo

73 1560 167 1595 jarebat
187 1583 193 1589 .
216 1560 225 1590 ξ
245 1562 311 1593 abiit

76 1596 100 1623 in
113 1597 214 1626 domum

74 1639 140 1659 suam
154 1634 237 1661 hono-

76 1667 171 1696 rilicans
186 1669 281 1698 Deum.

75 1702 160 1739 ΞάνΕι
173 1712 256 1739 pavor
269 1704 317 1733 ad-

75 1738 205 1772 prehendit

72 1780 165 1802 omnes.
178 1775 213 1803 Et
226 1776 267 1804 itt-

71 1809 130 1843 pleti
144 1816 205 1838 sunt
218 1812 251 1841 ti-

72 1852 149 1878 more,
166 1846 258 1874 dicen—

73 1881 267 1942 ieszQuoniam

82 1923 94 1942 τι
129 1935 136 1942 .
156 1936 164 1942 .
184 1938 191 1942 .
214 1937 222 1942 .
246 1939 252 1942 .

82 1923 281 1946 ῖια......

588 106 815 136 ΕνΑηαΕιιυΜ
834 106 1018 137 SECUNDUM
1038 107 1164 137 LUCAII.

260 163 375 194 CODEX
395 163 666 193 VERCELLENBIS.

480 211 734 241 riﬁ.......

479 246 780 275 27.Ει.......

479 282 554 315 exiit,
568 286 595 309 et
609 282 679 309 intu—

480 317 533 344 itus
547 322 590 345 est
604 318 691 353 publi-

479 360 576 381 canum
598 372 605 379 .
630 373 636 380 .
659 373 666 380 .
688 353 709 380 i-

480 396 515 416 ne
527 389 538 404 ³
553 388 620 416 Levi
636 387 733 417 sedati.

480 428 533 452 tem
550 425 582 451 ad
595 424 681 451 tltelo—

480 467 573 492 neum,
590 464 617 487 et
627 459 667 486 di-

479 496 518 522 xit
533 495 590 523 illi:
606 495 709 529 Seque-

479 530 525 558 28.
542 538 571 558 re
586 539 639 558 me.
656 531 700 566 Et,
714 539 757 560 re—

480 566 551 593 lictis
565 566 651 593 omni-

478 601 538 635 bus,
551 609 664 637 surgens

478 638 642 672 sequebatur

480 672 567 699 illiilli.

478 707 524 735 29.
540 708 575 735 Et
587 708 650 736 fecit
664 709 701 737 illi
717 716 763 738 ce-

478 751 541 771 nam
556 752 597 771 ma
619 751 680 773 nam

478 778 543 806 Levi
559 780 585 806 in
600 752 650 806 ἔοι

537 788 585 806 11η
600 788 650 806 (10⁴

480 822 524 842 mo
537 822 585 842 sua
600 824 608 842 ι
624 820 651 844 et
666 824 696 844 θ’

480 854 523 877 rat
537 851 612 878 turba
627 851 668 879 in-

479 893 545 920 gens
560 886 647 920 publi-

479 928 625 955 canorum,

478 962 506 984 et
516 957 640 991 aliorum,

478 992 535 1026 qui.
554 1011 561 1019 .
578 998 638 1020 rant
652 1001 714 1023 cum

479 1027 533 1054 illis
545 1028 572 1054 d.
586 1047 594 1055 .
609 1035 670 1056 cum

480 1062 604 1090 50.b..
646 1064 764 1093 ...Et

480 1106 656 1128 m...ura-

481 1139 578 1161 verunt
590 1135 660 1163 Pha-

479 1169 572 1203 risaei,
586 1175 613 1198 et
629 1171 700 1199 Scri—

478 1204 528 1232 bac
541 1213 647 1239 eorutn,

481 1241 603 1269 dii-entes
618 1242 652 1270 ad

482 1277 628 1312 discipulos

483 1312 574 1341 illius:
588 1313 678 1346 Quare

484 1356 544 1375 cttm
558 1348 679 1383 publica-

484 1384 537 1416 nis,
551 1389 579 1411 et
593 1389 717 1418 peccato-

482 1420 557 1447 ribus
572 1419 611 1455 (b)
627 1427 703 1447 man-

484 1455 575 1486 ducat.
590 1460 617 1482 et
629 1456 696 1483 bibit
709 1455 740 1490 1-.

485 1491 529 1518 3t.
551 1490 587 1518 Et
604 1493 758 1525 reSponden

483 1526 572 1557 Iesus.
593 1526 662 1554 dixit
675 1526 709 1555 ad

482 1562 562 1589 illos:
576 1561 635 1589 Non
653 1569 683 1590 e-

481 1602 545 1632 gent
557 1597 615 1625 Sani
631 1605 688 1626 me.

480 1634 568 1666 dicos,
582 1633 629 1660 sed
645 1633 692 1668 qui
704 1640 734 1662 se

478 1669 550 1696 male
565 1668 673 1697 habent.

478 1704 524 1731 32.
544 1703 604 1745 Non
619 1705 681 1733 vetti

479 1747 545 1767 voca
550 1748 578 1766 re
588 1748 641 1774 Jus-

482 1780 534 1808 tos,
547 1777 594 1802 sed
609 1783 706 1810 pecca-

481 1815 554 1838 tores
567 1810 594 1838 in
609 1819 673 1845 pue-

480 1846 633 1874 nitentium.

479 1882 524 1909 55.
545 1881 597 1915 Qui
613 1882 743 1910 dixerunt

480 1917 514 1945 ad
529 1917 605 1948 illum
619 1926 625 1945 :
645 1917 716 1952 Qua-

1129 164 1245 195 GODEX
1264 164 1490 194 VERONENSIS.

912 212 980 240 mias
993 213 1005 239 7
1021 212 1088 246 Quis

912 253 1002 283 potest
1017 248 1109 276 diluit-

912 289 970 311 tere
985 290 1093 319 peccata
1102 304 1110 316 ,

911 320 964 347 nisi
980 319 1056 346 solus

911 355 1004 382 Deus?

910 390 956 417 2‘2.
979 390 1014 418 Ut
1024 390 1150 424 cognovit

910 430 1002 453 autem
1017 425 1095 454 Jesus

910 462 1088 496 cogitationes

910 504 1016 528 eorum,
1033 496 1070 532 (α)
1083 497 1124 524 di-

910 532 981 567 xit-l-
995 532 1027 559 ad
1045 532 1126 560 illos:
1143 533 1146 537 ’

910 568 979 602 Quid
993 568 1118 602 cogitatis

912 604 939 630 in
953 603 1079 631 cordibus

909 639 955 666 25.
977 639 1097 666 vestris?
1114 639 1183 674 Quid

909 679 951 702 est
966 674 1071 702 facilius

909 709 1001 737 dieere
1012 719 1019 737 :
1037 710 1082 737 Di-

910 746 991 773 missa
1004 750 1068 773 sunt

911 781 958 808 tibi
973 785 1085 815 peccata

912 821 956 843 tua
971 825 977 842 :
994 821 1040 843 aut
1056 817 1096 844 di-

911 859 974 879 cere
987 861 994 879 :
1015 852 1112 887 Surge,

912 893 938 915 et
953 887 1082 914 ambula?

911 922 958 950 24.
981 923 1013 950 Ut
1025 923 1118 951 sciatis

912 963 1002 985 autem
1017 958 1081 993 quia

912 993 997 1020 Filius
1011 995 1126 1024 hominis

931 1034 1073 1057 otestatem

933 1064 996 1091 abet
1013 1072 1094 1099 super

915 1104 1014 1127 terram
1027 1101 1131 1128 dimit-'

916 1141 973 1163 tere
987 1141 1107 1170 peccata,

914 1172 952 1207 ait
967 1172 1125 1207 paralytico.

914 1206 975 1234 Tibi
987 1206 1049 1234 dico
1061 1215 1150 1243 surge,

914 1247 943 1270 et
960 1243 1022 1269 tolle
1039 1243 1135 1271 lectum

916 1282 1004 1311 tuum,
1017 1282 1044 1305 et
1059 1279 1126 1306 vade

914 1316 941 1341 in
957 1314 1066 1341 dontunt
1081 1319 1163 1342 tuam.

914 1348 961 1376 25.
981 1350 1013 1377 Et
1029 1350 1171 1378 confestim

915 1392 1031 1419 surgens
1043 1393 1135 1414 curam

915 1420 980 1453 illis,
997 1421 1058 1448 tulit

915 1455 1026 1492 lectum,
1044 1456 1070 1483 in
1085 1464 1150 1492 quo,

913 1491 1021 1528 iacebat
1031 1496 1082 1528 ac!

914 1526 981 1553 abiit
993 1527 1019 1553 in
1034 1526 1144 1554 ilomum

915 1569 991 1589 suam
1008 1563 1128 1596 magnili-

913 1604 978 1624 cans
991 1597 1087 1624 Deum.

913 1633 959 1660 26.
982 1632 1014 1660 Et
1028 1638 1123 1668 stupor
1137 1633 1186 1662 atl-

913 1668 1073 1704 praehendit

913 1712 1019 1737 omnes,
1033 1708 1061 1731 et
1074 1712 1131 1732 ma-

912 1740 1077 1774 gnilicabant

913 1775 1009 1803 Deum.
1027 1776 1060 1802 Et.
1074 1783 1115 1803 re-

913 1811 978 1846 pleti
993 1815 1056 1838 sunt

913 1847 1021 1879 timore,
1039 1846 1131 1874 dicen-

913 1887 954 1910 tes
964 1890 971 1908 :
987 1881 1054 1916 Quia
1070 1882 1110 1909 vi-

913 1918 1002 1945 dimus
1018 1917 1099 1946 mira-

1329 212 1393 240 bilia
1407 212 1497 239 hodie.

1329 248 1376 275 2⁵1.
1398 248 1430 274 Et
1446 252 1506 282 post
1520 247 1586 277 haec

1329 284 1396 311 exiit
1410 283 1500 316 Jesus,

1328 324 1356 346 et
1368 318 1434 346 vidit
1447 327 1496 354 pu-

1328 354 1463 382 blicanutn
1477 362 1525 383 no-

1329 392 1402 417 mine
1415 390 1478 417 Levi

1329 425 1467 453 sedentem
1479 426 1513 453 ad

1329 461 1477 492 telonenm.
1491 465 1519 489 et

1328 496 1366 523 ait
1379 497 1433 524 illi:
1448 497 1497 524 Se-

1328 540 1412 563 quere
1428 540 1481 560 me.

1327 567 1373 595 28.
1395 568 1429 596 Et
1444 568 1545 598 relictis
1559 576 1617 598 om—

1328 603 1417 633 nibus.
1434 611 1548 639 surgens

1327 644 1437 667 secutus
1453 645 1495 667 est
1510 648 1583 669 eum.

1325 674 1370 702 29.
1393 675 1425 702 E'.
1442 675 1502 703 fecit

1300 724 1304 728 -
1326 709 1365 736 illi
1377 717 1443 737 con-

1330 746 1430 772 vivium
1446 754 1503 774 ma-

1327 787 1409 815 gnum
1425 782 1449 809 iit
1464 782 1515 809 do-

1328 824 1401 843 mum
1417 824 1492 845 snam
1506 826 1513 851 ;

1327 856 1355 878 et
1369 856 1427 879 erat
1443 853 1519 880 turba

1327 887 1410 914 multa
1427 888 1511 923 publi-

1327 929 1468 957 canorum,
1484 929 1512 951 et

1327 958 1455 991 aliorum,
1470 959 1514 994 qui

1327 1001 1388 1020 cum
1404 994 1457 1021 illis

1328 1033 1407 1056 erant
1424 1030 1542 1057 discum-

1328 1064 1373 1092 30.
1390 1065 1494 1092 bentes.
1515 1066 1549 1093 Et

1329 1105 1568 1129 mttrmnraverunt

1331 1136 1470 1170 Pharisa-i,
1484 1143 1510 1164 et

1330 1171 1442 1199 Scrilnae
1459 1170 1579 1206 eorum."

1330 1207 1450 1235 dicentes
1460 1208 1493 1235 ad

1331 1243 1478 1280 discipulos
1492 1244 1552 1280 ejus
1565 1253 1572 1271 :

1331 1278 1420 1313 Quare
1433 1286 1495 1307 cum

1330 1314 1492 1349 publicanis.

1330 1354 1358 1378 et
1369 1350 1517 1385 peccatori-

1332 1385 1381 1412 bus
1396 1386 1431 1420 (ὁ)
1446 1387 1531 1413 tuan-1

1330 1421 1421 1451 ducat.
1436 1426 1464 1448 et.
1474 1421 1541 1450 bibit
1550 1420 1582 1455 1'.

1331 1456 1375 1483 5t.
1397 1456 1432 1482 Et
1454 1456 1624 1491 respondens

1330 1490 1421 1524 Jesus,
1435 1490 1506 1518 dixit
1514 1491 1548 1519 ad

1331 1526 1392 1553 illos
1406 1536 1412 1553 :
1428 1527 1485 1554 Non
1502 1531 1592 1562 egent,

1332 1562 1378 1597 qui
1389 1562 1447 1589 sani
1461 1568 1534 1594 sunt,

1331 1597 1483 1631 medicum,
1500 1598 1547 1626 sed

1331 1634 1376 1668 qui
1391 1635 1461 1661 tuale
1472 1634 1516 1661 lia-

1328 1669 1373 1697 52.
1395 1669 1469 1696 bent.
1489 1669 1549 1698 Non

1328 1705 1390 1732 veni
1406 1712 1503 1733 vocare

1326 1740 1426 1775 justus.
1447 1741 1494 1768 sed

1329 1781 1486 1817 peccatores

1329 1820 1355 1839 in
1369 1816 1509 1846 paeniten-

1330 1847 1404 1874 liam.

1330 1883 1375 1910 35.
1396 1882 1436 1909 Ad
1449 1882 1486 1909 illi
1498 1882 1575 1911 dixe-

1328 1923 1392 1946 runt
1407 1918 1440 1946 ad
1453 1926 1515 1949 eum
1529 1928 1534 1945 :

719 1975 839 2004 CODEX
854 1975 1053 2004 BRIXIANUS.

69 2032 139 2069 initis.
157 2034 220 2068 Quis
234 2038 323 2069 potest
340 2034 478 2062 dimittere
498 2039 605 2067 peccata
625 2033 674 2061 nisi
689 2034 762 2061 solus
777 2034 857 2061 Deus.

70 2066 98 2104 Ut
111 2066 241 2104 cogtinvit'
254 2076 342 2098 autem
354 2070 434 2098 Jesus
448 2066 626 2103 Cogitationes
640 2078 733 2097 eorum
748 2077 857 2104 respon-

69 2103 128 2132 dens
139 2103 244 2137 dixitad
259 2105 331 2133 illos.
345 2106 414 2140 Quid
426 2107 549 2138 cogitatis
566 2106 591 2131 in
608 2106 734 2132 (‘OldlillIS
752 2107 858 2132 vestris.

69 2139 130 2171 ΩιιῘύ
142 2148 180 2168 est
204 2141 309 2168 facilius
327 2142 418 2169 dit-ere
437 2142 609 2168 dimittuntur
625 2142 670 2167 libi
690 2147 809 2173 pem-ato.
826 2151 858 2168 an

70 2174 151 2212 dicere
161 2178 244 2212 Surge
260 2182 287 2204 et
300 2178 417 2204 ambula.
442 2176 475 2204 Ut
489 2183 578 2203 autem
594 2178 684 2203 semis
698 2179 758 2211 quin
776 2177 859 2204 Filius

70 2207 175 2239 hominis
203 2207 362 2247 p'otestatem
382 2213 555 2245 ilﬂiN'lSllltt‘l‘
583 2216 681 2239 terram
707 2207 860 2239 ititnittendi

73 2252 178 2277 Pel'cattt.
194 2249 230 2276 ait
251 2248 399 2284 paralylico
425 2248 563 2284 Tibidtco
584 2256 662 2282 surge
687 2248 861 2275 tollelt-t-lutu

72 2284 137 2309 tuum
147 2287 173 2310 et
193 2284 261 2311 vade
281 2285 306 2311 in
319 2285 428 2312 domum
444 2290 526 2310 tuum.
545 2283 578 2309 Ει
594 2284 734 2310 ρυιιῐὶλειίιιι
749 2291 862 2318 surgens

71 2322 153 2345 cor-in
175 2319 227 2347 illis
244 2319 303 2347 tulit
320 2319 345 2347 in
371 2327 425 2353 quo
437 2318 554 2354 jacebat.
572 2323 598 2347 ot
619 2319 686 2347 abiit
701 2319 728 2346 in
753 2320 862 2346 domum

73 2358 150 2380 suam.
168 2355 341 2390 magnificans
364 2355 459 2381 Deum.
484 2354 518 2381 Et
549 2358 642 2388 stupor
668 2354 864 2390 adpraelicitdit

72 2392 166 2417 omnes.
195 2396 221 2417 et
250 2390 460 2425 magniﬁcabant
477 2390 570 2417 Deum.
590 2391 623 2417 Et
638 2391 733 2424 repleti
748 2395 811 2417 sunt
827 2391 861 2417 ti-

73 2428 139 2452 more
161 2425 292 2454 dicentes.
312 2426 380 2460 Quia
404 2425 521 2455 vidimus
547 2425 679 2454 mirabilia
695 2425 787 2456 hodie.
830 2425 865 2454 Et

910 2039 972 2070 post
984 2033 1041 2061 h:rc
1056 2034 1122 2062 exiit
1131 2038 1158 2061 et
1172 2032 1239 2061 vidit
1258 2033 1430 2069 publicanum
1457 2034 1565 2061 nomine
1576 2032 1652 2061 Levi.
1667 2039 1707 2060 se-

910 2069 1020 2098 dentem
1034 2070 1067 2097 atl
1081 2069 1246 2097 theluneum.
1269 2074 1297 2097 et
1309 2070 1344 2096 ait
1365 2070 1402 2096 illi
1417 2071 1535 2104 Sequere
1549 2070 1651 2104 malit
1668 2076 1705 2094 re-

911 2106 982 2133 lictis
996 2106 1120 2133 ontnibns
1142 2112 1257 2140 surgens
1271 2110 1379 2133 secutus
1391 2109 1432 2132 est
1459 2103 1529 2132 eum.
1557 2105 1590 2131 Et
1605 2103 1664 2131 fecit
1678 2103 1710 2140 rei

912 2142 1064 2179 convivium
1081 2139 1205 2175 magnum
1221 2140 1288 2168 Levi
1302 2142 1330 2179 _i_n
1344 2141 1425 2168 duino
1441 2148 1499 2179 sua.
1516 2146 1551 2179 et»
1563 2145 1622 2167 erat.
1634 2139 1710 2179 tut-lia

913 2178 998 2205 multa
1011 2178 1227 2212 publicanorum.
1243 2182 1268 2203 et
1285 2176 1398 2203 aliorum
1414 2176 1458 2210 qui
1474 2177 1551 2203 suun!
1567 2175 1711 2212 erantdis-

915 2210 1085 2240 cumbeiites.
1109 2213 1142 2240 Et
1167 2212 1370 2240 mttrtuurnbant
1395 2211 1531 2239 Pharisaei
1553 2215 1581 2238 et
1600 2210 1711 2238 Scribat:

916 2248 1047 2275 dicentes.
1070 2248 1104 2275 ad
1128 2248 1276 2283 discipulos
1292 2247 1360 2282 ejus.
1380 2247 1469 2281 Quare
1485 2255 1545 2274 eum
1563 2246 1711 2280 pttblit'nnis

916 2288 943 2310 et
958 2284 1147 2318 peccatoribus
1161 2284 1199 2319 (lt)
1215 2282 1358 2311 manducat
1378 2288 1403 2310 et
1427 2282 1493 2310 bibit
1501 2282 1529 2318 ὴ.
1553 2283 1584 2319 Et
1600 2289 1711 2319 reipnu:

915 2316 983 2346 dctis
997 2319 1077 2347 18:1“
1089 2318 1155 2346 dixit
1166 2316 1219 2346 eis.
1238 2319 1295 2345 Non
1322 2324 1401 2353 egent
1421 2319 1478 2345 sani
1502 2316 1710 2345 medicnttt'sed

915 2354 960 2390 qui
977 2355 1046 2381 male
1061 2356 1171 2381 habent.
1188 2354 1245 2380 Non
1261 2352 1415 2390 enim’veni
1440 2361 1534 2381 t-ocare
1548 2354 1644 2387 justos.
1663 2352 1710 2390 sed

915 2387 1072 2424 peceatores
1096 2389 1124 2417 iu
1145 2389 1352 2425 paenitentiam.
1375 2389 1415 2416 llli
1434 2394 1523 2417 autem
1539 2389 1664 2416 dixerunt
1677 2387 1710 2415 ad

914 2433 987 2453 eum.
1002 2425 1074 2459 Qua-

702 2482 819 2511 CODEX
838 2483 1072 2513 CORBEIENSIS.

102 2527 142 2566 gl.
160 2529 223 2566 Quis
235 2535 325 2566 potest
336 2530 472 2559 dimittere
488 2535 639 2566 peccatum.
656 2533 660 2549 λ

101 2562 142 2592 23.
162 2562 283 2594 Remissa
296 2571 359 2594 sunt
371 2566 420 2594 tibi
431 2566 442 2582 ³
454 2562 564 2602 ρεέοειε
578 2571 623 2594 tua
639 2576 646 2595 :
659 2570 705 2595 aut
716 2566 817 2595 dicere.

942 2522 1338 2596 I301Etbnzurmuraverttnt...
1354 2536 1381 2560 et
1394 2531 1582 2570 peccatoribus
1597 2528 1712 2558 mandu-

954 2588 961 2596 .
975 2575 990 2595 e
1036 2576 1042 2595 l
1064 2577 1094 2596 ι.

907 2573 961 2601 cat,
975 2573 1003 2595 et.
1017 2573 1094 2596 btbit.

666 2622 869 2654 VARIANTES
887 2624 1091 2655 LECTIONES.

98 2681 106 2716 ξ
123 2682 173 2716 (ΞΜ.
184 2684 310 2716 dimittere
321 2687 431 2716 peccata.
447 2681 521 2716 Vulg.
533 2683 673 2716 dimittendi
684 2685 793 2716 peccata.

97 2713 106 2728 ³
123 2713 173 2740 Gal.
184 2710 337 2741 Lewin...ai1
347 2710 575 2748 thiloneum.'i’ulg.
584 2713 674 2740 Levi...
684 2710 714 2739 "ad
728 2714 856 2740 telonium.

944 2683 954 2699 ³
971 2680 1024 2709 ϐαι.
1038 2688 1138 2715 peccata
1150 2688 1192 2711 tua
1204 2693 1209 2710 :
1220 2691 1251 2711 au

721 2761 905 2799 BLANCIIINI
924 2767 1049 2804 more:

101 2816 137 2857 (si
157 2817 225 2848 Ante
255 2819 332 2855 dixit,
355 2819 433 2848 deest
459 2818 630 2857 respouduu,
653 2820 735 2848 etiam
756 2818 784 2853 in
802 2817 865 2851 cod.
880 2816 960 2852 Cant.
973 2832 1009 2838 -
1029 2816 1069 2855 (b)
1082 2815 1120 2848 lla
1133 2821 1162 2848 et
1181 2817 1270 2847 versio
1285 2815 1408 2852 Althiop.
1430 2815 1504 2844 ἐσθίει
1523 2815 1567 2844 καὶ
1585 2815 1663 2847 πίνει,
1680 2821 1716 2843 ex

73 2849 204 2884 litthaeo.
