1975 3097
74 135 121 164 5ιὸ
571 136 799 168 EVANGELIUM
817 112 1006 169 SECUND‘EM
1020 137 1150 169 LUCAM.

247 192 361 222 CODEX
387 194 661 235 VERCELLENSIS.

70 242 108 270 dit
121 242 167 272 eis,
181 240 224 277 qui
472 242 593 270 sabbatis
610 243 658 272 be-

68 285 154 305 secum
168 280 259 308 erant;
474 298 481 305 .
502 297 510 305 .
532 298 540 305 .
555 286 628 307 acere

67 320 130 348 quos
142 313 150 328 ¹
164 320 214 339 non
232 312 263 338 li-
473 333 480 341 .
502 334 509 342 .
530 335 538 342 .
563 335 569 342 .
584 315 628 343 ale

66 348 186 376 cetede.
208 368 214 374 .
237 365 245 374 .
267 360 307 374 .-

65 383 177 426 si(b)so.
200 403 207 410 .
285 403 292 410 .
317 390 417 412 .acer—

65 420 89 447 5.
107 419 230 447 dotibus?
271 423 281 446 t

64 455 144 483 diceb.
165 474 173 482 .
192 454 267 482 illis:

63 490 184 524 Quoniam

63 527 181 555 Dominus
192 529 235 554 est
248 525 314 554 Fili-

60 570 89 590 us
102 562 215 590 hominis

60 599 131 639 etiam
144 597 207 625 sab-

60 633 118 661 bati.

59 670 82 697 6.
101 669 210 697 Factum
223 673 265 697 est

58 709 136 733 autem
154 705 181 732 in
197 705 247 732 ali-

473 368 480 376 ι
509 370 516 376 ι
557 371 564 377 -
605 371 612 377 υ
652 372 658 379 ι
700 373 704 378 .
745 370 753 378 ι
794 371 801 378 ο
842 371 849 379 ι

472 441 479 448 ο
507 441 513 448 ι
554 442 561 449 ι
602 442 608 448 ι
649 443 656 450 ι
699 443 707 450 .
747 443 754 449 .
794 442 801 449 .
842 442 848 447 .

470 492 514 535 ψ.
535 494 700 529 Circumspi—

469 536 544 557 CIGDS
559 537 654 557 omnes

469 564 509 602 (g)
525 565 622 602 illos-if
632 572 693 602 esse
710 565 749 602 (Ii)
767 565 795 593 in

468 600 507 627 ira
516 621 524 632 ,
536 600 556 636 ἦ·
568 600 636 628 dixit
651 600 700 628 ho-

468 635 533 663 mini
545 635 553 662 ξ
572 636 672 664 Exten-

468 670 502 698 de
514 679 624 698 manum

468 709 552 734 tuam.
568 707 602 735 Et
615 714 666 735 ex-

57 748 72 767 o
84 741 193 768 sabbato
205 741 245 768 in—
468 742 553 769 tendit
567 751 573 769 :
588 747 615 770 et
630 750 688 770 res-

58 782 120 804 trare
133 776 213 804 illum
467 776 546 805 tituta
559 783 602 806 est
614 786 672 805 ma-

57 813 80 839 in
89 811 209 847 Synngo-
466 820 518 841 nus
533 814 614 841 illius.

57 852 137 885 (ψει.
150 848 234 876 doce-
467 848 521 885 ll.
534 848 587 885 Ipsi
603 853 693 877 autem

57 891 91 910 re.
104 883 136 910 Et
147 888 207 911 erat
466 883 559 918 inpleti
575 889 639 912 sunt.

58 918 88 946 ibi
98 918 193 950 homo.
209 925 236 948 et
465 924 592 954 stupore.
605 924 633 948 et

57 962 142 982 manus
160 955 196 982 illi
205 972 212 975 -
465 955 612 991 conloque-

57 998 82 1017 us
93 990 189 1018 dextra
465 989 564 1018 bantur
575 991 611 1018 ad

56 1031 107 1053 erat
117 1026 203 1053 arida.
466 1026 581 1053 invicem

54 1062 77 1088 7.
95 1061 279 1090 Observabam
464 1061 592 1090 quidnam

54 1102 137 1124 autem
151 1097 225 1125 Scri-
464 1097 589 1125 facerent

55 1132 111 1165 bne,
122 1136 152 1160 et
163 1133 259 1161 Phari-
464 1131 489 1160 Ι.
507 1151 516 1160 .
530 1141 559 1159 ιι.

55 1175 89 1195 sa.
111 1189 118 1195 .
142 1188 150 1194 .
172 1188 179 1195 .
195 1169 231 1204 (c)
248 1168 312 1197 sab-
465 1168 509 1195 12.
526 1167 649 1196 Factum.
668 1190 674 1196 .
694 1190 700 1196 .
719 1190 725 1197 .
745 1189 751 1197 .

54 1203 281 1239 bato-l-H'ur”
466 1222 711 1232 ..
753 1224 807 1233 ..

54 1244 267 1268 rct..‘....;

55 1276 260 1304 nir....tet

54 1310 266 1339 ’ac...arent

54 1346 76 1373 8.
95 1346 178 1374 illum.
194 1347 256 1382 Ipse
464 1349 507 1373 rat
520 1353 636 1381 pernoc-

55 1386 135 1410 autem
149 1383 219 1410 scie-
463 1385 524 1409 tatis
539 1382 566 1409 in
581 1389 645 1409 ora-

54 1417 94 1444 bat
106 1418 207 1453 cogita-
464 1417 508 1445 I5.
526 1418 599 1445 tione
612 1417 672 1445 Dei.
687 1418 721 1446 Et

55 1452 134 1481 tiones
142 1452 206 1481 illo-
463 1459 525 1480 cum
540 1453 598 1480 dies
614 1454 679 1480 ltor~

54 1495 117 1516 rum.
463 1493 488 1515 ta
501 1492 542 1515 est
551 1510 558 1521 ,
575 1495 654 1516 voca-

55 1523 122 1552 Dixit
132 1529 220 1553 autem
462 1524 500 1551 vit
512 1523 636 1558 discipu-

54 1558 147 1596 liomini
158 1581 166 1594 ,
179 1560 226 1596 qui
461 1559 503 1587 los
515 1566 595 1592 suos,
610 1564 638 1596 et
654 1559 704 1588 eli-

55 1593 163 1623 habebat
175 1593 229 1623 ma-
461 1602 527 1629 gens
543 1602 575 1622 ex
592 1595 634 1623 eis

56 1638 113 1657 num
127 1631 226 1659 aridam
239 1640 246 1658 :
461 1630 605 1658 duodecim
615 1651 623 1664 ,

56 1665 146 1702 Surge,
163 1671 191 1695 et
202 1672 242 1694 sta
462 1672 530 1702 quos
543 1670 571 1693 et
586 1667 676 1700 Apos-

463 1701 533 1742 tolo_s
547 1701 635 1729 nomi-

461 1742 545 1764 navtt.

461 1771 506 1799 M.
528 1771 666 1800 Simonem
680 1793 688 1807 ,
703 1771 789 1809 'quem

56 1701 86 1736 (ί)
98 1703 122 1729 in
135 1703 223 1730 tnedio
234 1702 262 1739 1-.
278 1702 289 1718 ⁸
301 1702 336 1730 Et

57 1743 176 1772 surgens,
191 1743 246 1766 ste-

56 1771 80 1799 9.
100 1774 137 1800 tit.
154 1774 223 1801 Dixit

1662 140 1717 170 546

1121 196 1235 225 CODEX
1255 196 1482 226 VERONENSIS.

904 244 949 279 qui
961 251 1053 272 secum
1066 248 1159 276 erant;
1322 251 1356 271 an
1369 244 1440 272 male
1454 253 1460 271 :
1476 244 1533 272 ani-
1546 257 1549 271 :

904 288 972 314 quos
989 289 1041 307 non
1059 279 1096 315 (a)
1110 281 1142 307 li-
1323 288 1394 307 mam
1404 280 1506 307 salvam

904 316 981 342 cebut
996 316 1015 350 ἦ
1030 325 1104 343 man-
1320 316 1425 349 facere,
1441 324 1477 343 an

903 351 1002 378 ducare
1012 372 1019 383 ,
1038 352 1078 378 ni-
1322 351 1437 386 perdere
1447 351 1460 378 Ἰ

903 387 924 413 si
938 387 974 422 (ιι)
990 387 1054 414 solis
1068 387 1089 422 ἦ·
1321 388 1367 415 10.
1386 387 1417 413 Et
1430 386 1596 422 circumspe-

903 422 1116 463 §ttcerdolil)_tts?
1320 423 1373 450 ctis
1387 422 1427 463 .(g)
1439 422 1524 463 illis

903 458 940 498 ξς.
952 458 984 484 lit
995 458 1104 498 dicebat
1320 457 1446 498 omnibus
1460 457 1500 498 (ft)
1515 457 1544 486 in

903 493 956 529 illis
973 494 1058 527 :Quia
1320 493 1488 529 irai-,dixit

902 528 1033 556 Dominus
1321 528 1425 557 homini
1440 538 1446 556 :
1463 529 1516 556 Ex-

902 569 944 591 est
957 564 1041 592 Ftlius
1321 566 1402 593 tende
1415 573 1525 593 manum

901 600 1019 627 hominis
1033 600 1114 628 etiam
1320 604 1405 628 tuam.
1425 600 1458 628 Et

901 635 1017 663 sabbati.
1319 636 1460 664 extendit:
1478 640 1506 664 et

1320 672 1499 714 restitutaest

1320 715 1416 735 manus
1427 716 1497 743 ejus,

902 672 929 698 6.
947 671 1057 699 Factum
1072 676 1114 699 est

900 710 990 734 autem
1005 707 1059 734 alio

901 742 1014 770 sabbato
1028 747 1057 769 ut
1320 742 1353 778 (i)
1369 744 1439 771 sicut

900 778 1014 814 intraret
1027 777 1053 805 in
1320 779 1372 806 alia
1387 779 1416 814 ᾧ.

900 813 1069 850 Synagogam
1080 833 1088 845 ,
1322 814 1365 842 Il.
1383 813 1437 850 Ipsi
1450 818 1541 842 autem

902 853 929 876 et
942 849 1063 876 doceret.
1323 870 1329 876 .
1348 869 1356 876 .
1374 870 1381 877 .
1400 869 1407 877 .
1427 869 1435 877 .
1452 850 1470 878 ti

901 884 935 911 Et
948 889 1007 912 erat
1020 884 1068 911 bo-
1320 890 1393 913 sunt.
1408 906 1417 913 .
1436 906 1442 912 .
1463 905 1468 912 .
1487 907 1493 913 .
1514 904 1521 911 .

901 927 946 947 mo
960 927 1068 947 manum
1319 921 1386 949 itate
1394 942 1401 953 ,
1417 926 1445 949 et

900 955 1005 992 habens
1019 954 1123 983 aridam
1319 957 1555 992 conloquebantur

901 991 1050 1019 dexteram.
1147 1001 1155 1009 -
1319 993 1353 1019 ad
1366 991 1481 1020 invicem

901 1027 928 1054 7.
944 1026 1131 1062 Observabam.
1318 1028 1445 1062 quidnam
1459 1029 1498 1056 fa-

899 1068 990 1091 autem
1005 1061 1078 1091 Scri-
1318 1061 1413 1091 tierent
1422 1064 1457 1092 de

898 1098 951 1125 bae
958 1120 965 1129 ,
982 1103 1009 1126 et
1024 1097 1093 1125 Pha-
1318 1098 1422 1128 Jesum.

1320 1135 1363 1162 12.
1380 1135 1492 1163 Factum
1506 1139 1549 1163 est

1317 1175 1407 1199 autem
1420 1172 1445 1199 in
1459 1171 1512 1199 illis

1318 1206 1413 1235 diebus
1425 1207 1492 1235 exiit

1318 1241 1345 1269 in
1361 1248 1453 1271 monte
1465 1250 1527 1271 ora-

898 1134 979 1162 risaei
988 1155 996 1167 ,
1014 1135 1036 1161 si

899 1169 937 1204 (c)
952 1170 1065 1197 sabbato
1075 1168 1096 1203 1-

898 1209 1010 1232 curaret
1020 1225 1028 1236 ,
1044 1208 1075 1232 ut

898 1240 1054 1268 invenirent

898 1276 1073 1311 quemadmo-
1317 1285 1361 1311 re,
1376 1283 1404 1307 et
1418 1282 1478 1307 erat

898 1312 962 1355 dum
974 1319 1088 1355 accusa-
1317 1319 1480 1355 pernoctans

897 1352 959 1375 rent
974 1348 1060 1375 illum.
1316 1348 1345 1377 in
1358 1351 1482 1378 oratione

897 1382 924 1409 8.
941 1383 1001 1417 Ipse
1015 1389 1108 1412 autem
1317 1385 1376 1413 Dei.

899 1418 939 1454 (ά)
951 1420 1043 1460 sciens
1057 1420 1077 1455 -ι-
1317 1421 1363 1460 l3.
1384 1421 1416 1448 Et
1431 1428 1493 1449 cum
1508 1420 1567 1449 dies

897 1459 1078 1488 cogitationes

897 1496 991 1526 eorum
1007 1490 1042 1525 (e)
1058 1491 1096 1518 ait
1108 1491 1128 1526 δίη

897 1524 1000 1552 homini
1017 1525 1073 1559 illi,

896 1563 941 1595 qui
959 1560 1077 1588 habebat

896 1603 1007 1623 manum
1019 1596 1133 1624 aridam.

897 1631 985 1667 Surge
996 1652 1003 1664 ,
1017 1636 1043 1659 et
1058 1638 1099 1660 sta

896 1666 932 1730 ἕ)
949 1666 975 1695 in
991 1667 1123 1704 medioj-j‘.

923 1708 932 1730 t
945 1710 1059 1730 sureens
1069 1725 1077 1730 .

923 1708 932 1730 t
945 1710 1059 1739 surgens
1069 1725 1077 1738 ,

895 1739 981 1766 stetit.

896 1773 922 1801 9.
938 1776 981 1802 Ait
997 1779 1089 1803 autem

1316 1455 1403 1484 factus
1416 1461 1506 1490 esset,

1316 1493 1425 1519 vocavit
1437 1493 1471 1519 ad

1317 1534 1347 1554 se
1361 1527 1509 1562 discipulos

1317 1570 1382 1590 suos
1389 1583 1396 1597 ,
1412 1568 1438 1590 et
1452 1564 1511 1590 ele-

1317 1597 1355 1632 git
1370 1606 1418 1626 xtt.
1431 1606 1465 1625 ex

1316 1633 1382 1668 ipsis
1394 1654 1402 1667 ,
1417 1641 1486 1669 quos

1316 1673 1343 1697 et
1354 1669 1501 1703 Apostolus

1316 1705 1476 1733 nominavit.

1318 1740 1363 1768 Η.
1385 1741 1522 1769 Simonem
1534 1759 1542 1773 ,

1316 1784 1397 1818 quem
1410 1784 1510 1839 ιιιιὶηο-

1316 1817 1432 1839 [ηιιιδνιι
1468 1820 1496 1839 e-

1468 1820 1496 1839 e-

57 1813 136 1836 autem
146 1809 223 1837 Jesus
284 1819 288 1821 -
461 1812 490 1835 et
502 1809 640 1842 cognomi-
895 1810 929 1836 ad
943 1810 1003 1837 illos
1018 1809 1096 1839 Jesus
1113 1819 1119 1837 :
1316 1809 1432 1839 minavit

57 1843 85 1870 ad
97 1844 171 1873 illos:
187 1845 228 1872 In-
461 1844 536 1881 navit
548 1843 658 1881 Petrum
671 1865 679 1879 ,
895 1845 1045 1881 Interroga.
1065 1867 1071 1873 .
1089 1867 1096 1873 .
1316 1853 1402 1880 trum,
1415 1852 1442 1876 et
1453 1849 1509 1875 An-

58 1881 188 1916 terrogabo
461 1883 489 1916 et
504 1879 639 1916 Andream
897 1881 960 1909 licet
973 1879 1015 1909 sa:
1032 1901 1041 1909 .
1060 1903 1065 1908 .
1085 1902 1092 1910 .
1112 1903 1117 1908 .
1135 1903 1142 1909 .
1315 1879 1408 1912 dream
1425 1884 1476 1911 ira-

57 1921 99 1942 vos
107 1936 114 1949 ,
126 1914 219 1944 silicet
460 1914 571 1942 fratrem
582 1915 653 1950 ejus,
895 1916 1058 1946 benefacere
1067 1939 1074 1952 ,
1315 1924 1384 1947 trem
1403 1919 1461 1955 ejus
1473 1940 1481 1953 ,

216 1962 221 1963 ⁷
704 1962 822 1992 CODEX
835 1962 1035 1992 BRIXIANUS.

57 2012 90 2039 dit
110 2012 148 2040 his
163 2013 206 2048 qui
226 2020 285 2041 cum
306 2011 366 2047 ipso
380 2015 468 2049 erant.
483 2019 551 2049 quos
577 2019 632 2049 non
655 2011 693 2049 (a)
714 2013 812 2049 licebat
824 2014 844 2049 δίε

58 2049 217 2084 manducare.
244 2049 293 2075 nisi
310 2048 347 2084 (ὁ)
363 2048 430 2075 solis
443 2047 463 2082 ἰ-
483 2047 687 2084 sacerdotibus.
713 2048 746 2076 Et
771 2047 844 2076 dice-

58 2082 98 2110 bat
118 2084 167 2112 illis
189 2084 255 2118 Quia
282 2082 414 2111 Demitttts
438 2087 481 2111 est
503 2082 588 2110 Filius
614 2083 730 2111 hominis
760 2085 841 2112 etiam

59 2119 161 2146 sabbati.
177 2120 288 2148 Factum
302 2124 344 2147 est
365 2122 456 2146 autem
469 2119 497 2146 itt
512 2119 564 2145 alio
578 2118 691 2146 sabbato
714 2125 742 2147 ιιι
756 2120 840 2147 intra-

59 2160 97 2192 ret
117 2154 141 2182 in
161 2156 326 2192 Synagogam
350 2159 377 2182 et
400 2154 521 2192 docet-ct.
538 2154 584 2192 Et_
597 2158 658 2182 erat
677 2155 738 2192 illic
759 2155 841 2183 homo

62 2187 151 2218 habens
162 2187 300 2219 dexte'ram
314 2198 422 2217 manum
435 2190 540 2217 aridam
554 2189 740 2218 Observabam
750 2196 840 2218 autem

63 2224 158 2254 Scrihae
170 2231 195 2254 et
210 2227 357 2254 Pharisaei.
373 2226 395 2253 si
411 2226 436 2253 in
453 2226 566 2253 sabbato
580 2231 699 2253 curaret.
722 2231 749 2253 nt
764 2226 841 2254 inve-

62 2259 140 2298 nirent
147 2262 313 2290 occasionem
324 2261 466 2298 accusandi
478 2261 554 2298 illum
563 2260 624 2298 Ipse
632 2269 694 2298 vere
703 2261 742 2298 (ά)
750 2262 839 2290 sciens

63 2296 222 2330 cogitationes
239 2305 333 2325 eorttm
349 2296 384 2333 (ε)
398 2297 435 2324 ait
448 2297 467 2331 1L
483 2296 585 2333 homini
596 2296 645 2333 qui
656 2296 772 2325 habebat
784 2305 841 2324 nta-

63 2338 117 2359 Illlm
131 2334 240 2361 aridam.
257 2330 385 2369 Surge‘e't
396 2332 484 2369 διαί)
499 2332 526 2359 in
542 2330 632 2369 medio
646 2332 665 2368 ’ἲ
678 2333 713 2360 Ει
727 2340 841 2369 surgens

62 2368 135 2396 stetit.
150 2368 193 2397 Ait
204 2375 294 2397 autem
310 2366 344 2396 ad
359 2368 420 2396 illos
433 2366 522 2396 Iesus.
544 2366 685 2404 Interrogo
697 2376 757 2396 vos.
772 2366 794 2396 si
806 2368 839 2396 li-

898 2019 941 2041 cet
962 2013 1082 2041 subbatis
1107 2013 1278 2041 benefacere.
1293 2020 1327 2040 an
1349 2013 1428 2040 male.
1453 2013 1571 2040 animatn
1596 2013 1698 2040 salvam

898 2050 987 2076 facere
1001 2057 1034 2076 an
1050 2049 1174 2084 perdere.
1191 2050 1223 2076 Et
1237 2048 1461 2083 circumspiciens
1481 2056 1530 2076 eos
1544 2056 1639 2075 omnes
1654 2049 1695 2075 di-

898 2086 938 2112 xit
963 2085 1077 2112 homini.
1102 2084 1222 2112 Extende
1246 2092 1354 2111 manum
1378 2089 1450 2111 tuam
1469 2084 1502 2111 Et
1519 2084 1651 2111 extendit.
1671 2089 1699 2111 ct.

897 2121 1021 2148 restituta
1037 2126 1079 2148 est
1100 2128 1195 2147 manus
1213 2120 1272 2155 ejus
1286 2120 1317 2155 (ἱ)
1333 2120 1404 2147 sicut
1427 2120 1513 2147 altera
1529 2119 1560 2155 1-.
1577 2119 1630 2153 Ipsi
1650 2127 1698 2145 au-

897 2161 952 2183 tem
977 2156 1073 2191 rcpleti
1089 2162 1151 2183 sunt
1172 2156 1339 2190 iniquitatem
1366 2160 1393 2182 et
1407 2156 1641 2190 conloquebantur
1664 2155 1698 2182 ad

893 2190 1015 2218 inviCem’
1024 2191 1087 2226 quid
1107 2199 1169 2218 nam
1189 2190 1310 2219 facerent
1329 2191 1403 2218 Iesu.
1428 2191 1540 2219 Factum
1554 2195 1597 2218 est
1608 2195 1697 2218 autem

893 2226 919 2253 in
937 2227 990 2254 illis
1007 2227 1111 2254 diebus.
1127 2227 1192 2254 exiit
1204 2227 1283 2254 Jesus
1295 2227 1320 2254 in
1334 2231 1455 2258 montem
1478 2234 1566 2254 orare.
1590 2231 1617 2254 et
1640 2230 1700 2254 erat

893 2266 1056 2297 pernoctans
1075 2263 1102 2290 in
1122 2263 1245 2290 oratione
1266 2263 1322 2290 Dei.
1343 2263 1377 2289 Et
1399 2270 1460 2289 cutn
1482 2263 1540 2290 dies
1552 2262 1639 2290 factus
1654 2270 1699 2289 es-

892 2296 935 2325 set
948 2298 1109 2325 convocavit
1122 2298 1272 2332 discipulos
1295 2305 1369 2325 suos.
1387 2303 1413 2325 et
1426 2297 1509 2333 elegit
1522 2306 1556 2326 ex
1578 2298 1618 2326 eis
1630 2296 1698 2325 duo—

891 2333 980 2361 decim
995 2341 1063 2367 quos
1077 2338 1105 2361 et
1115 2333 1267 2369 iApostolos
1278 2333 1437 2360 nominavit.
1450 2334 1599 2361 Simonem.
1615 2341 1697 2369 quem

892 2369 1096 2404 cognominavit
1114 2368 1223 2396 Petrum
1245 2373 1273 2397 et
1286 2368 1422 2397 Andream
1437 2369 1550 2397 fratrem
1563 2368 1623 2404 ejus

691 2424 806 2453 CODEX
828 2424 1062 2453 CORBEIENSIS.

92 2471 119 2512 ﬁ}:
135 2474 305 2512 Interrogabo
317 2483 375 2504 vos.

92 2509 132 2537 l0.
151 2511 181 2539 Et
193 2509 398 2546 circumspectis
408 2511 462 2540 illis
477 2510 603 2540 omnibus
618 2510 645 2539 in
657 2511 708 2539 ira.

895 2509 908 2537 J
932 2473 976 2500 ll.
996 2473 1096 2509 repleti
1118 2477 1182 2502 sunt
1207 2472 1412 2509 iniquitate.....
1436 2474 1500 2511 quid
1523 2474 1646 2505 iacerent
1664 2476 1698 2506 dc

912 2517 970 2537 esu.

912 2517 970 2537 esu.

660 2554 859 2585 VARIANTES
877 2555 1079 2586 LECTIONES.

88 2604 95 2620 '
109 2605 163 2637 βαι.
174 2613 220 2632 non
239 2606 332 2632 licebat
344 2606 382 2632 eis
392 2605 538 2631 manducare
546 2624 553 2637 ,
569 2606 615 2630 nisi
634 2604 692 2630 solis
703 2604 845 2637 Sacerdoti-

60 2634 117 2669 ltus?
127 2637 173 2663 Aut
184 2645 229 2663 non
242 2638 338 2669 legistis
354 2638 382 2662 in‘
399 2636 472 2668 lege,
484 2634 709 2669 quia'Sacgrdotes
717 2637 742 2661 iu
754 2635 845 2669 templo

59 2668 175 2693 sabbatum
184 2666 285 2699 violant'.
303 2672 329 2694 et.
339 2669 393 2694 sine
405 2666 507 2693 crimine
518 2668 593 2693 sunt?
604 2667 635 2693 Et
645 2668 754 2692 dicebat.
771 2666 844 2698 Vulg.

898 2610 946 2628 non
956 2603 1015 2629 licet
1025 2605 1183 2635 manducare,
1195 2604 1243 2631 nisi
1255 2607 1348 2631 tantum
1356 2607 1543 2634 sacerdotibus?
1552 2607 1584 2634 Et
1590 2607 1697 2634 dicebat.

930 2636 942 2669 ξ
959 2635 1013 2669 (ξω.
1027 2642 1143 2669 accusare
1153 2636 1229 2661 illutn.
1246 2636 1319 2669 Vulg.
1332 2643 1478 2669 accusarent
1489 2646 1556 2664 eum.

932 2666 943 2682 ³
962 2666 1015 2691 σαι.
1025 2668 1103 2698 stetit,
1118 2670 1144 2692 et
1156 2674 1272 2700 surgens.
1289 2666 1362 2701 iulg.
1375 2673 1401 2695 et
1409 2676 1528 2716 |surgens,
1540 2672 1619 2697 stetit.

706 2719 891 2749 BLANCIIINI
909 2719 1024 2748 NOTAE.

91 2769 129 2805 (ιι)
144 2770 179 2798 Ita
192 2775 219 2798 et
232 2770 293 2799 cod.
308 2770 386 2798 Cant.

409 2771 461 2804 ὶξὸν
480 2769 520 2800 ἦν.
539 2785 574 2790 —
589 2770 627 2806 (ὁ)
640 2770 678 2798 Ita
703 2774 731 2797 et
757 2774 813 2797 lex.
828 2767 994 2806 σι’-μόνους.
1009 2784 1044 2790 -
1061 2769 1097 2805 (a)
1115 2770 1185 2798 Ante
1199 2770 1313 2802 rabbato.
1329 2770 1406 2799 deest
1429 2771 1466 2805 in,
1481 2771 1564 2800 etiam
1588 2773 1614 2800 in
1635 2773 1696 2800 cod.

62 2804 177 2844 (iant;—
191 2807 229 2843 (d)
245 2807 281 2834 lla
291 2812 319 2835 et
331 2806 392 2844 cod.
404 2806 482 2844 Cant.
497 2804 635 2844 ytvéia'xmu.
647 2820 685 2844 —-_
695 2805 730 2842 (ε)
740 2806 779 2844 I_t_a
793 2810 820 2832 et
835 2805 899 2844 cod.
913 2805 992 2844 gain.
1005 2804 1163 2844 )ts'yu.f_—_(r)_
1173 2806 1207 2844 Ita
1221 2811 1250 2844 et
1260 2806 1321 2844 cod.
1331 2806 1410 2844 Cant.
1424 2804 1581 2844 ἑνςμέσῳτ-
1589 2808 1629 2844 (g)
1639 2808 1697 2836 Ad-

61 2839 336 2883 diti-llismtia'mhtext:
349 2839 517 2883 ριύτουέ.
534 2842 636 2883 [avent
651 2839 731 2883 etimit
744 2840 864 2883 Fercell.
877 2845 903 2868 et
918 2839 1243 2883 Brixian.'l—‘—(h)'.\dldi_t_in
1257 2842 1297 2869 ira
1312 2842 1391 2869 etiam
1405 2839 1467 2869 cod.
1479 2839 1558 2871 Cant.
1573 2839 1696 2883 enm,

60 2883 90 2903 ex
100 2876 196 2906 Marco.
209 2878 282 2913 —(t')
297 2878 379 2906 Addit
389 2878 454 2905 sicut
467 2878 520 2906 alia
531 2877 628 2913 (Brix.,
645 2878 712 2905 sicut
724 2876 830 2912 altera),
844 2881 898 2905 lex.
913 2884 1019 2911 quoqttc
1035 2875 1094 2910 Gri,
1105 2875 1141 2906 ὣς
1156 2878 1171 2906 ἠ
1186 2875 1256 2906 ἄλλη.
