3950 6194
550 237 656 314 sti
1092 251 1363 314 EUSEBll
1398 244 1742 313 VERCELL.
1782 228 2231 316 manemus
2268 247 2410 315 cun
2445 248 2675 314 vanus
2710 236 3297 319 COD."_COLLATUM.

942 371 1172 431 CODEX
1222 365 1766 428 VEBCELLENSIS.

552 469 711 540 (utet
740 470 781 540 -ι-
805 468 1064 525 Jacobum
1081 508 1097 534 ,

553 538 947 605 ctJnhannen,

552 620 606 665 ct
635 611 937 682 Philippum
959 650 975 677 ,

554 683 960 738 ..Ba.....

558 751 995 809 15......et

551 821 655 877 Ma.
700 863 713 877 .
756 824 917 879 lteum
943 864 959 893 ,

550 902 607 950 et
634 893 875 949 Thoman
902 936 918 961 ,

549 973 606 1021 et
630 965 890 1021 Jacobum

551 1038 745 1105 Alphei
776 1036 814 1107 -ί-
836 1078 850 1101 ,
880 1044 939 1119 ct
965 1035 1052 1091 Si-

555 1123 773 1162 monem
800 1124 891 1177 qut

552 1180 853 1248 appellatur

555 1250 641 1305 16.
683 1249 895 1304 Zelotes
920 1290 935 1314 ,
967 1257 1026 1305 et

554 1319 728 1375 Judan
757 1319 915 1376 Jaco-

555 1391 642 1453 bi,
672 1402 726 1445 et
754 1390 927 1445 Judan
953 1433 967 1455 ,

594 1462 645 1537 ui
677 1472 791 1516 erat
821 1477 947 1537 pro-

596 1536 716 1587 itor.

557 1604 645 1657 17.
682 1603 749 1658 Et
780 1601 1120 1659 descendens

553 1690 676 1729 cum
706 1675 813 1728 illis
837 1716 853 1740 ,
881 1684 992 1731 ste-

551 1746 618 1799 tit
644 1746 694 1799 in
728 1746 847 1799 loco

553 1830 843 1882 Campense
860 1856 873 1877 .
908 1824 963 1871 et

554 1887 708 1941 turba
732 1886 894 1941 disci-

558 1957 809 2026 pulorum
840 1956 955 2027 ejus
971 1998 986 2023 ,

556 2038 611 2083 et
630 2029 873 2083 multitu-

558 2099 628 2153 do
656 2100 848 2182 ingens

554 2171 744 2241 pepuli
771 2171 841 2226 ab
867 2185 985 2227 om-

556 2242 610 2296 ni
642 2241 813 2296 Judea
836 2284 851 2306 ,
875 2251 931 2299 et

556 2312 893 2368 Hierusalem
913 2354 928 2380 ,

554 2393 610 2439 et
638 2394 786 2440 trans
814 2382 925 2439 fre-

556 2464 669 2510 tum
687 2498 701 2519 ,
728 2465 782 2509 et
806 2470 917 2508 ma-

554 2526 736 2582 ritima
762 2525 868 2596 Ty-

557 2598 600 2651 ri
622 2640 637 2662 ,
670 2608 724 2653 et
762 2596 978 2651 Sidonis
1006 2638 1021 2663 ,

560 2669 645 2723 l8.
674 2670 765 2739 qui
796 2683 961 2724 vene-

556 2748 681 2794 rant
708 2740 859 2794 audi-

556 2825 616 2866 re
640 2810 795 2865 illum
819 2853 834 2876 ,

556 2892 610 2936 et
638 2883 817 2937 curari

556 2968 584 3024 a
620 2952 890 3024 languori—

558 3023 658 3079 bus
685 3025 819 3079 suis.
853 3024 919 3079 Et

556 3097 644 3163 qui
678 3111 838 3151 vexa-

557 3166 755 3221 bantur
775 3167 844 3221 ab

559 3237 838 3305 spiritibus

560 3306 852 3361 immundis
874 3346 891 3374 ,
982 3324 989 3329 '

559 3391 626 3431 Cll
634 3393 718 3431 ﬂl-

560 3448 778 3504 bantur.

564 3518 651 3574 19.
695 3519 761 3573 Et
787 3516 962 3572 omnis
988 3524 1102 3571 tur-

560 3590 627 3643 ba
656 3604 888 3659 quaere-

562 3660 653 3714 bat
685 3672 904 3730 tangere

561 3745 683 3786 eum
711 3748 725 3797 ;
758 3746 890 3799 quo-

562 3803 707 3857 niam
736 3804 845 3856 vir-

562 3882 649 3929 tus
674 3874 741 3930 ab
768 3872 864 3927 illo

558 3944 774 4012 exibat,
802 3954 856 4000 et
882 3958 968 4000 sa-

562 4151 816 4208 lacobum
842 4159 898 4206 et
926 4148 1226 4205 Johannem
1259 4145 1561 4216 Philippum
1594 4153 1649 4200 et
1690 4146 2153 4204 Bartltolomeum.

561 4224 872 4279 Mattlteum.
923 4230 978 4276 et
1016 4220 1300 4275 Thomam.
1344 4218 1598 4274 Jacobum
1642 4218 1837 4287 Alphei
1881 4230 1934 4273 et
1984 4221 2158 4276 Simo.

560 4312 681 4350 nem
744 4296 833 4365 qui
901 4300 1121 4365 vocatur
1164 4290 1411 4365 _Zelotes_.
1470 4288 1662 4365 ludam
1706 4290 1915 4365 Jacobi.
1963 4304 2016 4345 et
2046 4292 2157 4365 ‘1“-

560 4367 681 4420 dam
721 4360 990 4420 scariotb.
1037 4364 1123 4433 qui
1158 4362 1251 4415 fuit
1282 4360 1508 4433 traditor
1546 4360 1682 4429 ejus.
1730 4362 1791 4433 Et
1827 4361 2160 4419 descendens

560 4453 684 4491 cum
730 4437 830 4489 illis
855 4438 1003 4489 stetit
1044 4432 1095 4487 in
1127 4434 1243 4487 loco
1288 4432 1444 4499 plano
1483 4442 1538 4485 et
1584 4434 1737 4485 turba
1767 4432 2153 4501 discipulorum

559 4507 675 4576 ejus
723 4519 777 4561 et
818 4505 1100 4559 multitudo
1151 4506 1337 4576 ingens
1383 4502 1573 4576 populi
1621 4518 1699 4576 ext
1736 4504 1881 4557 omni
1930 4504 2152 4560 Iudaea.

559 4574 612 4634 ct
644 4576 972 4632 Hierusalem
1004 4589 1055 4630 et
1085 4575 1349 4629 maritima
1381 4574 1505 4644 Tyri
1532 4576 1582 4628 el
1611 4574 1829 4629 Sidonis
1869 4577 1958 4644 qui
1989 4594 2154 4632 vene-

560 4657 686 4706 runt
737 4648 921 4703 audire
970 4656 1179 4708 cumet
1220 4645 1397 4699 sanari
1440 4661 1468 4699 a
1520 4646 1867 4713 languoribus
1914 4650 2046 4702 suis.
2093 4652 2159 4704 Et

559 4723 648 4789 qui
696 4723 1028 4777 vexabantur
1072 4736 1099 4771 a
1152 4717 1430 4786 spiritibus
1490 4717 1760 4771 inmundis
1806 4720 2153 4774 curabantur.

560 4794 627 4847 Et
666 4795 839 4845 omnis
876 4791 1028 4845 turba
1068 4790 1399 4858 quaerebant
1438 4803 1561 4842 eum
1611 4800 1850 4858 tangere.
1886 4790 2011 4859 quia
2053 4794 2159 4846 vir-

560 4871 646 4919 tus
701 4863 768 4918 de
819 4862 909 4917 illo
957 4861 1188 4917 cxicbat.
1248 4870 1302 4913 et
1358 4861 1582 4915 sanabat
1643 4876 1855 4915 omnes.
1908 4858 1992 4917 Et
2042 4864 2158 4935 ipse

1847 4974 2082 5034 CODEX
2104 4977 2575 5042 CORBEIENSIS.

2252 5078 2417 5206 mli?
2437 5078 2603 5203 [Remi
2628 5082 2722 5155 qni
2748 5098 2892 5140 nunc
2916 5087 3186 5154 esuriunt,
3212 5095 3266 5142 et
3290 5087 3510 5155 sitiunt;
3555 5085 3675 5159 quia
3703 5087 3824 5138 saw.

2396 5168 2426 5206 11
2458 5169 2541 5206 ur.

2396 5168 2541 5207 llllﬂ'.

631 5070 719 5127 16.
760 5069 852 5142 qui
875 5068 1150 5142 factusest
1197 5065 1458 5139 proditor.

632 5143 721 5198 17.
762 5137 811 5197 et
862 5137 1281 5208 Jerusalem,'et
1332 5149 1481 5193 trans
1530 5137 1750 5209 fretum,
1798 5146 1853 5197 et
1871 5140 2143 5200 maritima

555 5214 704 5286 Tyri,
737 5225 793 5269 et
821 5212 1064 5286 Sidonis,

625 5274 717 5341 26.
745 5287 998 5359 quoniam
1032 5274 1271 5357 ipsorum
1291 5287 1396 5353 est,
1430 5287 1536 5343 etc.

1388 462 1551 517 nabat
1574 476 1689 516 om-

1386 534 1477 587 20.
1514 548 1631 587 nes.
1666 531 1735 587 Et
1760 530 1876 602 ipse

1386 605 1646 659 adlevans

1387 675 1577 730 oculos
1604 675 1659 730 in

1388 747 1660 801 discentes

1388 832 1517 871 suos
1534 861 1547 883 ,
1582 816 1797 877 dicebat
1824 833 1837 873 :

1390 889 1540 943 Beati
1573 889 1587 919 ⁸
1621 903 1823 957 paupe-

1390 975 1478 1014 res
1505 960 1729 1026 Spiritu;
1760 973 1895 1029 quo-

1393 1031 1535 1084 niam
1560 1045 1683 1084 ves-

1390 1109 1528 1155 trum
1557 1109 1639 1171 est
1665 1115 1789 1171 reg-

1390 1188 1516 1225 num
1543 1170 1663 1226 Dei.

1388 1242 1480 1296 21.
1525 1243 1711 1308 Beati,
1745 1241 1837 1312 qui
1864 1254 1990 1301 esu-

1390 1315 1509 1368 ritis
1535 1329 1678 1368 nunc
1695 1355 1710 1381 ,

1390 1394 1445 1439 et
1475 1385 1636 1439 sititis
1661 1402 1675 1449 ;
1707 1398 1842 1454 quo-

1392 1457 1535 1509 niam
1563 1464 1713 1510 satu-

1392 1528 1436 1581 ri
1464 1527 1637 1581 eritis.

1390 1597 1542 1651 Bcati
1568 1637 1582 1659 ,
1614 1598 1703 1668 qui
1735 1598 1916 1667 plora-

1390 1670 1461 1723 tis
1490 1683 1629 1721 nunc
1653 1684 1667 1733 ;

1431 1740 1646 1792 ttoniam
1678 1738 1749 1792 ri-

1432 1810 1613 1864 ebitis.

1392 1880 1485 1934 22.
1527 1880 1677 1935 Beati
1706 1881 1873 1947 estis,
1902 1893 2026 1935 cum

1394 1951 1627 2006 odierint
1654 1966 1762 2022 vos,

1393 2022 1674 2088 honnnes,

1393 2102 1449 2150 et
1468 2110 1587 2149 cum
1616 2108 1798 2165 segre-

1392 2166 1636 2237 gaverint

1391 2252 1511 2302 vos,
1541 2246 1598 2291 et
1620 2252 1743 2292 cum

1391 2309 1655 2378 ejccerint

1390 2394 1519 2444 vos,
1547 2386 1601 2432 et
1622 2393 1745 2433 cum

1391 2465 1461 2505 ex
1472 2450 1759 2518 probravc-

1392 2521 1500 2575 rint
1522 2536 1717 2575 nomen

1393 2601 1658 2657 vestrum,

1393 2671 1664 2726 tamquam
1698 2675 1793 2716 ne-

1392 2749 1575 2804 quam.
1601 2748 1729 2787 cau-

1392 2803 1509 2859 sam
1537 2804 1635 2858 Fili
1670 2803 1767 2858 h0-

1391 2874 1482 2930 25.
1517 2876 1697 2930 minis.
1726 2872 1943 2930 Gaude-

1395 2957 1447 3003 te
1476 2947 1529 3001 in
1564 2948 1649 3000 illa
1679 2947 1777 3000 ho-

1393 3033 1476 3080 ra,
1506 3026 1560 3073 et
1586 3019 1798 3072 exulta-

1395 3089 1557 3154 mini;
1585 3103 1712 3144 ecce
1740 3103 1796 3143 e-

1395 3160 1505 3214 nim
1532 3175 1741 3217 merces

1397 3233 1417 3261 ’
1451 3241 1626 3286 vestra
1658 3232 1846 3299 copio-

1397 3316 1455 3356 sa
1486 3312 1568 3357 est
1592 3302 1643 3355 in
1669 3318 1787 3356 cae-

1397 3373 1451 3427 lo
1482 3388 1494 3424 :
1526 3372 1776 3427 similiter

1398 3442 1663 3498 faciebant

1398 3513 1628 3567 Proletis
1656 3513 1761 3567 Pa-

1397 3591 1507 3639 tres
1534 3583 1770 3638 illorum.

1393 3654 1483 3707 24.
1515 3653 1899 3710 Verumtamen

1397 3741 1495 3780 vae
1524 3726 1676 3779 vobis
1704 3724 1787 3780 di-

1395 3797 1596 3851 vitibus
1618 3838 1633 3863 ,
1661 3796 1681 3827 ⁸
1708 3812 1841 3867 quo-

1396 3868 1539 3922 niam
1575 3867 1739 3923 liabe-

1396 3940 1465 3994 tis
1496 3938 1749 3994 consola-

2687 365 2921 426 CODEX
2958 367 3412 426 VERONENSIS.

2259 461 2337 530 (a)
2366 470 2420 516 el.
2445 462 2482 531 ’ί-
2508 460 2702 517 Johan-

2257 547 2381 587 nem
2412 575 2425 597 ,
2456 543 2510 588 et
2539 532 2699 588 Jaco-

2257 602 2384 659 bttm
2406 645 2421 670 ,
2465 611 2522 659 et
2557 604 2684 659 Plii-

2258 674 2458 744 lipptun
2478 715 2493 739 ,
2525 681 2582 730 et

2259 745 2349 800 15.
2394 744 2832 805 Bartholomeum
2861 786 2878 813 ,

2257 824 2313 870 et
2333 815 2695 884 Mutthaeum,

2258 897 2313 941 et
2343 886 2605 942 Thomam
2623 929 2637 955 ,

2258 968 2312 1011 et
2338 956 2600 1012 Jacobum

2261 1029 2454 1100 Alphei
2485 1028 2526 1100 -ι-
2550 1071 2566 1097 ,
2600 1038 2655 1085 et

2260 1098 2538 1157 Simonem

2258 1172 2349 1239 qui
2383 1173 2614 1226 vocaba-

2260 1249 2346 1295 tur
2372 1242 2614 1306 Zelotes,

2261 1312 2350 1367 16.
2385 1323 2439 1368 et
2473 1313 2498 1368 J
2507 1312 2667 1368 udam

2260 1382 2447 1439 Jacobi
2466 1424 2480 1450 ,
2514 1392 2569 1439 et

2261 1454 2454 1509 Judam
2481 1455 2572 1509 uni

2262 1525 2359 1607 fuit
2388 1525 2629 1595 proditor

2265 1611 2404 1665 eius.

2268 1668 2357 1722 17.
2404 1668 2470 1721 Et
2499 1665 2764 1729 discendit

2272 1753 2395 1797 cum
2430 1738 2534 1791 illis
2551 1780 2566 1804 ,
2598 1747 2651 1792 et

2267 1812 2417 1864 stetit
2446 1810 2496 1863 in
2530 1809 2610 1863 lo-

2267 1895 2334 1935 co
2363 1878 2651 1950 campestri
2668 1919 2683 1943 .

2266 1962 2321 2006 et
2349 1953 2505 2007 turba
2533 1952 2619 2005 di-

2266 2024 2598 2094 scipulorum

2266 2092 2382 2164 ejus
2398 2136 2412 2159 ,
2445 2104 2500 2149 et
2529 2092 2664 2148 mul-

2268 2166 2437 2221 titudo
2465 2166 2687 2235 copiosa

2266 2238 2437 2306 plebis
2466 2233 2707 2292 ab'omni

2265 2308 2290 2363 J
2302 2308 2466 2363 ttdaea
2492 2350 2505 2373 ,
2535 2317 2591 2363 et

2268 2379 2601 2434 Hierusalem
2620 2417 2635 2442 ,

2265 2459 2320 2505 et
2352 2461 2500 2504 trans
2526 2451 2630 2503 lre-

2270 2529 2380 2575 tum
2402 2563 2416 2588 ,
2452 2531 2505 2576 ct
2535 2533 2649 2585 ma-

2272 2588 2743 2661 ......Tyrii,

2268 2664 2356 2718 18.
2390 2676 2443 2719 et
2463 2660 2713 2726 Sidonis,
2742 2660 2834 2730 qui

2265 2742 2530 2789 venerant
2556 2743 2612 2789 ut

2264 2805 2514 2860 audirent
2538 2819 2664 2861 eum
2680 2843 2695 2871 ,
2766 2846 2769 2847 γ

2264 2885 2318 2931 et
2342 2885 2662 2931 sanarentur

2263 2962 2293 3001 a
2325 2948 2370 3001 la
2380 2948 2596 3017 nguori-

2263 3018 2363 3073 bus
2391 3020 2528 3074 suis.
2563 3018 2635 3073 Et

2262 3091 2352 3159 qui
2377 3106 2539 3144 vexa-

2262 3161 2459 3215 bantur
2477 3162 2546 3216 ab

2263 3233 2544 3300 spiritibus

2264 3301 2580 3369 immundis,

2262 3376 2618 3427 curabantur.

2264 3443 2355 3498 19.
2399 3446 2466 3498 Et
2486 3458 2675 3500 omnes

2266 3516 2420 3569 turba
2450 3531 2599 3586 quae-

2262 3587 2458 3640 rebant
2479 3602 2599 3641 eum

2265 3665 2515 3726 tangere;
2546 3657 2671 3729 quia

2264 3729 2436 3785 virtus
2462 3731 2531 3784 de

2265 3798 2369 3854 illo
2392 3801 2628 3869 exiebat,

2265 3880 2319 3926 et
2345 3874 2569 3928 sanabat

2265 3956 2928 4000 omnes.........

1883 4052 2115 4110 CODEX
2152 4054 2547 4117 BBleANUS.

3090 462 3182 518 20.
3224 463 3445 518 elevatis
3472 475 3600 518 ocu-
3622 476 3628 482 '

3093 535 3160 590 lis
3187 535 3238 588 in
3270 534 3435 590 disci-

3094 605 3233 676 pulis
3251 605 3385 673 suis,

3094 676 3308 732 dicebat
3335 695 3346 729 :

3094 748 3245 803 Beati
3271 763 3407 828 pan:

3098 834 3285 889 peres;
3317 833 3443 888 quia

3098 898 3334 946 vestrum
3362 898 3449 945 BSI.

3098 976 3320 1032 regnum
3343 961 3462 1017 Dei.

3093 1033 3185 1088 21.
3228 1032 3399 1099 Beati,
3429 1033 3523 1104 qui

3098 1118 3239 1159 nunc
3266 1119 3388 1158 esu-

3097 1176 3265 1237 riunt.
3298 1183 3354 1229 et

3098 1246 3320 1311 sitiunt;
3343 1246 3469 1316 quia

3100 1318 3201 1386 ipsi
3230 1328 3440 1372 satura-

3098 1388 3319 1443 buntur.

3102 1458 3275 1523 Beati,
3299 1460 3389 1528 qtti

3103 1546 3245 1585 nunc
3268 1531 3439 1595 ﬂetis;

3102 1603 3353 1669 quoniam
3381 1601 3522 1659 ride-

3103 1673 3253 1728 bitis.

3104 1743 3196 1799 22.
3239 1744 3386 1799 Beati
3417 1743 3595 1811 eritis,

3105 1830 3227 1870 cum
3260 1832 3356 1869 vos
3382 1816 3516 1871 ode-

3104 1888 3213 1942 rint
3240 1887 3511 1957 homines,

3105 1966 3162 2014 et
3188 1973 3310 2013 cum
3342 1973 3433 2013 se-

3108 2031 3380 2099 parabunt

3104 2116 3223 2167 vos,
3256 2110 3312 2156 et
3349 2116 3475 2159 cum

3105 2172 3324 2238 eicient,
3359 2184 3413 2227 et

3102 2244 3514 2313 exprobrabunt

3105 2329 3302 2370 nomen
3327 2330 3419 2371 νου

3105 2394 3299 2453 strum,
3337 2396 3475 2444 tam—

3104 2472 3263 2527 quam
3298 2459 3524 2523 malum,

3105 2537 3330 2652 promer
3352 2528 3547 2586 Filium

3126 2613 3365 2652 1011111118.

3126 2613 3365 2654 1011111118.

3103 2669 3194 2723 25.
3239 2669 3483 2727 Gaudete
3505 2672 3560 2728 in

3101 2740 3191 2795 illa
3214 2739 3320 2805 die,
3353 2752 3410 2798 et

3101 2812 3378 2879 exultate;

3102 2898 3231 2938 ecce
3260 2885 3406 2939 enim

3102 2970 3314 3010 merces
3345 2970 3439 3012 νε-

3099 3036 3215 3083 Stra
3234 3026 3459 3096 cepiosa

3098 3109 3182 3152 est
3210 3097 3262 3151 in
3293 3113 3418 3154 cae-

3097 3166 3150 3223 lo
3184 3186 3197 3221 :
3221 3183 3417 3224 secun-

3096 3238 3223 3293 dttm
3251 3240 3384 3296 haec

3095 3310 3237 3365 enim
3261 3310 3333 3364 l'a-

3095 3380 3315 3436 ciebant
3350 3390 3408 3437 et

3096 3451 3385 3523 Proplietis

3096 3521 3285 3579 Patres
3322 3539 3417 3579 eo-

3098 3609 3239 3649 rum.

3097 3664 3190 3719 24.
3231 3665 3625 3725 Verumtamen

3098 3751 3180 3790 va:
3210 3736 3367 3793 vobis

3098 3806 3385 3875 divitibus;

3100 3880 3226 3948 quia
3257 3879 3422 3935 habe-

3103 3952 3173 4005 tis
3200 3952 3450 4008 consola-

3734 254 3823 313 518

2268 4153 2493 4208 elevatis
2537 4156 2709 4231 oculis
2774 4159 2829 4213 in
2879 4158 3173 4231 discipulos
3240 4179 3367 4220 suos
3425 4164 3657 4220 dicebat.
3707 4159 3832 4217 Beati

2269 4241 2539 4304 pauperes
2577 4230 2788 4304 spiritu.
2850 4234 2971 4300 quia
3019 4230 3258 4289 vestrum
3311 4246 3393 4291 est
3454 4251 3672 4304 regnum
3723 4246 3827 4304 cae-

2267 4296 2461 4376 lprum.
2506 4298 2653 4376 Beati
2702 4296 3057 4376 qui‘e'suritis
3108 4321 3249 4360 nunc
3285 4309 3406 4376 quia
3464 4296 3827 4376 sa‘ittrabimini.

2267 4367 2415 4422 Beati
2461 4370 2549 4437 qui
2595 4367 2756 4446 nunc
2801 4372 2941 4427 lictis
3003 4378 3126 4446 quia
3183 4367 3447 4434 ritlebitis.
3502 4378 3645 4433 Beati
3702 4374 3830 4430 eritis

2266 4453 2388 4492 Ctlttl
2422 4455 2527 4515 vos
2570 4442 2695 4496 odio
2744 4442 3035 4500 habuerint
3086 4447 3354 4504 homines.
3424 4457 3479 4504 et
3534 4465 3651 4504 cum
3697 4458 3830 4515 sepa-

2262 4510 2499 4565 raverint
2546 4527 2661 4568 vos.
2712 4524 2767 4570 et
2812 4518 3278 4586 exprobraverint.
3332 4529 3385 4575 et
3438 4510 3831 4593 eleffrl"£,..i""

2263 4598 2404 4659 metr
2450 4594 2691 4659 vestrum
2765 4598 3035 4658 tamquam
3113 4593 3333 4645 malum.
3396 4588 3613 4659 propter
3663 4588 3827 4641 Filium

2263 4652 2515 4708 immittis.
2547 4654 2789 4715 Gaudete
2818 4668 2872 4714 et
2893 4652 3129 4716 exultate
3176 4662 3228 4717 in
3277 4664 3367 4717 illa
3392 4652 3509 4717 die:
3544 4676 3665 4718 ecce
3704 4660 3829 4713 enim

2263 4740 2474 4780 merces
2536 4741 2710 4784 vestra
2774 4726 2941 4785 multa
2995 4734 3046 4787 in
3117 4734 3304 4789 caelis.
3368 4735 3659 4789 secundum
3718 4730 3830 4782 haee

2261 4810 2403 4850 cnun
2435 4796 2701 4854 faciebant
2729 4810 2782 4856 et
2813 4802 3098 4867 Propltetis
3125 4805 3312 4861 Patres
3334 4821 3541 4860 eorum.
3570 4805 3827 4859 Verumta-

2263 4882 2406 4922 men.
2440 4884 2538 4926 vae
2577 4871 2730 4927 vobis
2756 4873 3011 4930 divitibus
3036 4878 3158 4946 quia
3190 4877 3305 4948 jam
3355 4877 3567 4933 habetis
3607 4870 3828 4929 consola-

2321 5224 2411 5305 2:2.
2444 5233 2497 5279 et
2543 5234 2669 5282 cum
2718 5227 3045 5298 separabunt
3075 5246 3199 5299 vos,
3230 5226 3547 5305 etejicient,
3585 5235 3640 5291 et
3658 5234 3825 5295 θιΡτο·

2263 5292 2499 5350 brabunt
2524 5313 2722 5361 nomen
2756 5292 3019 5369 vestrum,
3052 5356 3053 5359 η

1773 5376 2175 5442 VARIANTES
2211 5384 2507 5444 LECTION
2518 5390 2622 5446 ES.

621 5474 637 5539 ξ
677 5473 782 5539 ραι.
805 5485 1052 5539 pauperes
1082 5472 1281 5539 spiritu;
1307 5472 1441 5539 quia.
1468 5463 1618 5539 γαίᾳ.
1648 5485 1895 5539 pauperes
1920 5478 2081 5539 :quia.
2256 5478 2471 5529 ciebant.

619 5538 641 5568 ι
676 5538 780 5586 Gat.
807 5532 978 5598 inulta,
997 5532 1189 5598 copiasa
1217 5541 1293 5584 est
1314 5536 1367 5598 in
1380 5532 1517 5584 caelo
1536 5547 1548 5584 :
1572 5532 1843 5598 secundum
1861 5532 1985 5586 haec
2003 5538 2151 5587 tacte-

556 5598 689 5651 bant.
720 5597 865 5662 Vulg.
900 5594 1071 5652 multa
1090 5605 1169 5648 est
1188 5598 1240 5647 in
1262 5594 1437 5648 caelo:
1460 5597 1730 5649 secundum
1770 5598 1895 5648 haec
1928 5600 2059 5649 enim
2083 5600 2155 5652 fa-

1851 5683 2218 5744 BLANClllNl
2256 5690 2488 5751 NOTAE.

2320 5541 2340 5572 ³
2375 5542 2483 5592 ϐω.
2512 5543 2596 5607 qui
2618 5541 2829 5597 habetis.
2865 5545 3013 5613 Vulg.
3038 5550 3154 5615 quia
3176 5549 3387 5602 habetis.

630 5778 705 5847 (a)
740 5779 1071 5850 Ubicumque
1093 5777 1250 5835 codd.
1282 5776 1508 5848 Veron.,
1538 5774 1773 5836 Vercell.
1803 5785 1857 5836 et
1882 5776 2029 5837 Brix.
2054 5780 2258 5841 addunt
2285 5796 2354 5857 et,
2394 5788 2545 5846 addit
2599 5790 2762 5850 etiam
2783 5790 2906 5851 cod.
2964 5793 3097 5854 Can.
3156 5797 3257 5853 καί.
