3950 6194
558 287 657 343 551

946 400 1180 457 CODEX
1202 400 1740 459 VEBCELLENSIS.

556 499 649 555 37.
690 506 859 553 retur.
883 494 1029 551 Noli-
1387 494 1443 550 lo
1470 496 1648 551 fratris

559 580 612 624 te
636 569 901 639 judicare,
1388 568 1484 631 tui,
1515 567 1718 621 trabem

558 657 628 697 ne
652 640 936 711 judicemi-
1386 649 1563 694 autem
1588 681 1603 701 ,
1634 652 1771 708 quae

560 713 613 767 ni
647 730 660 765 :
694 712 857 766 nolite
877 723 1008 766 con-
1390 711 1444 765 in
1471 716 1629 769 oculo
1662 722 1752 762 tuo

560 783 839 846 demuare,
1391 791 1495 848 est,
1530 798 1635 839 non
1656 795 1791 835 con-

561 864 619 908 ut
646 870 751 909 non
774 869 903 909 con-
1388 852 1478 907 42.
1521 857 1727 909 sideras
1752 850 1775 902 ?
1804 848 1909 903 Aut

559 925 864 981 demnemi-
1390 927 1660 993 quomodo
1702 936 1797 990 po-

561 997 638 1052 ni.
662 996 900 1051 Dimitti—
1393 1004 1475 1049 tes
1513 996 1693 1052 dicere

562 1075 637 1130 te.
663 1077 718 1123 et
734 1067 970 1122 dimitte-

1393 1065 1545 1121 fratri
1582 1078 1707 1122 tuo:
1740 1062 1813 1134 (c)
1845 1061 1920 1118 si—

562 1138 653 1193 38.
696 1138 849 1193 mini.
880 1138 1035 1203 Date,
1064 1145 1120 1192 et

1395 1153 1463 1192 ne
1483 1138 1525 1208 -ί-
1549 1138 1740 1208 eiciam

562 1209 779 1263 dabitur
813 1225 913 1264 vo-
1395 1206 1659 1264 festucam
1686 1206 1756 1261 de

562 1279 648 1335 bis
672 1298 686 1345 ;
710 1296 925 1335 mensu-
1393 1280 1551 1336 oculo
1579 1290 1669 1335 tuo
1690 1297 1702 1331 :
1738 1276 1816 1349 (ά)
1842 1284 1897 1331 et
1925 1290 2018 1331 ec-

563 1366 679 1405 ram
706 1352 922 1415 bonam,
1397 1366 1462 1406 ce
1492 1353 1543 1406 in
1568 1349 1724 1407 oculo
1753 1358 1844 1401 tuo
1872 1356 1983 1401 tra-

562 1420 944 1524 ςαὶεεῐεειιξιξιξε
1398 1418 1876 1524 tentiam?

611 1493 959 1559 Cumulatam,
1399 1493 1688 1565 llypocrita
1717 1533 1731 1555 ,

563 1565 902 1637 superflueu-
1401 1565 1517 1637 eice
1547 1567 1780 1637 primum

1404 1636 1609 1690 trabem
1638 1636 1707 1689 de

566 1636 673 1707 tem
699 1638 741 1707 -ί-
765 1636 972 1691 dabunt

680 1709 771 1762 iuu
792 1721 914 1760 ves-
1402 1708 1560 1761 ocnlo
1584 1718 1710 1769 tuo;
1744 1712 1798 1760 et

565 1706 619 1762 in
650 1706 771 1762 sinu
792 1721 914 1760 ves-

568 1788 677 1833 tro.
706 1776 910 1833 Eadem
1401 1787 1528 1832 tunc
1554 1779 1575 1809 ²
1598 1776 1807 1845 perspi-

572 1864 909 1913 mensuram,
1402 1848 1515 1903 cies
1540 1848 1719 1903 eicere

572 1935 677 1989 qua
703 1920 927 1985 metitis,
1402 1918 1664 1989 festucam

574 1983 921 2046 remetietur
1403 1983 1473 2045 de
1501 1991 1660 2045 oculo
1682 1989 1789 2042 tra—

572 2062 744 2117 vobis.
1404 2059 1493 2116 45.
1542 2062 1636 2115 tris
1666 2060 1763 2115 tui.
1790 2056 1904 2115 Non

568 2132 661 2188 39.
707 2132 926 2188 Dicebat
956 2145 1052 2186 au-
1404 2142 1487 2187 est
1512 2124 1675 2187 arbor

568 2213 676 2259 tem
698 2213 754 2259 et
776 2219 923 2269 para-
1402 2202 1565 2271 bona,
1596 2204 1799 2259 iaciens

565 2274 743 2329 bolam
768 2276 873 2330 illis
903 2291 917 2328 :
1402 2274 1604 2329 fructus
1635 2292 1748 2328 ma-

563 2345 835 2416 Numquid
1399 2344 1481 2416 los
1508 2363 1522 2398 :
1554 2361 1653 2400 nec
1678 2361 1767 2399 ar-

564 2414 743 2487 potest
772 2432 900 2473 cae-
1397 2414 1498 2471 bor
1523 2416 1684 2487 maia,
1710 2416 1796 2469 fa-

565 2485 661 2545 cus
685 2503 906 2543 caecum
1397 2487 1547 2541 ciens
1568 2485 1711 2540 fruc-

566 2560 808 2616 ducere?
837 2572 976 2614 non-
1396 2555 1489 2612 Η.
1532 2566 1618 2611 tus
1645 2559 1837 2612 bonos.
1878 2555 1955 2610 U-

565 2648 636 2687 ne
663 2632 877 2699 utrique
1399 2642 1715 2699 naquaeque

567 2703 622 2757 in
654 2698 861 2758 foveam
1398 2699 1564 2754 arbor
1581 2714 1646 2753 ex
1673 2698 1817 2754 fruc-

565 2774 656 2829 40.
701 2771 976 2829 incident?
1003 2769 1122 2827 Non
1401 2778 1456 2824 tu
1489 2785 1588 2825 suo
1612 2768 1794 2826 dinos-

567 2855 652 2901 est
672 2845 887 2900 discens
1399 2841 1557 2895 citur.
1589 2840 1774 2912 Neque

566 2931 732 2988 super
758 2931 873 2971 ma-
1405 2912 1482 2988 (e)_
1508 2912 1699 2988 legunt
1722 2912 1790 2968 de

565 2983 793 3059 gistrum
817 3006 831 3041 :
1402 2983 1574 3059 Spinis
1603 2989 1644 3055 -ι-
1670 2983 1802 3059 ficus
1826 3000 1841 3051 ;

567 3054 855 3115 consuma-
1403 3054 1499 3109 sed
1530 3070 1629 3109 uec
1659 3054 1729 3110 de

570 3139 656 3185 tus
682 3139 864 3185 autem
1403 3125 1540 3181 rubo
1570 3125 1755 3181 vinde-

1400 3197 1571 3250 miant
1590 3211 1769 3251 uvam.

1398 3266 1489 3321 45.
1532 3266 1714 3321 Bonus
1744 3268 1888 3321 enim

1402 3336 1585 3401 homo.
1608 3338 1676 3391 de
1703 3337 1804 3391 b0-

1402 3422 1473 3460 no
1504 3407 1525 3437 ³
1560 3407 1817 3462 thensau-

1409 3492 1474 3531 ro
1504 3477 1683 3532 cordis
1712 3480 1811 3549 sui}

1403 3549 1609 3619 profert
1638 3551 1731 3605 bo-

1404 3633 1567 3687 num;
1609 3630 1661 3675 et
1694 3620 1760 3691 (f)
1783 3634 1878 3676 ne-

569 3201 747 3256 omnis
776 3201 900 3265 erit,

569 3274 615 3327 si
642 3272 714 3324 sit
737 3271 878 3326 sicut

570 3344 829 3412 magister

570 3414 737 3468 illius.

570 3482 661 3538 41.
703 3478 843 3549 Quid
872 3486 1053 3534 autem

572 3553 729 3608 vides
757 3552 925 3606 festu-

572 3639 692 3680 cam
722 3623 779 3678 in
805 3636 931 3678 ocu-

1091 282 1362 343 EUSEBII
1400 282 1743 343 VERCELL.
1776 274 2230 339 EVANGELIUM
2268 273 2411 333 (ΖΚΜ
2452 272 2679 333 VARIIS
2706 272 2865 332 COD.
2903 271 3299 331 COLLATUM.

3703 275 3777 333 559.

2682 389 2916 446 CODEX
2945 384 3397 446 VEBONENSIS.

2253 489 2348 544 57.
2395 498 2565 543 retur.
2602 485 2783 542 Nolite
3091 493 3198 539 tem
3226 498 3364 551 quae

2250 558 2513 627 judicare,
2543 567 2600 613 et
3092 556 3145 610 in
3177 556 3335 610 oculo

2256 630 2324 684 de
2347 631 2499 684 Vobis
2528 646 2635 684 non
3090 636 3183 681 tuo
3215 635 3323 691 est,
3351 639 3456 679 non

2252 701 2613 769 judicabitur:
3090 695 3448 752 consideras?

2258 773 2427 826 nolite
2454 786 2587 825 Conv
3090 770 3180 823 42.
3222 772 3326 823 Aut
3362 780 3577 839 quomo-

2258 842 2517 898 demnare
2536 885 2552 906 ,
2576 853 2631 898 et
3094 841 3164 895 do
3198 850 3350 908 potes

2257 929 2366 969 non
2397 914 2654 968 condem-
3095 912 3274 965 dicere
3305 911 3452 965 fratri
3488 960 3491 961 ν

3098 991 3191 1036 tuo
3221 981 3291 1053 (c)
3315 984 3435 1037 sine
3454 982 3494 1051 ’ἱ-

3096 1054 3285 1109 eiciam
3316 1055 3483 1109 festu-

3094 1140 3213 1179 cam
3246 1126 3312 1180 de
3334 1128 3487 1180 oculo

3096 1206 3217 1262 tuo;
3254 1197 3335 1269 (ά)
3361 1207 3414 1251 et
3435 1212 3555 1253 ecce

3099 1269 3153 1321 in
3185 1270 3341 1323 oculo
3372 1279 3461 1323 tuo

3099 1340 3271 1393 trabis
3303 1341 3480 1410 subja-

3094 1412 3248 1494 cet-l-
3276 1412 3300 1465 ?
3330 1413 3508 1494 ljypo-

3098 1484 3235 1537 crita
3264 1526 3279 1549 ,
3312 1484 3428 1539 eice

2259 986 2484 1039 namini.
2522 985 2609 1039 Di-

2258 1057 2454 1110 mittite
2480 1066 2535 1109 et

2261 1126 2626 1181 dimittemini.

2261 1200 2350 1254 38.
2398 1199 2549 1261 Date.
2580 1208 2634 1252 et
2665 1197 2759 1252 da-

2262 1270 2407 1325 bitur
2431 1270 2586 1325 vobis
2611 1288 2624 1323 :

2262 1357 2571 1397 rnensurant

2263 1413 2481 1468 bonam.
2517 1412 2591 1483 (a)
2620 1426 2720 1467 con
2734 1440 2750 1450 ς

2264 1484 2483 1550 fersam,
2515 1500 2648 1539 con-

2264 1567 2463 1611 motam
2482 1598 2498 1621 ,
2528 1571 2617 1611 su-
3097 1558 3335 1625 primum
3370 1567 3480 1611 tra-

2266 1627 2674 1697 perefﬂuentem
2701 1625 2742 1693 1-
3099 1629 3222 1682 bem
3254 1626 3325 1681 de
3354 1642 3481 1683 ocu-

2268 1698 2474 1753 dabunt
2502 1698 2555 1751 in
3102 1698 3155 1751 lo
3181 1706 3277 1753 tuo
3302 1715 3317 1764 ;
3345 1708 3401 1754 et

2266 1771 2443 1825 sinum
2471 1780 2729 1825 vestrum.
3102 1779 3229 1824 tunc
3256 1771 3541 1840 respicies,

2266 1840 2470 1896 Eadem
2498 1856 2647 1896 men-
3100 1850 3161 1895 ut
3185 1840 3389 1897 educas
3415 1845 3572 1897 testu-

2267 1927 2470 1977 suram,
2503 1927 2606 1981 qua
3102 1926 3222 1965 cam
3255 1912 3327 1968 de
3357 1928 3488 1968 ocu-

2268 1986 2509 2056 metitisi,
2544 1986 2618 2056 (ὁ)
2647 1999 2759 2039 mc-
3105 1982 3163 2056 l_o
3198 1983 3389 2056 fratris
3416 1985 3510 2040 tui.
3574 1988 3577 1991 ’

2270 2055 2497 2125 tietur-j‘
2527 2053 2699 2111 vobis.
3102 2053 3193 2111 45.
3234 2055 3359 2111 Νοη
3386 2066 3503 2113 est.
3549 2093 3561 2107 .
3602 2092 3612 2105 .
3652 2087 3663 2101 ο

2270 2127 2361 2182 39.
2402 2128 2624 2181 Dicebat
2652 2135 2831 2181 autem

2270 2197 2381 2252 illis
2409 2209 2464 2252 et
2492 2198 2643 2252 simi-

2272 2269 2553 2324 litudinem

2272 2341 2429 2393 istam
2456 2358 2469 2394 :
2503 2340 2671 2394 Num-

2267 2411 2397 2480 quid
2430 2421 2605 2479 potest
2630 2423 2756 2463 cae-

2268 2496 2364 2536 CUS
2392 2496 2555 2536 caeco

2269 2553 2520 2607 ducatum
2548 2568 2709 2623 prae-

2268 2625 2442 2681 bere?
2472 2642 2652 2682 nonne

2274 2697 2436 2751 ambo
2468 2698 2518 2752 in
2548 2698 2632 2753 fo-

2268 2783 2421 2823 veam
2449 2770 2687 2825 cadent?

2268 2837 2361 2894 49.
2400 2841 2518 2895 Non
2548 2851 2632 2897 est
2667 2840 2749 2894 di-

2270 2912 2508 2981 scipulus
2538 2927 2703 2982 super

2271 2985 2643 3052 magistratum
2672 3000 2685 3035 :

2271 3055 2539 3123 perfectus
2558 3072 2654 3110 au-

2270 3135 2380 3180 tem
2404 3125 2527 3193 erit,
2563 3136 2624 3182 ut

2270 3197 2342 3251 sit
2369 3200 2507 3252 sicut
2534 3213 2650 3253 ma-

2273 3268 2442 3336 gister
2471 3268 2607 3337 ejus.

2272 3340 2362 3392 41.
2404 3338 2542 3405 Quid
2573 3348 2752 3394 autem

2272 3408 2427 3463 vides
2453 3408 2620 3464 festu-

2272 3494 2389 3533 cam
2426 3481 2477 3533 in
2508 3480 2665 3536 oculo

2271 3549 2456 3604 fratirs
2482 3551 2578 3617 tui,

2272 3622 2481 3677 trabem
2513 3638 2606 3678 au-

3101 2126 3269 2181 arbor
3302 2130 3462 2193 bona,

3102 2213 3241 2266 quae
3268 2200 3397 2256 fecit

3105 2270 3319 2327 fructus
3348 2270 3513 2326 malos
3536 2284 3550 2331 ;

3104 2355 3289 2409 neque
3316 2345 3513 2399 iterum

3105 2412 3273 2467 arbor
3300 2414 3465 2477 mala,

3104 2482 3316 2540 faciens
3344 2485 3542 2540 fructos

3103 2553 3196 2608 Η.
3239 2556 3442 2611 bonos.
3478 2554 3609 2610 Una-

3106 2639 3360 2699 quaeque
3381 2643 3470 2680 ar-

3104 2694 3204 2751 bor
3228 2694 3307 2754 e'x
3330 2700 3505 2755 fruetu

3105 2780 3206 2842 suo
3229 2774 3613 2842 cognoscetur.

3106 2839 3395 2911 Neque—(c)
3420 2841 3495 2897 le-

3109 2922 3242 2981 gunt
3278 2914 3348 2970 de
3370 2912 3477 2984 spi-

3110 2986 3196 3038 nis
3216 2984 3267 3054 ἰ-
3295 3001 3463 3049 uvas;

3110 3070 3296 3125 neque
3326 3057 3401 3113 de‘

3109 3127 3249 3181 rubo
3282 3128 3467 3184 vinde—

3108 3198 3281 3253 miant
3314 3214 3493 3254 uvam.

3106 3269 3203 3324 45.
3246 3270 3431 3325 Bonus
3458 3268 3598 3324 enim

3108 3340 3297 3405 homo,
3324 3343 3397 3398 de
3421 3342 3560 3396 bono

3115 3412 3419 3467 thensauro

3111 3485 3295 3538 cordis
3322 3485 3408 3538 sui

3112 3555 3323 3624 profert
3352 3556 3552 3610 bonum
3578 3567 3594 3617 ;

3112 3635 3165 3681 ει
3196 3624 3267 3697 (Ι)
3298 3626 3475 3681 malus
3495 3624 3559 3696 in

1903 3732 2133 3790 CODEX
2174 3730 2565 3793 BRIXIANUS.

574 3835 745 3891 ricors
774 3840 876 3888 est.
902 3829 1081 3887 Nolite
1096 3827 1365 3901 judicare.
1382 3842 1467 3901 mne
1483 3825 1821 3901 judicemiiii.
1848 3828 2016 3901 nolite
2036 3843 2165 3901 con-

573 3906 832 3963 demnare
848 3914 1019 3960 etnon
1039 3898 1551 3957 cn'ndemnabimini.
1582 3900 1841 3953 Dimititte
1856 3912 1910 3955 et
1942 3900 2164 3953 dimitti-

574 3978 783 4034 temmi.
808 3976 936 4030 Date
954 3984 1009 4028 et
1026 3974 1242 4028 davitur
1263 3970 1413 4024 vobis
1437 3986 1744 4024 mensuram
1769 3974 1961 4025 bonum
1978 3987 2164 4025 cumu-

573 4050 738 4106 latam
762 4058 817 4103 et
841 4045 1201 4115 coagitatam.
1218 4052 1271 4097 et
1305 4057 1469 4115 super
1496 4040 1860 4096 effundentem
1884 4042 2090 4096 dabunt
2108 4044 2159 4115 in

573 4122 752 4177 sinmn
800 4112 1038 4172 vestrum
1097 4112 1293 4169 Eadem
1350 4114 1494 4167 enim
1541 4128 1794 4167 mensura
1838 4130 1941 4184 qua
1986 4114 2158 4168 mensi

574 4190 786 4247 fueritis
818 4186 1139 4244 retnetietur
1165 4184 1337 4239 vobis.

651 4264 871 4317 Dicebat
898 4272 1076 4313 autem
1108 4258 1212 4311 illis
1238 4266 1290 4309 ct
1320 4254 1749 4309 similitudinem.
1786 4254 2034 4324 Nunquid
2065 4269 2161 4323 p0-

577 4344 680 4390 test
710 4347 906 4387 caecus
932 4346 1151 4386 caecum
1193 4327 1412 4381 ducere.
1454 4342 1632 4380 nonne
1676 4327 1835 4380 ambo
1870 4330 1919 4380 in
1954 4330 2162 4381 foveam

577 4408 791 4459 cadent.
815 4402 930 4457 Non
972 4412 1053 4456 est
1085 4399 1382 4468 discipulus
1411 4413 1576 4465 super
1606 4397 1923 4466 magistrum
1950 4402 2159 4465 perfec-

580 4484 665 4529 tus
689 4486 867 4527 autem
891 4474 1067 4526 omnis
1088 4472 1209 4525 erit.
1240 4472 1283 4523 si
1314 4469 1384 4521 sit
1411 4472 1554 4523 sicut
1586 4472 1843 4538 magister
1865 4471 2001 4539 ejus.
2023 4468 2161 4535 Quid

578 4556 759 4601 autem
804 4545 953 4600 vides
996 4546 1255 4599 festucam
1298 4540 1350 4594 in
1397 4540 1557 4594 oculo
1589 4540 1773 4594 fratris
1807 4542 1903 4594 tui.
1954 4544 2162 4594 trabem

2273 3838 2456 3883 autem
2492 3833 2541 3884 in
2573 3840 2664 3887 tuo
2696 3832 2855 3888 oculo
2904 3847 3009 3888 ιιοη
3058 3835 3403 3891 consideras.
3455 3834 3563 3890 Aut
3603 3824 3832 3898 quomodo

2274 3912 2426 3969 potes
2454 3902 2634 3957 dicere
2668 3903 2817 3958 fratri
2852 3914 2967 3959 tuo.
3000 3904 3193 3961 Frater
3230 3909 3353 3961 sine
3378 3906 3574 3962 eiciam
3607 3904 3835 3957 festucam

2270 3987 2408 4041 quae
2438 3982 2521 4027 est
2547 3976 2603 4028 in
2632 3977 2791 4030 oculo
2824 3988 2935 4030 tuo.
2970 3977 3086 4042 ipse
3110 3978 3161 4031 iu
3192 3980 3357 4034 oculo
3398 3988 3490 4031 tun
3519 3978 3716 4031 trabem
3751 3981 3839 4021 non

2269 4043 2458 4098 videns
2486 4044 2759 4114 Ypocrila.
2792 4048 2909 4102 eice
2948 4049 3183 4117 primum
3219 4050 3434 4103 trabem
3467 4048 3535 4102 de
3564 4046 3710 4117 oculo
3744 4052 3838 4117 tItQ.

2269 4126 2323 4168 ct
2372 4125 2496 4170 tunc
2547 4117 2836 4184 perspicies
2880 4114 3058 4173 eicere
3106 4120 3373 4175 festucam
3404 4120 3473 4173 de
3500 4118 3651 4173 oculo
3692 4114 3840 4167 fratris

2272 4188 2365 4263 tui.
2400 4187 2516 4240 Non
2542 4196 2625 4243 est
2656 4192 2797 4263 enim
2824 4189 2985 4245 arbor
3005 4193 3151 4263 bona
3188 4208 3333 4263 quae
3374 4190 3507 4263 facit
3532 4190 3841 4263 fi‘llClllSnlliil—

2267 4256 2350 4312 lus
2394 4274 2571 4325 neque
2611 4262 2772 4314 arbor
2818 4263 2956 4314 mala
2998 4254 3220 4317 facieus'
3252 4265 3466 4317 fructus
3500 4262 3685 4313 bonos.
3718 4254 3839 4325 Utta-

2266 4324 2512 4403 quaeque
2543 4331 2685 4385 enim
2715 4333 2876 4384 urbor
2904 4348 2968 4385 ex
3004 4332 3181 4387 fructu
3212 4350 3317 4388 suo
3348 4335 3713 4403 CtlgltttsCl'Ul'-
3744 4324 3841 4403 Νριι

2266 4396 2518 4475 enim—de
2559 4404 2731 4469 Spinis
2756 4404 3017 4473 colligunt
3049 4403 3179 4458 [leua
3210 4421 3391 4475 neque
3418 4396 3486 4459 de
3528 4406 3656 4475 rubo
3682 4396 3843 4451 vinde-

2266 4472 2433 4524 miunt
2464 4488 2645 4525 uvam.
2680 4475 2863 4527 Bonus
2898 4472 3062 4528 enim
3112 4475 3278 4529 homo
3302 4472 3386 4530 'dc
3432 4476 3576 4530 bono
3621 4473 3842 4526 tbcusoro

2264 4542 2444 4596 cordis
2489 4544 2573 4597 sui
2622 4544 2827 4613 profert
2872 4546 3074 4601 bonum
3116 4557 3172 4601 et
3214 4562 3333 4602 ma-

1893 4652 2127 4709 CODEX
2169 4653 2641 4712 COliBElENSlS.

652 4759 741 4815 57.
781 4756 958 4813 Nolite
1001 4755 1262 4827 judicare,
1294 4761 1348 4808 et
1372 4752 1438 4807 de
1476 4748 1631 4827 vobis
1660 4764 1767 4803 non
1787 4746 2169 4827 judicabitnr:

578 4830 749 4887 nolite
776 4820 1161 4891 condemnare.
1196 4837 1253 4879 ut
1286 4842 1391 4879 non
1420 4820 1883 4878 condeiunemini.

652 4901 741 4957 58.
784 4914 1090 4955 mensuram
1123 4889 1343 4963 bonam,
1394 4891 1818 4957 commodatam,
1842 4889 2167 4956 confestam,

579 4970 999 5041 superﬂuente"!
1018 4970 1221 5024 dabunt
1250 4968 1301 5041 in
1334 4966 1513 5021 sinum
1544 4971 1809 5018 vestrum.

648 5040 739 5098 ιο.
783 5052 841 5097 ut
868 5045 939 5098 sit
962 5042 1103 5097 sicut
1142 5040 1417 5111 magister.

644 5241 661 5271 ι
700 5238 805 5288 Gal.
832 5233 1118 5292 confestam.
1146 5239 1199 5283 et
1219 5230 1672 5293 supereﬂluentem.
1708 5228 1854 5293 Vulg.
1880 5228 2166 5291 confertam,

582 5309 635 5354 et
654 5302 962 5362 coagitatam,
988 5306 1040 5347 et
1061 5302 1517 5362 supereulueutem.

646 5365 667 5397 ³
701 5354 807 5415 οδε.
827 5354 1102 5427 perspicies
1124 5354 1327 5421 eiecere
1349 5358 1583 5407 fistucam.
1620 5354 1765 5422 Vulg.
1792 5355 2065 5419 perSpicies
2080 5394 2093 5417 ,
2116 5358 2173 5402 ut

2344 4746 2432 4801 42.
2474 4748 2683 4817 ejiciam
2732 4747 2989 4805 festucam
3038 4751 3106 4807 de
3148 4750 3311 4807 oculo
3371 4760 3465 4808 tuo
3498 4768 3511 4804 :
3544 4759 3597 4807 et
3637 4760 3755 4804 ecce
3796 4741 3839 4796 in

2275 4821 2430 4874 oculo
2461 4829 2551 4873 tuo
2584 4823 2763 4876 trabes
2790 4823 3053 4890 subjacet.

2344 4892 2432 4968 ιίᾷ.
2475 4890 2659 4968 Neque
2698 4885 2977 4962 leguut'de
2998 4894 3168 4965 spinis
3208 4894 3378 4963 ficus;
3406 4909 3582 4968 neque
3618 4891 3682 4947 de
3721 4885 3833 4944 rubi

2275 4962 2611 5018 vindemiant
2641 4978 2819 5019 uvam.

1798 5132 2196 5191 VARIANTES
2232 5132 2526 5190 LECTION
2534 5133 2634 5191 ES.

2281 5226 2461 5276 educas
2483 5225 2734 5277 festucam.

2343 5289 2505 5358 'AGat.
2534 5290 2765 5358 tbesauro
2795 5292 2957 5342 cordis
2991 5291 3063 5341 sui
3087 5290 3281 5354 profert
3304 5292 3450 5344 mala.
3484 5292 3631 5358 Vulg.
3653 5290 3849 5343 thesauro

2279 5350 2466 5414 profert
2488 5351 2684 5402 malum.

1933 5436 2298 5493 BLANClllNl
2338 5435 2566 5492 NOTIE.

653 5542 730 5616 (a)
759 5542 922 5616 Deest
971 5539 1169 5616 triples
1214 5534 1525 5616 conjunct‘io
1550 5543 1626 5616 et,
1655 5533 1827 5616 etiam
1878 5532 1931 5616 in
1959 5530 2096 5616 cod;
2113 5528 2268 5616 Cant.
2292 5560 2363 5616 -ς-
2393 5529 2575 5612 (ὁλΙιε
2606 5530 2784 5616 versio
2810 5530 3149 5616 Qntliica‘,'et
3297 5532 3555 5616 Clemens
3582 5533 3762 5616 (Εηὶξε.

581 5600 914 5689 Coi'iiithius)
950 5600 1333 5689 μεῖξιηθῄσετᾳί
1364 5636 1439 5689 :——
1461 5607 1531 5674 (c)
1566 5611 1703 5689 Ante
1728 5606 1857 5689 sine,
1890 5604 2051 5689 deest
2070 5601 2163 5689 [riga

2286 5600 2455 5689 etimit
2473 5602 2524 5655 in
2554 5602 2676 5689 cliti.
2709 5600 2945 5689 Cannu—
2964 5602 3146 5689 (litua
3166 5612 3223 5658 et
3251 5608 3382 5689 cod.
3405 5600 3688 5689 (Lampsaceni
3704 5602 3801 5689 '1'30‘5
3826 5600 3847 5652 Ti

584 5686 734 5745 δοκὸς
760 5686 807 5738 ἓν
827 5671 908 5757 rei;
926 5671 1003 5753 σίῷ
1024 5671 1255 5757 ὁῷὠκμῳ
1280 5671 1562 5757 fingiturait.
1580 5706 1650 5715 —-
1679 5674 1753 5747 (c)
1779 5675 1852 5730 lta
1875 5684 1930 5733 et
1954 5673 2074 5731 cod.
2107 5671 2163 5728 Ct

2286 5675 2527 5741 ,λέγονται
2554 5677 2604 5740 ἐξ
2634 5675 2880 5732 ἀκανθῶν.
2909 5671 2980 5715 -έ
3008 5671 3077 5747 (Γ)
3107 5676 3236 5733 Post
3272 5678 3477 5748 malus,
3508 5679 3658 5735 deest
3696 5673 3847 5736 Ιιυηιο»

587 5757 675 5810 vel
703 5749 889 5822 nequa,
911 5749 1072 5812 etiam
1105 5755 1158 5806 in
1180 5749 1317 5806 ‘cud.
1347 5749 1504 5805 Cant.

3864 74 3886 405 ἲ

3874 432 3883 571 ς
