3950 6194
147 221 244 279 555

146 433 328 505 qua-lg
358 432 426 489 de
451 430 594 488 malo

149 504 341 573 profert
367 519 474 560 ma—

146 577 262 632 lum.
306 576 388 632 Ex
414 578 583 633 abun-

145 647 307 703 dantia
335 662 459 702 cor-

145 717 217 776 dis
236 734 298 774 os
321 718 400 790 (a)
429 717 576 774 illius
597 717 640 788 sv

145 791 387 861 loquitur.

147 861 219 917 ιθ.
255 861 394 929 Quid
416 869 604 934 autem,
620 874 710 917 me

147 934 328 989 vocatis
353 975 370 1000 ,
400 933 624 989 Domine
645 973 663 999 ,

149 1005 358 1062 Domine
383 1023 397 1068 ;
420 1012 475 1060 et
503 1018 612 1060 non

147 1076 304 1131 facilis
341 1076 360 1107 ¹
387 1090 525 1146 quae

149 1146 228 1202 l7.
267 1145 420 1202 dico?
446 1145 656 1213 Omnis,

147 1220 226 1288 qui
251 1220 392 1274 venit
415 1217 483 1273 ad

149 1306 226 1346 me
251 1298 322 1356 et,
344 1289 494 1345 audit

147 1362 292 1417 verba
316 1375 431 1417 mea
454 1402 470 1427 ,

146 1433 332 1489 etfacit
357 1433 443 1488 illa
465 1473 482 1500 ,

147 1504 465 1560 demonstra-

149 1575 212 1632 bo
241 1576 382 1630 vobis
402 1574 486 1630 cui

148 1648 212 1701 sit
234 1646 413 1702 similis
436 1663 451 1700 :
562 1697 570 1703 .

146 1717 226 1774 48.
261 1717 443 1772 similis
467 1725 552 1773 est
575 1715 673 1773 ho-

147 1788 264 1845 mini
288 1787 471 1845 aedili-

148 1861 274 1916 canti
303 1863 322 1892 ²
340 1861 553 1915 domum
569 1898 585 1927 ,

148 1934 225 1999 qui
248 1930 372 1986 fodit
400 1933 453 1986 in

144 2005 294 2074 altum
315 2046 331 2071 ,
357 2011 411 2058 et
435 2017 531 2074 po-

147 2073 240 2129 Sitit
262 2073 446 2130 funda?

147 2156 312 2202 menta
339 2160 499 2217 super

147 2228 334 2287 petram
358 2235 375 2285 ;
409 2229 546 2274 tem-

147 2300 337 2358 pestate
365 2291 488 2345 bore

147 2306 337 2358 pestate
365 2306 488 2345 nor‘
719 2306 726 2311 '

147 2369 210 2425 ta,
243 2361 314 2431 (ὸ)
342 2359 549 2431 impulit
571 2356 614 2428 ἰ’
639 2356 740 2414 ﬂu-

142 2447 256 2488 men
283 2431 457 2488 domui

142 2501 234 2568 illi,
259 2518 356 2559 nec
383 2504 530 2559 valuc

141 2573 180 2628 it
202 2590 410 2632 movere

143 2645 278 2701 illam
297 2664 313 2701 :
344 2645 533 2702 funda-

145 2726 190 2771 ta
208 2719 346 2773 enim
375 2727 492 2774 erat
527 2764 534 2770 .

143 2803 294 2861 supra
315 2798 542 2861 petram.

142 2859 223 2916 49.
262 2859 356 2930 Qui
379 2870 558 2916 autem

144 2932 318 2999 audit,
343 2942 397 2988 et
423 2946 532 2987 non

146 3001 261 3058 facit
278 3045 295 3070 ,
324 3003 512 3059 similis

148 3085 224 3129 est
241 3075 441 3131 homini

149 3145 430 3202 aediﬁcanti

153 3214 349 3273 domum
373 3217 396 3250 ⁸
431 3231 526 3274 su-

157 3302 238 3356 pra
259 3298 448 3345 terram

157 3359 259 3415 sine
281 3361 460 3416 tunda-

157 3440 352 3502 tnento:
379 3433 534 3502 inpu-

160 3498 210 3553 lit
232 3500 417 3558 ﬂumen

160 3569 320 3628 domui
339 3574 437 3640 illi,
459 3582 515 3630 et

161 3645 344 3710 cecidit.
370 3655 426 3702 et

162 3711 274 3771 iacta
299 3725 378 3774 est
405 3715 516 3773 rui-

164 3963 230 4021 lus
253 3967 402 4023 homo
425 3965 495 4021 de
527 3964 670 4019 malo
701 3963 996 4018 thensauro
1042 3957 1224 4014 cordis
1266 3955 1348 4011 sui
1377 3954 1582 4025 profert
1608 3970 1723 4010 ma-

164 4036 269 4093 lum.
291 4040 361 4094 Ex
389 4036 714 4093 abundantia
736 4035 879 4089 enim
905 4029 1105 4089 cordis.
1137 4045 1199 4086 os
1226 4029 1299 4102 (a)
1330 4027 1447 4102 ejus
1474 4025 1516 4097 -ιε
1547 4026 1722 4098 loqui-

168 4179 330 4253 iacitis.
349 4197 485 4253 quae
508 4180 652 4253 dico.

223 4237 391 4309 Omni;
414 4253 506 4323 qui
537 4252 687 4323 venit
711 4249 776 4323 ad
802 4264 908 4323 me.
925 4257 981 4323 et
1005 4245 1154 4323 audit
1177 4243 1341 4323 verba
1365 4256 1484 4323 mea
1512 4249 1567 4295 et
1598 4237 1726 4323 facit

170 4337 235 4380 ea.
282 4312 554 4379 ostendam
609 4321 760 4375 vobis
796 4321 884 4375 cui
929 4317 1123 4374 similis
1148 4326 1250 4371 est.
1280 4313 1473 4369 similis
1501 4323 1584 4366 est
1620 4312 1722 4363 lto-

170 4397 274 4449 mini
303 4394 602 4451 aediﬁcanti
627 4393 844 4448 domum
872 4391 961 4461 qui
993 4387 1146 4461 I’odiit
1169 4390 1222 4441 in
1256 4385 1447 4461 altum.
1471 4394 1525 4438 et
1543 4381 1724 4461 posuit

833 4456 1062 4530 petram.
1130 4456 1480 4530 inundatione
1541 4460 1724 4530 autem

172 4537 282 4593 laeta
330 4540 544 4594 inlisum
588 4525 684 4591 est'
716 4525 919 4589 ﬂunien
959 4529 1142 4587 domui
1179 4528 1278 4584 illi.
1312 4539 1363 4583 et
1409 4542 1515 4579 non
1548 4525 1725 4594 potuit

171 4622 266 4663 cam
299 4624 510 4664 movere
549 4605 769 4662 fundata
818 4605 960 4676 enim
1005 4607 1319 4676 erat_supra
1341 4593 1588 4676 petram.
1621 4593 1724 4676 Qui

172 4693 321 4736 autem
368 4679 573 4735 audivit
601 4688 657 4734 et
683 4692 787 4731 non
821 4674 966 4730 fecit.
1006 4672 1200 4728 similis
1227 4667 1312 4726 eSt
1341 4667 1546 4724 homini
1575 4667 1726 4720 aedi-

173 4749 323 4810 ﬁcanti
351 4753 572 4810 domum
599 4763 752 4806 suam
789 4759 954 4817 supra
983 4754 1183 4802 terram
1219 4742 1337 4798 sine
1374 4739 1724 4794 fundamento

171 4467 544 4523 iundamvntnm
602 4479 766 4534 supra

233 4963 312 5018 45.
339 4977 398 5019 os
425 4961 544 5032 ejus
572 4959 828 5032 loquitur.

1183 214 1625 279 EVANGELIUM
1653 213 2025 276 SECUNDUM
2065 214 2320 276 LUCAM.

517 334 748 394 CODEX
795 333 1337 396 VERCELLENSIS.

963 447 1030 487 na
1057 431 1249 488 domus
1276 431 1340 486 il-

963 505 1069 560 lius
1098 517 1313 575 magna.

1176 613 1402 678 CAPUT
1426 614 1540 672 Vll.

963 712 1016 768 1.
1058 711 1134 785 (c)
1161 709 1385 766 Factum
1405 718 1491 766 est

961 792 1140 838 autem
1165 824 1180 849 ,
1204 797 1329 838 cum

960 855 1222 924 inplesset
1247 851 1291 923 -ξ-

959 940 1140 980 omnia
1169 940 1290 979 ver-
1323 952 1338 959 ⁴

956 995 1027 1052 ba
1053 997 1106 1052 in
1127 995 1349 1051 auribus

959 1067 1178 1138 pepuli,
1199 1067 1371 1138 intra-

959 1137 1044 1193 vit
1064 1140 1117 1192 in
1146 1137 1386 1207 Caphar-

957 1209 1012 1264 2.
1055 1225 1237 1264 naum.
1268 1209 1397 1265 Cen-

961 1281 1190 1336 turionis
1209 1295 1302 1335 au-

960 1360 1068 1409 tem
1094 1351 1272 1422 cujus-

955 1422 1080 1479 dam
1108 1437 1298 1478 servus

953 1494 1096 1550 male
1119 1493 1324 1550 habens
1341 1533 1357 1560 ,

954 1565 1252 1650 incipiebat

955 1652 1094 1692 mort
1115 1680 1131 1702 .
1160 1652 1249 1707 qut
1275 1650 1334 1690 eo

956 1715 1040 1763 rat
1066 1709 1116 1764 ei
1144 1720 1323 1763 carus.

954 1780 1009 1836 5.
1050 1779 1288 1843 Audiens
1320 1787 1499 1835 autem

956 1851 1026 1908 de
1048 1851 1176 1907 Jesu
1200 1893 1217 1918 ,
1248 1850 1395 1906 misit

956 1921 1202 1979 seniores
1225 1921 1318 1978 Ju-

955 1994 1215 2050 daeorum

956 2080 1155 2134 rogans
1177 2064 1354 2130 illum,

954 2146 1014 2193 ut
1035 2137 1268 2204 veniret,

956 2216 1012 2265 et
1031 2217 1253 2265 sanaret

954 2293 1175 2335 servum
1201 2279 1265 2335 il-

956 2351 1083 2407 lius.

955 2423 1013 2490 ι,
1041 2423 1167 2492 Qui,
1198 2436 1322 2478 eum
1347 2422 1529 2479 venis-

957 2504 1101 2562 sent,
1132 2509 1290 2564 roga-

957 2564 1087 2621 bant
1110 2565 1295 2622 Jesum

959 2637 1212 2704 sollicite,
1239 2636 1323 2690 di-

958 2719 1146 2765 centes
1165 2725 1178 2762 :
1207 2709 1352 2777 Quo—

959 2781 1102 2836 niam
1126 2780 1244 2850 dig-

959 2867 1062 2908 nus
1083 2849 1203 2915 est,
1216 2857 1275 2905 ut
1299 2849 1366 2904 il-

961 2923 998 2979 li
1028 2932 1274 2994 praestes

962 2991 1192 3061 5.'hoc;
1225 2991 1400 3064 diligit

960 3064 1105 3123 enim
1137 3073 1356 3136 gentem

959 3145 1223 3202 nostram,
1261 3143 1319 3192 et

960 3209 1302 3294 gynagogam

962 3295 1266 3408 ἒὲῗιῗηρπίι

964 3423 1016 3480 6.
1047 3421 1220 3478 nobis-
1254 3419 1370 3476 Ibat

961 3502 1141 3549 autem
1170 3507 1294 3548 cum

961 3565 1070 3621 illis
1095 3563 1273 3620 Jesus.
1303 3560 1470 3618 Cum-

961 3652 1067 3707 que
1095 3636 1206 3707 jam
1233 3649 1342 3691 non

962 3706 1123 3780 longe
1145 3706 1305 3764 abes-

2257 329 2492 390 CODEX
2532 330 2987 395 VERONENSIS.

1825 427 1894 484 de
1926 428 2070 484 malo
2097 428 2252 484 then-

1824 513 1985 554 sauro
2013 502 2250 570 proteret
2273 514 2392 556 ma-

1825 571 1899 626 la.
1931 572 2006 626 Ex
2036 574 2207 626 abun-

1825 641 2008 698 dantia
2037 645 2182 699 enim

1823 713 2006 768 cordis
2026 729 2088 768 os

1823 783 1910 864 (a)_
1929 785 2045 856 ejus
2065 785 2108 856 τι
2134 787 2219 842 lo—

1823 868 2024 926 quitur.

1822 927 1915 983 46.
1945 927 2082 1012 Quid
2107 937 2288 986 autem

1822 1011 2027 1054 vocatis
2055 1015 2162 1066 me,

1825 1068 2074 1137 Domine,

1823 1140 2049 1196 Domine
2073 1157 2088 1206 ;
2119 1151 2178 1199 et

1825 1226 1930 1267 non
1961 1213 2141 1268 facitis

1821 1297 1958 1352 quae
1983 1283 2150 1340 dico?

1820 1353 1911 1408 47.
1937 1355 2146 1421 Omnis,
2176 1356 2266 1425 qui

1822 1425 1969 1480 venit
1999 1425 2064 1480 ad
2095 1441 2204 1494 me,

1821 1503 1878 1552 et
1901 1496 2054 1551 audit
2078 1512 2192 1552 ser-

1821 1582 2012 1623 mones
2036 1583 2188 1625 meos

1823 1638 1945 1704 hos,
1977 1648 2032 1694 et
2059 1639 2138 1694 fa-

1821 1712 1896 1765 cit
1921 1725 2034 1778 eos,
2067 1721 2252 1768 osten—

1822 1780 1945 1836 dam
1971 1781 2125 1837 vobis

1822 1856 1909 1907 cui
1939 1852 2119 1908 simile

1823 1921 1914 1980 48.
1945 1936 2029 1979 est
2051 1940 2066 1977 :
2090 1924 2286 1980 similis
2310 1933 2393 1980 est

1822 1993 2028 2050 homini
2061 1995 2250 2050 aedili-

1822 2069 1965 2120 cattli
1993 2066 2238 2131 domum,
2289 2121 2292 2123 λ

1821 2140 1911 2207 qui
1939 2136 2073 2191 fodit
2100 2138 2153 2190 in

1821 2207 2015 2270 altum,
2042 2216 2098 2261 et
2121 2208 2301 2277 posuit

1821 2278 2172 2333 fundamenta

1821 2364 1983 2419 supra
2013 2359 2221 2420 petram
2243 2367 2261 2416 ;

1826 2421 2189 2476 innundantia

1822 2502 2004 2549 autem
2035 2491 2198 2557 facta,

1824 2563 1903 2636 (ιι)
1934 2564 2098 2645 allisit
2130 2562 2300 2645 m-

1823 2635 1947 2690 meu
1976 2635 2160 2689 domui
2189 2635 2301 2704 illi,

1823 2714 1878 2761 et
1906 2722 2012 2762 non
2039 2707 2214 2777 potuit

1823 2791 1942 2834 eam
1971 2793 2191 2833 movere
2223 2794 2237 2830 Ζ

1824 2848 2047 2902 fundata
2070 2849 2216 2903 enim

1825 2929 1943 2974 erat
1968 2934 2134 2988 super
2159 2934 2254 2985 pe-

1825 2989 1916 3044 49.
1951 2999 2122 3044 tratn-
2137 2989 2271 3045 Nam
2297 2991 2388 3061 qui

1825 3061 1996 3126 audit,
2025 3071 2078 3114 et
2107 3075 2213 3115 non

1828 3130 1980 3197 facit,
2015 3131 2211 3186 similis

1827 3209 1910 3257 est
1933 3203 2134 3258 homini
2165 3203 2307 3258 aedi-

1828 3272 2008 3328 ﬁcanti
2037 3275 2258 3329 domum

1826 3357 1980 3399 suam
2011 3359 2176 3416 supra

1827 3429 2047 3470 arenam
2077 3418 2199 3472 sine
2235 3457 2242 3462 -

1827 3485 2180 3542 fundamento
2204 3505 2219 3542 :

1827 3559 1992 3612 allisit
2020 3558 2222 3614 ﬂumen

1829 3628 2013 3684 domui
2043 3629 2139 3695 illi,
2171 3638 2228 3685 et

1777 3731 1781 3741 -
1828 3701 2088 3756 continuo
2108 3700 2289 3756 conci-

1440 3839 1675 3899 CODEX
1712 3835 2110 3896 BRIXIANUS.

1833 3953 1886 4007 in
1930 3967 2092 4021 quam
2139 3950 2328 4006 inlisus
2378 3959 2462 4007 est
2505 3950 2722 4008 ﬂuvius.
2755 3961 2810 4009 et
2839 3955 3101 4012 continuo
3138 3961 3333 4018 cecidit
3369 3974 3427 4020 et

1833 4023 1971 4079 facta
2001 4033 2086 4080 est
2113 4023 2266 4095 ruina
2298 4024 2489 4077 domus
2529 4024 2672 4080 illius
2701 4040 2912 4095 magna.
2942 4029 3074 4082 Cum
3105 4043 3288 4088 autem
3320 4036 3422 4088 iut-

167 4115 252 4164 tur.
281 4093 409 4178 Quid
439 4121 621 4164 autem
647 4107 854 4163 vocatis
883 4119 970 4160 me
1000 4093 1723 4158 Domine'DomineLet'non
1833 4097 2037 4178 ptes-set
2085 4093 2456 4178 omnia‘verba
2485 4110 2594 4177 sua
2639 4098 2690 4149 in
2732 4093 2951 4151 auribus
2972 4101 3172 4178 plebis.
3205 4108 3427 4161 Intravit

1831 4166 2231 4238 Capharnauut.
2279 4165 2623 4220 Centuriunis
2668 4178 2845 4222 autem
2897 4165 3178 4238 Cuj—usdztm
3232 4191 3424 4232 servus

1836 4241 1976 4313 male
1999 4237 2225 4291 habens.
2246 4243 2368 4313 erat
2389 4238 2700 4313 moriturus.
2727 4241 2816 4313 qui
2846 4237 3066 4313 eratiilli
3098 4249 3420 4313 praetiusus.

1831 4308 1934 4375 Qui
1979 4323 2104 4362 cum
2156 4308 2397 4361 audisset
2450 4309 2517 4361 de
2561 4307 2689 4362 Jesu
2730 4307 2878 4364 misit
2907 4312 2974 4367 ad
3005 4307 3127 4368 eum
3178 4317 3422 4375 seniores

1827 4379 2159 4449 Judaeornm
2189 4394 2386 4449 rogans
2409 4394 2531 4433 eum
2558 4389 2615 4432 ιιι
2641 4383 2850 4435 Veniret
2869 4395 2922 4434 et
2946 4388 3177 4442 salvaret
3200 4403 3420 4444 servum

1828 4455 1948 4520 ejus
1979 4449 2048 4504 Al.
2080 4448 2156 4502 illi
2185 4448 2465 4522 venientes
2490 4451 2554 4503 ad
2581 4449 2762 4505 Jesttm
2799 4457 3059 4522 rogabant
3100 4474 3222 4514 eum
3263 4461 3424 4517 Solii-

1829 4527 1936 4599 cite
1963 4523 2227 4599 dicentes
2255 4523 2304 4576 ei
2337 4521 2470 4587 Quia
2499 4522 2693 4590 dignus
2715 4534 2797 4576 est
2833 4521 2887 4576 ut
2918 4524 3021 4599 hoc
3061 4530 3136 4583 illi
3181 4542 3422 4599 praestes

1829 4591 2002 4672 diligit
2054 4591 2199 4672 enim
2232 4603 2462 4672 gentem
2505 4602 2860 4672 nostram.__et
2912 4591 3251 4672 Syuagngaim
3307 4605 3423 4672 ipse

1830 4661 2135 4718 aediﬁcavit
2156 4663 2332 4716 nobis.
2364 4662 2523 4718 Jesus
2551 4671 2731 4720 autem
2765 4666 2876 4721 ibat
2903 4661 3025 4723 cum
3055 4661 3182 4728 illis.
3209 4673 3276 4727 Et
3302 4661 3427 4730 cum

1825 4733 1936 4804 jam
1965 4749 2074 4788 non
2102 4733 2264 4802 longe
2287 4742 2435 4789 esset

1419 4852 1650 4910 CODEX
1686 4851 2158 4910 CORBEIENSIS.

236 5034 314 5089 48.
353 5024 519 5090 inlisit
552 5024 750 5087 ﬂumen
782 5026 965 5084 domui
997 5024 1093 5080 illi.

242 5105 320 5160 t9.
357 5104 517 5162 allisit
544 5102 749 5159 ﬂumen
772 5098 956 5156 domui
987 5096 1081 5154 illi.

239 5313 250 5343 ⁸
283 5313 380 5365 Gal.
403 5328 531 5376 quae
555 5313 667 5362 dico
690 5306 1039 5376 vobis?‘Vit_lg_.
1064 5318 1193 5376 quae
1215 5301 1360 5355 dico?
1415 5366 1426 5376 θ

237 5377 253 5437 ἴ
285 5377 385 5427 Gut.
408 5369 602 5428 domum
621 5387 776 5437 suam,
799 5371 901 5437 qui.
931 5369 1320 5437 Fulgidomuin,
1344 5369 1448 5428 qui.

237 5435 257 5468 ³
288 5421 388 5491 fiat.
406 5421 790 5508 supra—arenam
809 5421 989 5485 sine...
1022 5421 1132 5497 é'jus
1167 5421 1341 5480 domus
1362 5421 1564 5491 inagna,
1603 5421 1749 5490 Vulg.

248 5661 321 5735 (a)
345 5663 496 5719 Addit
523 5664 634 5732 eius
655 5703 670 5726 ,
701 5660 869 5719 etiam
919 5666 1030 5716 tex.
1061 5656 1157 5714 Gr.
1208 5655 1390 5712 αὐτοῦ.
1429 5680 1496 5693 -
1529 5648 1604 5723 (b)
1627 5646 1726 5705 Jux

195 5734 370 5805 ἆγὲνετο
394 5735 470 5793 ὅτε
494 5736 733 5792 ἐτελέσεν.

1832 5657 1929 5703 Lex.
1979 5645 2075 5702 Gr.
2118 5645 2490 5723 προσέρρηξεν.
2534 5673 2606 5688 --
2649 5646 2724 5716 (c)
2762 5647 2839 5702 Ita
2885 5657 2940 5703 et
2987 5649 3106 5706 cod.
3162 5651 3354 5728 Cant.,
3384 5665 3474 5720 καὶ

245 5755 370 5792 ενετο
394 5757 470 5793 οτι
494 5755 733 5792 ετελεσεν.

467 5829 740 5892 Ρηιιοι..
773 5823 916 5887 XII.

1846 4947 1976 5004 CAP.
2031 4944 2141 5029 Vill.
2190 4976 2258 5030 —_-
2317 4948 2366 5029 ξ.
2410 4946 2431 4978 ⁸
2467 4946 2540 5003 Et
2592 4949 2789 5030 factum
2838 4962 2953 5021 est,
3004 4970 3127 5013 cum
3159 4956 3438 5030 implesset

2655 430 2752 499 dit,
2784 441 2836 487 et
2869 431 3006 486 facta

2653 513 2737 558 est
2757 503 2913 559 ruina
2941 502 3134 560 domus

2659 591 3228 647 ......magna.

2849 715 3079 774 CAPUT
3116 717 3232 776 VII.

2658 861 2710 916 t.
2743 858 2819 933 (c)
2841 859 2907 914 Et
2925 859 3131 933 factum
3151 869 3256 926 est,

2655 931 2777 989 cum
2798 931 3084 999 implesset
3105 931 3135 1003 -ι

2656 1005 2835 1058 omnia
2867 1003 3026 1059 verba

2656 1074 2711 1129 in
2739 1088 2899 1129 aures
2929 1074 3121 1136 plebis.

2656 1144 2883 1201 intravit
2905 1144 3089 1201 Catar-

2657 1231 2841 1272 naum.

2657 1288 2712 1340 2.
2743 1290 3084 1347 Centurionis

2655 1367 2836 1432 autem
2864 1363 3046 1432 cujus-

2653 1430 2778 1486 dam
2809 1430 3000 1490 serv—us

2653 1503 2794 1558 male
2817 1502 3043 1572 habens,

2653 1582 2770 1628 erat
2796 1577 3019 1631 moritu-

2655 1659 2768 1709 rus,
2799 1647 2890 1714 qui
2917 1646 2993 1702 illi

2655 1723 2776 1770 erat
2803 1720 3124 1785 praetiosus.

2657 1785 2712 1841 3.
2738 1787 2824 1847 Et.
2857 1805 2979 1843 cum
3007 1805 3096 1843 au-

2655 1857 2823 1912 disset
2851 1860 2918 1914 de
2944 1859 3038 1917 Je-

2654 1943 2741 1984 su.
2771 1930 2920 1986 misit

2597 2015 2607 2025 ·
2655 2015 2735 2054 se.
2781 2042 2796 2055 .
2842 2043 2857 2057 .
2902 2039 2918 2056 .
2957 2001 3191 2058 Judaeo—

2657 2086 2798 2138 rum,
2831 2087 3028 2143 rogans

2658 2156 2804 2208 eum,
2832 2155 2890 2198 ut
2915 2161 3007 2200 ve-

2660 2214 2816 2268 niens
2846 2215 3083 2271 salvaret

2660 2299 2876 2340 servum
2907 2292 3046 2355 ejus.

2658 2356 2714 2410 4.
2755 2357 2837 2410 Ad
2861 2357 2958 2422 illi,
2986 2372 3082 2414 ve-

2659 2427 2874 2483 nientes
2901 2429 2969 2483 ad

2657 2497 2869 2571 desunt,
2900 2514 3056 2571 roga-

2658 2569 2792 2624 bant
2819 2586 2942 2624 eum

2659 2641 2898 2707 solicite,
2925 2641 3015 2696 di-

2661 2723 2852 2768 centes
2884 2730 2898 2768 :
2925 2713 3062 2780 Quia

2661 2782 2856 2852 dignus
2885 2794 2988 2846 est.

2664 2864 2722 2906 ut
2751 2853 2858 2909 hnc
2891 2854 2966 2907 illi

2663 2922 2720 2977 5.
2761 2935 3004 2992 praestes
3034 2941 3047 2977 :
3080 2924 3164 2980 di-

2662 2993 2778 3064 ligit
2810 2995 2955 3050 enim

2663 3071 2880 3136 gentem
2911 3080 3009 3121 no-

2667 3145 2860 3198 stram.
2889 3145 2946 3192 et

2666 3208 3006 3278 Synagogam

2665 3277 2782 3347 ipse
2812 3277 3001 3332 aedili-

2664 3349 2812 3403 cabit
2841 3350 3018 3405 nobis.

2665 3417 2720 3474 6.
2760 3418 2921 3475 Jesus
2950 3429 3132 3477 autem

2666 3488 2799 3544 abiit
2827 3505 2950 3546 cum

2666 3561 2767 3616 eis.
2797 3561 2886 3628 Et,
2907 3577 3032 3619 cum

2663 3631 2775 3702 jam
2814 3649 2922 3688 non

2667 3703 2824 3774 longe
2844 3714 2992 3761 esset

1919 5019 2102 5074 omnia
2134 5018 2302 5073 verba
2332 5018 2383 5072 in
2407 5033 2564 5075 aures
2585 5021 2776 5089 plebis.

1920 5092 1974 5146 3.
2006 5101 2064 5144 ut
2087 5090 2319 5159 veniret,
2347 5090 2369 5122 ⁸
2397 5099 2453 5146 et
2480 5091 2756 5149 liberaret.

1368 5205 1759 5265 VARIANTES
1795 5202 2199 5261 LECTIONES.

1857 5299 2780 5391 ευρεςςέεπβξξιηείξξξ·ίλμέῇηευεέμίιιε
2798 5319 2992 5391 easea-

1979 5359 2105 5409 σαι..
2133 5359 2253 5410 Cum
2277 5363 2529 5423 implesset
2545 5367 2708 5415 omnia
2733 5359 3050 5422 verliavhaec.

1921 5423 1944 5455 υ
1969 5423 2074 5473 ϐαι.
2095 5428 2141 5474 et
2159 5429 2374 5474 sanaret.
2394 5455 2403 5487 ι

1464 5529 1833 5588 BLANCHINI
1870 5527 2102 5586 NOTAE.

2798 5809 2876 5872 18

3318 220 3426 283 854
