  <div class='ocr_page' id='page_1' title='image "/cluster/home/n/w/nwhite01/storage/ocr_20150623/12/uva.x000826551/284.png"; bbox 0 0 1975 3097; ppageno 0'>
   <div class='ocr_carea' id='block_1_1' title="bbox 113 125 152 160">
    <p class='ocr_par' dir='ltr' id='par_1_1' title="bbox 113 125 152 160">
     <span class='ocr_line' id='line_1_1' title="bbox 113 125 152 160; baseline 0 -1"><span class='ocrx_word' id='word_1_1' title='bbox 113 125 152 160; x_wconf 67' lang='lat' dir='ltr'><strong>sit?</strong></span> 
     </span>
    </p>
   </div>
   <div class='ocr_carea' id='block_1_2' title="bbox 635 128 1212 166">
    <p class='ocr_par' dir='ltr' id='par_1_2' title="bbox 635 128 1212 166">
     <span class='ocr_line' id='line_1_2' title="bbox 635 128 1212 166; baseline 0 -4"><span class='ocrx_word' id='word_1_2' title='bbox 635 128 859 165; x_wconf 76' lang='lat' dir='ltr'><strong>EVANGELIUM</strong></span> <span class='ocrx_word' id='word_1_3' title='bbox 878 133 1064 166; x_wconf 77' lang='lat' dir='ltr'><strong>SECUNDUM</strong></span> <span class='ocrx_word' id='word_1_4' title='bbox 1083 132 1212 166; x_wconf 70' lang='lat' dir='ltr'><strong>LUCAH.</strong></span> 
     </span>
    </p>
   </div>
   <div class='ocr_carea' id='block_1_3' title="bbox 286 187 681 220">
    <p class='ocr_par' dir='ltr' id='par_1_3' title="bbox 286 187 681 220">
     <span class='ocr_line' id='line_1_3' title="bbox 286 187 681 220; baseline 0.005 -2"><span class='ocrx_word' id='word_1_5' title='bbox 286 187 400 219; x_wconf 80' lang='lat' dir='ltr'><strong>CODEX</strong></span> <span class='ocrx_word' id='word_1_6' title='bbox 413 187 681 220; x_wconf 71' lang='lat' dir='ltr'><strong>VERCELLENSIS.</strong></span> 
     </span>
    </p>
   </div>
   <div class='ocr_carea' id='block_1_4' title="bbox 112 239 281 271">
    <p class='ocr_par' dir='ltr' id='par_1_4' title="bbox 112 239 281 271">
     <span class='ocr_line' id='line_1_4' title="bbox 112 239 281 271; baseline 0 -6"><span class='ocrx_word' id='word_1_7' title='bbox 112 245 148 271; x_wconf 86' lang='lat' dir='ltr'><strong>us,</strong></span> <span class='ocrx_word' id='word_1_8' title='bbox 160 242 183 267; x_wconf 89' lang='lat' dir='ltr'><strong>et</strong></span> <span class='ocrx_word' id='word_1_9' title='bbox 195 239 281 271; x_wconf 88' lang='lat' dir='ltr'><strong>coepit</strong></span> 
     </span>
    </p>
   </div>
   <div class='ocr_carea' id='block_1_5' title="bbox 111 274 312 308">
    <p class='ocr_par' dir='ltr' id='par_1_5' title="bbox 111 274 312 308">
     <span class='ocr_line' id='line_1_5' title="bbox 111 274 312 308; baseline -0.005 -7"><span class='ocrx_word' id='word_1_10' title='bbox 111 274 182 308; x_wconf 87' lang='lat' dir='ltr'><strong>loqui.</strong></span> <span class='ocrx_word' id='word_1_11' title='bbox 197 275 228 301; x_wconf 89' lang='lat' dir='ltr'><strong>Et</strong></span> <span class='ocrx_word' id='word_1_12' title='bbox 240 274 312 302; x_wconf 89' lang='lat' dir='ltr'><strong>dedit</strong></span> 
     </span>
    </p>
   </div>
   <div class='ocr_carea' id='block_1_6' title="bbox 109 311 251 337">
    <p class='ocr_par' dir='ltr' id='par_1_6' title="bbox 109 311 251 337">
     <span class='ocr_line' id='line_1_6' title="bbox 109 311 251 337; baseline 0.007 -1"><span class='ocrx_word' id='word_1_13' title='bbox 109 316 161 337; x_wconf 89' lang='lat' dir='ltr'><strong>eum</strong></span> <span class='ocrx_word' id='word_1_14' title='bbox 175 311 251 337; x_wconf 90' lang='lat' dir='ltr'><strong>matri</strong></span> 
     </span>
    </p>
   </div>
   <div class='ocr_carea' id='block_1_7' title="bbox 108 352 294 374">
    <p class='ocr_par' dir='ltr' id='par_1_7' title="bbox 108 352 294 374">
     <span class='ocr_line' id='line_1_7' title="bbox 108 352 294 374; baseline 0.005 -3"><span class='ocrx_word' id='word_1_15' title='bbox 108 352 172 374; x_wconf 84' lang='lat' dir='ltr'><strong>suae.</strong></span> <span class='ocrx_word' id='word_1_16' title='bbox 288 354 294 356; x_wconf 67' lang='grc'><strong>“</strong></span> 
     </span>
    </p>
   </div>
   <div class='ocr_carea' id='block_1_8' title="bbox 109 380 343 414">
    <p class='ocr_par' dir='ltr' id='par_1_8' title="bbox 109 380 343 414">
     <span class='ocr_line' id='line_1_8' title="bbox 109 380 343 414; baseline 0 -7"><span class='ocrx_word' id='word_1_17' title='bbox 109 380 145 408; x_wconf 86' lang='lat' dir='ltr'><strong>l6.</strong></span> <span class='ocrx_word' id='word_1_18' title='bbox 162 380 343 414; x_wconf 83' lang='lat' dir='ltr'><strong>Adprehendit</strong></span> 
     </span>
    </p>
   </div>
   <div class='ocr_carea' id='block_1_9' title="bbox 106 417 272 443">
    <p class='ocr_par' dir='ltr' id='par_1_9' title="bbox 106 417 272 443">
     <span class='ocr_line' id='line_1_9' title="bbox 106 417 272 443; baseline 0 0"><span class='ocrx_word' id='word_1_19' title='bbox 106 420 182 443; x_wconf 89' lang='lat' dir='ltr'><strong>autem</strong></span> <span class='ocrx_word' id='word_1_20' title='bbox 193 417 272 443; x_wconf 93' lang='lat' dir='ltr'><strong>timor</strong></span> 
     </span>
    </p>
   </div>
   <div class='ocr_carea' id='block_1_10' title="bbox 106 452 298 483">
    <p class='ocr_par' dir='ltr' id='par_1_10' title="bbox 106 452 298 483">
     <span class='ocr_line' id='line_1_10' title="bbox 106 452 298 483; baseline 0.005 -5"><span class='ocrx_word' id='word_1_21' title='bbox 106 460 197 483; x_wconf 81' lang='lat' dir='ltr'><strong>omnes.</strong></span> <span class='ocrx_word' id='word_1_22' title='bbox 209 457 237 479; x_wconf 88' lang='lat' dir='ltr'><strong>et</strong></span> <span class='ocrx_word' id='word_1_23' title='bbox 249 452 298 479; x_wconf 89' lang='lat' dir='ltr'><strong>ho-</strong></span> 
     </span>
    </p>
   </div>
   <div class='ocr_carea' id='block_1_11' title="bbox 106 487 217 515">
    <p class='ocr_par' dir='ltr' id='par_1_11' title="bbox 106 487 217 515">
     <span class='ocr_line' id='line_1_11' title="bbox 106 487 217 515; baseline 0.009 -1"><span class='ocrx_word' id='word_1_24' title='bbox 106 487 217 515; x_wconf 78' lang='lat' dir='ltr'><strong>norilica-</strong></span> 
     </span>
    </p>
   </div>
   <div class='ocr_carea' id='block_1_12' title="bbox 104 522 321 554">
    <p class='ocr_par' dir='ltr' id='par_1_12' title="bbox 104 522 321 554">
     <span class='ocr_line' id='line_1_12' title="bbox 104 522 321 554; baseline -0.005 -4"><span class='ocrx_word' id='word_1_25' title='bbox 104 522 161 550; x_wconf 86' lang='lat' dir='ltr'><strong>bant</strong></span> <span class='ocrx_word' id='word_1_26' title='bbox 172 523 265 554; x_wconf 84' lang='lat' dir='ltr'><strong>Deum.</strong></span> <span class='ocrx_word' id='word_1_27' title='bbox 281 522 321 550; x_wconf 87' lang='lat' dir='ltr'><strong>di-</strong></span> 
     </span>
    </p>
   </div>
   <div class='ocr_carea' id='block_1_13' title="bbox 103 560 292 593">
    <p class='ocr_par' dir='ltr' id='par_1_13' title="bbox 103 560 292 593">
     <span class='ocr_line' id='line_1_13' title="bbox 103 560 292 593; baseline 0.005 -8"><span class='ocrx_word' id='word_1_28' title='bbox 103 564 185 587; x_wconf 85' lang='lat' dir='ltr'><strong>centes</strong></span> <span class='ocrx_word' id='word_1_29' title='bbox 201 568 206 585; x_wconf 93' lang='lat'>:</span> <span class='ocrx_word' id='word_1_30' title='bbox 220 560 292 593; x_wconf 82' lang='lat' dir='ltr'><strong>Quo-</strong></span> 
     </span>
    </p>
   </div>
   <div class='ocr_carea' id='block_1_14' title="bbox 102 594 299 629">
    <p class='ocr_par' dir='ltr' id='par_1_14' title="bbox 102 594 299 629">
     <span class='ocr_line' id='line_1_14' title="bbox 102 594 299 629; baseline 0.005 -8"><span class='ocrx_word' id='word_1_31' title='bbox 102 594 167 621; x_wconf 82' lang='lat' dir='ltr'><strong>niam</strong></span> <span class='ocrx_word' id='word_1_32' title='bbox 180 594 299 629; x_wconf 84' lang='lat' dir='ltr'><strong>Prophe-</strong></span> 
     </span>
    </p>
   </div>
   <div class='ocr_carea' id='block_1_15' title="bbox 102 634 242 665">
    <p class='ocr_par' dir='ltr' id='par_1_15' title="bbox 102 634 242 665">
     <span class='ocr_line' id='line_1_15' title="bbox 102 634 242 665; baseline 0.014 -10"><span class='ocrx_word' id='word_1_33' title='bbox 102 634 123 656; x_wconf 84' lang='lat' dir='ltr'><strong>ta</strong></span> <span class='ocrx_word' id='word_1_34' title='bbox 136 637 242 665; x_wconf 76' lang='lat' dir='ltr'><strong>magnus</strong></span> 
     </span>
    </p>
   </div>
   <div class='ocr_carea' id='block_1_16' title="bbox 100 667 248 692">
    <p class='ocr_par' dir='ltr' id='par_1_16' title="bbox 100 667 248 692">
     <span class='ocr_line' id='line_1_16' title="bbox 100 667 248 692; baseline 0.007 -1"><span class='ocrx_word' id='word_1_35' title='bbox 100 667 209 692; x_wconf 72' lang='lat' dir='ltr'><strong>surrexit.</strong></span> <span class='ocrx_word' id='word_1_36' title='bbox 222 667 248 692; x_wconf 94' lang='lat' dir='ltr'><strong>in</strong></span> 
     </span>
    </p>
   </div>
   <div class='ocr_carea' id='block_1_17' title="bbox 98 700 306 736">
    <p class='ocr_par' dir='ltr' id='par_1_17' title="bbox 98 700 306 736">
     <span class='ocr_line' id='line_1_17' title="bbox 98 700 306 736; baseline 0.005 -9"><span class='ocrx_word' id='word_1_37' title='bbox 98 701 186 733; x_wconf 86' lang='lat' dir='ltr'><strong>nobis;</strong></span> <span class='ocrx_word' id='word_1_38' title='bbox 202 705 231 728; x_wconf 88' lang='lat' dir='ltr'><strong>et</strong></span> <span class='ocrx_word' id='word_1_39' title='bbox 244 700 306 736; x_wconf 80' lang='lat' dir='ltr'><strong>quia</strong></span> 
     </span>
    </p>
   </div>
   <div class='ocr_carea' id='block_1_18' title="bbox 98 736 296 768">
    <p class='ocr_par' dir='ltr' id='par_1_18' title="bbox 98 736 296 768">
     <span class='ocr_line' id='line_1_18' title="bbox 98 736 296 768; baseline 0.005 -5"><span class='ocrx_word' id='word_1_40' title='bbox 98 736 210 763; x_wconf 86' lang='lat' dir='ltr'><strong>visitavit</strong></span> <span class='ocrx_word' id='word_1_41' title='bbox 224 736 296 768; x_wconf 83' lang='lat' dir='ltr'><strong>Deus</strong></span> 
     </span>
    </p>
   </div>
   <div class='ocr_carea' id='block_1_19' title="bbox 97 772 274 806">
    <p class='ocr_par' dir='ltr' id='par_1_19' title="bbox 97 772 274 806">
     <span class='ocr_line' id='line_1_19' title="bbox 97 772 274 806; baseline 0.011 -7"><span class='ocrx_word' id='word_1_42' title='bbox 97 772 219 806; x_wconf 89' lang='lat' dir='ltr'><strong>populum</strong></span> <span class='ocrx_word' id='word_1_43' title='bbox 230 779 274 801; x_wconf 82' lang='lat' dir='ltr'><strong>su-</strong></span> 
     </span>
    </p>
   </div>
   <div class='ocr_carea' id='block_1_20' title="bbox 97 808 272 835">
    <p class='ocr_par' dir='ltr' id='par_1_20' title="bbox 97 808 272 835">
     <span class='ocr_line' id='line_1_20' title="bbox 97 808 272 835; baseline -0.011 0"><span class='ocrx_word' id='word_1_44' title='bbox 97 815 139 835; x_wconf 88' lang='lat' dir='ltr'><strong>um</strong></span> <span class='ocrx_word' id='word_1_45' title='bbox 154 808 179 834; x_wconf 93' lang='lat' dir='ltr'><strong>in</strong></span> <span class='ocrx_word' id='word_1_46' title='bbox 191 808 272 835; x_wconf 91' lang='lat' dir='ltr'><strong>bono.</strong></span> 
     </span>
    </p>
   </div>
   <div class='ocr_carea' id='block_1_21' title="bbox 97 843 360 871">
    <p class='ocr_par' dir='ltr' id='par_1_21' title="bbox 97 843 360 871">
     <span class='ocr_line' id='line_1_21' title="bbox 97 843 360 871; baseline -0.004 -1"><span class='ocrx_word' id='word_1_47' title='bbox 97 843 138 870; x_wconf 85' lang='lat' dir='ltr'><strong>l7.</strong></span> <span class='ocrx_word' id='word_1_48' title='bbox 160 843 192 871; x_wconf 85' lang='lat' dir='ltr'><strong>Et</strong></span> <span class='ocrx_word' id='word_1_49' title='bbox 203 843 286 871; x_wconf 86' lang='lat' dir='ltr'><strong>exibit</strong></span> <span class='ocrx_word' id='word_1_50' title='bbox 299 849 360 870; x_wconf 71' lang='lat' dir='ltr'><strong>ver-</strong></span> 
     </span>
    </p>
   </div>
   <div class='ocr_carea' id='block_1_22' title="bbox 96 879 259 906">
    <p class='ocr_par' dir='ltr' id='par_1_22' title="bbox 96 879 259 906">
     <span class='ocr_line' id='line_1_22' title="bbox 96 879 259 906; baseline 0 -1"><span class='ocrx_word' id='word_1_51' title='bbox 96 879 160 906; x_wconf 88' lang='lat' dir='ltr'><strong>burrr</strong></span> <span class='ocrx_word' id='word_1_52' title='bbox 168 879 218 906; x_wconf 90' lang='lat' dir='ltr'><strong>hoc</strong></span> <span class='ocrx_word' id='word_1_53' title='bbox 232 879 259 906; x_wconf 89' lang='lat' dir='ltr'><strong>in</strong></span> 
     </span>
    </p>
   </div>
   <div class='ocr_carea' id='block_1_23' title="bbox 97 914 271 947">
    <p class='ocr_par' dir='ltr' id='par_1_23' title="bbox 97 914 271 947">
     <span class='ocr_line' id='line_1_23' title="bbox 97 914 271 947; baseline 0.006 -6"><span class='ocrx_word' id='word_1_54' title='bbox 97 918 148 941; x_wconf 84' lang='lat' dir='ltr'><strong>tota</strong></span> <span class='ocrx_word' id='word_1_55' title='bbox 160 914 271 947; x_wconf 72' lang='lat' dir='ltr'><strong>Iudaea.</strong></span> 
     </span>
    </p>
   </div>
   <div class='ocr_carea' id='block_1_24' title="bbox 98 949 279 982">
    <p class='ocr_par' dir='ltr' id='par_1_24' title="bbox 98 949 279 982">
     <span class='ocr_line' id='line_1_24' title="bbox 98 949 279 982; baseline 0 -5"><span class='ocrx_word' id='word_1_56' title='bbox 98 949 127 977; x_wconf 89' lang='lat' dir='ltr'><strong>de</strong></span> <span class='ocrx_word' id='word_1_57' title='bbox 142 950 197 982; x_wconf 82' lang='lat' dir='ltr'><strong>illo,</strong></span> <span class='ocrx_word' id='word_1_58' title='bbox 213 954 240 977; x_wconf 89' lang='lat' dir='ltr'><strong>et</strong></span> <span class='ocrx_word' id='word_1_59' title='bbox 253 951 279 977; x_wconf 92' lang='lat' dir='ltr'><strong>in</strong></span> 
     </span>
    </p>
   </div>
   <div class='ocr_carea' id='block_1_25' title="bbox 98 985 259 1013">
    <p class='ocr_par' dir='ltr' id='par_1_25' title="bbox 98 985 259 1013">
     <span class='ocr_line' id='line_1_25' title="bbox 98 985 259 1013; baseline 0.006 -1"><span class='ocrx_word' id='word_1_60' title='bbox 98 985 166 1012; x_wconf 89' lang='lat' dir='ltr'><strong>omni</strong></span> <span class='ocrx_word' id='word_1_61' title='bbox 179 985 259 1013; x_wconf 82' lang='lat' dir='ltr'><strong>ﬁniti-</strong></span> 
     </span>
    </p>
   </div>
   <div class='ocr_carea' id='block_1_26' title="bbox 66 1020 268 1057">
    <p class='ocr_par' dir='ltr' id='par_1_26' title="bbox 66 1020 268 1057">
     <span class='ocr_line' id='line_1_26' title="bbox 66 1020 268 1057; baseline 0.005 -11"><span class='ocrx_word' id='word_1_62' title='bbox 66 1020 71 1026; x_wconf 90' lang='lat'>&#39;</span> <span class='ocrx_word' id='word_1_63' title='bbox 101 1028 138 1057; x_wconf 83' lang='lat' dir='ltr'><strong>ma</strong></span> <span class='ocrx_word' id='word_1_64' title='bbox 152 1021 268 1057; x_wconf 77' lang='lat' dir='ltr'><strong>regione.</strong></span> 
     </span>
    </p>
   </div>
   <div class='ocr_carea' id='block_1_27' title="bbox 103 1056 344 1084">
    <p class='ocr_par' dir='ltr' id='par_1_27' title="bbox 103 1056 344 1084">
     <span class='ocr_line' id='line_1_27' title="bbox 103 1056 344 1084; baseline 0 -1"><span class='ocrx_word' id='word_1_65' title='bbox 103 1056 141 1083; x_wconf 77' lang='grc'><strong>18.</strong></span> <span class='ocrx_word' id='word_1_66' title='bbox 160 1057 192 1084; x_wconf 84' lang='lat' dir='ltr'><strong>Et</strong></span> <span class='ocrx_word' id='word_1_67' title='bbox 205 1056 344 1084; x_wconf 81' lang='lat' dir='ltr'><strong>renuntia-</strong></span> 
     </span>
    </p>
   </div>
   <div class='ocr_carea' id='block_1_28' title="bbox 102 1092 249 1120">
    <p class='ocr_par' dir='ltr' id='par_1_28' title="bbox 102 1092 249 1120">
     <span class='ocr_line' id='line_1_28' title="bbox 102 1092 249 1120; baseline 0.007 -1"><span class='ocrx_word' id='word_1_68' title='bbox 102 1097 189 1119; x_wconf 76' lang='lat' dir='ltr'><strong>verunt</strong></span> <span class='ocrx_word' id='word_1_69' title='bbox 202 1092 249 1120; x_wconf 79' lang='lat' dir='ltr'><strong>Jo-</strong></span> 
     </span>
    </p>
   </div>
   <div class='ocr_carea' id='block_1_29' title="bbox 103 1128 272 1155">
    <p class='ocr_par' dir='ltr' id='par_1_29' title="bbox 103 1128 272 1155">
     <span class='ocr_line' id='line_1_29' title="bbox 103 1128 272 1155; baseline 0.006 -1"><span class='ocrx_word' id='word_1_70' title='bbox 103 1128 175 1154; x_wconf 91' lang='lat' dir='ltr'><strong>hanni</strong></span> <span class='ocrx_word' id='word_1_71' title='bbox 192 1128 272 1155; x_wconf 87' lang='lat' dir='ltr'><strong>disci-</strong></span> 
     </span>
    </p>
   </div>
   <div class='ocr_carea' id='block_1_30' title="bbox 105 1163 424 1199">
    <p class='ocr_par' dir='ltr' id='par_1_30' title="bbox 105 1163 424 1199">
     <span class='ocr_line' id='line_1_30' title="bbox 105 1163 424 1199; baseline -0.009 -9"><span class='ocrx_word' id='word_1_72' title='bbox 105 1163 141 1190; x_wconf 87' lang='lat' dir='ltr'><strong>l9.</strong></span> <span class='ocrx_word' id='word_1_73' title='bbox 160 1164 212 1199; x_wconf 90' lang='lat' dir='ltr'><strong>puli</strong></span> <span class='ocrx_word' id='word_1_74' title='bbox 226 1164 277 1191; x_wconf 89' lang='lat' dir='ltr'><strong>sul.</strong></span> <span class='ocrx_word' id='word_1_75' title='bbox 294 1163 341 1195; x_wconf 80' lang='lat' dir='ltr'><strong>Et,</strong></span> <span class='ocrx_word' id='word_1_76' title='bbox 355 1168 424 1189; x_wconf 82' lang='lat' dir='ltr'><strong>eon-</strong></span> 
     </span>
    </p>
   </div>
   <div class='ocr_carea' id='block_1_31' title="bbox 102 1199 275 1227">
    <p class='ocr_par' dir='ltr' id='par_1_31' title="bbox 102 1199 275 1227">
     <span class='ocr_line' id='line_1_31' title="bbox 102 1199 275 1227; baseline 0.012 -2"><span class='ocrx_word' id='word_1_77' title='bbox 102 1200 193 1226; x_wconf 85' lang='lat' dir='ltr'><strong>vocatis</strong></span> <span class='ocrx_word' id='word_1_78' title='bbox 206 1199 275 1227; x_wconf 93' lang='lat' dir='ltr'><strong>duo-</strong></span> 
     </span>
    </p>
   </div>
   <div class='ocr_carea' id='block_1_32' title="bbox 102 1233 265 1269">
    <p class='ocr_par' dir='ltr' id='par_1_32' title="bbox 102 1233 265 1269">
     <span class='ocr_line' id='line_1_32' title="bbox 102 1233 265 1269; baseline 0.012 -9"><span class='ocrx_word' id='word_1_79' title='bbox 102 1233 145 1269; x_wconf 85' lang='lat' dir='ltr'><strong>bus</strong></span> <span class='ocrx_word' id='word_1_80' title='bbox 158 1235 265 1269; x_wconf 89' lang='lat' dir='ltr'><strong>quibus-</strong></span> 
     </span>
    </p>
   </div>
   <div class='ocr_carea' id='block_1_33' title="bbox 101 1268 294 1297">
    <p class='ocr_par' dir='ltr' id='par_1_33' title="bbox 101 1268 294 1297">
     <span class='ocr_line' id='line_1_33' title="bbox 101 1268 294 1297; baseline 0.005 -1"><span class='ocrx_word' id='word_1_81' title='bbox 101 1268 155 1296; x_wconf 90' lang='lat' dir='ltr'><strong>dam</strong></span> <span class='ocrx_word' id='word_1_82' title='bbox 168 1268 198 1297; x_wconf 80' lang='lat' dir='ltr'><strong>ex</strong></span> <span class='ocrx_word' id='word_1_83' title='bbox 215 1270 294 1297; x_wconf 87' lang='lat' dir='ltr'><strong>disci-</strong></span> 
     </span>
    </p>
   </div>
   <div class='ocr_carea' id='block_1_34' title="bbox 102 1305 304 1338">
    <p class='ocr_par' dir='ltr' id='par_1_34' title="bbox 102 1305 304 1338">
     <span class='ocr_line' id='line_1_34' title="bbox 102 1305 304 1338; baseline 0.01 -7"><span class='ocrx_word' id='word_1_84' title='bbox 102 1305 164 1338; x_wconf 88' lang='lat' dir='ltr'><strong>pulis</strong></span> <span class='ocrx_word' id='word_1_85' title='bbox 178 1306 243 1337; x_wconf 85' lang='lat' dir='ltr'><strong>suis.</strong></span> <span class='ocrx_word' id='word_1_86' title='bbox 258 1305 304 1333; x_wconf 79' lang='lat' dir='ltr'><strong>Jo-</strong></span> 
     </span>
    </p>
   </div>
   <div class='ocr_carea' id='block_1_35' title="bbox 102 1339 258 1369">
    <p class='ocr_par' dir='ltr' id='par_1_35' title="bbox 102 1339 258 1369">
     <span class='ocr_line' id='line_1_35' title="bbox 102 1339 258 1369; baseline 0.019 -3"><span class='ocrx_word' id='word_1_87' title='bbox 102 1339 197 1369; x_wconf 85' lang='lat' dir='ltr'><strong>ltannes</strong></span> <span class='ocrx_word' id='word_1_88' title='bbox 208 1342 258 1369; x_wconf 90' lang='lat' dir='ltr'><strong>mi-</strong></span> 
     </span>
    </p>
   </div>
   <div class='ocr_carea' id='block_1_36' title="bbox 99 1377 343 1409">
    <p class='ocr_par' dir='ltr' id='par_1_36' title="bbox 99 1377 343 1409">
     <span class='ocr_line' id='line_1_36' title="bbox 99 1377 343 1409; baseline 0.008 -7"><span class='ocrx_word' id='word_1_89' title='bbox 99 1378 131 1402; x_wconf 87' lang='lat' dir='ltr'><strong>sit</strong></span> <span class='ocrx_word' id='word_1_90' title='bbox 143 1377 175 1403; x_wconf 87' lang='lat' dir='ltr'><strong>ad</strong></span> <span class='ocrx_word' id='word_1_91' title='bbox 192 1377 343 1409; x_wconf 91' lang='lat' dir='ltr'><strong>Dominum,</strong></span> 
     </span>
    </p>
   </div>
   <div class='ocr_carea' id='block_1_37' title="bbox 99 1411 205 1440">
    <p class='ocr_par' dir='ltr' id='par_1_37' title="bbox 99 1411 205 1440">
     <span class='ocr_line' id='line_1_37' title="bbox 99 1411 205 1440; baseline 0.038 -4"><span class='ocrx_word' id='word_1_92' title='bbox 99 1411 187 1439; x_wconf 88' lang='lat' dir='ltr'><strong>dicens</strong></span> <span class='ocrx_word' id='word_1_93' title='bbox 198 1421 205 1440; x_wconf 92' lang='lat'><strong>:</strong></span> 
     </span>
    </p>
   </div>
   <div class='ocr_carea' id='block_1_38' title="bbox 100 1446 319 1484">
    <p class='ocr_par' dir='ltr' id='par_1_38' title="bbox 100 1446 319 1484">
     <span class='ocr_line' id='line_1_38' title="bbox 100 1446 319 1484; baseline 0.009 -11"><span class='ocrx_word' id='word_1_94' title='bbox 100 1446 135 1473; x_wconf 87' lang='lat' dir='ltr'><strong>Tu</strong></span> <span class='ocrx_word' id='word_1_95' title='bbox 146 1456 184 1481; x_wconf 86' lang='lat' dir='ltr'><strong>es,</strong></span> <span class='ocrx_word' id='word_1_96' title='bbox 197 1448 239 1484; x_wconf 87' lang='lat' dir='ltr'><strong>qui</strong></span> <span class='ocrx_word' id='word_1_97' title='bbox 254 1455 319 1475; x_wconf 82' lang='lat' dir='ltr'><strong>vcn-</strong></span> 
     </span>
    </p>
   </div>
   <div class='ocr_carea' id='block_1_39' title="bbox 101 1487 312 1517">
    <p class='ocr_par' dir='ltr' id='par_1_39' title="bbox 101 1487 312 1517">
     <span class='ocr_line' id='line_1_39' title="bbox 101 1487 312 1517; baseline 0.009 -9"><span class='ocrx_word' id='word_1_98' title='bbox 101 1487 171 1510; x_wconf 87' lang='lat' dir='ltr'><strong>turtts</strong></span> <span class='ocrx_word' id='word_1_99' title='bbox 182 1491 221 1517; x_wconf 90' lang='lat' dir='ltr'><strong>es,</strong></span> <span class='ocrx_word' id='word_1_100' title='bbox 235 1492 267 1511; x_wconf 89' lang='lat' dir='ltr'><strong>an</strong></span> <span class='ocrx_word' id='word_1_101' title='bbox 283 1491 312 1510; x_wconf 85' lang='lat' dir='ltr'><strong>a-</strong></span> 
     </span>
    </p>
   </div>
   <div class='ocr_carea' id='block_1_40' title="bbox 101 1518 266 1555">
    <p class='ocr_par' dir='ltr' id='par_1_40' title="bbox 101 1518 266 1555">
     <span class='ocr_line' id='line_1_40' title="bbox 101 1518 266 1555; baseline 0.024 -12"><span class='ocrx_word' id='word_1_102' title='bbox 101 1518 161 1555; x_wconf 79' lang='lat' dir='ltr'><strong>lium</strong></span> <span class='ocrx_word' id='word_1_103' title='bbox 172 1527 266 1555; x_wconf 88' lang='lat' dir='ltr'><strong>expec-</strong></span> 
     </span>
    </p>
   </div>
   <div class='ocr_carea' id='block_1_41' title="bbox 101 1553 370 1582">
    <p class='ocr_par' dir='ltr' id='par_1_41' title="bbox 101 1553 370 1582">
     <span class='ocr_line' id='line_1_41' title="bbox 101 1553 370 1582; baseline 0.007 -3"><span class='ocrx_word' id='word_1_104' title='bbox 101 1553 141 1580; x_wconf 73' lang='grc'>20.</span> <span class='ocrx_word' id='word_1_105' title='bbox 162 1553 267 1582; x_wconf 74' lang='lat' dir='ltr'><strong>lanius?</strong></span> <span class='ocrx_word' id='word_1_106' title='bbox 280 1554 313 1582; x_wconf 82' lang='lat' dir='ltr'><strong>Et</strong></span> <span class='ocrx_word' id='word_1_107' title='bbox 323 1561 370 1581; x_wconf 80' lang='lat' dir='ltr'><strong>ve-</strong></span> 
     </span>
    </p>
   </div>
   <div class='ocr_carea' id='block_1_42' title="bbox 102 1591 243 1617">
    <p class='ocr_par' dir='ltr' id='par_1_42' title="bbox 102 1591 243 1617">
     <span class='ocr_line' id='line_1_42' title="bbox 102 1591 243 1617; baseline 0.014 -2"><span class='ocrx_word' id='word_1_108' title='bbox 102 1595 190 1617; x_wconf 88' lang='lat' dir='ltr'><strong>nerunt</strong></span> <span class='ocrx_word' id='word_1_109' title='bbox 204 1591 243 1617; x_wconf 95' lang='lat' dir='ltr'><strong>vi-</strong></span> 
     </span>
    </p>
   </div>
   <div class='ocr_carea' id='block_1_43' title="bbox 102 1625 287 1659">
    <p class='ocr_par' dir='ltr' id='par_1_43' title="bbox 102 1625 287 1659">
     <span class='ocr_line' id='line_1_43' title="bbox 102 1625 287 1659; baseline 0.022 -9"><span class='ocrx_word' id='word_1_110' title='bbox 102 1625 121 1650; x_wconf 93' lang='lat' dir='ltr'><strong>ri</strong></span> <span class='ocrx_word' id='word_1_111' title='bbox 136 1626 166 1652; x_wconf 77' lang='lat' dir='ltr'><strong>ad</strong></span> <span class='ocrx_word' id='word_1_112' title='bbox 178 1633 246 1659; x_wconf 85' lang='lat' dir='ltr'><strong>eum,</strong></span> <span class='ocrx_word' id='word_1_113' title='bbox 259 1631 287 1654; x_wconf 88' lang='lat' dir='ltr'><strong>et</strong></span> 
     </span>
    </p>
   </div>
   <div class='ocr_carea' id='block_1_44' title="bbox 102 1660 237 1689">
    <p class='ocr_par' dir='ltr' id='par_1_44' title="bbox 102 1660 237 1689">
     <span class='ocr_line' id='line_1_44' title="bbox 102 1660 237 1689; baseline 0.022 -3"><span class='ocrx_word' id='word_1_114' title='bbox 102 1660 219 1689; x_wconf 78' lang='lat' dir='ltr'><strong>dixerunt</strong></span> <span class='ocrx_word' id='word_1_115' title='bbox 230 1671 237 1688; x_wconf 85' lang='lat'><strong>:</strong></span> 
     </span>
    </p>
   </div>
   <div class='ocr_carea' id='block_1_45' title="bbox 102 1694 229 1726">
    <p class='ocr_par' dir='ltr' id='par_1_45' title="bbox 102 1694 229 1726">
     <span class='ocr_line' id='line_1_45' title="bbox 102 1694 229 1726; baseline 0.008 -4"><span class='ocrx_word' id='word_1_116' title='bbox 102 1694 229 1726; x_wconf 64' lang='lat' dir='ltr'><strong>Iohannes</strong></span> 
     </span>
    </p>
   </div>
   <div class='ocr_carea' id='block_1_46' title="bbox 103 1730 273 1766">
    <p class='ocr_par' dir='ltr' id='par_1_46' title="bbox 103 1730 273 1766">
     <span class='ocr_line' id='line_1_46' title="bbox 103 1730 273 1766; baseline 0.018 -9"><span class='ocrx_word' id='word_1_117' title='bbox 103 1730 211 1766; x_wconf 83' lang='lat' dir='ltr'><strong>Baptista</strong></span> <span class='ocrx_word' id='word_1_118' title='bbox 224 1733 273 1760; x_wconf 82' lang='lat' dir='ltr'><strong>mi-</strong></span> 
     </span>
    </p>
   </div>
   <div class='ocr_carea' id='block_1_47' title="bbox 101 1767 329 1802">
    <p class='ocr_par' dir='ltr' id='par_1_47' title="bbox 101 1767 329 1802">
     <span class='ocr_line' id='line_1_47' title="bbox 101 1767 329 1802; baseline 0.013 -9"><span class='ocrx_word' id='word_1_119' title='bbox 101 1767 133 1802; x_wconf 66' lang='lat' dir='ltr'><strong>git</strong></span> <span class='ocrx_word' id='word_1_120' title='bbox 146 1776 202 1802; x_wconf 87' lang='lat' dir='ltr'><strong>nos,</strong></span> <span class='ocrx_word' id='word_1_121' title='bbox 216 1768 309 1796; x_wconf 85' lang='lat' dir='ltr'><strong>dicens</strong></span> <span class='ocrx_word' id='word_1_122' title='bbox 322 1775 329 1793; x_wconf 83' lang='lat'><strong>:</strong></span> 
     </span>
    </p>
   </div>
   <div class='ocr_carea' id='block_1_48' title="bbox 101 1801 325 1840">
    <p class='ocr_par' dir='ltr' id='par_1_48' title="bbox 101 1801 325 1840">
     <span class='ocr_line' id='line_1_48' title="bbox 101 1801 325 1840; baseline 0.004 -11"><span class='ocrx_word' id='word_1_123' title='bbox 101 1801 135 1829; x_wconf 85' lang='lat' dir='ltr'><strong>Tu</strong></span> <span class='ocrx_word' id='word_1_124' title='bbox 150 1811 187 1837; x_wconf 89' lang='lat' dir='ltr'><strong>es,</strong></span> <span class='ocrx_word' id='word_1_125' title='bbox 196 1801 246 1840; x_wconf 78' lang='lat' dir='ltr'><strong>qui</strong></span> <span class='ocrx_word' id='word_1_126' title='bbox 259 1811 325 1831; x_wconf 85' lang='lat' dir='ltr'><strong>ven-</strong></span> 
     </span>
    </p>
   </div>
   <div class='ocr_carea' id='block_1_49' title="bbox 101 1842 269 1873">
    <p class='ocr_par' dir='ltr' id='par_1_49' title="bbox 101 1842 269 1873">
     <span class='ocr_line' id='line_1_49' title="bbox 101 1842 269 1873; baseline 0.018 -9"><span class='ocrx_word' id='word_1_127' title='bbox 101 1842 169 1866; x_wconf 86' lang='lat' dir='ltr'><strong>turus</strong></span> <span class='ocrx_word' id='word_1_128' title='bbox 182 1847 221 1873; x_wconf 84' lang='lat' dir='ltr'><strong>es,</strong></span> <span class='ocrx_word' id='word_1_129' title='bbox 236 1848 269 1867; x_wconf 84' lang='lat' dir='ltr'><strong>an</strong></span> 
     </span>
    </p>
   </div>
   <div class='ocr_carea' id='block_1_50' title="bbox 100 1874 283 1910">
    <p class='ocr_par' dir='ltr' id='par_1_50' title="bbox 100 1874 283 1910">
     <span class='ocr_line' id='line_1_50' title="bbox 100 1874 283 1910; baseline 0.016 -10"><span class='ocrx_word' id='word_1_130' title='bbox 100 1874 172 1910; x_wconf 70' lang='lat' dir='ltr'><strong>illum</strong></span> <span class='ocrx_word' id='word_1_131' title='bbox 186 1883 283 1910; x_wconf 81' lang='lat' dir='ltr'><strong>expec-</strong></span> 
     </span>
    </p>
   </div>
   <div class='ocr_carea' id='block_1_51' title="bbox 99 1908 382 1939">
    <p class='ocr_par' dir='ltr' id='par_1_51' title="bbox 99 1908 382 1939">
     <span class='ocr_line' id='line_1_51' title="bbox 99 1908 382 1939; baseline 0.014 -5"><span class='ocrx_word' id='word_1_132' title='bbox 99 1908 138 1935; x_wconf 70' lang='grc'><strong>21.</strong></span> <span class='ocrx_word' id='word_1_133' title='bbox 158 1908 263 1939; x_wconf 74' lang='lat' dir='ltr'><strong>tamus?</strong></span> <span class='ocrx_word' id='word_1_134' title='bbox 279 1910 382 1938; x_wconf 88' lang='lat' dir='ltr'><strong>Eadem</strong></span> 
     </span>
    </p>
   </div>
   <div class='ocr_carea' id='block_1_52' title="bbox 99 1942 306 1982">
    <p class='ocr_par' dir='ltr' id='par_1_52' title="bbox 99 1942 306 1982">
     <span class='ocr_line' id='line_1_52' title="bbox 99 1942 306 1982; baseline 0 0"><span class='ocrx_word' id='word_1_135' title='bbox 99 1942 157 1982; x_wconf 71' lang='lat' dir='ltr'><strong>twn</strong></span> <span class='ocrx_word' id='word_1_136' title='bbox 171 1945 208 1982; x_wconf 69' lang='grc' dir='ltr'><strong>(ι)</strong></span> <span class='ocrx_word' id='word_1_137' title='bbox 223 1954 306 1974; x_wconf 79' lang='lat' dir='ltr'><strong>cura-</strong></span> 
     </span>
    </p>
   </div>
   <div class='ocr_carea' id='block_1_53' title="bbox 99 1980 279 2016">
    <p class='ocr_par' dir='ltr' id='par_1_53' title="bbox 99 1980 279 2016">
     <span class='ocr_line' id='line_1_53' title="bbox 99 1980 279 2016; baseline 0.011 -8"><span class='ocrx_word' id='word_1_138' title='bbox 99 1980 138 2008; x_wconf 80' lang='lat' dir='ltr'><strong>bat</strong></span> <span class='ocrx_word' id='word_1_139' title='bbox 149 1981 168 2016; x_wconf 59' lang='lat'><strong>1-</strong></span> <span class='ocrx_word' id='word_1_140' title='bbox 176 1980 279 2010; x_wconf 77' lang='lat' dir='ltr'><strong>multos</strong></span> 
     </span>
    </p>
   </div>
   <div class='ocr_carea' id='block_1_54' title="bbox 503 238 672 274">
    <p class='ocr_par' dir='ltr' id='par_1_54' title="bbox 503 238 672 274">
     <span class='ocr_line' id='line_1_54' title="bbox 503 238 672 274; baseline 0.018 -9"><span class='ocrx_word' id='word_1_141' title='bbox 503 245 519 265; x_wconf 89' lang='lat' dir='ltr'><strong>a</strong></span> <span class='ocrx_word' id='word_1_142' title='bbox 534 238 672 274; x_wconf 76' lang='lat' dir='ltr'><strong>languori-</strong></span> 
     </span>
    </p>
   </div>
   <div class='ocr_carea' id='block_1_55' title="bbox 503 276 681 308">
    <p class='ocr_par' dir='ltr' id='par_1_55' title="bbox 503 276 681 308">
     <span class='ocr_line' id='line_1_55' title="bbox 503 276 681 308; baseline -0.006 -4"><span class='ocrx_word' id='word_1_143' title='bbox 503 276 563 308; x_wconf 86' lang='lat' dir='ltr'><strong>bus,</strong></span> <span class='ocrx_word' id='word_1_144' title='bbox 578 281 607 304; x_wconf 87' lang='lat' dir='ltr'><strong>et</strong></span> <span class='ocrx_word' id='word_1_145' title='bbox 621 283 681 304; x_wconf 86' lang='lat' dir='ltr'><strong>ver-</strong></span> 
     </span>
    </p>
   </div>
   <div class='ocr_carea' id='block_1_56' title="bbox 503 312 667 344">
    <p class='ocr_par' dir='ltr' id='par_1_56' title="bbox 503 312 667 344">
     <span class='ocr_line' id='line_1_56' title="bbox 503 312 667 344; baseline 0 -5"><span class='ocrx_word' id='word_1_146' title='bbox 503 312 622 344; x_wconf 87' lang='lat' dir='ltr'><strong>beribus,</strong></span> <span class='ocrx_word' id='word_1_147' title='bbox 639 316 667 340; x_wconf 89' lang='lat' dir='ltr'><strong>et</strong></span> 
     </span>
    </p>
   </div>
   <div class='ocr_carea' id='block_1_57' title="bbox 504 348 643 382">
    <p class='ocr_par' dir='ltr' id='par_1_57' title="bbox 504 348 643 382">
     <span class='ocr_line' id='line_1_57' title="bbox 504 348 643 382; baseline 0 -8"><span class='ocrx_word' id='word_1_148' title='bbox 504 348 643 382; x_wconf 79' lang='lat' dir='ltr'><strong>spiritibus</strong></span> 
     </span>
    </p>
   </div>
   <div class='ocr_carea' id='block_1_58' title="bbox 504 384 643 418">
    <p class='ocr_par' dir='ltr' id='par_1_58' title="bbox 504 384 643 418">
     <span class='ocr_line' id='line_1_58' title="bbox 504 384 643 418; baseline 0 -8"><span class='ocrx_word' id='word_1_149' title='bbox 504 384 643 418; x_wconf 81' lang='lat' dir='ltr'><strong>malignis:</strong></span> 
     </span>
    </p>
   </div>
   <div class='ocr_carea' id='block_1_59' title="bbox 504 417 717 446">
    <p class='ocr_par' dir='ltr' id='par_1_59' title="bbox 504 417 717 446">
     <span class='ocr_line' id='line_1_59' title="bbox 504 417 717 446; baseline -0.014 -1"><span class='ocrx_word' id='word_1_150' title='bbox 504 424 530 446; x_wconf 91' lang='lat' dir='ltr'><strong>et</strong></span> <span class='ocrx_word' id='word_1_151' title='bbox 545 417 633 446; x_wconf 80' lang='lat' dir='ltr'><strong>caecis</strong></span> <span class='ocrx_word' id='word_1_152' title='bbox 650 417 717 444; x_wconf 83' lang='lat' dir='ltr'><strong>mul-</strong></span> 
     </span>
    </p>
   </div>
   <div class='ocr_carea' id='block_1_60' title="bbox 504 455 663 481">
    <p class='ocr_par' dir='ltr' id='par_1_60' title="bbox 504 455 663 481">
     <span class='ocr_line' id='line_1_60' title="bbox 504 455 663 481; baseline -0.006 0"><span class='ocrx_word' id='word_1_153' title='bbox 504 455 537 481; x_wconf 88' lang='lat' dir='ltr'><strong>tis</strong></span> <span class='ocrx_word' id='word_1_154' title='bbox 554 455 663 481; x_wconf 77' lang='lat' dir='ltr'><strong>donavit</strong></span> 
     </span>
    </p>
   </div>
   <div class='ocr_carea' id='block_1_61' title="bbox 503 488 830 516">
    <p class='ocr_par' dir='ltr' id='par_1_61' title="bbox 503 488 830 516">
     <span class='ocr_line' id='line_1_61' title="bbox 503 488 830 516; baseline -0.003 0"><span class='ocrx_word' id='word_1_155' title='bbox 503 490 548 516; x_wconf 74' lang='lat'><strong>‘22.</strong></span> <span class='ocrx_word' id='word_1_156' title='bbox 571 491 667 516; x_wconf 79' lang='lat' dir='ltr'><strong>visum.</strong></span> <span class='ocrx_word' id='word_1_157' title='bbox 685 488 789 515; x_wconf 78' lang='lat' dir='ltr'><strong>Etres-</strong></span> <span class='ocrx_word' id='word_1_158' title='bbox 826 508 830 511; x_wconf 85' lang='lat'><strong><em>.</em></strong></span> 
     </span>
    </p>
   </div>
   <div class='ocr_carea' id='block_1_62' title="bbox 503 525 695 560">
    <p class='ocr_par' dir='ltr' id='par_1_62' title="bbox 503 525 695 560">
     <span class='ocr_line' id='line_1_62' title="bbox 503 525 695 560; baseline 0 -8"><span class='ocrx_word' id='word_1_159' title='bbox 503 525 637 560; x_wconf 80' lang='lat' dir='ltr'><strong>ponderis,</strong></span> <span class='ocrx_word' id='word_1_160' title='bbox 653 525 695 552; x_wconf 93' lang='lat' dir='ltr'><strong>di-</strong></span> 
     </span>
    </p>
   </div>
   <div class='ocr_carea' id='block_1_63' title="bbox 505 560 723 589">
    <p class='ocr_par' dir='ltr' id='par_1_63' title="bbox 505 560 723 589">
     <span class='ocr_line' id='line_1_63' title="bbox 505 560 723 589; baseline -0.005 -1"><span class='ocrx_word' id='word_1_161' title='bbox 505 560 546 588; x_wconf 86' lang='lat' dir='ltr'><strong>xit</strong></span> <span class='ocrx_word' id='word_1_162' title='bbox 559 561 612 589; x_wconf 88' lang='lat' dir='ltr'><strong>illis</strong></span> <span class='ocrx_word' id='word_1_163' title='bbox 625 569 632 588; x_wconf 93' lang='lat'>:</span> <span class='ocrx_word' id='word_1_164' title='bbox 646 560 723 588; x_wconf 85' lang='lat' dir='ltr'><strong>Eun-</strong></span> 
     </span>
    </p>
   </div>
   <div class='ocr_carea' id='block_1_64' title="bbox 504 600 657 624">
    <p class='ocr_par' dir='ltr' id='par_1_64' title="bbox 504 600 657 624">
     <span class='ocr_line' id='line_1_64' title="bbox 504 600 657 624; baseline 0 -1"><span class='ocrx_word' id='word_1_165' title='bbox 504 600 544 624; x_wconf 88' lang='lat' dir='ltr'><strong>tes</strong></span> <span class='ocrx_word' id='word_1_166' title='bbox 555 604 603 624; x_wconf 88' lang='lat' dir='ltr'><strong>ren</strong></span> <span class='ocrx_word' id='word_1_167' title='bbox 607 604 624 623; x_wconf 78' lang='lat' dir='ltr'><strong>ll</strong></span> <span class='ocrx_word' id='word_1_168' title='bbox 628 604 657 623; x_wconf 95' lang='lat' dir='ltr'><strong>n-</strong></span> 
     </span>
    </p>
   </div>
   <div class='ocr_carea' id='block_1_65' title="bbox 505 631 685 659">
    <p class='ocr_par' dir='ltr' id='par_1_65' title="bbox 505 631 685 659">
     <span class='ocr_line' id='line_1_65' title="bbox 505 631 685 659; baseline 0.006 -1"><span class='ocrx_word' id='word_1_169' title='bbox 505 631 569 659; x_wconf 89' lang='lat' dir='ltr'><strong>tiate</strong></span> <span class='ocrx_word' id='word_1_170' title='bbox 583 632 685 659; x_wconf 82' lang='lat' dir='ltr'><strong>Johan-</strong></span> 
     </span>
    </p>
   </div>
   <div class='ocr_carea' id='block_1_66' title="bbox 490 667 722 702">
    <p class='ocr_par' dir='ltr' id='par_1_66' title="bbox 490 667 722 702">
     <span class='ocr_line' id='line_1_66' title="bbox 490 667 722 702; baseline 0 -8"><span class='ocrx_word' id='word_1_171' title='bbox 490 667 542 700; x_wconf 88' lang='lat' dir='ltr'><strong>&#39;ni,</strong></span> <span class='ocrx_word' id='word_1_172' title='bbox 558 675 626 702; x_wconf 87' lang='lat' dir='ltr'><strong>quae</strong></span> <span class='ocrx_word' id='word_1_173' title='bbox 640 667 722 694; x_wconf 90' lang='lat' dir='ltr'><strong>vidis-</strong></span> 
     </span>
    </p>
   </div>
   <div class='ocr_carea' id='block_1_67' title="bbox 504 702 696 735">
    <p class='ocr_par' dir='ltr' id='par_1_67' title="bbox 504 702 696 735">
     <span class='ocr_line' id='line_1_67' title="bbox 504 702 696 735; baseline 0.005 -7"><span class='ocrx_word' id='word_1_174' title='bbox 504 702 547 735; x_wconf 91' lang='lat' dir='ltr'><strong>tis,</strong></span> <span class='ocrx_word' id='word_1_175' title='bbox 562 707 589 730; x_wconf 84' lang='lat' dir='ltr'><strong>et</strong></span> <span class='ocrx_word' id='word_1_176' title='bbox 604 703 696 730; x_wconf 82' lang='lat' dir='ltr'><strong>audis-</strong></span> 
     </span>
    </p>
   </div>
   <div class='ocr_carea' id='block_1_68' title="bbox 503 737 708 766">
    <p class='ocr_par' dir='ltr' id='par_1_68' title="bbox 503 737 708 766">
     <span class='ocr_line' id='line_1_68' title="bbox 503 737 708 766; baseline 0 -2"><span class='ocrx_word' id='word_1_177' title='bbox 503 737 537 765; x_wconf 92' lang='lat' dir='ltr'><strong>tis</strong></span> <span class='ocrx_word' id='word_1_178' title='bbox 554 747 561 765; x_wconf 91' lang='lat'>:</span> <span class='ocrx_word' id='word_1_179' title='bbox 575 738 654 766; x_wconf 85' lang='lat' dir='ltr'><strong>Caeci</strong></span> <span class='ocrx_word' id='word_1_180' title='bbox 670 738 708 764; x_wconf 96' lang='lat' dir='ltr'><strong>vi-</strong></span> 
     </span>
    </p>
   </div>
   <div class='ocr_carea' id='block_1_69' title="bbox 503 772 664 807">
    <p class='ocr_par' dir='ltr' id='par_1_69' title="bbox 503 772 664 807">
     <span class='ocr_line' id='line_1_69' title="bbox 503 772 664 807; baseline 0 -7"><span class='ocrx_word' id='word_1_181' title='bbox 503 772 579 807; x_wconf 85' lang='lat' dir='ltr'><strong>dent,</strong></span> <span class='ocrx_word' id='word_1_182' title='bbox 594 773 664 801; x_wconf 92' lang='lat' dir='ltr'><strong>clodi</strong></span> 
     </span>
    </p>
   </div>
   <div class='ocr_carea' id='block_1_70' title="bbox 503 809 652 841">
    <p class='ocr_par' dir='ltr' id='par_1_70' title="bbox 503 809 652 841">
     <span class='ocr_line' id='line_1_70' title="bbox 503 809 652 841; baseline 0.007 -6"><span class='ocrx_word' id='word_1_183' title='bbox 503 809 652 841; x_wconf 82' lang='lat' dir='ltr'><strong>ambulant,</strong></span> 
     </span>
    </p>
   </div>
   <div class='ocr_carea' id='block_1_71' title="bbox 504 843 683 879">
    <p class='ocr_par' dir='ltr' id='par_1_71' title="bbox 504 843 683 879">
     <span class='ocr_line' id='line_1_71' title="bbox 504 843 683 879; baseline 0.006 -9"><span class='ocrx_word' id='word_1_184' title='bbox 504 843 605 879; x_wconf 89' lang='lat' dir='ltr'><strong>leprosi</strong></span> <span class='ocrx_word' id='word_1_185' title='bbox 620 852 683 879; x_wconf 88' lang='lat' dir='ltr'><strong>pur-</strong></span> 
     </span>
    </p>
   </div>
   <div class='ocr_carea' id='block_1_72' title="bbox 503 885 686 914">
    <p class='ocr_par' dir='ltr' id='par_1_72' title="bbox 503 885 686 914">
     <span class='ocr_line' id='line_1_72' title="bbox 503 885 686 914; baseline 0 -7"><span class='ocrx_word' id='word_1_186' title='bbox 503 885 611 914; x_wconf 78' lang='lat' dir='ltr'><strong>gantur,</strong></span> <span class='ocrx_word' id='word_1_187' title='bbox 626 887 686 907; x_wconf 90' lang='lat' dir='ltr'><strong>sur-</strong></span> 
     </span>
    </p>
   </div>
   <div class='ocr_carea' id='block_1_73' title="bbox 503 915 667 948">
    <p class='ocr_par' dir='ltr' id='par_1_73' title="bbox 503 915 667 948">
     <span class='ocr_line' id='line_1_73' title="bbox 503 915 667 948; baseline -0.006 -5"><span class='ocrx_word' id='word_1_188' title='bbox 503 915 530 942; x_wconf 91' lang='lat' dir='ltr'><strong>di</strong></span> <span class='ocrx_word' id='word_1_189' title='bbox 544 916 667 948; x_wconf 85' lang='lat' dir='ltr'><strong>audiunt,</strong></span> 
     </span>
    </p>
   </div>
   <div class='ocr_carea' id='block_1_74' title="bbox 504 951 660 978">
    <p class='ocr_par' dir='ltr' id='par_1_74' title="bbox 504 951 660 978">
     <span class='ocr_line' id='line_1_74' title="bbox 504 951 660 978; baseline 0 0"><span class='ocrx_word' id='word_1_190' title='bbox 504 951 603 978; x_wconf 90' lang='lat' dir='ltr'><strong>mortui</strong></span> <span class='ocrx_word' id='word_1_191' title='bbox 616 959 660 978; x_wconf 89' lang='lat' dir='ltr'><strong>re-</strong></span> 
     </span>
    </p>
   </div>
   <div class='ocr_carea' id='block_1_75' title="bbox 503 991 707 1022">
    <p class='ocr_par' dir='ltr' id='par_1_75' title="bbox 503 991 707 1022">
     <span class='ocr_line' id='line_1_75' title="bbox 503 991 707 1022; baseline 0 -9"><span class='ocrx_word' id='word_1_192' title='bbox 503 991 625 1022; x_wconf 80' lang='lat' dir='ltr'><strong>surgent,</strong></span> <span class='ocrx_word' id='word_1_193' title='bbox 642 993 707 1019; x_wconf 87' lang='lat' dir='ltr'><strong>pau-</strong></span> 
     </span>
    </p>
   </div>
   <div class='ocr_carea' id='block_1_76' title="bbox 503 1029 677 1056">
    <p class='ocr_par' dir='ltr' id='par_1_76' title="bbox 503 1029 677 1056">
     <span class='ocr_line' id='line_1_76' title="bbox 503 1029 677 1056; baseline -0.006 -7"><span class='ocrx_word' id='word_1_194' title='bbox 503 1029 582 1056; x_wconf 87' lang='lat' dir='ltr'><strong>peres</strong></span> <span class='ocrx_word' id='word_1_195' title='bbox 595 1030 677 1049; x_wconf 84' lang='lat' dir='ltr'><strong>evan-</strong></span> 
     </span>
    </p>
   </div>
   <div class='ocr_carea' id='block_1_77' title="bbox 501 1058 673 1091">
    <p class='ocr_par' dir='ltr' id='par_1_77' title="bbox 501 1058 673 1091">
     <span class='ocr_line' id='line_1_77' title="bbox 501 1058 673 1091; baseline 0.006 -8"><span class='ocrx_word' id='word_1_196' title='bbox 501 1058 651 1091; x_wconf 77' lang='lat' dir='ltr'><strong>gelizautur</strong></span> <span class='ocrx_word' id='word_1_197' title='bbox 667 1066 673 1084; x_wconf 91' lang='lat'><strong>:</strong></span> 
     </span>
    </p>
   </div>
   <div class='ocr_carea' id='block_1_78' title="bbox 503 1093 716 1125">
    <p class='ocr_par' dir='ltr' id='par_1_78' title="bbox 503 1093 716 1125">
     <span class='ocr_line' id='line_1_78' title="bbox 503 1093 716 1125; baseline 0 -6"><span class='ocrx_word' id='word_1_198' title='bbox 503 1093 548 1119; x_wconf 71' lang='lat'><strong>23.</strong></span> <span class='ocrx_word' id='word_1_199' title='bbox 571 1097 607 1125; x_wconf 86' lang='lat' dir='ltr'><strong>et,</strong></span> <span class='ocrx_word' id='word_1_200' title='bbox 622 1093 716 1120; x_wconf 89' lang='lat' dir='ltr'><strong>beatus</strong></span> 
     </span>
    </p>
   </div>
   <div class='ocr_carea' id='block_1_79' title="bbox 504 1128 704 1163">
    <p class='ocr_par' dir='ltr' id='par_1_79' title="bbox 504 1128 704 1163">
     <span class='ocr_line' id='line_1_79' title="bbox 504 1128 704 1163; baseline 0 -8"><span class='ocrx_word' id='word_1_201' title='bbox 504 1128 566 1161; x_wconf 91' lang='lat' dir='ltr'><strong>erit,</strong></span> <span class='ocrx_word' id='word_1_202' title='bbox 582 1128 704 1163; x_wconf 90' lang='lat' dir='ltr'><strong>quicum-</strong></span> 
     </span>
    </p>
   </div>
   <div class='ocr_carea' id='block_1_80' title="bbox 524 1171 720 1191">
    <p class='ocr_par' dir='ltr' id='par_1_80' title="bbox 524 1171 720 1191">
     <span class='ocr_line' id='line_1_80' title="bbox 524 1171 720 1191; baseline 0.005 -1"><span class='ocrx_word' id='word_1_203' title='bbox 524 1171 557 1190; x_wconf 77' lang='lat' dir='ltr'><strong>lle</strong></span> <span class='ocrx_word' id='word_1_204' title='bbox 572 1172 625 1191; x_wconf 86' lang='lat' dir='ltr'><strong>non</strong></span> <span class='ocrx_word' id='word_1_205' title='bbox 640 1171 720 1191; x_wconf 88' lang='lat' dir='ltr'><strong>scan—</strong></span> 
     </span>
    </p>
   </div>
   <div class='ocr_carea' id='block_1_81' title="bbox 522 1199 664 1227">
    <p class='ocr_par' dir='ltr' id='par_1_81' title="bbox 522 1199 664 1227">
     <span class='ocr_line' id='line_1_81' title="bbox 522 1199 664 1227; baseline 0 -1"><span class='ocrx_word' id='word_1_206' title='bbox 522 1199 664 1227; x_wconf 83' lang='lat' dir='ltr'><strong>alizabitur</strong></span> 
     </span>
    </p>
   </div>
   <div class='ocr_carea' id='block_1_82' title="bbox 505 1234 599 1262">
    <p class='ocr_par' dir='ltr' id='par_1_82' title="bbox 505 1234 599 1262">
     <span class='ocr_line' id='line_1_82' title="bbox 505 1234 599 1262; baseline 0 0"><span class='ocrx_word' id='word_1_207' title='bbox 505 1234 532 1262; x_wconf 92' lang='lat' dir='ltr'><strong>in</strong></span> <span class='ocrx_word' id='word_1_208' title='bbox 546 1243 599 1262; x_wconf 91' lang='lat' dir='ltr'><strong>me.</strong></span> 
     </span>
    </p>
   </div>
   <div class='ocr_carea' id='block_1_83' title="bbox 503 1269 759 1305">
    <p class='ocr_par' dir='ltr' id='par_1_83' title="bbox 503 1269 759 1305">
     <span class='ocr_line' id='line_1_83' title="bbox 503 1269 759 1305; baseline 0 -8"><span class='ocrx_word' id='word_1_209' title='bbox 503 1270 548 1297; x_wconf 73' lang='grc'><strong>24.</strong></span> <span class='ocrx_word' id='word_1_210' title='bbox 569 1270 691 1305; x_wconf 84' lang='lat' dir='ltr'><strong>Cumque</strong></span> <span class='ocrx_word' id='word_1_211' title='bbox 705 1269 759 1297; x_wconf 89' lang='lat' dir='ltr'><strong>dis-</strong></span> 
     </span>
    </p>
   </div>
   <div class='ocr_carea' id='block_1_84' title="bbox 504 1306 652 1333">
    <p class='ocr_par' dir='ltr' id='par_1_84' title="bbox 504 1306 652 1333">
     <span class='ocr_line' id='line_1_84' title="bbox 504 1306 652 1333; baseline -0.007 0"><span class='ocrx_word' id='word_1_212' title='bbox 504 1306 652 1333; x_wconf 75' lang='lat' dir='ltr'><strong>cessissent</strong></span> 
     </span>
    </p>
   </div>
   <div class='ocr_carea' id='block_1_85' title="bbox 506 1341 706 1369">
    <p class='ocr_par' dir='ltr' id='par_1_85' title="bbox 506 1341 706 1369">
     <span class='ocr_line' id='line_1_85' title="bbox 506 1341 706 1369; baseline -0.005 0"><span class='ocrx_word' id='word_1_213' title='bbox 506 1342 591 1369; x_wconf 85' lang='lat' dir='ltr'><strong>nuntii</strong></span> <span class='ocrx_word' id='word_1_214' title='bbox 604 1341 706 1369; x_wconf 81' lang='lat' dir='ltr'><strong>Johan-</strong></span> 
     </span>
    </p>
   </div>
   <div class='ocr_carea' id='block_1_86' title="bbox 507 1376 662 1412">
    <p class='ocr_par' dir='ltr' id='par_1_86' title="bbox 507 1376 662 1412">
     <span class='ocr_line' id='line_1_86' title="bbox 507 1376 662 1412; baseline 0 -8"><span class='ocrx_word' id='word_1_215' title='bbox 507 1377 560 1409; x_wconf 84' lang='lat' dir='ltr'><strong>nis,</strong></span> <span class='ocrx_word' id='word_1_216' title='bbox 572 1376 662 1412; x_wconf 72' lang='lat' dir='ltr'><strong>coepit.</strong></span> 
     </span>
    </p>
   </div>
   <div class='ocr_carea' id='block_1_87' title="bbox 508 1413 647 1439">
    <p class='ocr_par' dir='ltr' id='par_1_87' title="bbox 508 1413 647 1439">
     <span class='ocr_line' id='line_1_87' title="bbox 508 1413 647 1439; baseline 0 0"><span class='ocrx_word' id='word_1_217' title='bbox 508 1413 599 1439; x_wconf 92' lang='lat' dir='ltr'><strong>dicere</strong></span> <span class='ocrx_word' id='word_1_218' title='bbox 613 1415 647 1439; x_wconf 87' lang='lat' dir='ltr'><strong>de</strong></span> 
     </span>
    </p>
   </div>
   <div class='ocr_carea' id='block_1_88' title="bbox 504 1448 646 1475">
    <p class='ocr_par' dir='ltr' id='par_1_88' title="bbox 504 1448 646 1475">
     <span class='ocr_line' id='line_1_88' title="bbox 504 1448 646 1475; baseline -0.021 0"><span class='ocrx_word' id='word_1_219' title='bbox 504 1448 646 1475; x_wconf 83' lang='lat' dir='ltr'><strong>.lohaunen</strong></span> 
     </span>
    </p>
   </div>
   <div class='ocr_carea' id='block_1_89' title="bbox 503 1483 667 1510">
    <p class='ocr_par' dir='ltr' id='par_1_89' title="bbox 503 1483 667 1510">
     <span class='ocr_line' id='line_1_89' title="bbox 503 1483 667 1510; baseline -0.012 0"><span class='ocrx_word' id='word_1_220' title='bbox 503 1483 537 1510; x_wconf 87' lang='lat' dir='ltr'><strong>ad</strong></span> <span class='ocrx_word' id='word_1_221' title='bbox 554 1483 645 1510; x_wconf 88' lang='lat' dir='ltr'><strong>turbas</strong></span> <span class='ocrx_word' id='word_1_222' title='bbox 661 1492 667 1508; x_wconf 90' lang='lat'><strong>:</strong></span> 
     </span>
    </p>
   </div>
   <div class='ocr_carea' id='block_1_90' title="bbox 503 1518 681 1552">
    <p class='ocr_par' dir='ltr' id='par_1_90' title="bbox 503 1518 681 1552">
     <span class='ocr_line' id='line_1_90' title="bbox 503 1518 681 1552; baseline 0.011 -8"><span class='ocrx_word' id='word_1_223' title='bbox 503 1518 573 1552; x_wconf 89' lang='lat' dir='ltr'><strong>Quid</strong></span> <span class='ocrx_word' id='word_1_224' title='bbox 588 1518 681 1546; x_wconf 77' lang='lat' dir='ltr'><strong>existis</strong></span> 
     </span>
    </p>
   </div>
   <div class='ocr_carea' id='block_1_91' title="bbox 503 1554 655 1582">
    <p class='ocr_par' dir='ltr' id='par_1_91' title="bbox 503 1554 655 1582">
     <span class='ocr_line' id='line_1_91' title="bbox 503 1554 655 1582; baseline 0 -1"><span class='ocrx_word' id='word_1_225' title='bbox 503 1554 531 1581; x_wconf 92' lang='lat' dir='ltr'><strong>in</strong></span> <span class='ocrx_word' id='word_1_226' title='bbox 547 1554 655 1582; x_wconf 91' lang='lat' dir='ltr'><strong>deserto</strong></span> 
     </span>
    </p>
   </div>
   <div class='ocr_carea' id='block_1_92' title="bbox 505 1589 678 1617">
    <p class='ocr_par' dir='ltr' id='par_1_92' title="bbox 505 1589 678 1617">
     <span class='ocr_line' id='line_1_92' title="bbox 505 1589 678 1617; baseline 0 -1"><span class='ocrx_word' id='word_1_227' title='bbox 505 1589 618 1617; x_wconf 83' lang='lat' dir='ltr'><strong>videre?</strong></span> <span class='ocrx_word' id='word_1_228' title='bbox 630 1590 678 1616; x_wconf 85' lang='lat' dir='ltr'><strong>ha-</strong></span> 
     </span>
    </p>
   </div>
   <div class='ocr_carea' id='block_1_93' title="bbox 505 1625 647 1653">
    <p class='ocr_par' dir='ltr' id='par_1_93' title="bbox 505 1625 647 1653">
     <span class='ocr_line' id='line_1_93' title="bbox 505 1625 647 1653; baseline 0.007 -1"><span class='ocrx_word' id='word_1_229' title='bbox 505 1625 647 1653; x_wconf 89' lang='lat' dir='ltr'><strong>rundinem</strong></span> 
     </span>
    </p>
   </div>
   <div class='ocr_carea' id='block_1_94' title="bbox 505 1666 682 1689">
    <p class='ocr_par' dir='ltr' id='par_1_94' title="bbox 505 1666 682 1689">
     <span class='ocr_line' id='line_1_94' title="bbox 505 1666 682 1689; baseline 0.006 -2"><span class='ocrx_word' id='word_1_230' title='bbox 505 1669 518 1687; x_wconf 74' lang='lat' dir='ltr'>ﬂ</span> <span class='ocrx_word' id='word_1_231' title='bbox 535 1666 615 1689; x_wconf 86' lang='lat' dir='ltr'><strong>vento</strong></span> <span class='ocrx_word' id='word_1_232' title='bbox 625 1668 682 1688; x_wconf 87' lang='lat' dir='ltr'><strong>mo-</strong></span> 
     </span>
    </p>
   </div>
   <div class='ocr_carea' id='block_1_95' title="bbox 503 1696 824 1731">
    <p class='ocr_par' dir='ltr' id='par_1_95' title="bbox 503 1696 824 1731">
     <span class='ocr_line' id='line_1_95' title="bbox 503 1696 824 1731; baseline -0.003 -7"><span class='ocrx_word' id='word_1_233' title='bbox 503 1697 549 1724; x_wconf 68' lang='grc'><strong>25.</strong></span> <span class='ocrx_word' id='word_1_234' title='bbox 572 1698 629 1724; x_wconf 90' lang='lat' dir='ltr'><strong>veri</strong></span> <span class='ocrx_word' id='word_1_235' title='bbox 643 1697 674 1723; x_wconf 88' lang='lat'><strong>?&#39;</strong></span> <span class='ocrx_word' id='word_1_236' title='bbox 692 1696 744 1724; x_wconf 87' lang='lat' dir='ltr'><strong>Sed</strong></span> <span class='ocrx_word' id='word_1_237' title='bbox 760 1696 824 1731; x_wconf 87' lang='lat' dir='ltr'><strong>quid</strong></span> 
     </span>
    </p>
   </div>
   <div class='ocr_carea' id='block_1_96' title="bbox 505 1732 684 1760">
    <p class='ocr_par' dir='ltr' id='par_1_96' title="bbox 505 1732 684 1760">
     <span class='ocr_line' id='line_1_96' title="bbox 505 1732 684 1760; baseline 0 0"><span class='ocrx_word' id='word_1_238' title='bbox 505 1732 599 1760; x_wconf 82' lang='lat' dir='ltr'><strong>existis</strong></span> <span class='ocrx_word' id='word_1_239' title='bbox 615 1732 684 1760; x_wconf 88' lang='lat' dir='ltr'><strong>vide-</strong></span> 
     </span>
    </p>
   </div>
   <div class='ocr_carea' id='block_1_97' title="bbox 504 1768 706 1796">
    <p class='ocr_par' dir='ltr' id='par_1_97' title="bbox 504 1768 706 1796">
     <span class='ocr_line' id='line_1_97' title="bbox 504 1768 706 1796; baseline -0.005 0"><span class='ocrx_word' id='word_1_240' title='bbox 504 1768 555 1796; x_wconf 86' lang='lat' dir='ltr'><strong>re?</strong></span> <span class='ocrx_word' id='word_1_241' title='bbox 569 1768 706 1796; x_wconf 86' lang='lat' dir='ltr'><strong>hominem</strong></span> 
     </span>
    </p>
   </div>
   <div class='ocr_carea' id='block_1_98' title="bbox 505 1803 700 1832">
    <p class='ocr_par' dir='ltr' id='par_1_98' title="bbox 505 1803 700 1832">
     <span class='ocr_line' id='line_1_98' title="bbox 505 1803 700 1832; baseline 0.005 -2"><span class='ocrx_word' id='word_1_242' title='bbox 505 1803 632 1830; x_wconf 88' lang='lat' dir='ltr'><strong>tnollibus</strong></span> <span class='ocrx_word' id='word_1_243' title='bbox 640 1811 700 1832; x_wconf 85' lang='lat' dir='ltr'><strong>ves-</strong></span> 
     </span>
    </p>
   </div>
   <div class='ocr_carea' id='block_1_99' title="bbox 506 1839 676 1866">
    <p class='ocr_par' dir='ltr' id='par_1_99' title="bbox 506 1839 676 1866">
     <span class='ocr_line' id='line_1_99' title="bbox 506 1839 676 1866; baseline -0.006 0"><span class='ocrx_word' id='word_1_244' title='bbox 506 1839 625 1866; x_wconf 88' lang='lat' dir='ltr'><strong>timentis</strong></span> <span class='ocrx_word' id='word_1_245' title='bbox 635 1839 676 1866; x_wconf 84' lang='lat' dir='ltr'><strong>in-</strong></span> 
     </span>
    </p>
   </div>
   <div class='ocr_carea' id='block_1_100' title="bbox 504 1874 683 1902">
    <p class='ocr_par' dir='ltr' id='par_1_100' title="bbox 504 1874 683 1902">
     <span class='ocr_line' id='line_1_100' title="bbox 504 1874 683 1902; baseline 0.006 -1"><span class='ocrx_word' id='word_1_246' title='bbox 504 1874 598 1902; x_wconf 88' lang='lat' dir='ltr'><strong>dutqu</strong></span> <span class='ocrx_word' id='word_1_247' title='bbox 609 1875 620 1901; x_wconf 85' lang='lat'><strong>?</strong></span> <span class='ocrx_word' id='word_1_248' title='bbox 633 1875 683 1902; x_wconf 89' lang='lat' dir='ltr'><strong>Ec-</strong></span> 
     </span>
    </p>
   </div>
   <div class='ocr_carea' id='block_1_101' title="bbox 503 1910 723 1945">
    <p class='ocr_par' dir='ltr' id='par_1_101' title="bbox 503 1910 723 1945">
     <span class='ocr_line' id='line_1_101' title="bbox 503 1910 723 1945; baseline 0.009 -8"><span class='ocrx_word' id='word_1_249' title='bbox 503 1917 542 1943; x_wconf 89' lang='lat' dir='ltr'><strong>ce,</strong></span> <span class='ocrx_word' id='word_1_250' title='bbox 560 1910 606 1945; x_wconf 87' lang='lat' dir='ltr'><strong>qui</strong></span> <span class='ocrx_word' id='word_1_251' title='bbox 620 1910 646 1937; x_wconf 88' lang='lat' dir='ltr'><strong>in</strong></span> <span class='ocrx_word' id='word_1_252' title='bbox 664 1918 723 1939; x_wconf 88' lang='lat' dir='ltr'><strong>ves-</strong></span> 
     </span>
    </p>
   </div>
   <div class='ocr_carea' id='block_1_102' title="bbox 503 1947 677 1981">
    <p class='ocr_par' dir='ltr' id='par_1_102' title="bbox 503 1947 677 1981">
     <span class='ocr_line' id='line_1_102' title="bbox 503 1947 677 1981; baseline 0 -9"><span class='ocrx_word' id='word_1_253' title='bbox 503 1950 529 1973; x_wconf 87' lang='lat' dir='ltr'><strong>te</strong></span> <span class='ocrx_word' id='word_1_254' title='bbox 544 1947 677 1981; x_wconf 87' lang='lat' dir='ltr'><strong>praetiosa</strong></span> 
     </span>
    </p>
   </div>
   <div class='ocr_carea' id='block_1_103' title="bbox 502 1981 675 2009">
    <p class='ocr_par' dir='ltr' id='par_1_103' title="bbox 502 1981 675 2009">
     <span class='ocr_line' id='line_1_103' title="bbox 502 1981 675 2009; baseline 0.006 -1"><span class='ocrx_word' id='word_1_255' title='bbox 502 1985 530 2008; x_wconf 85' lang='lat' dir='ltr'><strong>et</strong></span> <span class='ocrx_word' id='word_1_256' title='bbox 544 1982 570 2009; x_wconf 88' lang='lat' dir='ltr'><strong>itt</strong></span> <span class='ocrx_word' id='word_1_257' title='bbox 580 1981 675 2009; x_wconf 86' lang='lat' dir='ltr'><strong>delici-</strong></span> 
     </span>
    </p>
   </div>
   <div class='ocr_carea' id='block_1_104' title="bbox 1686 136 1740 170">
    <p class='ocr_par' dir='ltr' id='par_1_104' title="bbox 1686 136 1740 170">
     <span class='ocr_line' id='line_1_104' title="bbox 1686 136 1740 170; baseline 0.019 -1"><span class='ocrx_word' id='word_1_258' title='bbox 1686 136 1740 170; x_wconf 72' lang='lat'><strong>858</strong></span> 
     </span>
    </p>
   </div>
   <div class='ocr_carea' id='block_1_105' title="bbox 1150 190 1508 221">
    <p class='ocr_par' dir='ltr' id='par_1_105' title="bbox 1150 190 1508 221">
     <span class='ocr_line' id='line_1_105' title="bbox 1150 190 1508 221; baseline -0.003 0"><span class='ocrx_word' id='word_1_259' title='bbox 1150 190 1269 221; x_wconf 76' lang='lat' dir='ltr'><strong>CODEX</strong></span> <span class='ocrx_word' id='word_1_260' title='bbox 1283 190 1508 221; x_wconf 76' lang='lat' dir='ltr'><strong>VERONENSIS.</strong></span> 
     </span>
    </p>
   </div>
   <div class='ocr_carea' id='block_1_106' title="bbox 935 245 1128 273">
    <p class='ocr_par' dir='ltr' id='par_1_106' title="bbox 935 245 1128 273">
     <span class='ocr_line' id='line_1_106' title="bbox 935 245 1128 273; baseline 0 -5"><span class='ocrx_word' id='word_1_261' title='bbox 935 245 1006 273; x_wconf 78' lang='lat' dir='ltr'><strong>tuus.</strong></span> <span class='ocrx_word' id='word_1_262' title='bbox 1023 246 1051 269; x_wconf 90' lang='lat' dir='ltr'><strong>et</strong></span> <span class='ocrx_word' id='word_1_263' title='bbox 1063 247 1128 268; x_wconf 71' lang='lat'><strong>€06-</strong></span> 
     </span>
    </p>
   </div>
   <div class='ocr_carea' id='block_1_107' title="bbox 934 277 1120 311">
    <p class='ocr_par' dir='ltr' id='par_1_107' title="bbox 934 277 1120 311">
     <span class='ocr_line' id='line_1_107' title="bbox 934 277 1120 311; baseline -0.005 -7"><span class='ocrx_word' id='word_1_264' title='bbox 934 278 973 311; x_wconf 90' lang='lat' dir='ltr'><strong>pit</strong></span> <span class='ocrx_word' id='word_1_265' title='bbox 988 277 1071 311; x_wconf 87' lang='lat' dir='ltr'><strong>loqui.</strong></span> <span class='ocrx_word' id='word_1_266' title='bbox 1088 277 1120 304; x_wconf 88' lang='lat' dir='ltr'><strong>Et</strong></span> 
     </span>
    </p>
   </div>
   <div class='ocr_carea' id='block_1_108' title="bbox 933 312 1098 340">
    <p class='ocr_par' dir='ltr' id='par_1_108' title="bbox 933 312 1098 340">
     <span class='ocr_line' id='line_1_108' title="bbox 933 312 1098 340; baseline -0.006 0"><span class='ocrx_word' id='word_1_267' title='bbox 933 312 1008 340; x_wconf 89' lang='lat' dir='ltr'><strong>dedit</strong></span> <span class='ocrx_word' id='word_1_268' title='bbox 1024 313 1098 339; x_wconf 92' lang='lat' dir='ltr'><strong>illum</strong></span> 
     </span>
    </p>
   </div>
   <div class='ocr_carea' id='block_1_109' title="bbox 933 348 1097 383">
    <p class='ocr_par' dir='ltr' id='par_1_109' title="bbox 933 348 1097 383">
     <span class='ocr_line' id='line_1_109' title="bbox 933 348 1097 383; baseline 0 -8"><span class='ocrx_word' id='word_1_269' title='bbox 933 348 1014 375; x_wconf 82' lang='lat' dir='ltr'><strong>matri</strong></span> <span class='ocrx_word' id='word_1_270' title='bbox 1029 348 1097 383; x_wconf 89' lang='lat' dir='ltr'><strong>ejus.</strong></span> 
     </span>
    </p>
   </div>
   <div class='ocr_carea' id='block_1_110' title="bbox 933 383 1214 418">
    <p class='ocr_par' dir='ltr' id='par_1_110' title="bbox 933 383 1214 418">
     <span class='ocr_line' id='line_1_110' title="bbox 933 383 1214 418; baseline -0.004 -8"><span class='ocrx_word' id='word_1_271' title='bbox 933 383 978 410; x_wconf 76' lang='lat'><strong>16.</strong></span> <span class='ocrx_word' id='word_1_272' title='bbox 999 383 1111 418; x_wconf 79' lang='lat' dir='ltr'><strong>Accepit</strong></span> <span class='ocrx_word' id='word_1_273' title='bbox 1124 386 1214 410; x_wconf 84' lang='lat' dir='ltr'><strong>autem</strong></span> 
     </span>
    </p>
   </div>
   <div class='ocr_carea' id='block_1_111' title="bbox 933 418 1145 454">
    <p class='ocr_par' dir='ltr' id='par_1_111' title="bbox 933 418 1145 454">
     <span class='ocr_line' id='line_1_111' title="bbox 933 418 1145 454; baseline 0.005 -9"><span class='ocrx_word' id='word_1_274' title='bbox 933 418 1017 446; x_wconf 87' lang='lat' dir='ltr'><strong>timor</strong></span> <span class='ocrx_word' id='word_1_275' title='bbox 1031 425 1145 454; x_wconf 78' lang='lat' dir='ltr'><strong>magnus</strong></span> 
     </span>
    </p>
   </div>
   <div class='ocr_carea' id='block_1_112' title="bbox 932 460 1082 486">
    <p class='ocr_par' dir='ltr' id='par_1_112' title="bbox 932 460 1082 486">
     <span class='ocr_line' id='line_1_112' title="bbox 932 460 1082 486; baseline 0 -5"><span class='ocrx_word' id='word_1_276' title='bbox 932 461 1036 486; x_wconf 89' lang='lat' dir='ltr'><strong>omnes,</strong></span> <span class='ocrx_word' id='word_1_277' title='bbox 1054 460 1082 481; x_wconf 87' lang='lat' dir='ltr'><strong>et</strong></span> 
     </span>
    </p>
   </div>
   <div class='ocr_carea' id='block_1_113' title="bbox 932 489 1142 525">
    <p class='ocr_par' dir='ltr' id='par_1_113' title="bbox 932 489 1142 525">
     <span class='ocr_line' id='line_1_113' title="bbox 932 489 1142 525; baseline 0 -9"><span class='ocrx_word' id='word_1_278' title='bbox 932 489 1142 525; x_wconf 80' lang='lat' dir='ltr'><strong>magniﬁcabant</strong></span> 
     </span>
    </p>
   </div>
   <div class='ocr_carea' id='block_1_114' title="bbox 933 525 1172 553">
    <p class='ocr_par' dir='ltr' id='par_1_114' title="bbox 933 525 1172 553">
     <span class='ocr_line' id='line_1_114' title="bbox 933 525 1172 553; baseline 0 -2"><span class='ocrx_word' id='word_1_279' title='bbox 933 525 1017 553; x_wconf 84' lang='lat' dir='ltr'><strong>Deum</strong></span> <span class='ocrx_word' id='word_1_280' title='bbox 1030 526 1151 552; x_wconf 74' lang='lat' dir='ltr'><strong>dicentes</strong></span> <span class='ocrx_word' id='word_1_281' title='bbox 1166 534 1172 551; x_wconf 95' lang='lat'><strong>:</strong></span> 
     </span>
    </p>
   </div>
   <div class='ocr_carea' id='block_1_115' title="bbox 932 560 1160 596">
    <p class='ocr_par' dir='ltr' id='par_1_115' title="bbox 932 560 1160 596">
     <span class='ocr_line' id='line_1_115' title="bbox 932 560 1160 596; baseline -0.004 -8"><span class='ocrx_word' id='word_1_282' title='bbox 932 560 1009 594; x_wconf 84' lang='lat' dir='ltr'><strong>Quod</strong></span> <span class='ocrx_word' id='word_1_283' title='bbox 1025 560 1160 596; x_wconf 78' lang='lat' dir='ltr'><strong>Propheta</strong></span> 
     </span>
    </p>
   </div>
   <div class='ocr_carea' id='block_1_116' title="bbox 932 604 1120 631">
    <p class='ocr_par' dir='ltr' id='par_1_116' title="bbox 932 604 1120 631">
     <span class='ocr_line' id='line_1_116' title="bbox 932 604 1120 631; baseline 0.011 -9"><span class='ocrx_word' id='word_1_284' title='bbox 932 604 1045 631; x_wconf 85' lang='lat' dir='ltr'><strong>magnus</strong></span> <span class='ocrx_word' id='word_1_285' title='bbox 1060 604 1120 624; x_wconf 79' lang='lat' dir='ltr'><strong>sur-</strong></span> 
     </span>
    </p>
   </div>
   <div class='ocr_carea' id='block_1_117' title="bbox 932 632 1106 659">
    <p class='ocr_par' dir='ltr' id='par_1_117' title="bbox 932 632 1106 659">
     <span class='ocr_line' id='line_1_117' title="bbox 932 632 1106 659; baseline 0.006 -1"><span class='ocrx_word' id='word_1_286' title='bbox 932 632 1004 659; x_wconf 82' lang='lat' dir='ltr'><strong>rexit</strong></span> <span class='ocrx_word' id='word_1_287' title='bbox 1018 632 1043 658; x_wconf 95' lang='lat' dir='ltr'><strong>in</strong></span> <span class='ocrx_word' id='word_1_288' title='bbox 1060 639 1106 659; x_wconf 91' lang='lat' dir='ltr'><strong>no-</strong></span> 
     </span>
    </p>
   </div>
   <div class='ocr_carea' id='block_1_118' title="bbox 932 666 1108 702">
    <p class='ocr_par' dir='ltr' id='par_1_118' title="bbox 932 666 1108 702">
     <span class='ocr_line' id='line_1_118' title="bbox 932 666 1108 702; baseline -0.006 -8"><span class='ocrx_word' id='word_1_289' title='bbox 932 666 989 699; x_wconf 89' lang='lat' dir='ltr'><strong>bis;</strong></span> <span class='ocrx_word' id='word_1_290' title='bbox 1004 671 1031 694; x_wconf 85' lang='lat' dir='ltr'><strong>et</strong></span> <span class='ocrx_word' id='word_1_291' title='bbox 1044 667 1108 702; x_wconf 85' lang='lat' dir='ltr'><strong>quia</strong></span> 
     </span>
    </p>
   </div>
   <div class='ocr_carea' id='block_1_119' title="bbox 932 702 1051 729">
    <p class='ocr_par' dir='ltr' id='par_1_119' title="bbox 932 702 1051 729">
     <span class='ocr_line' id='line_1_119' title="bbox 932 702 1051 729; baseline 0 0"><span class='ocrx_word' id='word_1_292' title='bbox 932 702 1051 729; x_wconf 88' lang='lat' dir='ltr'><strong>visitavit</strong></span> 
     </span>
    </p>
   </div>
   <div class='ocr_carea' id='block_1_120' title="bbox 933 737 1125 772">
    <p class='ocr_par' dir='ltr' id='par_1_120' title="bbox 933 737 1125 772">
     <span class='ocr_line' id='line_1_120' title="bbox 933 737 1125 772; baseline -0.005 -7"><span class='ocrx_word' id='word_1_293' title='bbox 933 737 1005 765; x_wconf 85' lang='lat' dir='ltr'><strong>Deus</strong></span> <span class='ocrx_word' id='word_1_294' title='bbox 1020 737 1125 772; x_wconf 87' lang='lat' dir='ltr'><strong>plebem</strong></span> 
     </span>
    </p>
   </div>
   <div class='ocr_carea' id='block_1_121' title="bbox 931 772 1146 800">
    <p class='ocr_par' dir='ltr' id='par_1_121' title="bbox 931 772 1146 800">
     <span class='ocr_line' id='line_1_121' title="bbox 931 772 1146 800; baseline -0.005 0"><span class='ocrx_word' id='word_1_295' title='bbox 931 780 1007 800; x_wconf 86' lang='lat' dir='ltr'><strong>suam</strong></span> <span class='ocrx_word' id='word_1_296' title='bbox 1024 774 1051 800; x_wconf 92' lang='lat' dir='ltr'><strong>in</strong></span> <span class='ocrx_word' id='word_1_297' title='bbox 1065 772 1146 800; x_wconf 88' lang='lat' dir='ltr'><strong>bono.</strong></span> 
     </span>
    </p>
   </div>
   <div class='ocr_carea' id='block_1_122' title="bbox 932 808 1175 836">
    <p class='ocr_par' dir='ltr' id='par_1_122' title="bbox 932 808 1175 836">
     <span class='ocr_line' id='line_1_122' title="bbox 932 808 1175 836; baseline 0 -1"><span class='ocrx_word' id='word_1_298' title='bbox 932 808 976 835; x_wconf 76' lang='grc'><strong>17.</strong></span> <span class='ocrx_word' id='word_1_299' title='bbox 998 809 1031 835; x_wconf 84' lang='grc' dir='ltr'><strong>Εῑ</strong></span> <span class='ocrx_word' id='word_1_300' title='bbox 1047 808 1117 836; x_wconf 80' lang='lat' dir='ltr'><strong>exiit</strong></span> <span class='ocrx_word' id='word_1_301' title='bbox 1131 808 1175 836; x_wconf 91' lang='lat' dir='ltr'><strong>hic</strong></span> 
     </span>
    </p>
   </div>
   <div class='ocr_carea' id='block_1_123' title="bbox 934 844 1116 878">
    <p class='ocr_par' dir='ltr' id='par_1_123' title="bbox 934 844 1116 878">
     <span class='ocr_line' id='line_1_123' title="bbox 934 844 1116 878; baseline 0 -8"><span class='ocrx_word' id='word_1_302' title='bbox 934 852 1023 871; x_wconf 86' lang='lat' dir='ltr'><strong>sermo</strong></span> <span class='ocrx_word' id='word_1_303' title='bbox 1039 844 1075 878; x_wconf 85' lang='grc' dir='ltr'><strong>(α)</strong></span> <span class='ocrx_word' id='word_1_304' title='bbox 1089 844 1116 870; x_wconf 92' lang='lat' dir='ltr'><strong>in</strong></span> 
     </span>
    </p>
   </div>
   <div class='ocr_carea' id='block_1_124' title="bbox 935 887 1061 906">
    <p class='ocr_par' dir='ltr' id='par_1_124' title="bbox 935 887 1061 906">
     <span class='ocr_line' id='line_1_124' title="bbox 935 887 1061 906; baseline 0.008 -1"><span class='ocrx_word' id='word_1_305' title='bbox 935 887 1061 906; x_wconf 67' lang='lat' dir='ltr'><strong>lllllVBl‘Sﬂ</strong></span> 
     </span>
    </p>
   </div>
   <div class='ocr_carea' id='block_1_125' title="bbox 934 915 1046 945">
    <p class='ocr_par' dir='ltr' id='par_1_125' title="bbox 934 915 1046 945">
     <span class='ocr_line' id='line_1_125' title="bbox 934 915 1046 945; baseline 0 -4"><span class='ocrx_word' id='word_1_306' title='bbox 934 915 1046 945; x_wconf 82' lang='lat' dir='ltr'><strong>.ludaca,</strong></span> 
     </span>
    </p>
   </div>
   <div class='ocr_carea' id='block_1_126' title="bbox 936 951 1134 978">
    <p class='ocr_par' dir='ltr' id='par_1_126' title="bbox 936 951 1134 978">
     <span class='ocr_line' id='line_1_126' title="bbox 936 951 1134 978; baseline 0 -1"><span class='ocrx_word' id='word_1_307' title='bbox 936 951 969 977; x_wconf 82' lang='lat' dir='ltr'><strong>Et</strong></span> <span class='ocrx_word' id='word_1_308' title='bbox 979 951 1053 978; x_wconf 88' lang='lat' dir='ltr'><strong>omni</strong></span> <span class='ocrx_word' id='word_1_309' title='bbox 1069 958 1134 977; x_wconf 57' lang='lat' dir='ltr'><strong>c0n«</strong></span> 
     </span>
    </p>
   </div>
   <div class='ocr_carea' id='block_1_127' title="bbox 936 986 1128 1021">
    <p class='ocr_par' dir='ltr' id='par_1_127' title="bbox 936 986 1128 1021">
     <span class='ocr_line' id='line_1_127' title="bbox 936 986 1128 1021; baseline 0.01 -10"><span class='ocrx_word' id='word_1_310' title='bbox 936 987 998 1013; x_wconf 84' lang='lat' dir='ltr'><strong>linio</strong></span> <span class='ocrx_word' id='word_1_311' title='bbox 1012 986 1128 1021; x_wconf 80' lang='lat' dir='ltr'><strong>regionis</strong></span> 
     </span>
    </p>
   </div>
   <div class='ocr_carea' id='block_1_128' title="bbox 933 1021 1133 1057">
    <p class='ocr_par' dir='ltr' id='par_1_128' title="bbox 933 1021 1133 1057">
     <span class='ocr_line' id='line_1_128' title="bbox 933 1021 1133 1057; baseline 0 -10"><span class='ocrx_word' id='word_1_312' title='bbox 933 1021 1003 1049; x_wconf 90' lang='lat' dir='ltr'><strong>illitts</strong></span> <span class='ocrx_word' id='word_1_313' title='bbox 1013 1022 1032 1057; x_wconf 66' lang='grc' dir='ltr'><strong>-ξ-</strong></span> <span class='ocrx_word' id='word_1_314' title='bbox 1044 1022 1077 1048; x_wconf 90' lang='lat' dir='ltr'><strong>de</strong></span> <span class='ocrx_word' id='word_1_315' title='bbox 1091 1030 1133 1048; x_wconf 88' lang='lat' dir='ltr'><strong>eo.</strong></span> 
     </span>
    </p>
   </div>
   <div class='ocr_carea' id='block_1_129' title="bbox 935 1057 1153 1084">
    <p class='ocr_par' dir='ltr' id='par_1_129' title="bbox 935 1057 1153 1084">
     <span class='ocr_line' id='line_1_129' title="bbox 935 1057 1153 1084; baseline 0.005 -1"><span class='ocrx_word' id='word_1_316' title='bbox 935 1057 977 1083; x_wconf 83' lang='grc'><strong>18.</strong></span> <span class='ocrx_word' id='word_1_317' title='bbox 1001 1058 1032 1083; x_wconf 85' lang='lat' dir='ltr'><strong>Et</strong></span> <span class='ocrx_word' id='word_1_318' title='bbox 1048 1057 1153 1084; x_wconf 81' lang='lat' dir='ltr'><strong>nuntia-</strong></span> 
     </span>
    </p>
   </div>
   <div class='ocr_carea' id='block_1_130' title="bbox 934 1092 1153 1119">
    <p class='ocr_par' dir='ltr' id='par_1_130' title="bbox 934 1092 1153 1119">
     <span class='ocr_line' id='line_1_130' title="bbox 934 1092 1153 1119; baseline 0 -1"><span class='ocrx_word' id='word_1_319' title='bbox 934 1098 1029 1119; x_wconf 74' lang='lat' dir='ltr'><strong>verunt</strong></span> <span class='ocrx_word' id='word_1_320' title='bbox 1039 1092 1153 1119; x_wconf 84' lang='lat' dir='ltr'><strong>Johanni</strong></span> 
     </span>
    </p>
   </div>
   <div class='ocr_carea' id='block_1_131' title="bbox 934 1127 1131 1161">
    <p class='ocr_par' dir='ltr' id='par_1_131' title="bbox 934 1127 1131 1161">
     <span class='ocr_line' id='line_1_131' title="bbox 934 1127 1131 1161; baseline 0 -7"><span class='ocrx_word' id='word_1_321' title='bbox 934 1127 1057 1161; x_wconf 85' lang='lat' dir='ltr'><strong>discipuli</strong></span> <span class='ocrx_word' id='word_1_322' title='bbox 1073 1128 1131 1161; x_wconf 85' lang='lat' dir='ltr'><strong>ejus</strong></span> 
     </span>
    </p>
   </div>
   <div class='ocr_carea' id='block_1_132' title="bbox 935 1163 1171 1190">
    <p class='ocr_par' dir='ltr' id='par_1_132' title="bbox 935 1163 1171 1190">
     <span class='ocr_line' id='line_1_132' title="bbox 935 1163 1171 1190; baseline -0.004 -1"><span class='ocrx_word' id='word_1_323' title='bbox 935 1163 967 1190; x_wconf 87' lang='lat' dir='ltr'><strong>de</strong></span> <span class='ocrx_word' id='word_1_324' title='bbox 979 1163 1105 1190; x_wconf 87' lang='lat' dir='ltr'><strong>omnibus</strong></span> <span class='ocrx_word' id='word_1_325' title='bbox 1120 1163 1171 1189; x_wconf 77' lang='lat' dir='ltr'><strong>his.</strong></span> 
     </span>
    </p>
   </div>
   <div class='ocr_carea' id='block_1_133' title="bbox 937 1199 1201 1225">
    <p class='ocr_par' dir='ltr' id='par_1_133' title="bbox 937 1199 1201 1225">
     <span class='ocr_line' id='line_1_133' title="bbox 937 1199 1201 1225; baseline 0.004 -1"><span class='ocrx_word' id='word_1_326' title='bbox 937 1199 979 1225; x_wconf 74' lang='grc'><strong>19.</strong></span> <span class='ocrx_word' id='word_1_327' title='bbox 997 1200 1029 1225; x_wconf 84' lang='lat' dir='ltr'><strong>Et</strong></span> <span class='ocrx_word' id='word_1_328' title='bbox 1044 1199 1201 1225; x_wconf 75' lang='lat' dir='ltr'><strong>convocavit</strong></span> 
     </span>
    </p>
   </div>
   <div class='ocr_carea' id='block_1_134' title="bbox 935 1233 1119 1261">
    <p class='ocr_par' dir='ltr' id='par_1_134' title="bbox 935 1233 1119 1261">
     <span class='ocr_line' id='line_1_134' title="bbox 935 1233 1119 1261; baseline 0 -1"><span class='ocrx_word' id='word_1_329' title='bbox 935 1233 1002 1261; x_wconf 88' lang='lat' dir='ltr'><strong>duos</strong></span> <span class='ocrx_word' id='word_1_330' title='bbox 1019 1234 1119 1261; x_wconf 81' lang='lat' dir='ltr'><strong>Johan-</strong></span> 
     </span>
    </p>
   </div>
   <div class='ocr_carea' id='block_1_135' title="bbox 935 1270 1120 1296">
    <p class='ocr_par' dir='ltr' id='par_1_135' title="bbox 935 1270 1120 1296">
     <span class='ocr_line' id='line_1_135' title="bbox 935 1270 1120 1296; baseline 0.005 -1"><span class='ocrx_word' id='word_1_331' title='bbox 935 1277 983 1296; x_wconf 87' lang='lat' dir='ltr'><strong>nes</strong></span> <span class='ocrx_word' id='word_1_332' title='bbox 996 1270 1028 1296; x_wconf 91' lang='lat' dir='ltr'><strong>de</strong></span> <span class='ocrx_word' id='word_1_333' title='bbox 1039 1270 1120 1296; x_wconf 91' lang='lat' dir='ltr'><strong>disci—</strong></span> 
     </span>
    </p>
   </div>
   <div class='ocr_carea' id='block_1_136' title="bbox 934 1305 1229 1339">
    <p class='ocr_par' dir='ltr' id='par_1_136' title="bbox 934 1305 1229 1339">
     <span class='ocr_line' id='line_1_136' title="bbox 934 1305 1229 1339; baseline 0.003 -8"><span class='ocrx_word' id='word_1_334' title='bbox 934 1306 1003 1339; x_wconf 89' lang='lat' dir='ltr'><strong>pulis</strong></span> <span class='ocrx_word' id='word_1_335' title='bbox 1017 1305 1083 1332; x_wconf 84' lang='lat' dir='ltr'><strong>suis.</strong></span> <span class='ocrx_word' id='word_1_336' title='bbox 1108 1324 1113 1331; x_wconf 97' lang='lat'><strong>.</strong></span> <span class='ocrx_word' id='word_1_337' title='bbox 1138 1325 1143 1330; x_wconf 89' lang='lat'><strong>.</strong></span> <span class='ocrx_word' id='word_1_338' title='bbox 1169 1325 1173 1330; x_wconf 96' lang='lat'><strong><em>.</em></strong></span> <span class='ocrx_word' id='word_1_339' title='bbox 1195 1305 1229 1332; x_wconf 81' lang='lat' dir='ltr'><strong>nd</strong></span> 
     </span>
    </p>
   </div>
   <div class='ocr_carea' id='block_1_137' title="bbox 933 1340 1128 1368">
    <p class='ocr_par' dir='ltr' id='par_1_137' title="bbox 933 1340 1128 1368">
     <span class='ocr_line' id='line_1_137' title="bbox 933 1340 1128 1368; baseline -0.005 0"><span class='ocrx_word' id='word_1_340' title='bbox 933 1340 1037 1368; x_wconf 87' lang='lat' dir='ltr'><strong>Jesum.</strong></span> <span class='ocrx_word' id='word_1_341' title='bbox 1061 1361 1067 1367; x_wconf 94' lang='lat'><strong><em>.</em></strong></span> <span class='ocrx_word' id='word_1_342' title='bbox 1091 1361 1099 1368; x_wconf 94' lang='lat'><strong>.</strong></span> <span class='ocrx_word' id='word_1_343' title='bbox 1122 1360 1128 1367; x_wconf 94' lang='lat'><strong><em>.</em></strong></span> 
     </span>
    </p>
   </div>
   <div class='ocr_carea' id='block_1_138' title="bbox 936 1376 1089 1411">
    <p class='ocr_par' dir='ltr' id='par_1_138' title="bbox 936 1376 1089 1411">
     <span class='ocr_line' id='line_1_138' title="bbox 936 1376 1089 1411; baseline 0 -8"><span class='ocrx_word' id='word_1_344' title='bbox 936 1376 976 1403; x_wconf 88' lang='lat' dir='ltr'><strong>Tu</strong></span> <span class='ocrx_word' id='word_1_345' title='bbox 990 1384 1031 1410; x_wconf 88' lang='lat' dir='ltr'><strong>es,</strong></span> <span class='ocrx_word' id='word_1_346' title='bbox 1045 1376 1089 1411; x_wconf 92' lang='lat' dir='ltr'><strong>qui</strong></span> 
     </span>
    </p>
   </div>
   <div class='ocr_carea' id='block_1_139' title="bbox 938 1416 1136 1445">
    <p class='ocr_par' dir='ltr' id='par_1_139' title="bbox 938 1416 1136 1445">
     <span class='ocr_line' id='line_1_139' title="bbox 938 1416 1136 1445; baseline 0 -6"><span class='ocrx_word' id='word_1_347' title='bbox 938 1416 1068 1439; x_wconf 85' lang='lat' dir='ltr'><strong>venturus</strong></span> <span class='ocrx_word' id='word_1_348' title='bbox 1083 1419 1113 1439; x_wconf 90' lang='lat' dir='ltr'><strong>es</strong></span> <span class='ocrx_word' id='word_1_349' title='bbox 1128 1432 1136 1445; x_wconf 85' lang='lat'><strong>,</strong></span> 
     </span>
    </p>
   </div>
   <div class='ocr_carea' id='block_1_140' title="bbox 935 1448 1131 1474">
    <p class='ocr_par' dir='ltr' id='par_1_140' title="bbox 935 1448 1131 1474">
     <span class='ocr_line' id='line_1_140' title="bbox 935 1448 1131 1474; baseline 0 0"><span class='ocrx_word' id='word_1_350' title='bbox 935 1455 970 1474; x_wconf 86' lang='lat' dir='ltr'><strong>an</strong></span> <span class='ocrx_word' id='word_1_351' title='bbox 984 1448 1065 1474; x_wconf 86' lang='lat' dir='ltr'><strong>alium</strong></span> <span class='ocrx_word' id='word_1_352' title='bbox 1083 1455 1131 1474; x_wconf 92' lang='lat' dir='ltr'><strong>ex-</strong></span> 
     </span>
    </p>
   </div>
   <div class='ocr_carea' id='block_1_141' title="bbox 936 1483 1093 1516">
    <p class='ocr_par' dir='ltr' id='par_1_141' title="bbox 936 1483 1093 1516">
     <span class='ocr_line' id='line_1_141' title="bbox 936 1483 1093 1516; baseline -0.013 -6"><span class='ocrx_word' id='word_1_353' title='bbox 936 1483 1093 1516; x_wconf 80' lang='lat' dir='ltr'><strong>pectamus?</strong></span> 
     </span>
    </p>
   </div>
   <div class='ocr_carea' id='block_1_142' title="bbox 935 1517 1195 1546">
    <p class='ocr_par' dir='ltr' id='par_1_142' title="bbox 935 1517 1195 1546">
     <span class='ocr_line' id='line_1_142' title="bbox 935 1517 1195 1546; baseline -0.008 -1"><span class='ocrx_word' id='word_1_354' title='bbox 935 1518 980 1546; x_wconf 73' lang='lat'><strong>20.</strong></span> <span class='ocrx_word' id='word_1_355' title='bbox 1003 1517 1195 1545; x_wconf 56' lang='lat' dir='ltr'><strong>Advenientem</strong></span> 
     </span>
    </p>
   </div>
   <div class='ocr_carea' id='block_1_143' title="bbox 935 1553 1074 1581">
    <p class='ocr_par' dir='ltr' id='par_1_143' title="bbox 935 1553 1074 1581">
     <span class='ocr_line' id='line_1_143' title="bbox 935 1553 1074 1581; baseline 0.007 -1"><span class='ocrx_word' id='word_1_356' title='bbox 935 1558 1024 1581; x_wconf 87' lang='lat' dir='ltr'><strong>autem</strong></span> <span class='ocrx_word' id='word_1_357' title='bbox 1040 1553 1074 1581; x_wconf 89' lang='lat' dir='ltr'><strong>ad</strong></span> 
     </span>
    </p>
   </div>
   <div class='ocr_carea' id='block_1_144' title="bbox 936 1588 1074 1623">
    <p class='ocr_par' dir='ltr' id='par_1_144' title="bbox 936 1588 1074 1623">
     <span class='ocr_line' id='line_1_144' title="bbox 936 1588 1074 1623; baseline 0 -7"><span class='ocrx_word' id='word_1_358' title='bbox 936 1597 997 1617; x_wconf 93' lang='lat' dir='ltr'><strong>eum</strong></span> <span class='ocrx_word' id='word_1_359' title='bbox 1013 1588 1074 1623; x_wconf 90' lang='lat' dir='ltr'><strong>viri,</strong></span> 
     </span>
    </p>
   </div>
   <div class='ocr_carea' id='block_1_145' title="bbox 936 1624 1145 1653">
    <p class='ocr_par' dir='ltr' id='par_1_145' title="bbox 936 1624 1145 1653">
     <span class='ocr_line' id='line_1_145' title="bbox 936 1624 1145 1653; baseline -0.01 -1"><span class='ocrx_word' id='word_1_360' title='bbox 936 1625 1062 1653; x_wconf 83' lang='lat' dir='ltr'><strong>dixerunt</strong></span> <span class='ocrx_word' id='word_1_361' title='bbox 1076 1633 1083 1651; x_wconf 86' lang='lat'>:</span> <span class='ocrx_word' id='word_1_362' title='bbox 1099 1624 1145 1651; x_wconf 80' lang='lat' dir='ltr'><strong>Jo-</strong></span> 
     </span>
    </p>
   </div>
   <div class='ocr_carea' id='block_1_146' title="bbox 936 1660 1121 1688">
    <p class='ocr_par' dir='ltr' id='par_1_146' title="bbox 936 1660 1121 1688">
     <span class='ocr_line' id='line_1_146' title="bbox 936 1660 1121 1688; baseline 0 -1"><span class='ocrx_word' id='word_1_363' title='bbox 936 1660 1039 1688; x_wconf 79' lang='lat' dir='ltr'><strong>ltannes</strong></span> <span class='ocrx_word' id='word_1_364' title='bbox 1048 1661 1121 1687; x_wconf 78' lang='lat' dir='ltr'><strong>misit</strong></span> 
     </span>
    </p>
   </div>
   <div class='ocr_carea' id='block_1_147' title="bbox 937 1697 1115 1731">
    <p class='ocr_par' dir='ltr' id='par_1_147' title="bbox 937 1697 1115 1731">
     <span class='ocr_line' id='line_1_147' title="bbox 937 1697 1115 1731; baseline -0.006 -8"><span class='ocrx_word' id='word_1_365' title='bbox 937 1704 985 1724; x_wconf 93' lang='lat' dir='ltr'><strong>nos</strong></span> <span class='ocrx_word' id='word_1_366' title='bbox 997 1697 1115 1731; x_wconf 78' lang='lat' dir='ltr'><strong>Baptista</strong></span> 
     </span>
    </p>
   </div>
   <div class='ocr_carea' id='block_1_148' title="bbox 936 1732 1143 1765">
    <p class='ocr_par' dir='ltr' id='par_1_148' title="bbox 936 1732 1143 1765">
     <span class='ocr_line' id='line_1_148' title="bbox 936 1732 1143 1765; baseline -0.005 -6"><span class='ocrx_word' id='word_1_367' title='bbox 936 1732 968 1759; x_wconf 88' lang='lat' dir='ltr'><strong>ad</strong></span> <span class='ocrx_word' id='word_1_368' title='bbox 984 1737 1020 1765; x_wconf 85' lang='lat' dir='ltr'><strong>te,</strong></span> <span class='ocrx_word' id='word_1_369' title='bbox 1032 1733 1125 1759; x_wconf 83' lang='lat' dir='ltr'><strong>dicens</strong></span> <span class='ocrx_word' id='word_1_370' title='bbox 1136 1740 1143 1758; x_wconf 89' lang='lat'><strong>:</strong></span> 
     </span>
    </p>
   </div>
   <div class='ocr_carea' id='block_1_149' title="bbox 936 1767 1089 1802">
    <p class='ocr_par' dir='ltr' id='par_1_149' title="bbox 936 1767 1089 1802">
     <span class='ocr_line' id='line_1_149' title="bbox 936 1767 1089 1802; baseline 0 -8"><span class='ocrx_word' id='word_1_371' title='bbox 936 1767 974 1794; x_wconf 94' lang='lat' dir='ltr'><strong>Tu</strong></span> <span class='ocrx_word' id='word_1_372' title='bbox 987 1775 1029 1800; x_wconf 89' lang='lat' dir='ltr'><strong>es,</strong></span> <span class='ocrx_word' id='word_1_373' title='bbox 1044 1767 1089 1802; x_wconf 91' lang='lat' dir='ltr'><strong>qui</strong></span> 
     </span>
    </p>
   </div>
   <div class='ocr_carea' id='block_1_150' title="bbox 937 1808 1119 1833">
    <p class='ocr_par' dir='ltr' id='par_1_150' title="bbox 937 1808 1119 1833">
     <span class='ocr_line' id='line_1_150' title="bbox 937 1808 1119 1833; baseline 0 -3"><span class='ocrx_word' id='word_1_374' title='bbox 937 1808 1067 1830; x_wconf 88' lang='lat' dir='ltr'><strong>venturus</strong></span> <span class='ocrx_word' id='word_1_375' title='bbox 1078 1809 1119 1833; x_wconf 85' lang='lat' dir='ltr'><strong>es.</strong></span> 
     </span>
    </p>
   </div>
   <div class='ocr_carea' id='block_1_151' title="bbox 936 1839 1120 1866">
    <p class='ocr_par' dir='ltr' id='par_1_151' title="bbox 936 1839 1120 1866">
     <span class='ocr_line' id='line_1_151' title="bbox 936 1839 1120 1866; baseline 0.005 -1"><span class='ocrx_word' id='word_1_376' title='bbox 936 1846 970 1865; x_wconf 89' lang='lat' dir='ltr'><strong>an</strong></span> <span class='ocrx_word' id='word_1_377' title='bbox 983 1839 1064 1865; x_wconf 91' lang='lat' dir='ltr'><strong>alium</strong></span> <span class='ocrx_word' id='word_1_378' title='bbox 1076 1844 1120 1866; x_wconf 68' lang='grc' dir='ltr'><strong>θι-</strong></span> 
     </span>
    </p>
   </div>
   <div class='ocr_carea' id='block_1_152' title="bbox 971 1875 1099 1903">
    <p class='ocr_par' dir='ltr' id='par_1_152' title="bbox 971 1875 1099 1903">
     <span class='ocr_line' id='line_1_152' title="bbox 971 1875 1099 1903; baseline 0.016 -2"><span class='ocrx_word' id='word_1_379' title='bbox 971 1879 1075 1903; x_wconf 83' lang='lat' dir='ltr'><strong>ctamus</strong></span> <span class='ocrx_word' id='word_1_380' title='bbox 1088 1875 1099 1899; x_wconf 86' lang='lat'><strong>?</strong></span> 
     </span>
    </p>
   </div>
   <div class='ocr_carea' id='block_1_153' title="bbox 960 1909 1179 1937">
    <p class='ocr_par' dir='ltr' id='par_1_153' title="bbox 960 1909 1179 1937">
     <span class='ocr_line' id='line_1_153' title="bbox 960 1909 1179 1937; baseline 0 -1"><span class='ocrx_word' id='word_1_381' title='bbox 960 1910 982 1936; x_wconf 86' lang='lat' dir='ltr'><strong>l.</strong></span> <span class='ocrx_word' id='word_1_382' title='bbox 1004 1909 1031 1937; x_wconf 91' lang='lat' dir='ltr'><strong>In</strong></span> <span class='ocrx_word' id='word_1_383' title='bbox 1044 1909 1100 1937; x_wconf 84' lang='lat' dir='ltr'><strong>iDsa</strong></span> <span class='ocrx_word' id='word_1_384' title='bbox 1115 1909 1179 1937; x_wconf 79' lang='lat' dir='ltr'><strong>hora</strong></span> 
     </span>
    </p>
   </div>
   <div class='ocr_carea' id='block_1_154' title="bbox 937 1944 1137 1981">
    <p class='ocr_par' dir='ltr' id='par_1_154' title="bbox 937 1944 1137 1981">
     <span class='ocr_line' id='line_1_154' title="bbox 937 1944 1137 1981; baseline 0 -10"><span class='ocrx_word' id='word_1_385' title='bbox 937 1944 975 1981; x_wconf 89' lang='lat' dir='ltr'><strong>(b)</strong></span> <span class='ocrx_word' id='word_1_386' title='bbox 989 1944 1101 1972; x_wconf 81' lang='lat' dir='ltr'><strong>curabat</strong></span> <span class='ocrx_word' id='word_1_387' title='bbox 1116 1944 1137 1980; x_wconf 70' lang='lat'><strong>1-</strong></span> 
     </span>
    </p>
   </div>
   <div class='ocr_carea' id='block_1_155' title="bbox 937 1980 1137 2008">
    <p class='ocr_par' dir='ltr' id='par_1_155' title="bbox 937 1980 1137 2008">
     <span class='ocr_line' id='line_1_155' title="bbox 937 1980 1137 2008; baseline 0 -1"><span class='ocrx_word' id='word_1_388' title='bbox 937 1980 1035 2008; x_wconf 82' lang='lat' dir='ltr'><strong>nmltos</strong></span> <span class='ocrx_word' id='word_1_389' title='bbox 1050 1987 1065 2007; x_wconf 82' lang='lat' dir='ltr'><strong>a</strong></span> <span class='ocrx_word' id='word_1_390' title='bbox 1077 1980 1137 2007; x_wconf 87' lang='lat' dir='ltr'><strong>lan-</strong></span> 
     </span>
    </p>
   </div>
   <div class='ocr_carea' id='block_1_156' title="bbox 743 2038 1076 2070">
    <p class='ocr_par' dir='ltr' id='par_1_156' title="bbox 743 2038 1076 2070">
     <span class='ocr_line' id='line_1_156' title="bbox 743 2038 1076 2070; baseline -0.003 -3"><span class='ocrx_word' id='word_1_391' title='bbox 743 2039 859 2067; x_wconf 82' lang='lat' dir='ltr'><strong>CODEX</strong></span> <span class='ocrx_word' id='word_1_392' title='bbox 878 2038 1076 2070; x_wconf 69' lang='lat' dir='ltr'><strong>BRIXIANUS.</strong></span> 
     </span>
    </p>
   </div>
   <div class='ocr_carea' id='block_1_157' title="bbox 1347 240 1487 274">
    <p class='ocr_par' dir='ltr' id='par_1_157' title="bbox 1347 240 1487 274">
     <span class='ocr_line' id='line_1_157' title="bbox 1347 240 1487 274; baseline 0 -7"><span class='ocrx_word' id='word_1_393' title='bbox 1347 240 1487 274; x_wconf 75' lang='lat' dir='ltr'><strong>guoribus,</strong></span> 
     </span>
    </p>
   </div>
   <div class='ocr_carea' id='block_1_158' title="bbox 1348 276 1483 311">
    <p class='ocr_par' dir='ltr' id='par_1_158' title="bbox 1348 276 1483 311">
     <span class='ocr_line' id='line_1_158' title="bbox 1348 276 1483 311; baseline 0 -8"><span class='ocrx_word' id='word_1_394' title='bbox 1348 280 1374 303; x_wconf 89' lang='lat' dir='ltr'><strong>et</strong></span> <span class='ocrx_word' id='word_1_395' title='bbox 1388 276 1483 311; x_wconf 76' lang='lat' dir='ltr'><strong>plagis,</strong></span> 
     </span>
    </p>
   </div>
   <div class='ocr_carea' id='block_1_159' title="bbox 1348 312 1529 346">
    <p class='ocr_par' dir='ltr' id='par_1_159' title="bbox 1348 312 1529 346">
     <span class='ocr_line' id='line_1_159' title="bbox 1348 312 1529 346; baseline 0.006 -8"><span class='ocrx_word' id='word_1_396' title='bbox 1348 315 1375 338; x_wconf 88' lang='lat' dir='ltr'><strong>et</strong></span> <span class='ocrx_word' id='word_1_397' title='bbox 1390 312 1529 346; x_wconf 86' lang='lat' dir='ltr'><strong>spiritibus</strong></span> 
     </span>
    </p>
   </div>
   <div class='ocr_carea' id='block_1_160' title="bbox 1348 347 1508 381">
    <p class='ocr_par' dir='ltr' id='par_1_160' title="bbox 1348 347 1508 381">
     <span class='ocr_line' id='line_1_160' title="bbox 1348 347 1508 381; baseline 0.006 -7"><span class='ocrx_word' id='word_1_398' title='bbox 1348 347 1508 381; x_wconf 89' lang='lat' dir='ltr'><strong>immundis;</strong></span> 
     </span>
    </p>
   </div>
   <div class='ocr_carea' id='block_1_161' title="bbox 1347 382 1560 411">
    <p class='ocr_par' dir='ltr' id='par_1_161' title="bbox 1347 382 1560 411">
     <span class='ocr_line' id='line_1_161' title="bbox 1347 382 1560 411; baseline 0.005 -1"><span class='ocrx_word' id='word_1_399' title='bbox 1347 386 1375 410; x_wconf 90' lang='lat' dir='ltr'><strong>et</strong></span> <span class='ocrx_word' id='word_1_400' title='bbox 1388 384 1475 411; x_wconf 81' lang='lat' dir='ltr'><strong>caecis</strong></span> <span class='ocrx_word' id='word_1_401' title='bbox 1491 382 1560 411; x_wconf 70' lang='lat' dir='ltr'><strong>mul~</strong></span> 
     </span>
    </p>
   </div>
   <div class='ocr_carea' id='block_1_162' title="bbox 1348 418 1504 446">
    <p class='ocr_par' dir='ltr' id='par_1_162' title="bbox 1348 418 1504 446">
     <span class='ocr_line' id='line_1_162' title="bbox 1348 418 1504 446; baseline 0.006 -1"><span class='ocrx_word' id='word_1_402' title='bbox 1348 418 1383 445; x_wconf 88' lang='lat' dir='ltr'><strong>tis</strong></span> <span class='ocrx_word' id='word_1_403' title='bbox 1393 418 1504 446; x_wconf 83' lang='lat' dir='ltr'><strong>donavit</strong></span> 
     </span>
    </p>
   </div>
   <div class='ocr_carea' id='block_1_163' title="bbox 1348 454 1446 482">
    <p class='ocr_par' dir='ltr' id='par_1_163' title="bbox 1348 454 1446 482">
     <span class='ocr_line' id='line_1_163' title="bbox 1348 454 1446 482; baseline 0.02 -2"><span class='ocrx_word' id='word_1_404' title='bbox 1348 454 1446 482; x_wconf 90' lang='lat' dir='ltr'><strong>visum.</strong></span> 
     </span>
    </p>
   </div>
   <div class='ocr_carea' id='block_1_164' title="bbox 1347 489 1640 526">
    <p class='ocr_par' dir='ltr' id='par_1_164' title="bbox 1347 489 1640 526">
     <span class='ocr_line' id='line_1_164' title="bbox 1347 489 1640 526; baseline 0.014 -10"><span class='ocrx_word' id='word_1_405' title='bbox 1347 489 1392 526; x_wconf 75' lang='lat'><strong>22.</strong></span> <span class='ocrx_word' id='word_1_406' title='bbox 1407 490 1439 517; x_wconf 85' lang='lat' dir='ltr'><strong>Et</strong></span> <span class='ocrx_word' id='word_1_407' title='bbox 1454 490 1622 525; x_wconf 84' lang='lat' dir='ltr'><strong>respondens</strong></span> <span class='ocrx_word' id='word_1_408' title='bbox 1632 513 1640 526; x_wconf 88' lang='lat'><strong>,</strong></span> 
     </span>
    </p>
   </div>
   <div class='ocr_carea' id='block_1_165' title="bbox 1348 525 1505 552">
    <p class='ocr_par' dir='ltr' id='par_1_165' title="bbox 1348 525 1505 552">
     <span class='ocr_line' id='line_1_165' title="bbox 1348 525 1505 552; baseline 0.006 -1"><span class='ocrx_word' id='word_1_409' title='bbox 1348 525 1415 552; x_wconf 85' lang='lat' dir='ltr'><strong>dixit</strong></span> <span class='ocrx_word' id='word_1_410' title='bbox 1429 526 1481 552; x_wconf 88' lang='lat' dir='ltr'><strong>illis</strong></span> <span class='ocrx_word' id='word_1_411' title='bbox 1498 534 1505 552; x_wconf 87' lang='lat'>:</span> 
     </span>
    </p>
   </div>
   <div class='ocr_carea' id='block_1_166' title="bbox 1347 560 1533 594">
    <p class='ocr_par' dir='ltr' id='par_1_166' title="bbox 1347 560 1533 594">
     <span class='ocr_line' id='line_1_166' title="bbox 1347 560 1533 594; baseline 0.011 -7"><span class='ocrx_word' id='word_1_412' title='bbox 1347 560 1396 594; x_wconf 86' lang='lat' dir='ltr'><strong>Ite,</strong></span> <span class='ocrx_word' id='word_1_413' title='bbox 1411 562 1533 589; x_wconf 76' lang='lat' dir='ltr'><strong>nuntiate</strong></span> 
     </span>
    </p>
   </div>
   <div class='ocr_carea' id='block_1_167' title="bbox 1347 595 1475 629">
    <p class='ocr_par' dir='ltr' id='par_1_167' title="bbox 1347 595 1475 629">
     <span class='ocr_line' id='line_1_167' title="bbox 1347 595 1475 629; baseline 0.008 -6"><span class='ocrx_word' id='word_1_414' title='bbox 1347 595 1475 629; x_wconf 85' lang='lat' dir='ltr'><strong>.loltauni,</strong></span> 
     </span>
    </p>
   </div>
   <div class='ocr_carea' id='block_1_168' title="bbox 1348 632 1546 666">
    <p class='ocr_par' dir='ltr' id='par_1_168' title="bbox 1348 632 1546 666">
     <span class='ocr_line' id='line_1_168' title="bbox 1348 632 1546 666; baseline 0.015 -9"><span class='ocrx_word' id='word_1_415' title='bbox 1348 639 1418 666; x_wconf 85' lang='lat' dir='ltr'><strong>quae</strong></span> <span class='ocrx_word' id='word_1_416' title='bbox 1432 632 1546 665; x_wconf 88' lang='lat' dir='ltr'><strong>vidistis,</strong></span> 
     </span>
    </p>
   </div>
   <div class='ocr_carea' id='block_1_169' title="bbox 1348 667 1522 695">
    <p class='ocr_par' dir='ltr' id='par_1_169' title="bbox 1348 667 1522 695">
     <span class='ocr_line' id='line_1_169' title="bbox 1348 667 1522 695; baseline 0.006 -1"><span class='ocrx_word' id='word_1_417' title='bbox 1348 672 1375 694; x_wconf 87' lang='lat' dir='ltr'><strong>et</strong></span> <span class='ocrx_word' id='word_1_418' title='bbox 1386 667 1500 695; x_wconf 85' lang='lat' dir='ltr'><strong>audistis</strong></span> <span class='ocrx_word' id='word_1_419' title='bbox 1515 678 1522 695; x_wconf 93' lang='lat'>:</span> 
     </span>
    </p>
   </div>
   <div class='ocr_carea' id='block_1_170' title="bbox 1348 701 1549 737">
    <p class='ocr_par' dir='ltr' id='par_1_170' title="bbox 1348 701 1549 737">
     <span class='ocr_line' id='line_1_170' title="bbox 1348 701 1549 737; baseline 0.01 -8"><span class='ocrx_word' id='word_1_420' title='bbox 1348 701 1428 730; x_wconf 87' lang='lat' dir='ltr'><strong>Caeci</strong></span> <span class='ocrx_word' id='word_1_421' title='bbox 1448 704 1549 737; x_wconf 86' lang='lat' dir='ltr'><strong>vident,</strong></span> 
     </span>
    </p>
   </div>
   <div class='ocr_carea' id='block_1_171' title="bbox 1349 738 1526 766">
    <p class='ocr_par' dir='ltr' id='par_1_171' title="bbox 1349 738 1526 766">
     <span class='ocr_line' id='line_1_171' title="bbox 1349 738 1526 766; baseline 0.006 -1"><span class='ocrx_word' id='word_1_422' title='bbox 1349 738 1419 765; x_wconf 93' lang='lat' dir='ltr'><strong>clodi</strong></span> <span class='ocrx_word' id='word_1_423' title='bbox 1431 739 1526 766; x_wconf 88' lang='lat' dir='ltr'><strong>ambu-</strong></span> 
     </span>
    </p>
   </div>
   <div class='ocr_carea' id='block_1_172' title="bbox 1350 773 1530 809">
    <p class='ocr_par' dir='ltr' id='par_1_172' title="bbox 1350 773 1530 809">
     <span class='ocr_line' id='line_1_172' title="bbox 1350 773 1530 809; baseline 0.011 -9"><span class='ocrx_word' id='word_1_424' title='bbox 1350 773 1416 806; x_wconf 84' lang='lat' dir='ltr'><strong>lant,</strong></span> <span class='ocrx_word' id='word_1_425' title='bbox 1431 775 1530 809; x_wconf 88' lang='lat' dir='ltr'><strong>leprosi</strong></span> 
     </span>
    </p>
   </div>
   <div class='ocr_carea' id='block_1_173' title="bbox 1351 809 1525 843">
    <p class='ocr_par' dir='ltr' id='par_1_173' title="bbox 1351 809 1525 843">
     <span class='ocr_line' id='line_1_173' title="bbox 1351 809 1525 843; baseline 0.017 -8"><span class='ocrx_word' id='word_1_426' title='bbox 1351 809 1525 843; x_wconf 87' lang='lat' dir='ltr'><strong>mundantur,</strong></span> 
     </span>
    </p>
   </div>
   <div class='ocr_carea' id='block_1_174' title="bbox 1350 846 1506 873">
    <p class='ocr_par' dir='ltr' id='par_1_174' title="bbox 1350 846 1506 873">
     <span class='ocr_line' id='line_1_174' title="bbox 1350 846 1506 873; baseline 0.013 -2"><span class='ocrx_word' id='word_1_427' title='bbox 1350 846 1449 872; x_wconf 84' lang='lat' dir='ltr'><strong>mortui</strong></span> <span class='ocrx_word' id='word_1_428' title='bbox 1464 854 1506 873; x_wconf 88' lang='lat' dir='ltr'><strong>re-</strong></span> 
     </span>
    </p>
   </div>
   <div class='ocr_carea' id='block_1_175' title="bbox 1351 885 1553 916">
    <p class='ocr_par' dir='ltr' id='par_1_175' title="bbox 1351 885 1553 916">
     <span class='ocr_line' id='line_1_175' title="bbox 1351 885 1553 916; baseline 0.01 -9"><span class='ocrx_word' id='word_1_429' title='bbox 1351 885 1474 915; x_wconf 76' lang='lat' dir='ltr'><strong>surgunt,</strong></span> <span class='ocrx_word' id='word_1_430' title='bbox 1487 889 1553 916; x_wconf 86' lang='lat' dir='ltr'><strong>pau-</strong></span> 
     </span>
    </p>
   </div>
   <div class='ocr_carea' id='block_1_176' title="bbox 1351 923 1525 950">
    <p class='ocr_par' dir='ltr' id='par_1_176' title="bbox 1351 923 1525 950">
     <span class='ocr_line' id='line_1_176' title="bbox 1351 923 1525 950; baseline 0 -7"><span class='ocrx_word' id='word_1_431' title='bbox 1351 923 1430 950; x_wconf 88' lang='lat' dir='ltr'><strong>pcres</strong></span> <span class='ocrx_word' id='word_1_432' title='bbox 1442 924 1525 944; x_wconf 88' lang='lat' dir='ltr'><strong>evan-</strong></span> 
     </span>
    </p>
   </div>
   <div class='ocr_carea' id='block_1_177' title="bbox 1351 952 1524 1014">
    <p class='ocr_par' dir='ltr' id='par_1_177' title="bbox 1351 952 1524 1014">
     <span class='ocr_line' id='line_1_177' title="bbox 1351 952 1524 1014; baseline 0.006 -36"><span class='ocrx_word' id='word_1_433' title='bbox 1351 952 1502 1014; x_wconf 59' lang='lat' dir='ltr'><strong>gelizantur</strong></span> <span class='ocrx_word' id='word_1_434' title='bbox 1519 962 1524 979; x_wconf 93' lang='lat'>:</span> 
     </span>
     <span class='ocr_line' id='line_1_178' title="bbox 1370 987 1524 1014; baseline 0 0"><span class='ocrx_word' id='word_1_435' title='bbox 1370 987 1397 1014; x_wconf 80' lang='lat'><strong>5.</strong></span> <span class='ocrx_word' id='word_1_436' title='bbox 1417 991 1455 1014; x_wconf 81' lang='lat' dir='ltr'><strong>et.</strong></span> <span class='ocrx_word' id='word_1_437' title='bbox 1471 988 1524 1014; x_wconf 79' lang='lat' dir='ltr'><strong>beat</strong></span> 
     </span>
    </p>
   </div>
   <div class='ocr_carea' id='block_1_178' title="bbox 1370 987 1565 1020">
    <p class='ocr_par' dir='ltr' id='par_1_178' title="bbox 1370 987 1565 1020">
     <span class='ocr_line' id='line_1_179' title="bbox 1370 987 1565 1020; baseline 0.015 -7"><span class='ocrx_word' id='word_1_438' title='bbox 1370 987 1397 1014; x_wconf 80' lang='lat'><strong>5.</strong></span> <span class='ocrx_word' id='word_1_439' title='bbox 1417 991 1455 1020; x_wconf 88' lang='lat' dir='ltr'><strong>et,</strong></span> <span class='ocrx_word' id='word_1_440' title='bbox 1471 988 1565 1016; x_wconf 84' lang='lat' dir='ltr'><strong>beatus</strong></span> 
     </span>
    </p>
   </div>
   <div class='ocr_carea' id='block_1_179' title="bbox 1352 1023 1538 1058">
    <p class='ocr_par' dir='ltr' id='par_1_179' title="bbox 1352 1023 1538 1058">
     <span class='ocr_line' id='line_1_180' title="bbox 1352 1023 1538 1058; baseline 0.005 -9"><span class='ocrx_word' id='word_1_441' title='bbox 1352 1027 1403 1055; x_wconf 89' lang='lat' dir='ltr'><strong>est,</strong></span> <span class='ocrx_word' id='word_1_442' title='bbox 1416 1023 1461 1058; x_wconf 90' lang='lat' dir='ltr'><strong>qui</strong></span> <span class='ocrx_word' id='word_1_443' title='bbox 1473 1023 1499 1050; x_wconf 95' lang='lat' dir='ltr'><strong>in</strong></span> <span class='ocrx_word' id='word_1_444' title='bbox 1535 1036 1538 1037; x_wconf 55' lang='grc' dir='ltr'><em>ν</em></span> 
     </span>
    </p>
   </div>
   <div class='ocr_carea' id='block_1_180' title="bbox 1352 1059 1537 1087">
    <p class='ocr_par' dir='ltr' id='par_1_180' title="bbox 1352 1059 1537 1087">
     <span class='ocr_line' id='line_1_181' title="bbox 1352 1059 1537 1087; baseline 0.016 -3"><span class='ocrx_word' id='word_1_445' title='bbox 1352 1065 1395 1085; x_wconf 91' lang='lat' dir='ltr'><strong>mc</strong></span> <span class='ocrx_word' id='word_1_446' title='bbox 1410 1066 1463 1085; x_wconf 91' lang='lat' dir='ltr'><strong>non</strong></span> <span class='ocrx_word' id='word_1_447' title='bbox 1480 1059 1537 1087; x_wconf 82' lang='lat' dir='ltr'><strong>fue-</strong></span> 
     </span>
    </p>
   </div>
   <div class='ocr_carea' id='block_1_181' title="bbox 1352 1094 1516 1122">
    <p class='ocr_par' dir='ltr' id='par_1_181' title="bbox 1352 1094 1516 1122">
     <span class='ocr_line' id='line_1_182' title="bbox 1352 1094 1516 1122; baseline 0.018 -3"><span class='ocrx_word' id='word_1_448' title='bbox 1352 1094 1388 1119; x_wconf 85' lang='lat' dir='ltr'><strong>rit</strong></span> <span class='ocrx_word' id='word_1_449' title='bbox 1402 1094 1516 1122; x_wconf 90' lang='lat' dir='ltr'><strong>scanda-</strong></span> 
     </span>
    </p>
   </div>
   <div class='ocr_carea' id='block_1_182' title="bbox 1351 1128 1583 1164">
    <p class='ocr_par' dir='ltr' id='par_1_182' title="bbox 1351 1128 1583 1164">
     <span class='ocr_line' id='line_1_183' title="bbox 1351 1128 1583 1164; baseline 0.013 -9"><span class='ocrx_word' id='word_1_450' title='bbox 1351 1128 1397 1155; x_wconf 77' lang='grc'><strong>24.</strong></span> <span class='ocrx_word' id='word_1_451' title='bbox 1419 1129 1524 1158; x_wconf 79' lang='lat' dir='ltr'><strong>lizatus.</strong></span> <span class='ocrx_word' id='word_1_452' title='bbox 1540 1131 1583 1164; x_wconf 85' lang='lat' dir='ltr'><strong>Et,</strong></span> 
     </span>
    </p>
   </div>
   <div class='ocr_carea' id='block_1_183' title="bbox 1352 1164 1529 1193">
    <p class='ocr_par' dir='ltr' id='par_1_183' title="bbox 1352 1164 1529 1193">
     <span class='ocr_line' id='line_1_184' title="bbox 1352 1164 1529 1193; baseline 0.006 -1"><span class='ocrx_word' id='word_1_453' title='bbox 1352 1172 1413 1192; x_wconf 91' lang='lat' dir='ltr'><strong>cum</strong></span> <span class='ocrx_word' id='word_1_454' title='bbox 1426 1164 1529 1193; x_wconf 85' lang='lat' dir='ltr'><strong>disces—</strong></span> 
     </span>
    </p>
   </div>
   <div class='ocr_carea' id='block_1_184' title="bbox 1351 1200 1535 1229">
    <p class='ocr_par' dir='ltr' id='par_1_184' title="bbox 1351 1200 1535 1229">
     <span class='ocr_line' id='line_1_185' title="bbox 1351 1200 1535 1229; baseline 0.016 -3"><span class='ocrx_word' id='word_1_455' title='bbox 1351 1200 1451 1227; x_wconf 85' lang='lat' dir='ltr'><strong>sissent</strong></span> <span class='ocrx_word' id='word_1_456' title='bbox 1467 1209 1535 1229; x_wconf 86' lang='lat' dir='ltr'><strong>nun-</strong></span> 
     </span>
    </p>
   </div>
   <div class='ocr_carea' id='block_1_185' title="bbox 1352 1236 1493 1264">
    <p class='ocr_par' dir='ltr' id='par_1_185' title="bbox 1352 1236 1493 1264">
     <span class='ocr_line' id='line_1_186' title="bbox 1352 1236 1493 1264; baseline 0.014 -2"><span class='ocrx_word' id='word_1_457' title='bbox 1352 1236 1380 1262; x_wconf 89' lang='lat' dir='ltr'><strong>tii</strong></span> <span class='ocrx_word' id='word_1_458' title='bbox 1394 1236 1433 1263; x_wconf 91' lang='lat' dir='ltr'><strong>illi</strong></span> <span class='ocrx_word' id='word_1_459' title='bbox 1447 1236 1493 1264; x_wconf 85' lang='lat' dir='ltr'><strong>Jo-</strong></span> 
     </span>
    </p>
   </div>
   <div class='ocr_carea' id='block_1_186' title="bbox 1352 1271 1461 1304">
    <p class='ocr_par' dir='ltr' id='par_1_186' title="bbox 1352 1271 1461 1304">
     <span class='ocr_line' id='line_1_187' title="bbox 1352 1271 1461 1304; baseline 0.018 -7"><span class='ocrx_word' id='word_1_460' title='bbox 1352 1271 1461 1304; x_wconf 82' lang='lat' dir='ltr'><strong>liannis,</strong></span> 
     </span>
    </p>
   </div>
   <div class='ocr_carea' id='block_1_187' title="bbox 1351 1307 1497 1342">
    <p class='ocr_par' dir='ltr' id='par_1_187' title="bbox 1351 1307 1497 1342">
     <span class='ocr_line' id='line_1_188' title="bbox 1351 1307 1497 1342; baseline 0.007 -8"><span class='ocrx_word' id='word_1_461' title='bbox 1351 1308 1440 1342; x_wconf 85' lang='lat' dir='ltr'><strong>coepit</strong></span> <span class='ocrx_word' id='word_1_462' title='bbox 1455 1307 1497 1335; x_wconf 92' lang='lat' dir='ltr'><strong>di-</strong></span> 
     </span>
    </p>
   </div>
   <div class='ocr_carea' id='block_1_188' title="bbox 1352 1343 1457 1370">
    <p class='ocr_par' dir='ltr' id='par_1_188' title="bbox 1352 1343 1457 1370">
     <span class='ocr_line' id='line_1_189' title="bbox 1352 1343 1457 1370; baseline 0.01 -1"><span class='ocrx_word' id='word_1_463' title='bbox 1352 1349 1415 1370; x_wconf 88' lang='lat' dir='ltr'><strong>cere</strong></span> <span class='ocrx_word' id='word_1_464' title='bbox 1423 1343 1457 1370; x_wconf 83' lang='lat' dir='ltr'><strong>ad</strong></span> 
     </span>
    </p>
   </div>
   <div class='ocr_carea' id='block_1_189' title="bbox 1352 1378 1489 1406">
    <p class='ocr_par' dir='ltr' id='par_1_189' title="bbox 1352 1378 1489 1406">
     <span class='ocr_line' id='line_1_190' title="bbox 1352 1378 1489 1406; baseline 0.015 -2"><span class='ocrx_word' id='word_1_465' title='bbox 1352 1378 1443 1406; x_wconf 86' lang='lat' dir='ltr'><strong>turbas</strong></span> <span class='ocrx_word' id='word_1_466' title='bbox 1454 1379 1489 1406; x_wconf 88' lang='lat' dir='ltr'><strong>de</strong></span> 
     </span>
    </p>
   </div>
   <div class='ocr_carea' id='block_1_190' title="bbox 1351 1411 1496 1441">
    <p class='ocr_par' dir='ltr' id='par_1_190' title="bbox 1351 1411 1496 1441">
     <span class='ocr_line' id='line_1_191' title="bbox 1351 1411 1496 1441; baseline 0 -1"><span class='ocrx_word' id='word_1_467' title='bbox 1351 1411 1475 1441; x_wconf 68' lang='lat' dir='ltr'><strong>Iohanne</strong></span> <span class='ocrx_word' id='word_1_468' title='bbox 1489 1422 1496 1440; x_wconf 89' lang='lat'><strong>:</strong></span> 
     </span>
    </p>
   </div>
   <div class='ocr_carea' id='block_1_191' title="bbox 1352 1447 1525 1481">
    <p class='ocr_par' dir='ltr' id='par_1_191' title="bbox 1352 1447 1525 1481">
     <span class='ocr_line' id='line_1_192' title="bbox 1352 1447 1525 1481; baseline 0.012 -7"><span class='ocrx_word' id='word_1_469' title='bbox 1352 1447 1420 1481; x_wconf 87' lang='lat' dir='ltr'><strong>Quid</strong></span> <span class='ocrx_word' id='word_1_470' title='bbox 1431 1449 1525 1476; x_wconf 86' lang='lat' dir='ltr'><strong>existis</strong></span> 
     </span>
    </p>
   </div>
   <div class='ocr_carea' id='block_1_192' title="bbox 1353 1483 1531 1512">
    <p class='ocr_par' dir='ltr' id='par_1_192' title="bbox 1353 1483 1531 1512">
     <span class='ocr_line' id='line_1_193' title="bbox 1353 1483 1531 1512; baseline 0.006 -2"><span class='ocrx_word' id='word_1_471' title='bbox 1353 1483 1379 1510; x_wconf 90' lang='lat' dir='ltr'><strong>in</strong></span> <span class='ocrx_word' id='word_1_472' title='bbox 1394 1484 1531 1512; x_wconf 61' lang='lat' dir='ltr'><strong>desertum</strong></span> 
     </span>
    </p>
   </div>
   <div class='ocr_carea' id='block_1_193' title="bbox 1353 1518 1561 1547">
    <p class='ocr_par' dir='ltr' id='par_1_193' title="bbox 1353 1518 1561 1547">
     <span class='ocr_line' id='line_1_194' title="bbox 1353 1518 1561 1547; baseline 0 0"><span class='ocrx_word' id='word_1_473' title='bbox 1353 1518 1464 1547; x_wconf 89' lang='lat' dir='ltr'><strong>videre?</strong></span> <span class='ocrx_word' id='word_1_474' title='bbox 1478 1527 1561 1547; x_wconf 81' lang='lat' dir='ltr'><strong>arun-</strong></span> 
     </span>
    </p>
   </div>
   <div class='ocr_carea' id='block_1_194' title="bbox 1353 1554 1471 1583">
    <p class='ocr_par' dir='ltr' id='par_1_194' title="bbox 1353 1554 1471 1583">
     <span class='ocr_line' id='line_1_195' title="bbox 1353 1554 1471 1583; baseline 0.017 -2"><span class='ocrx_word' id='word_1_475' title='bbox 1353 1554 1443 1582; x_wconf 89' lang='lat' dir='ltr'><strong>dinem</strong></span> <span class='ocrx_word' id='word_1_476' title='bbox 1455 1563 1471 1583; x_wconf 92' lang='lat' dir='ltr'><strong>a</strong></span> 
     </span>
    </p>
   </div>
   <div class='ocr_carea' id='block_1_195' title="bbox 1353 1597 1504 1618">
    <p class='ocr_par' dir='ltr' id='par_1_195' title="bbox 1353 1597 1504 1618">
     <span class='ocr_line' id='line_1_196' title="bbox 1353 1597 1504 1618; baseline 0.02 -2"><span class='ocrx_word' id='word_1_477' title='bbox 1353 1597 1433 1617; x_wconf 86' lang='lat' dir='ltr'><strong>vento</strong></span> <span class='ocrx_word' id='word_1_478' title='bbox 1445 1599 1504 1618; x_wconf 90' lang='lat' dir='ltr'><strong>mo-</strong></span> 
     </span>
    </p>
   </div>
   <div class='ocr_carea' id='block_1_196' title="bbox 1352 1625 1563 1654">
    <p class='ocr_par' dir='ltr' id='par_1_196' title="bbox 1352 1625 1563 1654">
     <span class='ocr_line' id='line_1_197' title="bbox 1352 1625 1563 1654; baseline 0.009 -2"><span class='ocrx_word' id='word_1_479' title='bbox 1352 1625 1398 1653; x_wconf 72' lang='lat'><strong>23.</strong></span> <span class='ocrx_word' id='word_1_480' title='bbox 1420 1627 1476 1654; x_wconf 84' lang='lat' dir='ltr'><strong>veri</strong></span> <span class='ocrx_word' id='word_1_481' title='bbox 1485 1627 1498 1654; x_wconf 63' lang='grc' dir='ltr'><strong>ν</strong></span> <span class='ocrx_word' id='word_1_482' title='bbox 1511 1626 1563 1654; x_wconf 83' lang='lat' dir='ltr'><strong>Sed</strong></span> 
     </span>
    </p>
   </div>
   <div class='ocr_carea' id='block_1_197' title="bbox 1352 1662 1520 1696">
    <p class='ocr_par' dir='ltr' id='par_1_197' title="bbox 1352 1662 1520 1696">
     <span class='ocr_line' id='line_1_198' title="bbox 1352 1662 1520 1696; baseline 0.012 -8"><span class='ocrx_word' id='word_1_483' title='bbox 1352 1662 1415 1696; x_wconf 89' lang='lat' dir='ltr'><strong>quid</strong></span> <span class='ocrx_word' id='word_1_484' title='bbox 1427 1662 1520 1690; x_wconf 83' lang='lat' dir='ltr'><strong>existis</strong></span> 
     </span>
    </p>
   </div>
   <div class='ocr_carea' id='block_1_198' title="bbox 1353 1697 1528 1725">
    <p class='ocr_par' dir='ltr' id='par_1_198' title="bbox 1353 1697 1528 1725">
     <span class='ocr_line' id='line_1_199' title="bbox 1353 1697 1528 1725; baseline 0.006 -1"><span class='ocrx_word' id='word_1_485' title='bbox 1353 1697 1465 1725; x_wconf 87' lang='lat' dir='ltr'><strong>videre?</strong></span> <span class='ocrx_word' id='word_1_486' title='bbox 1479 1698 1528 1725; x_wconf 90' lang='lat' dir='ltr'><strong>ho-</strong></span> 
     </span>
    </p>
   </div>
   <div class='ocr_carea' id='block_1_199' title="bbox 1353 1733 1536 1761">
    <p class='ocr_par' dir='ltr' id='par_1_199' title="bbox 1353 1733 1536 1761">
     <span class='ocr_line' id='line_1_200' title="bbox 1353 1733 1536 1761; baseline 0.011 -2"><span class='ocrx_word' id='word_1_487' title='bbox 1353 1733 1453 1760; x_wconf 90' lang='lat' dir='ltr'><strong>minem</strong></span> <span class='ocrx_word' id='word_1_488' title='bbox 1468 1734 1536 1761; x_wconf 85' lang='lat' dir='ltr'><strong>mol-</strong></span> 
     </span>
    </p>
   </div>
   <div class='ocr_carea' id='block_1_200' title="bbox 1353 1768 1516 1796">
    <p class='ocr_par' dir='ltr' id='par_1_200' title="bbox 1353 1768 1516 1796">
     <span class='ocr_line' id='line_1_201' title="bbox 1353 1768 1516 1796; baseline 0 -1"><span class='ocrx_word' id='word_1_489' title='bbox 1353 1768 1423 1795; x_wconf 88' lang='lat' dir='ltr'><strong>libus</strong></span> <span class='ocrx_word' id='word_1_490' title='bbox 1434 1770 1516 1796; x_wconf 88' lang='lat' dir='ltr'><strong>vesti-</strong></span> 
     </span>
    </p>
   </div>
   <div class='ocr_carea' id='block_1_201' title="bbox 1352 1805 1544 1832">
    <p class='ocr_par' dir='ltr' id='par_1_201' title="bbox 1352 1805 1544 1832">
     <span class='ocr_line' id='line_1_202' title="bbox 1352 1805 1544 1832; baseline 0.016 -2"><span class='ocrx_word' id='word_1_491' title='bbox 1352 1805 1451 1831; x_wconf 89' lang='lat' dir='ltr'><strong>mentis</strong></span> <span class='ocrx_word' id='word_1_492' title='bbox 1467 1805 1544 1832; x_wconf 88' lang='lat' dir='ltr'><strong>indu-</strong></span> 
     </span>
    </p>
   </div>
   <div class='ocr_carea' id='block_1_202' title="bbox 1354 1839 1529 1875">
    <p class='ocr_par' dir='ltr' id='par_1_202' title="bbox 1354 1839 1529 1875">
     <span class='ocr_line' id='line_1_203' title="bbox 1354 1839 1529 1875; baseline 0.011 -10"><span class='ocrx_word' id='word_1_493' title='bbox 1354 1840 1427 1866; x_wconf 88' lang='lat' dir='ltr'><strong>tum?</strong></span> <span class='ocrx_word' id='word_1_494' title='bbox 1438 1839 1507 1867; x_wconf 88' lang='lat' dir='ltr'><strong>Ecce</strong></span> <span class='ocrx_word' id='word_1_495' title='bbox 1522 1862 1529 1875; x_wconf 94' lang='lat'><strong>,</strong></span> 
     </span>
    </p>
   </div>
   <div class='ocr_carea' id='block_1_203' title="bbox 1352 1875 1520 1909">
    <p class='ocr_par' dir='ltr' id='par_1_203' title="bbox 1352 1875 1520 1909">
     <span class='ocr_line' id='line_1_204' title="bbox 1352 1875 1520 1909; baseline 0.012 -8"><span class='ocrx_word' id='word_1_496' title='bbox 1352 1875 1398 1909; x_wconf 88' lang='lat' dir='ltr'><strong>qui</strong></span> <span class='ocrx_word' id='word_1_497' title='bbox 1408 1875 1434 1902; x_wconf 91' lang='lat' dir='ltr'><strong>in</strong></span> <span class='ocrx_word' id='word_1_498' title='bbox 1446 1879 1520 1903; x_wconf 85' lang='lat' dir='ltr'><strong>veste</strong></span> 
     </span>
    </p>
   </div>
   <div class='ocr_carea' id='block_1_204' title="bbox 1352 1910 1487 1946">
    <p class='ocr_par' dir='ltr' id='par_1_204' title="bbox 1352 1910 1487 1946">
     <span class='ocr_line' id='line_1_205' title="bbox 1352 1910 1487 1946; baseline 0.007 -10"><span class='ocrx_word' id='word_1_499' title='bbox 1352 1910 1487 1946; x_wconf 82' lang='lat' dir='ltr'><strong>praetiosa</strong></span> 
     </span>
    </p>
   </div>
   <div class='ocr_carea' id='block_1_205' title="bbox 1352 1946 1506 1977">
    <p class='ocr_par' dir='ltr' id='par_1_205' title="bbox 1352 1946 1506 1977">
     <span class='ocr_line' id='line_1_206' title="bbox 1352 1946 1506 1977; baseline 0.006 -6"><span class='ocrx_word' id='word_1_500' title='bbox 1352 1950 1425 1977; x_wconf 78' lang='lat' dir='ltr'><strong>sunt,</strong></span> <span class='ocrx_word' id='word_1_501' title='bbox 1439 1950 1465 1973; x_wconf 91' lang='lat' dir='ltr'><strong>et</strong></span> <span class='ocrx_word' id='word_1_502' title='bbox 1479 1946 1506 1972; x_wconf 89' lang='lat' dir='ltr'><strong>in</strong></span> 
     </span>
    </p>
   </div>
   <div class='ocr_carea' id='block_1_206' title="bbox 1352 1980 1501 2014">
    <p class='ocr_par' dir='ltr' id='par_1_206' title="bbox 1352 1980 1501 2014">
     <span class='ocr_line' id='line_1_207' title="bbox 1352 1980 1501 2014; baseline 0.007 -7"><span class='ocrx_word' id='word_1_503' title='bbox 1352 1980 1462 2014; x_wconf 88' lang='lat' dir='ltr'><strong>delitiis,</strong></span> <span class='ocrx_word' id='word_1_504' title='bbox 1473 1981 1501 2008; x_wconf 83' lang='lat' dir='ltr'><strong>in</strong></span> 
     </span>
    </p>
   </div>
   <div class='ocr_carea' id='block_1_207' title="bbox 102 2085 877 2121">
    <p class='ocr_par' dir='ltr' id='par_1_207' title="bbox 102 2085 877 2121">
     <span class='ocr_line' id='line_1_208' title="bbox 102 2085 877 2121; baseline 0 -10"><span class='ocrx_word' id='word_1_505' title='bbox 102 2091 152 2111; x_wconf 72' lang='lat' dir='ltr'><strong>tuus</strong></span> <span class='ocrx_word' id='word_1_506' title='bbox 173 2092 198 2113; x_wconf 86' lang='lat' dir='ltr'><strong>et</strong></span> <span class='ocrx_word' id='word_1_507' title='bbox 221 2087 304 2121; x_wconf 77' lang='lat' dir='ltr'><strong>cmpit</strong></span> <span class='ocrx_word' id='word_1_508' title='bbox 320 2086 404 2121; x_wconf 88' lang='lat' dir='ltr'><strong>loqtti.</strong></span> <span class='ocrx_word' id='word_1_509' title='bbox 430 2086 464 2113; x_wconf 86' lang='lat' dir='ltr'><strong>Et</strong></span> <span class='ocrx_word' id='word_1_510' title='bbox 478 2085 595 2113; x_wconf 80' lang='lat' dir='ltr'><strong>reddidit</strong></span> <span class='ocrx_word' id='word_1_511' title='bbox 610 2086 684 2113; x_wconf 89' lang='lat' dir='ltr'><strong>illum</strong></span> <span class='ocrx_word' id='word_1_512' title='bbox 708 2086 786 2113; x_wconf 87' lang='lat' dir='ltr'><strong>tuatri</strong></span> <span class='ocrx_word' id='word_1_513' title='bbox 804 2094 877 2112; x_wconf 76' lang='lat' dir='ltr'><strong>suae.</strong></span> 
     </span>
    </p>
   </div>
   <div class='ocr_carea' id='block_1_208' title="bbox 102 2122 882 2156">
    <p class='ocr_par' dir='ltr' id='par_1_208' title="bbox 102 2122 882 2156">
     <span class='ocr_line' id='line_1_209' title="bbox 102 2122 882 2156; baseline 0.001 -10"><span class='ocrx_word' id='word_1_514' title='bbox 102 2122 269 2155; x_wconf 71' lang='lat' dir='ltr'><strong>Adprelicndit</strong></span> <span class='ocrx_word' id='word_1_515' title='bbox 291 2126 380 2149; x_wconf 71' lang='lat' dir='ltr'><strong>autem</strong></span> <span class='ocrx_word' id='word_1_516' title='bbox 403 2129 499 2149; x_wconf 84' lang='lat' dir='ltr'><strong>omnes</strong></span> <span class='ocrx_word' id='word_1_517' title='bbox 520 2122 612 2149; x_wconf 81' lang='lat' dir='ltr'><strong>timur.</strong></span> <span class='ocrx_word' id='word_1_518' title='bbox 627 2127 652 2149; x_wconf 86' lang='lat' dir='ltr'><strong>et</strong></span> <span class='ocrx_word' id='word_1_519' title='bbox 674 2123 882 2156; x_wconf 74' lang='lat' dir='ltr'><strong>tungniticnbnut</strong></span> 
     </span>
    </p>
   </div>
   <div class='ocr_carea' id='block_1_209' title="bbox 102 2155 880 2192">
    <p class='ocr_par' dir='ltr' id='par_1_209' title="bbox 102 2155 880 2192">
     <span class='ocr_line' id='line_1_210' title="bbox 102 2155 880 2192; baseline 0.005 -13"><span class='ocrx_word' id='word_1_520' title='bbox 102 2155 172 2183; x_wconf 71' lang='lat' dir='ltr'><strong>lleuul</strong></span> <span class='ocrx_word' id='word_1_521' title='bbox 186 2159 313 2185; x_wconf 71' lang='lat' dir='ltr'><strong>dicentes.</strong></span> <span class='ocrx_word' id='word_1_522' title='bbox 334 2158 400 2191; x_wconf 79' lang='lat' dir='ltr'><strong>Quia</strong></span> <span class='ocrx_word' id='word_1_523' title='bbox 423 2157 558 2192; x_wconf 84' lang='lat' dir='ltr'><strong>Propheta</strong></span> <span class='ocrx_word' id='word_1_524' title='bbox 580 2166 692 2192; x_wconf 74' lang='lat' dir='ltr'><strong>magnus</strong></span> <span class='ocrx_word' id='word_1_525' title='bbox 716 2155 831 2184; x_wconf 67' lang='lat' dir='ltr'><strong>surrexit</strong></span> <span class='ocrx_word' id='word_1_526' title='bbox 857 2158 880 2183; x_wconf 84' lang='lat' dir='ltr'><strong>iu</strong></span> 
     </span>
    </p>
   </div>
   <div class='ocr_carea' id='block_1_210' title="bbox 103 2193 881 2229">
    <p class='ocr_par' dir='ltr' id='par_1_210' title="bbox 103 2193 881 2229">
     <span class='ocr_line' id='line_1_211' title="bbox 103 2193 881 2229; baseline 0.005 -14"><span class='ocrx_word' id='word_1_527' title='bbox 103 2193 177 2229; x_wconf 71' lang='lat' dir='ltr'><strong>nobis.</strong></span> <span class='ocrx_word' id='word_1_528' title='bbox 192 2199 216 2220; x_wconf 79' lang='lat' dir='ltr'><strong>ct</strong></span> <span class='ocrx_word' id='word_1_529' title='bbox 231 2195 291 2228; x_wconf 76' lang='lat' dir='ltr'><strong>quin</strong></span> <span class='ocrx_word' id='word_1_530' title='bbox 308 2193 428 2221; x_wconf 87' lang='lat' dir='ltr'><strong>visitavit</strong></span> <span class='ocrx_word' id='word_1_531' title='bbox 445 2193 515 2229; x_wconf 70' lang='lat' dir='ltr'><strong>Deus</strong></span> <span class='ocrx_word' id='word_1_532' title='bbox 538 2194 645 2229; x_wconf 80' lang='lat' dir='ltr'><strong>plebem</strong></span> <span class='ocrx_word' id='word_1_533' title='bbox 662 2201 748 2223; x_wconf 80' lang='lat' dir='ltr'><strong>suam.</strong></span> <span class='ocrx_word' id='word_1_534' title='bbox 765 2194 795 2219; x_wconf 64' lang='lat' dir='ltr'><strong>lit</strong></span> <span class='ocrx_word' id='word_1_535' title='bbox 818 2193 881 2219; x_wconf 71' lang='lat' dir='ltr'><strong>oxiit</strong></span> 
     </span>
    </p>
   </div>
   <div class='ocr_carea' id='block_1_211' title="bbox 105 2226 883 2256">
    <p class='ocr_par' dir='ltr' id='par_1_211' title="bbox 105 2226 883 2256">
     <span class='ocr_line' id='line_1_212' title="bbox 105 2226 883 2256; baseline 0.006 -5"><span class='ocrx_word' id='word_1_536' title='bbox 105 2226 138 2253; x_wconf 83' lang='lat' dir='ltr'><strong>hic</strong></span> <span class='ocrx_word' id='word_1_537' title='bbox 151 2237 232 2256; x_wconf 74' lang='lat' dir='ltr'><strong>sermo</strong></span> <span class='ocrx_word' id='word_1_538' title='bbox 241 2226 273 2256; x_wconf 56' lang='lat' dir='ltr'><strong>&#39;in</strong></span> <span class='ocrx_word' id='word_1_539' title='bbox 291 2230 442 2256; x_wconf 80' lang='lat' dir='ltr'><strong>universam</strong></span> <span class='ocrx_word' id='word_1_540' title='bbox 455 2226 586 2256; x_wconf 70' lang='lat' dir='ltr'><strong>Judaeam</strong></span> <span class='ocrx_word' id='word_1_541' title='bbox 597 2229 631 2256; x_wconf 85' lang='lat' dir='ltr'><strong>de</strong></span> <span class='ocrx_word' id='word_1_542' title='bbox 644 2237 686 2256; x_wconf 82' lang='lat' dir='ltr'><strong>eo.</strong></span> <span class='ocrx_word' id='word_1_543' title='bbox 700 2235 726 2256; x_wconf 85' lang='lat' dir='ltr'><strong>et</strong></span> <span class='ocrx_word' id='word_1_544' title='bbox 737 2229 763 2256; x_wconf 89' lang='lat' dir='ltr'><strong>in</strong></span> <span class='ocrx_word' id='word_1_545' title='bbox 774 2236 883 2256; x_wconf 85' lang='lat' dir='ltr'><strong>omnem</strong></span> 
     </span>
    </p>
   </div>
   <div class='ocr_carea' id='block_1_212' title="bbox 104 2264 686 2296">
    <p class='ocr_par' dir='ltr' id='par_1_212' title="bbox 104 2264 686 2296">
     <span class='ocr_line' id='line_1_213' title="bbox 104 2264 686 2296; baseline 0.009 -8"><span class='ocrx_word' id='word_1_546' title='bbox 104 2264 235 2296; x_wconf 78' lang='lat' dir='ltr'><strong>regionem.</strong></span> <span class='ocrx_word' id='word_1_547' title='bbox 684 2270 686 2272; x_wconf 88' lang='grc'><em>’</em></span> 
     </span>
    </p>
   </div>
   <div class='ocr_carea' id='block_1_213' title="bbox 133 2299 881 2334">
    <p class='ocr_par' dir='ltr' id='par_1_213' title="bbox 133 2299 881 2334">
     <span class='ocr_line' id='line_1_214' title="bbox 133 2299 881 2334; baseline 0.001 -9"><span class='ocrx_word' id='word_1_548' title='bbox 133 2299 161 2325; x_wconf 85' lang='lat' dir='ltr'><strong>Et</strong></span> <span class='ocrx_word' id='word_1_549' title='bbox 174 2301 363 2327; x_wconf 90' lang='lat' dir='ltr'><strong>nuntiaverunt</strong></span> <span class='ocrx_word' id='word_1_550' title='bbox 377 2299 491 2327; x_wconf 67' lang='lat' dir='ltr'><strong>Iohanni</strong></span> <span class='ocrx_word' id='word_1_551' title='bbox 511 2300 632 2334; x_wconf 61' lang='lat' dir='ltr'><strong>(llsClpllll</strong></span> <span class='ocrx_word' id='word_1_552' title='bbox 650 2301 708 2333; x_wconf 80' lang='lat' dir='ltr'><strong>ejus</strong></span> <span class='ocrx_word' id='word_1_553' title='bbox 722 2301 754 2326; x_wconf 67' lang='lat' dir='ltr'><strong>de</strong></span> <span class='ocrx_word' id='word_1_554' title='bbox 772 2300 811 2326; x_wconf 86' lang='lat' dir='ltr'><strong>his</strong></span> <span class='ocrx_word' id='word_1_555' title='bbox 823 2307 881 2326; x_wconf 90' lang='lat' dir='ltr'><strong>om-</strong></span> 
     </span>
    </p>
   </div>
   <div class='ocr_carea' id='block_1_214' title="bbox 103 2333 878 2369">
    <p class='ocr_par' dir='ltr' id='par_1_214' title="bbox 103 2333 878 2369">
     <span class='ocr_line' id='line_1_215' title="bbox 103 2333 878 2369; baseline 0.006 -11"><span class='ocrx_word' id='word_1_556' title='bbox 103 2333 170 2362; x_wconf 89' lang='lat' dir='ltr'><strong>nibus</strong></span> <span class='ocrx_word' id='word_1_557' title='bbox 182 2341 206 2363; x_wconf 89' lang='lat' dir='ltr'><strong>et</strong></span> <span class='ocrx_word' id='word_1_558' title='bbox 218 2337 377 2363; x_wconf 82' lang='lat' dir='ltr'><strong>convocavit</strong></span> <span class='ocrx_word' id='word_1_559' title='bbox 389 2335 457 2363; x_wconf 91' lang='lat' dir='ltr'><strong>duos</strong></span> <span class='ocrx_word' id='word_1_560' title='bbox 468 2335 500 2362; x_wconf 87' lang='lat' dir='ltr'><strong>de</strong></span> <span class='ocrx_word' id='word_1_561' title='bbox 512 2336 650 2369; x_wconf 75' lang='lat' dir='ltr'><strong>discipulis</strong></span> <span class='ocrx_word' id='word_1_562' title='bbox 662 2337 718 2362; x_wconf 72' lang='lat' dir='ltr'><strong>suis</strong></span> <span class='ocrx_word' id='word_1_563' title='bbox 728 2336 878 2364; x_wconf 69' lang='lat' dir='ltr'><strong>Jntiannes.</strong></span> 
     </span>
    </p>
   </div>
   <div class='ocr_carea' id='block_1_215' title="bbox 103 2370 879 2405">
    <p class='ocr_par' dir='ltr' id='par_1_215' title="bbox 103 2370 879 2405">
     <span class='ocr_line' id='line_1_216' title="bbox 103 2370 879 2405; baseline 0.003 -10"><span class='ocrx_word' id='word_1_564' title='bbox 103 2371 195 2405; x_wconf 61' lang='lat' dir='ltr'><strong>etmisit</strong></span> <span class='ocrx_word' id='word_1_565' title='bbox 208 2372 240 2398; x_wconf 88' lang='lat' dir='ltr'><strong>ad</strong></span> <span class='ocrx_word' id='word_1_566' title='bbox 255 2371 347 2399; x_wconf 83' lang='lat' dir='ltr'><strong>Jesum</strong></span> <span class='ocrx_word' id='word_1_567' title='bbox 364 2371 466 2398; x_wconf 89' lang='lat' dir='ltr'><strong>dicens.</strong></span> <span class='ocrx_word' id='word_1_568' title='bbox 481 2370 520 2398; x_wconf 87' lang='lat' dir='ltr'><strong>Tu</strong></span> <span class='ocrx_word' id='word_1_569' title='bbox 535 2380 563 2397; x_wconf 75' lang='lat' dir='ltr'><strong>cs</strong></span> <span class='ocrx_word' id='word_1_570' title='bbox 580 2371 625 2405; x_wconf 85' lang='lat' dir='ltr'><strong>qui</strong></span> <span class='ocrx_word' id='word_1_571' title='bbox 648 2376 776 2398; x_wconf 67' lang='lat' dir='ltr'><strong>venturus</strong></span> <span class='ocrx_word' id='word_1_572' title='bbox 790 2379 829 2397; x_wconf 76' lang='lat' dir='ltr'><strong>es.</strong></span> <span class='ocrx_word' id='word_1_573' title='bbox 845 2378 879 2397; x_wconf 85' lang='lat' dir='ltr'><strong>an</strong></span> 
     </span>
    </p>
   </div>
   <div class='ocr_carea' id='block_1_216' title="bbox 102 2404 878 2446">
    <p class='ocr_par' dir='ltr' id='par_1_216' title="bbox 102 2404 878 2446">
     <span class='ocr_line' id='line_1_217' title="bbox 102 2404 878 2446; baseline -0.003 -12"><span class='ocrx_word' id='word_1_574' title='bbox 102 2404 372 2446; x_wconf 55' lang='lat' dir='ltr'><strong>aliumexpectatnus.</strong></span> <span class='ocrx_word' id='word_1_575' title='bbox 396 2405 474 2446; x_wconf 57' lang='lat' dir='ltr'><strong>CuuL</strong></span> <span class='ocrx_word' id='word_1_576' title='bbox 488 2404 736 2446; x_wconf 31' lang='lat' dir='ltr'><strong>autem’venissent</strong></span> <span class='ocrx_word' id='word_1_577' title='bbox 763 2405 795 2446; x_wconf 72' lang='lat' dir='ltr'><strong>ad</strong></span> <span class='ocrx_word' id='word_1_578' title='bbox 817 2413 878 2446; x_wconf 78' lang='lat' dir='ltr'><strong>eum</strong></span> 
     </span>
    </p>
   </div>
   <div class='ocr_carea' id='block_1_217' title="bbox 104 2439 877 2477">
    <p class='ocr_par' dir='ltr' id='par_1_217' title="bbox 104 2439 877 2477">
     <span class='ocr_line' id='line_1_218' title="bbox 104 2439 877 2477; baseline 0.005 -13"><span class='ocrx_word' id='word_1_579' title='bbox 104 2439 144 2466; x_wconf 87' lang='lat' dir='ltr'><strong>viri</strong></span> <span class='ocrx_word' id='word_1_580' title='bbox 157 2439 287 2470; x_wconf 73' lang='lat' dir='ltr'><strong>dixer&#39;unt.</strong></span> <span class='ocrx_word' id='word_1_581' title='bbox 302 2441 440 2469; x_wconf 79' lang='lat' dir='ltr'><strong>Johaunes</strong></span> <span class='ocrx_word' id='word_1_582' title='bbox 456 2441 574 2477; x_wconf 80' lang='lat' dir='ltr'><strong>Baptista</strong></span> <span class='ocrx_word' id='word_1_583' title='bbox 592 2443 664 2469; x_wconf 86' lang='lat' dir='ltr'><strong>misit</strong></span> <span class='ocrx_word' id='word_1_584' title='bbox 680 2450 727 2468; x_wconf 82' lang='lat' dir='ltr'><strong>nos</strong></span> <span class='ocrx_word' id='word_1_585' title='bbox 743 2443 774 2468; x_wconf 83' lang='lat' dir='ltr'><strong>ad</strong></span> <span class='ocrx_word' id='word_1_586' title='bbox 792 2446 817 2468; x_wconf 91' lang='lat' dir='ltr'><strong>te</strong></span> <span class='ocrx_word' id='word_1_587' title='bbox 835 2442 877 2468; x_wconf 91' lang='lat' dir='ltr'><strong>di-</strong></span> 
     </span>
    </p>
   </div>
   <div class='ocr_carea' id='block_1_218' title="bbox 102 2477 877 2514">
    <p class='ocr_par' dir='ltr' id='par_1_218' title="bbox 102 2477 877 2514">
     <span class='ocr_line' id='line_1_219' title="bbox 102 2477 877 2514; baseline 0.001 -12"><span class='ocrx_word' id='word_1_588' title='bbox 102 2481 166 2504; x_wconf 79' lang='lat' dir='ltr'><strong>cens.</strong></span> <span class='ocrx_word' id='word_1_589' title='bbox 178 2477 214 2505; x_wconf 84' lang='lat' dir='ltr'><strong>Tu</strong></span> <span class='ocrx_word' id='word_1_590' title='bbox 227 2485 257 2506; x_wconf 80' lang='lat' dir='ltr'><strong>es</strong></span> <span class='ocrx_word' id='word_1_591' title='bbox 269 2478 314 2514; x_wconf 91' lang='lat' dir='ltr'><strong>qui</strong></span> <span class='ocrx_word' id='word_1_592' title='bbox 329 2482 459 2505; x_wconf 88' lang='lat' dir='ltr'><strong>venturus</strong></span> <span class='ocrx_word' id='word_1_593' title='bbox 478 2484 516 2505; x_wconf 87' lang='lat' dir='ltr'><strong>es.</strong></span> <span class='ocrx_word' id='word_1_594' title='bbox 538 2485 571 2504; x_wconf 90' lang='lat' dir='ltr'><strong>an</strong></span> <span class='ocrx_word' id='word_1_595' title='bbox 591 2478 671 2504; x_wconf 85' lang='lat' dir='ltr'><strong>alium</strong></span> <span class='ocrx_word' id='word_1_596' title='bbox 694 2481 877 2513; x_wconf 81' lang='lat' dir='ltr'><strong>expectamus.</strong></span> 
     </span>
    </p>
   </div>
   <div class='ocr_carea' id='block_1_219' title="bbox 933 2085 1734 2121">
    <p class='ocr_par' dir='ltr' id='par_1_219' title="bbox 933 2085 1734 2121">
     <span class='ocr_line' id='line_1_220' title="bbox 933 2085 1734 2121; baseline 0.006 -8"><span class='ocrx_word' id='word_1_597' title='bbox 933 2086 1033 2113; x_wconf 88' lang='lat' dir='ltr'><strong>Eadem</strong></span> <span class='ocrx_word' id='word_1_598' title='bbox 1058 2089 1148 2113; x_wconf 83' lang='lat' dir='ltr'><strong>autem</strong></span> <span class='ocrx_word' id='word_1_599' title='bbox 1169 2085 1232 2112; x_wconf 82' lang='lat' dir='ltr'><strong>hora</strong></span> <span class='ocrx_word' id='word_1_600' title='bbox 1249 2085 1354 2112; x_wconf 86' lang='lat' dir='ltr'><strong>curavit</strong></span> <span class='ocrx_word' id='word_1_601' title='bbox 1376 2086 1476 2113; x_wconf 86' lang='lat' dir='ltr'><strong>multos</strong></span> <span class='ocrx_word' id='word_1_602' title='bbox 1489 2094 1503 2113; x_wconf 85' lang='lat' dir='ltr'><strong>a</strong></span> <span class='ocrx_word' id='word_1_603' title='bbox 1519 2087 1692 2121; x_wconf 71' lang='lat' dir='ltr'><strong>languoribus</strong></span> <span class='ocrx_word' id='word_1_604' title='bbox 1706 2096 1734 2118; x_wconf 86' lang='lat' dir='ltr'><strong>et</strong></span> 
     </span>
    </p>
   </div>
   <div class='ocr_carea' id='block_1_220' title="bbox 935 2120 1733 2156">
    <p class='ocr_par' dir='ltr' id='par_1_220' title="bbox 935 2120 1733 2156">
     <span class='ocr_line' id='line_1_221' title="bbox 935 2120 1733 2156; baseline 0.006 -8"><span class='ocrx_word' id='word_1_605' title='bbox 935 2121 1029 2156; x_wconf 77' lang='lat' dir='ltr'><strong>plagis.</strong></span> <span class='ocrx_word' id='word_1_606' title='bbox 1044 2127 1070 2148; x_wconf 88' lang='lat' dir='ltr'><strong>et</strong></span> <span class='ocrx_word' id='word_1_607' title='bbox 1085 2121 1226 2155; x_wconf 86' lang='lat' dir='ltr'><strong>spiritibus</strong></span> <span class='ocrx_word' id='word_1_608' title='bbox 1239 2120 1328 2147; x_wconf 84' lang='lat' dir='ltr'><strong>malis.</strong></span> <span class='ocrx_word' id='word_1_609' title='bbox 1350 2126 1376 2148; x_wconf 89' lang='lat' dir='ltr'><strong>et</strong></span> <span class='ocrx_word' id='word_1_610' title='bbox 1395 2122 1484 2149; x_wconf 78' lang='lat' dir='ltr'><strong>caecis</strong></span> <span class='ocrx_word' id='word_1_611' title='bbox 1507 2120 1600 2150; x_wconf 85' lang='lat' dir='ltr'><strong>multis</strong></span> <span class='ocrx_word' id='word_1_612' title='bbox 1622 2124 1733 2154; x_wconf 85' lang='lat' dir='ltr'><strong>donavit</strong></span> 
     </span>
    </p>
   </div>
   <div class='ocr_carea' id='block_1_221' title="bbox 935 2156 1731 2192">
    <p class='ocr_par' dir='ltr' id='par_1_221' title="bbox 935 2156 1731 2192">
     <span class='ocr_line' id='line_1_222' title="bbox 935 2156 1731 2192; baseline 0.008 -9"><span class='ocrx_word' id='word_1_613' title='bbox 935 2158 1033 2184; x_wconf 89' lang='lat' dir='ltr'><strong>visum.</strong></span> <span class='ocrx_word' id='word_1_614' title='bbox 1050 2157 1081 2183; x_wconf 78' lang='lat' dir='ltr'><strong>Et</strong></span> <span class='ocrx_word' id='word_1_615' title='bbox 1097 2156 1265 2192; x_wconf 80' lang='lat' dir='ltr'><strong>respondens</strong></span> <span class='ocrx_word' id='word_1_616' title='bbox 1278 2156 1357 2184; x_wconf 84' lang='lat' dir='ltr'><strong>Jesus</strong></span> <span class='ocrx_word' id='word_1_617' title='bbox 1372 2156 1440 2184; x_wconf 84' lang='lat' dir='ltr'><strong>dixit</strong></span> <span class='ocrx_word' id='word_1_618' title='bbox 1455 2158 1518 2185; x_wconf 90' lang='lat' dir='ltr'><strong>illis.</strong></span> <span class='ocrx_word' id='word_1_619' title='bbox 1542 2159 1642 2187; x_wconf 85' lang='lat' dir='ltr'><strong>Euntes</strong></span> <span class='ocrx_word' id='word_1_620' title='bbox 1660 2168 1731 2189; x_wconf 90' lang='lat' dir='ltr'><strong>nun-</strong></span> 
     </span>
    </p>
   </div>
   <div class='ocr_carea' id='block_1_222' title="bbox 936 2192 1731 2228">
    <p class='ocr_par' dir='ltr' id='par_1_222' title="bbox 936 2192 1731 2228">
     <span class='ocr_line' id='line_1_223' title="bbox 936 2192 1731 2228; baseline 0.004 -9"><span class='ocrx_word' id='word_1_621' title='bbox 936 2193 999 2219; x_wconf 76' lang='lat' dir='ltr'><strong>tiate</strong></span> <span class='ocrx_word' id='word_1_622' title='bbox 1014 2192 1223 2226; x_wconf 62' lang='lat' dir='ltr'><strong>Johanniquzte</strong></span> <span class='ocrx_word' id='word_1_623' title='bbox 1249 2193 1364 2219; x_wconf 75' lang='lat' dir='ltr'><strong>\‘itlistis.</strong></span> <span class='ocrx_word' id='word_1_624' title='bbox 1382 2198 1407 2219; x_wconf 88' lang='lat' dir='ltr'><strong>et</strong></span> <span class='ocrx_word' id='word_1_625' title='bbox 1424 2193 1546 2220; x_wconf 70' lang='lat' dir='ltr'><strong>audistis.</strong></span> <span class='ocrx_word' id='word_1_626' title='bbox 1571 2196 1631 2228; x_wconf 81' lang='lat' dir='ltr'><strong>quia</strong></span> <span class='ocrx_word' id='word_1_627' title='bbox 1658 2198 1731 2224; x_wconf 70' lang='lat' dir='ltr'><strong>cneci</strong></span> 
     </span>
    </p>
   </div>
   <div class='ocr_carea' id='block_1_223' title="bbox 936 2228 1732 2261">
    <p class='ocr_par' dir='ltr' id='par_1_223' title="bbox 936 2228 1732 2261">
     <span class='ocr_line' id='line_1_224' title="bbox 936 2228 1732 2261; baseline -0.003 -7"><span class='ocrx_word' id='word_1_628' title='bbox 936 2229 1038 2255; x_wconf 70' lang='lat' dir='ltr'><strong>\‘idcut.</strong></span> <span class='ocrx_word' id='word_1_629' title='bbox 1056 2228 1125 2255; x_wconf 52' lang='lat' dir='ltr'><strong>(‘lodi</strong></span> <span class='ocrx_word' id='word_1_630' title='bbox 1138 2229 1286 2254; x_wconf 67' lang='lat' dir='ltr'><strong>:Illlllllldlll.</strong></span> <span class='ocrx_word' id='word_1_631' title='bbox 1300 2228 1397 2261; x_wconf 67' lang='lat' dir='ltr'><strong>leprosi</strong></span> <span class='ocrx_word' id='word_1_632' title='bbox 1411 2230 1582 2256; x_wconf 73' lang='lat' dir='ltr'><strong>muttduutur.</strong></span> <span class='ocrx_word' id='word_1_633' title='bbox 1598 2232 1671 2258; x_wconf 76' lang='lat' dir='ltr'><strong>surdi</strong></span> <span class='ocrx_word' id='word_1_634' title='bbox 1684 2241 1732 2259; x_wconf 85' lang='lat' dir='ltr'><strong>:ttt-</strong></span> 
     </span>
    </p>
   </div>
   <div class='ocr_carea' id='block_1_224' title="bbox 936 2263 1733 2300">
    <p class='ocr_par' dir='ltr' id='par_1_224' title="bbox 936 2263 1733 2300">
     <span class='ocr_line' id='line_1_225' title="bbox 936 2263 1733 2300; baseline 0.006 -9"><span class='ocrx_word' id='word_1_635' title='bbox 936 2263 1025 2291; x_wconf 77' lang='lat' dir='ltr'><strong>diuut.</strong></span> <span class='ocrx_word' id='word_1_636' title='bbox 1041 2264 1137 2290; x_wconf 73' lang='lat' dir='ltr'><strong>mortui</strong></span> <span class='ocrx_word' id='word_1_637' title='bbox 1156 2269 1307 2298; x_wconf 69' lang='lat' dir='ltr'><strong>resurgunt.</strong></span> <span class='ocrx_word' id='word_1_638' title='bbox 1326 2272 1457 2297; x_wconf 76' lang='lat' dir='ltr'><strong>pattpercs</strong></span> <span class='ocrx_word' id='word_1_639' title='bbox 1472 2267 1690 2300; x_wconf 70' lang='lat' dir='ltr'><strong>evnngeliznutnr</strong></span> <span class='ocrx_word' id='word_1_640' title='bbox 1706 2274 1733 2296; x_wconf 74' lang='lat' dir='ltr'><strong>cl</strong></span> 
     </span>
    </p>
   </div>
   <div class='ocr_carea' id='block_1_225' title="bbox 935 2299 1730 2334">
    <p class='ocr_par' dir='ltr' id='par_1_225' title="bbox 935 2299 1730 2334">
     <span class='ocr_line' id='line_1_226' title="bbox 935 2299 1730 2334; baseline 0.008 -10"><span class='ocrx_word' id='word_1_641' title='bbox 935 2299 1030 2326; x_wconf 81' lang='lat' dir='ltr'><strong>beatus</strong></span> <span class='ocrx_word' id='word_1_642' title='bbox 1042 2304 1084 2325; x_wconf 82' lang='lat' dir='ltr'><strong>cst</strong></span> <span class='ocrx_word' id='word_1_643' title='bbox 1097 2300 1249 2334; x_wconf 76' lang='lat' dir='ltr'><strong>quicunque.</strong></span> <span class='ocrx_word' id='word_1_644' title='bbox 1265 2308 1316 2325; x_wconf 84' lang='lat' dir='ltr'><strong>non</strong></span> <span class='ocrx_word' id='word_1_645' title='bbox 1332 2300 1411 2326; x_wconf 77' lang='lat' dir='ltr'><strong>fuerit</strong></span> <span class='ocrx_word' id='word_1_646' title='bbox 1426 2301 1623 2328; x_wconf 69' lang='lat' dir='ltr'><strong>scandalizatus</strong></span> <span class='ocrx_word' id='word_1_647' title='bbox 1636 2304 1661 2329; x_wconf 90' lang='lat' dir='ltr'><strong>in</strong></span> <span class='ocrx_word' id='word_1_648' title='bbox 1678 2312 1730 2331; x_wconf 88' lang='lat' dir='ltr'><strong>me.</strong></span> 
     </span>
    </p>
   </div>
   <div class='ocr_carea' id='block_1_226' title="bbox 934 2334 1734 2373">
    <p class='ocr_par' dir='ltr' id='par_1_226' title="bbox 934 2334 1734 2373">
     <span class='ocr_line' id='line_1_227' title="bbox 934 2334 1734 2373; baseline 0.005 -12"><span class='ocrx_word' id='word_1_649' title='bbox 934 2334 1106 2373; x_wconf 66' lang='lat' dir='ltr'><strong>(hirudinem</strong></span> <span class='ocrx_word' id='word_1_650' title='bbox 1131 2335 1243 2373; x_wconf 67' lang='lat' dir='ltr'><strong>discessi</strong></span> <span class='ocrx_word' id='word_1_651' title='bbox 1262 2340 1355 2373; x_wconf 74' lang='lat' dir='ltr'><strong>essent</strong></span> <span class='ocrx_word' id='word_1_652' title='bbox 1377 2336 1466 2373; x_wconf 80' lang='lat' dir='ltr'><strong>nuncii</strong></span> <span class='ocrx_word' id='word_1_653' title='bbox 1492 2336 1622 2373; x_wconf 77' lang='lat' dir='ltr'><strong>.lohnunis</strong></span> <span class='ocrx_word' id='word_1_654' title='bbox 1644 2340 1734 2373; x_wconf 66' lang='lat' dir='ltr'><strong>(&#39;m‘pit</strong></span> 
     </span>
    </p>
   </div>
   <div class='ocr_carea' id='block_1_227' title="bbox 934 2370 1731 2405">
    <p class='ocr_par' dir='ltr' id='par_1_227' title="bbox 934 2370 1731 2405">
     <span class='ocr_line' id='line_1_228' title="bbox 934 2370 1731 2405; baseline 0.005 -9"><span class='ocrx_word' id='word_1_655' title='bbox 934 2371 1025 2397; x_wconf 78' lang='lat' dir='ltr'><strong>dicere</strong></span> <span class='ocrx_word' id='word_1_656' title='bbox 1043 2370 1120 2397; x_wconf 72' lang='lat' dir='ltr'><strong>.lcsus</strong></span> <span class='ocrx_word' id='word_1_657' title='bbox 1138 2370 1170 2396; x_wconf 84' lang='lat' dir='ltr'><strong>de</strong></span> <span class='ocrx_word' id='word_1_658' title='bbox 1185 2370 1309 2396; x_wconf 73' lang='lat' dir='ltr'><strong>Jolmune</strong></span> <span class='ocrx_word' id='word_1_659' title='bbox 1325 2370 1355 2397; x_wconf 79' lang='lat' dir='ltr'><strong>:ttl</strong></span> <span class='ocrx_word' id='word_1_660' title='bbox 1372 2371 1473 2396; x_wconf 71' lang='lat' dir='ltr'><strong>turbas.</strong></span> <span class='ocrx_word' id='word_1_661' title='bbox 1492 2372 1560 2405; x_wconf 84' lang='lat' dir='ltr'><strong>Quid</strong></span> <span class='ocrx_word' id='word_1_662' title='bbox 1584 2374 1679 2400; x_wconf 67' lang='lat' dir='ltr'><strong>existis</strong></span> <span class='ocrx_word' id='word_1_663' title='bbox 1695 2370 1731 2400; x_wconf 43' lang='lat' dir='ltr'><strong>&#39;in</strong></span> 
     </span>
    </p>
   </div>
   <div class='ocr_carea' id='block_1_228' title="bbox 934 2405 1732 2437">
    <p class='ocr_par' dir='ltr' id='par_1_228' title="bbox 934 2405 1732 2437">
     <span class='ocr_line' id='line_1_229' title="bbox 934 2405 1732 2437; baseline 0.006 -5"><span class='ocrx_word' id='word_1_664' title='bbox 934 2406 1072 2433; x_wconf 87' lang='lat' dir='ltr'><strong>desertum</strong></span> <span class='ocrx_word' id='word_1_665' title='bbox 1100 2405 1191 2431; x_wconf 80' lang='lat' dir='ltr'><strong>videre</strong></span> <span class='ocrx_word' id='word_1_666' title='bbox 1213 2405 1391 2432; x_wconf 63' lang='lat' dir='ltr'><strong>harundinem</strong></span> <span class='ocrx_word' id='word_1_667' title='bbox 1409 2413 1423 2432; x_wconf 79' lang='lat' dir='ltr'><strong>a</strong></span> <span class='ocrx_word' id='word_1_668' title='bbox 1439 2413 1518 2434; x_wconf 70' lang='lat' dir='ltr'><strong>vento</strong></span> <span class='ocrx_word' id='word_1_669' title='bbox 1541 2410 1652 2435; x_wconf 79' lang='lat' dir='ltr'><strong>umveri.</strong></span> <span class='ocrx_word' id='word_1_670' title='bbox 1679 2410 1732 2437; x_wconf 77' lang='lat' dir='ltr'><strong>Sed</strong></span> 
     </span>
    </p>
   </div>
   <div class='ocr_carea' id='block_1_229' title="bbox 934 2440 1734 2476">
    <p class='ocr_par' dir='ltr' id='par_1_229' title="bbox 934 2440 1734 2476">
     <span class='ocr_line' id='line_1_230' title="bbox 934 2440 1734 2476; baseline 0.005 -9"><span class='ocrx_word' id='word_1_671' title='bbox 934 2441 998 2476; x_wconf 87' lang='lat' dir='ltr'><strong>quid</strong></span> <span class='ocrx_word' id='word_1_672' title='bbox 1023 2441 1117 2467; x_wconf 60' lang='lat' dir='ltr'><strong>cristis</strong></span> <span class='ocrx_word' id='word_1_673' title='bbox 1140 2440 1231 2467; x_wconf 77' lang='lat' dir='ltr'><strong>videre</strong></span> <span class='ocrx_word' id='word_1_674' title='bbox 1259 2441 1395 2468; x_wconf 84' lang='lat' dir='ltr'><strong>hominem</strong></span> <span class='ocrx_word' id='word_1_675' title='bbox 1421 2442 1547 2470; x_wconf 85' lang='lat' dir='ltr'><strong>mollibus</strong></span> <span class='ocrx_word' id='word_1_676' title='bbox 1567 2444 1734 2472; x_wconf 76' lang='lat' dir='ltr'><strong>vestimentis</strong></span> 
     </span>
    </p>
   </div>
   <div class='ocr_carea' id='block_1_230' title="bbox 935 2476 1734 2511">
    <p class='ocr_par' dir='ltr' id='par_1_230' title="bbox 935 2476 1734 2511">
     <span class='ocr_line' id='line_1_231' title="bbox 935 2476 1734 2511; baseline 0.004 -7"><span class='ocrx_word' id='word_1_677' title='bbox 935 2476 1057 2504; x_wconf 88' lang='lat' dir='ltr'><strong>indutum</strong></span> <span class='ocrx_word' id='word_1_678' title='bbox 1075 2477 1144 2503; x_wconf 80' lang='lat' dir='ltr'><strong>Ecce</strong></span> <span class='ocrx_word' id='word_1_679' title='bbox 1156 2477 1201 2511; x_wconf 86' lang='lat' dir='ltr'><strong>qui</strong></span> <span class='ocrx_word' id='word_1_680' title='bbox 1225 2477 1250 2503; x_wconf 94' lang='lat' dir='ltr'><strong>in</strong></span> <span class='ocrx_word' id='word_1_681' title='bbox 1272 2482 1346 2504; x_wconf 74' lang='lat' dir='ltr'><strong>veste</strong></span> <span class='ocrx_word' id='word_1_682' title='bbox 1368 2478 1486 2511; x_wconf 84' lang='lat' dir='ltr'><strong>pretiosa</strong></span> <span class='ocrx_word' id='word_1_683' title='bbox 1511 2484 1574 2506; x_wconf 87' lang='lat' dir='ltr'><strong>sunt</strong></span> <span class='ocrx_word' id='word_1_684' title='bbox 1590 2484 1617 2506; x_wconf 88' lang='lat' dir='ltr'><strong>et</strong></span> <span class='ocrx_word' id='word_1_685' title='bbox 1631 2480 1734 2507; x_wconf 87' lang='lat' dir='ltr'><strong>deliciis</strong></span> 
     </span>
    </p>
   </div>
   <div class='ocr_carea' id='block_1_231' title="bbox 724 2532 1095 2565">
    <p class='ocr_par' dir='ltr' id='par_1_231' title="bbox 724 2532 1095 2565">
     <span class='ocr_line' id='line_1_232' title="bbox 724 2532 1095 2565; baseline -0.005 -2"><span class='ocrx_word' id='word_1_686' title='bbox 724 2533 841 2563; x_wconf 72' lang='lat' dir='ltr'><strong>CODEX</strong></span> <span class='ocrx_word' id='word_1_687' title='bbox 859 2532 1095 2565; x_wconf 78' lang='lat' dir='ltr'><strong>CORBEIENSIS.</strong></span> 
     </span>
    </p>
   </div>
   <div class='ocr_carea' id='block_1_232' title="bbox 131 2578 646 2618">
    <p class='ocr_par' dir='ltr' id='par_1_232' title="bbox 131 2578 646 2618">
     <span class='ocr_line' id='line_1_233' title="bbox 131 2578 646 2618; baseline 0.008 -12"><span class='ocrx_word' id='word_1_688' title='bbox 131 2578 170 2618; x_wconf 66' lang='lat' dir='ltr'><strong>lg.</strong></span> <span class='ocrx_word' id='word_1_689' title='bbox 188 2581 303 2618; x_wconf 75' lang='lat' dir='ltr'><strong>visitavit</strong></span> <span class='ocrx_word' id='word_1_690' title='bbox 316 2581 422 2618; x_wconf 81' lang='lat' dir='ltr'><strong>plebem</strong></span> <span class='ocrx_word' id='word_1_691' title='bbox 435 2589 510 2609; x_wconf 84' lang='lat' dir='ltr'><strong>suam</strong></span> <span class='ocrx_word' id='word_1_692' title='bbox 526 2581 552 2609; x_wconf 90' lang='lat' dir='ltr'><strong>in</strong></span> <span class='ocrx_word' id='word_1_693' title='bbox 565 2582 646 2610; x_wconf 90' lang='lat' dir='ltr'><strong>bono.</strong></span> 
     </span>
    </p>
   </div>
   <div class='ocr_carea' id='block_1_233' title="bbox 132 2615 545 2652">
    <p class='ocr_par' dir='ltr' id='par_1_233' title="bbox 132 2615 545 2652">
     <span class='ocr_line' id='line_1_234' title="bbox 132 2615 545 2652; baseline 0.01 -10"><span class='ocrx_word' id='word_1_694' title='bbox 132 2615 171 2652; x_wconf 70' lang='lat' dir='ltr'><strong>l7.</strong></span> <span class='ocrx_word' id='word_1_695' title='bbox 190 2617 215 2644; x_wconf 96' lang='lat' dir='ltr'><strong>in</strong></span> <span class='ocrx_word' id='word_1_696' title='bbox 229 2618 301 2645; x_wconf 90' lang='lat' dir='ltr'><strong>omni</strong></span> <span class='ocrx_word' id='word_1_697' title='bbox 316 2615 415 2645; x_wconf 72' lang='lat' dir='ltr'><strong>contini</strong></span> <span class='ocrx_word' id='word_1_698' title='bbox 426 2618 545 2652; x_wconf 78' lang='lat' dir='ltr'><strong>regione.</strong></span> 
     </span>
    </p>
   </div>
   <div class='ocr_carea' id='block_1_234' title="bbox 129 2650 615 2684">
    <p class='ocr_par' dir='ltr' id='par_1_234' title="bbox 129 2650 615 2684">
     <span class='ocr_line' id='line_1_235' title="bbox 129 2650 615 2684; baseline 0.008 -7"><span class='ocrx_word' id='word_1_699' title='bbox 129 2650 170 2678; x_wconf 73' lang='lat' dir='ltr'><strong>2t.</strong></span> <span class='ocrx_word' id='word_1_700' title='bbox 190 2653 347 2681; x_wconf 88' lang='lat' dir='ltr'><strong>arundinem</strong></span> <span class='ocrx_word' id='word_1_701' title='bbox 359 2653 369 2668; x_wconf 84' lang='lat'>&#39;</span> <span class='ocrx_word' id='word_1_702' title='bbox 380 2661 395 2680; x_wconf 92' lang='lat' dir='ltr'><strong>a</strong></span> <span class='ocrx_word' id='word_1_703' title='bbox 408 2650 488 2681; x_wconf 75' lang='lat' dir='ltr'><strong>vento</strong></span> <span class='ocrx_word' id='word_1_704' title='bbox 502 2654 615 2684; x_wconf 89' lang='lat' dir='ltr'><strong>moveri.</strong></span> 
     </span>
    </p>
   </div>
   <div class='ocr_carea' id='block_1_235' title="bbox 972 2580 1736 2624">
    <p class='ocr_par' dir='ltr' id='par_1_235' title="bbox 972 2580 1736 2624">
     <span class='ocr_line' id='line_1_236' title="bbox 972 2580 1736 2624; baseline 0.005 -16"><span class='ocrx_word' id='word_1_705' title='bbox 972 2581 1018 2624; x_wconf 59' lang='lat' dir='ltr'><strong>25f.</strong></span> <span class='ocrx_word' id='word_1_706' title='bbox 1040 2581 1067 2624; x_wconf 84' lang='lat' dir='ltr'><strong>in</strong></span> <span class='ocrx_word' id='word_1_707' title='bbox 1083 2584 1158 2624; x_wconf 66' lang='lat' dir='ltr'><strong>veste</strong></span> <span class='ocrx_word' id='word_1_708' title='bbox 1173 2580 1293 2624; x_wconf 62' lang='lat' dir='ltr'><strong>pretiosa</strong></span> <span class='ocrx_word' id='word_1_709' title='bbox 1312 2585 1391 2616; x_wconf 85' lang='lat' dir='ltr'><strong>sunt,</strong></span> <span class='ocrx_word' id='word_1_710' title='bbox 1406 2585 1436 2624; x_wconf 79' lang='lat' dir='ltr'><strong>et</strong></span> <span class='ocrx_word' id='word_1_711' title='bbox 1450 2582 1476 2613; x_wconf 86' lang='lat' dir='ltr'><strong>in</strong></span> <span class='ocrx_word' id='word_1_712' title='bbox 1495 2582 1601 2615; x_wconf 83' lang='lat' dir='ltr'><strong>deliciis</strong></span> <span class='ocrx_word' id='word_1_713' title='bbox 1623 2591 1736 2624; x_wconf 82' lang='lat' dir='ltr'><strong>supera-</strong></span> 
     </span>
    </p>
   </div>
   <div class='ocr_carea' id='block_1_236' title="bbox 936 2615 1450 2653">
    <p class='ocr_par' dir='ltr' id='par_1_236' title="bbox 936 2615 1450 2653">
     <span class='ocr_line' id='line_1_237' title="bbox 936 2615 1450 2653; baseline 0.002 -9"><span class='ocrx_word' id='word_1_714' title='bbox 936 2616 1066 2649; x_wconf 86' lang='lat' dir='ltr'><strong>bundant,</strong></span> <span class='ocrx_word' id='word_1_715' title='bbox 1083 2616 1110 2644; x_wconf 90' lang='lat' dir='ltr'><strong>in</strong></span> <span class='ocrx_word' id='word_1_716' title='bbox 1120 2615 1247 2644; x_wconf 89' lang='lat' dir='ltr'><strong>domibus</strong></span> <span class='ocrx_word' id='word_1_717' title='bbox 1261 2616 1365 2653; x_wconf 74' lang='lat' dir='ltr'><strong>Regum</strong></span> <span class='ocrx_word' id='word_1_718' title='bbox 1376 2621 1450 2647; x_wconf 82' lang='lat' dir='ltr'><strong>sunt.</strong></span> 
     </span>
    </p>
   </div>
   <div class='ocr_carea' id='block_1_237' title="bbox 694 2698 1115 2731">
    <p class='ocr_par' dir='ltr' id='par_1_237' title="bbox 694 2698 1115 2731">
     <span class='ocr_line' id='line_1_238' title="bbox 694 2698 1115 2731; baseline -0.005 -3"><span class='ocrx_word' id='word_1_719' title='bbox 694 2699 893 2731; x_wconf 78' lang='lat' dir='ltr'><strong>VARIANTES</strong></span> <span class='ocrx_word' id='word_1_720' title='bbox 911 2698 1115 2731; x_wconf 75' lang='lat' dir='ltr'><strong>LECTIONES.</strong></span> 
     </span>
    </p>
   </div>
   <div class='ocr_carea' id='block_1_238' title="bbox 126 2742 696 2777">
    <p class='ocr_par' dir='ltr' id='par_1_238' title="bbox 126 2742 696 2777">
     <span class='ocr_line' id='line_1_239' title="bbox 126 2742 696 2777; baseline 0.002 -7"><span class='ocrx_word' id='word_1_721' title='bbox 126 2742 133 2758; x_wconf 81' lang='lat'>&#39;</span> <span class='ocrx_word' id='word_1_722' title='bbox 150 2744 202 2770; x_wconf 79' lang='lat' dir='ltr'><strong>Gut.</strong></span> <span class='ocrx_word' id='word_1_723' title='bbox 214 2745 258 2770; x_wconf 85' lang='lat' dir='ltr'><strong>sed</strong></span> <span class='ocrx_word' id='word_1_724' title='bbox 268 2746 363 2770; x_wconf 87' lang='lat' dir='ltr'><strong>existis.</strong></span> <span class='ocrx_word' id='word_1_725' title='bbox 381 2744 453 2777; x_wconf 75' lang='lat' dir='ltr'><strong>Vulg.</strong></span> <span class='ocrx_word' id='word_1_726' title='bbox 466 2744 516 2770; x_wconf 89' lang='lat' dir='ltr'><strong>Sed</strong></span> <span class='ocrx_word' id='word_1_727' title='bbox 528 2745 586 2777; x_wconf 90' lang='lat' dir='ltr'><strong>quid</strong></span> <span class='ocrx_word' id='word_1_728' title='bbox 599 2746 696 2772; x_wconf 78' lang='lat' dir='ltr'><strong>existis.</strong></span> 
     </span>
    </p>
   </div>
   <div class='ocr_carea' id='block_1_239' title="bbox 969 2745 1246 2772">
    <p class='ocr_par' dir='ltr' id='par_1_239' title="bbox 969 2745 1246 2772">
     <span class='ocr_line' id='line_1_240' title="bbox 969 2745 1246 2772; baseline -0.011 0"><span class='ocrx_word' id='word_1_729' title='bbox 969 2747 978 2761; x_wconf 83' lang='lat'>&#39;</span> <span class='ocrx_word' id='word_1_730' title='bbox 995 2746 1026 2772; x_wconf 82' lang='lat' dir='ltr'><strong>Et</strong></span> <span class='ocrx_word' id='word_1_731' title='bbox 1037 2745 1070 2771; x_wconf 82' lang='lat' dir='ltr'><strong>ita</strong></span> <span class='ocrx_word' id='word_1_732' title='bbox 1083 2745 1137 2771; x_wconf 75' lang='lat' dir='ltr'><strong>Gal.</strong></span> <span class='ocrx_word' id='word_1_733' title='bbox 1153 2747 1174 2771; x_wconf 79' lang='lat' dir='ltr'><strong>et</strong></span> <span class='ocrx_word' id='word_1_734' title='bbox 1187 2746 1246 2771; x_wconf 81' lang='lat' dir='ltr'><strong>Mm.</strong></span> 
     </span>
    </p>
   </div>
   <div class='ocr_carea' id='block_1_240' title="bbox 731 2798 1043 2829">
    <p class='ocr_par' dir='ltr' id='par_1_240' title="bbox 731 2798 1043 2829">
     <span class='ocr_line' id='line_1_241' title="bbox 731 2798 1043 2829; baseline -0.013 0"><span class='ocrx_word' id='word_1_735' title='bbox 731 2799 914 2829; x_wconf 79' lang='lat' dir='ltr'><strong>BLANCHINI</strong></span> <span class='ocrx_word' id='word_1_736' title='bbox 928 2798 1043 2828; x_wconf 55' lang='lat' dir='ltr'><strong>NOTXE.</strong></span> 
     </span>
    </p>
   </div>
   <div class='ocr_carea' id='block_1_241' title="bbox 126 2842 1738 2887">
    <p class='ocr_par' dir='ltr' id='par_1_241' title="bbox 126 2842 1738 2887">
     <span class='ocr_line' id='line_1_242' title="bbox 126 2842 1738 2887; baseline 0.001 -13"><span class='ocrx_word' id='word_1_737' title='bbox 126 2845 162 2881; x_wconf 79' lang='grc' dir='ltr'><strong>(η)</strong></span> <span class='ocrx_word' id='word_1_738' title='bbox 175 2846 215 2887; x_wconf 47' lang='lat' dir='ltr'><strong>lle</strong></span> <span class='ocrx_word' id='word_1_739' title='bbox 236 2852 262 2887; x_wconf 75' lang='lat' dir='ltr'><strong>et</strong></span> <span class='ocrx_word' id='word_1_740' title='bbox 286 2851 341 2875; x_wconf 70' lang='lat' dir='ltr'><strong>lex.</strong></span> <span class='ocrx_word' id='word_1_741' title='bbox 357 2847 403 2875; x_wconf 82' lang='lat' dir='ltr'><strong>Gr.</strong></span> <span class='ocrx_word' id='word_1_742' title='bbox 419 2848 444 2875; x_wconf 69' lang='grc' dir='ltr'><strong>ἄν</strong></span> <span class='ocrx_word' id='word_1_743' title='bbox 455 2849 498 2885; x_wconf 80' lang='grc' dir='ltr'><strong>ολῃ</strong></span> <span class='ocrx_word' id='word_1_744' title='bbox 508 2853 540 2886; x_wconf 71' lang='grc' dir='ltr'><strong>τῇ</strong></span> <span class='ocrx_word' id='word_1_745' title='bbox 552 2848 737 2887; x_wconf 61' lang='grc' dir='ltr'><strong>Ἰουδαίᾳξπερί</strong></span> <span class='ocrx_word' id='word_1_746' title='bbox 751 2849 844 2882; x_wconf 74' lang='grc' dir='ltr'><strong>αὑτοῦ,</strong></span> <span class='ocrx_word' id='word_1_747' title='bbox 859 2848 902 2875; x_wconf 75' lang='grc' dir='ltr'><strong>καὶ</strong></span> <span class='ocrx_word' id='word_1_748' title='bbox 922 2847 946 2874; x_wconf 73' lang='grc' dir='ltr'><strong>ἕν</strong></span> <span class='ocrx_word' id='word_1_749' title='bbox 964 2847 1037 2883; x_wconf 74' lang='grc' dir='ltr'><strong>πάσῃ</strong></span> <span class='ocrx_word' id='word_1_750' title='bbox 1055 2849 1088 2882; x_wconf 77' lang='grc' dir='ltr'><strong>τῇ</strong></span> <span class='ocrx_word' id='word_1_751' title='bbox 1100 2845 1252 2884; x_wconf 70' lang='grc' dir='ltr'><strong>περιχώρῳ.</strong></span> <span class='ocrx_word' id='word_1_752' title='bbox 1269 2842 1354 2871; x_wconf 81' lang='lat' dir='ltr'><strong>Favet</strong></span> <span class='ocrx_word' id='word_1_753' title='bbox 1373 2842 1571 2880; x_wconf 74' lang='lat' dir='ltr'><strong>Vercell.—~(b)</strong></span> <span class='ocrx_word' id='word_1_754' title='bbox 1583 2844 1621 2872; x_wconf 89' lang='lat' dir='ltr'><strong>lta</strong></span> <span class='ocrx_word' id='word_1_755' title='bbox 1636 2850 1663 2873; x_wconf 84' lang='lat' dir='ltr'><strong>et</strong></span> <span class='ocrx_word' id='word_1_756' title='bbox 1675 2847 1738 2875; x_wconf 83' lang='lat' dir='ltr'><strong>cod.</strong></span> 
     </span>
    </p>
   </div>
   <div class='ocr_carea' id='block_1_242' title="bbox 96 2877 353 2921">
    <p class='ocr_par' dir='ltr' id='par_1_242' title="bbox 96 2877 353 2921">
     <span class='ocr_line' id='line_1_243' title="bbox 96 2877 353 2921; baseline 0.027 -17"><span class='ocrx_word' id='word_1_757' title='bbox 96 2877 167 2908; x_wconf 77' lang='lat' dir='ltr'><strong>Cant.</strong></span> <span class='ocrx_word' id='word_1_758' title='bbox 175 2903 182 2914; x_wconf 88' lang='lat'><strong>,</strong></span> <span class='ocrx_word' id='word_1_759' title='bbox 196 2883 334 2921; x_wconf 76' lang='grc' dir='ltr'><strong>ἐθεράπευε·</strong></span> <span class='ocrx_word' id='word_1_760' title='bbox 351 2892 353 2895; x_wconf 93' lang='grc'><strong>·</strong></span> 
     </span>
    </p>
   </div>
  </div>
