1975 3097
105 130 152 158 δυι

623 132 849 163 EVANGELIUM
868 133 1055 164 SECUNDUM
1073 134 1203 164 LUCAM.
1247 144 1251 153 ‘-

290 190 402 219 CODEX
433 191 705 221 VERCELLENSIS.

105 239 157 264 tem
172 244 232 273 eum
252 237 296 273 qui

103 272 163 299 dam
175 272 267 300 Phari-

102 314 191 338 saeus,
201 312 228 335 ut
240 308 327 336 cibum

100 349 207 377 caperet
219 351 322 372 secum.

99 379 133 406 Et
143 379 282 414 ingressus

100 414 125 442 in
136 414 245 442 domum

101 450 248 484 Pharisaei,
259 450 315 478 dis-

101 486 189 513 cubuit

99 522 142 549 57.
157 541 163 548 .
182 541 189 548 .
206 526 216 549 ι
230 529 294 549 cecc
311 523 389 551 muli-

99 565 128 585 er
142 557 180 593 (α)
192 557 219 584 in
231 559 323 585 civita-

99 597 135 625 te,
150 600 221 634 quae
233 599 291 621 erat
303 593 323 629 -ι-

99 633 246 664 peccatrix,

99 665 205 700 cognito
218 672 251 692 eo

101 700 108 715 '
119 707 211 727 aecum
216 701 280 729 bere

100 735 124 762 in
135 735 216 763 domo
229 736 299 764 Pha-

99 772 188 805 risaei,
201 771 276 800 adle-

99 806 172 834 rebat
185 808 292 841 ampul-

100 842 149 869 lam
164 851 250 878 ungu-

100 878 142 906 58.
155 880 210 906 enti
222 888 229 906 :
245 883 271 907 et
283 884 367 908 stans.

100 922 112 940 a
123 918 196 941 retro
210 922 256 949 pe-

100 949 145 977 des
156 950 243 982 illius,
258 951 326 979 ﬂens
376 978 381 984 ,

101 985 215 1013 lacrimis
228 987 271 1014 in-

105 1019 139 1057 (b)
158 1022 271 1057 rigabat,

105 1056 123 1092 -ι-
131 1056 158 1083 et
170 1056 272 1092 capillis
283 1065 328 1085 ca-

105 1093 163 1127 pitis
176 1094 215 1120 sui
230 1098 321 1121 exter-

105 1128 188 1162 gebat,
204 1133 230 1156 et
244 1136 321 1156 oscu-

108 1163 205 1192 labatur
217 1172 265 1199 pe-

108 1199 151 1226 des
160 1199 239 1233 illius,
255 1205 282 1227 et

109 1235 216 1270 angebat
230 1243 280 1263 un-

109 1275 209 1304 guento.

109 1306 149 1333 59.
164 1306 266 1335 ~Videns
280 1311 371 1336 autem

111 1341 272 1376 Pharisaeus,

111 1378 149 1412 qui
163 1379 255 1405 invita-

111 1419 179 1440 verat
187 1422 258 1448 eum,

111 1448 170 1476 dixit
182 1450 248 1478 intra

111 1492 137 1511 se
149 1484 234 1513 dicens
249 1495 255 1512 :
274 1486 332 1519 Hic,

111 1519 130 1546 si
144 1526 198 1548 erat
210 1521 275 1549 Pro-

112 1557 194 1589 pheta,
209 1558 219 1573 '
233 1557 319 1585 sciret

111 1592 193 1626 utique
205 1600 275 1627 quze,

111 1631 135 1653 et
146 1628 227 1661 qualis
238 1633 282 1656 est

111 1663 208 1695 mulier,
220 1671 290 1698 quae

111 1699 185 1732 tangit
198 1698 290 1732 illum;

110 1735 226 1767 quoniam
247 1742 310 1770 pec-

110 1770 186 1796 catrix
199 1775 250 1798 est.
355 1799 358 1803 ,

109 1803 149 1841 ιο.
169 1805 203 1833 Et
212 1806 382 1841 respondens

109 1839 191 1874 lesus,
206 1839 273 1869 dixit

109 1875 138 1912 ad
152 1876 223 1904 illum
237 1886 244 1904 :
261 1878 365 1912 Simon,

110 1910 189 1940 habeo
204 1913 252 1941 tibi

517 239 618 274 aliquid
634 239 707 267 dice-

517 283 556 302 re.
571 275 622 308 Qui
636 276 673 302 ait
689 284 695 302 :
711 275 769 309 Dic,

516 310 653 346 Magister.

516 345 569 373 2H.
583 346 643 373 Duo
655 346 791 374 debitores

516 386 594 409 erant
608 381 665 409 cui-

515 417 576 444 dam
592 417 697 445 fenera-

517 454 567 480 tori
582 460 589 479 :
603 461 673 480 untts
688 453 737 481 de-

516 488 596 516 bebat
610 489 692 516 deua-

515 524 571 551 rios
582 525 714 559 quingen-

517 564 569 592 tos,
585 564 613 587 et
625 559 694 587 alius

515 595 643 623 denarios

515 632 693 666 quinquagin-

515 667 560 693 42.
583 672 619 693 ta.
637 667 694 694 Non
707 666 810 695 baben—

516 702 586 729 libus
599 703 650 729 illis
662 710 710 728 llll-

515 738 547 764 de
564 738 719 771 redderent,

516 774 636 807 utrisque
647 774 694 800 d0-

515 810 597 835 ttavit.
613 810 677 841 Quis

515 845 595 879 ergo3
613 845 687 871 illum

513 880 629 915 amplius
642 880 683 907 di-

512 915 596 949 liget?

513 950 558 978 42.
580 951 758 986 Respondens

513 991 602 1014 autem
617 987 722 1021 Simon,

513 1022 583 1049 dixit
597 1031 603 1050 :
617 1023 704 1050 Aesti~

514 1066 570 1091 mo,
584 1058 654 1093 quod
671 1058 702 1092 is,

514 1094 556 1120 cui
571 1093 687 1128 amplius

513 1129 666 1157 redonavit.

513 1165 564 1198 Qui
579 1165 647 1192 dixit
661 1165 685 1192 ei
699 1174 705 1192 :

512 1200 597 1229 Recte
607 1201 679 1236 judi-

513 1236 590 1264 casti.

512 1272 559 1300 44.
579 1272 614 1300 Et
628 1280 742 1300 conver-

513 1315 559 1335 sus
571 1308 604 1335 ad
618 1309 696 1335 muli-

513 1351 599 1376 erem,
614 1344 683 1371 dixit

513 1379 618 1406 Simoni
633 1389 639 1406 :
656 1379 702 1407 Vi—

514 1414 563 1442 des
578 1414 648 1442 hanc
660 1422 722 1442 mu-

514 1450 628 1477 lierem?
642 1450 687 1477 lu-

516 1486 583 1513 travi
599 1486 625 1513 in
637 1485 685 1513 do-

515 1529 589 1548 mum
605 1525 677 1548 tuam
687 1542 694 1554 ,

514 1564 610 1591 aquam
628 1557 655 1584 in
672 1564 719 1592 pe—

515 1592 594 1620 dibus
605 1592 671 1620 mihi

514 1636 567 1655 non
581 1628 673 1655 dedis-

515 1664 533 1691 ti
547 1673 553 1690 :
570 1664 637 1691 haec
652 1668 742 1692 autem

512 1700 631 1727 lacrimis
645 1700 688 1727 iu-

512 1736 609 1771 rigavil
623 1736 673 1763 mi-

515 1771 540 1798 hi
553 1771 635 1806 pedes
644 1791 651 1804 ,
666 1776 694 1799 et

515 1807 621 1841 capillis
636 1808 694 1834 suis

515 1843 638 1870 extersit.

515 1877 560 1905 45.
577 1878 705 1906 Osculum
720 1878 770 1906 mi-

514 1912 542 1940 bi
559 1921 610 1941 nou
625 1914 717 1942 dedis-

1164 193 1280 222 CODEX
1300 195 1526 224 VERONENSIS.

947 244 1038 268 autem
1057 240 1133 268 illum

947 276 1056 311 quidam
1070 276 1140 304 Pha-

947 313 1063 345 risaeus,
1077 316 1107 339 ut

946 348 1122 375 manducaret

946 391 1138 411 cum.....

946 419 1078 454 Etingre.
1102 440 1108 446 .
1132 440 1139 446 .
1162 440 1168 446 .
1191 440 1198 446 .

946 454 1056 481 domum
1070 455 1140 482 Pha-

946 490 1026 517 risaei
1042 490 1103 518 dicu
1111 506 1119 510 -

946 526 991 553 57.
1013 526 1081 561 Quit.
1097 527 1130 554 Et
1147 534 1192 554 ec-

946 568 977 588 ce
991 561 1087 588 mulier
1100 562 1137 596 (a)
1149 563 1176 589 iu

945 596 1065 629 civitate,
1081 606 1142 632 qua:

946 637 1005 660 erat
1023 632 1042 667 -ζ-
1054 640 1115 667 pec-

947 668 1043 701 catrix,
1061 673 1090 695 ut

945 704 1083 738 cognorit,

945 739 1016 774 quod
1033 739 1156 767 recubuit

945 774 973 801 in
989 775 1069 802 domo
1085 776 1155 802 Pha-

944 810 1035 843 risaei,
1051 812 1140 838 attulit

944 845 1112 874 alabastrum
1127 854 1177 874 un—

945 881 991 909 58.
1011 883 1101 917 gueuti
1117 891 1123 909 :
1137 887 1163 910 et
1173 886 1248 909 stans

944 922 1019 944 retro
1037 925 1116 945 SCCUS

964 953 1028 980 edes
1043 954 1114 988 ejus,

955 989 1074 1024 acrymis

946 1023 985 1059 (ὁ)
1005 1023 1109 1059 rigabat
1122 1025 1142 1059 -l~

944 1060 1038 1093 pedes.
1062 1079 1069 1087 .
1093 1080 1099 1086 .
1122 1079 1129 1086 .
1153 1064 1202 1087 .ct

944 1095 1049 1129 capillis
1065 1095 1160 1130 capitis

944 1132 986 1158 sui
1001 1131 1134 1165 tergebat,

945 1171 973 1193 et
987 1167 1129 1194 osculaba-

946 1206 990 1229 tur
1005 1202 1088 1237 pedes

945 1237 1014 1272 ejus,
1030 1242 1058 1265 et
1072 1246 1121 1265 un-

945 1274 1045 1308 guebat
1057 1281 1108 1301 un-

945 1314 1056 1342 guento.

945 1344 991 1372 59.
1012 1345 1115 1373 Videns
1130 1349 1220 1373 autem

945 1381 1118 1422 Pharisaeus,

945 1424 990 1451 qtu
1004 1424 1083 1444 voca-

945 1457 1022 1479 verat
1036 1459 1110 1486 eum,

945 1488 983 1514 ait
997 1488 1066 1514 intra

945 1530 986 1555 se,
1003 1523 1096 1550 dicens
1112 1530 1119 1549 :

946 1557 1008 1591 llic,
1023 1559 1046 1585 si
1058 1562 1131 1586 esset

946 1593 1093 1634 Propheta,

946 1634 1029 1656 sciret
1042 1634 1094 1656 υιι-

945 1672 997 1700 que
1012 1672 1097 1700 quae,

946 1705 973 1728 et
986 1701 1074 1728 aualis

946 1736 1046 1763 mulier
1058 1740 1111 1769 est,

946 1779 1016 1807 quae
1030 1773 1115 1806 tangit

946 1815 1024 1840 eum;
1039 1808 1101 1842 quia

947 1843 1085 1877 peccatrix
1101 1849 1151 1870 est.

946 1879 991 1906 40.
1007 1878 1040 1906 Et
1050 1878 1218 1913 respondens

948 1914 1039 1947 Jesus,
1056 1915 1125 1942 dixit

1366 242 1400 268 ad
1415 242 1490 269 illum
1506 250 1515 269 τ

1366 278 1471 308 Simon,
1488 278 1536 304 ba-

1366 313 1418 341 bco
1434 313 1482 340 tibi
1496 313 1547 340 ali-

1363 348 1427 382 quid
1440 349 1541 376 dicere.

1363 383 1404 411 Ad
1417 384 1461 411 ille
1472 385 1510 411 ait
1526 393 1533 411 :

1363 419 1501 455 Magister,

1363 454 1418 482 dic.
1435 454 1471 491 (ε)
1489 455 1561 491 Dixit

1361 498 1427 525 ergo
1440 490 1518 518 Jesus
1529 490 1569 525 1-:

1361 526 1407 553 41.
1429 526 1515 553 Erant
1529 526 1585 553 duo

1363 562 1502 589 debitores

1364 598 1471 625 cuidam
1486 598 1540 625 fae-

1364 634 1481 660 neratori
1496 642 1503 660 :

1364 677 1433 696 unus
1447 669 1531 697 debe-

1363 704 1409 732 bat
1420 705 1547 732 denarios

1362 749 1389 767 n.
1405 740 1475 767 alius
1487 749 1512 768 ι.

1362 776 1408 803 42.
1424 776 1482 803 Non
1494 776 1597 803 baben-

1363 811 1435 838 tibus
1447 811 1487 846 (ά)
1502 817 1592 839 autem
1602 810 1622 845 ἰ-

1363 847 1420 874 illis
1434 848 1505 874 unde

1364 883 1522 917 redderent,

1364 919 1474 946 donavit

1363 954 1495 990 utrisque.
1511 953 1578 987 Quis

1362 997 1428 1025 ergo
1442 998 1504 1017 cum

1363 1024 1425 1060 plus
1438 1024 1553 1053 dilexit?

1363 1061 1409 1088 45.
1424 1060 1603 1096 Respondens

1364 1097 1458 1124 Simon
1473 1096 1542 1125 dixit
1556 1104 1564 1122 ι

1362 1133 1495 1166 Aestitno,
1512 1131 1575 1167 quia

1362 1168 1394 1201 is,
1412 1169 1454 1195 cui
1468 1169 1528 1203 plus

1362 1203 1483 1231 donavit.
1496 1203 1538 1231 Ad

1363 1239 1410 1267 ille
1422 1240 1489 1267 dixit
1500 1240 1525 1267 ei
1540 1247 1547 1265 :

1362 1275 1446 1303 Recte
1458 1274 1596 1310 judicasti.

1361 1311 1406 1338 ut.
1429 1312 1461 1338 Et
1475 1316 1623 1339 conversus

1362 1347 1395 1374 ad
1410 1347 1563 1379 mulierem,

1362 1382 1433 1409 dixit
1444 1382 1548 1410 Siutoui
1564 1389 1570 1407 :

1363 1417 1446 1445 Vides
1460 1418 1530 1444 hanc

1363 1452 1524 1480 mulierem?
1541 1451 1582 1478 lu-

1364 1489 1431 1516 travi
1442 1489 1468 1515 iu
1481 1488 1530 1515 do-

1362 1532 1436 1552 mum
1448 1529 1534 1555 tuam,

1362 1567 1460 1594 aquam
1482 1579 1489 1585 .
1513 1580 1519 1587 .
1543 1577 1551 1585 .
1573 1577 1580 1586 .

1362 1595 1440 1623 dibus
1452 1595 1521 1622 meis

1362 1638 1417 1658 non
1427 1630 1525 1658 dedisti
1537 1639 1544 1656 :

1363 1666 1431 1693 haec
1443 1671 1535 1694 autem

1362 1702 1490 1738 lacrymis
1498 1701 1554 1738 suis

1363 1736 1462 1772 rigarit
1472 1736 1554 1772 pedes

1363 1781 1451 1805 meos,
1466 1778 1494 1800 et

1364 1809 1470 1843 capillis
1483 1808 1540 1836 suis

1364 1844 1411 1871 45.
1433 1845 1521 1872 tersit.
1541 1843 1624 1871 Oscu-

1363 1880 1420 1907 lum
1432 1879 1497 1907 mihi

1364 1923 1418 1943 non
1441 1914 1542 1943 dedisti
1559 1923 1567 1941 τ

745 1970 863 2000 CODEX
882 1971 1080 2000 BRIXIANUS.

110 2022 191 2045 autem
217 2018 289 2046 illum
305 2019 412 2054 quidam
438 2026 469 2046 ex
494 2018 646 2047 Pbarisaeis
670 2023 698 2046 ut
721 2018 898 2046 mauducaret

111 2061 165 2090 cum
176 2055 232 2081 illo.
256 2055 290 2082 Et
313 2057 450 2090 ingressus
471 2055 496 2081 in
515 2055 624 2082 domum
651 2054 787 2081 Pharisaei
807 2054 897 2081 discu<

112 2088 172 2116 imit.
195 2090 224 2117 Et
254 2098 317 2117 ecce
343 2088 442 2118 mulier
468 2098 537 2125 quae
565 2095 623 2118 erat
647 2090 673 2117 iu
702 2090 811 2117 civitate
836 2098 897 2120 pec-

113 2127 199 2152 eatrix.
214 2130 243 2153 ut
261 2126 397 2160 cognovit.
422 2127 483 2161 quia
505 2126 640 2158 discubuit
657 2127 682 2153 iu
703 2126 811 2152 domum
828 2125 898 2153 Pha-

113 2161 196 2188 risat'i.
221 2163 309 2188 attulit
335 2162 498 2188 alabastrum
516 2162 655 2196 unguenti.
678 2166 705 2188 et
725 2167 799 2188 stans
825 2166 897 2188 retro

114 2196 142 2232 ad
167 2197 243 2230 pedes
264 2197 321 2232 t-jus
344 2196 411 2224 [lens
438 2197 555 2224 lacrimis
581 2199 670 2232 coepit
699 2197 787 2231 rigare
815 2197 897 2230 pedes

115 2231 174 2264 ejus.
200 2238 225 2259 et
240 2233 344 2266 capillis
357 2232 456 2266 capitis
470 2233 511 2260 Sui
522 2231 692 2268 detergebat.
717 2238 743 2259 et
754 2233 897 2259 osculaba-

116 2270 154 2303 tur
165 2268 241 2301 pedes
255 2269 314 2303 ejus
328 2272 355 2295 et
375 2275 513 2303 unguento
534 2269 681 2303 uuguebat.
695 2268 793 2295 Videtis
807 2274 896 2294 autem

117 2301 321 2337 l’ltnriaaeus'qui
347 2301 490 2330 vocarerat
505 2301 582 2332 eum:
599 2304 637 2331 ait
663 2305 731 2331 intra
747 2311 776 2330 se
792 2304 895 2330 dicens.

118 2336 159 2363 llic
181 2339 202 2365 si
225 2336 296 2367 esset
315 2339 444 2374 propheta
459 2339 541 2367 sciret
557 2340 649 2374 utique
671 2347 741 2374 quae
760 2344 786 2366 et
811 2339 898 2373 qualis

949 2017 1049 2053 aliquid
1065 2018 1168 2046 dicere.
1179 2018 1270 2045 Atille
1283 2020 1330 2045 ait.
1347 2018 1475 2053 Magister
1489 2018 1542 2045 dic.
1559 2017 1592 2052 (ο)
1608 2016 1680 2043 Dixit
1701 2022 1748 2053 att-

951 2052 1003 2081 tem
1016 2054 1105 2081 Jesus.
1121 2054 1141 2089 -ι-
1155 2054 1213 2081 Duo
1227 2054 1365 2081 debitores
1379 2052 1456 2081 erant
1467 2054 1572 2081 cuidam
1588 2052 1746 2089 leuet-atori.

951 2098 1020 2117 unus
1032 2087 1148 2117 debebat
1163 2090 1289 2116 denarios
1312 2089 1475 2124 quingentos
1493 2094 1520 2116 et
1530 2089 1599 2116 alius
1614 2087 1748 2124 quinqua-

949 2127 1034 2160 ginta.
1047 2125 1105 2152 Non
1125 2125 1286 2152 habentibus
1301 2125 1341 2160 (ἀ)
1355 2122 1444 2153 autem
1461 2125 1481 2160 -ι-
1498 2125 1549 2152 illis
1564 2124 1635 2152 unde
1651 2122 1748 2150 redde-

951 2166 1011 2188 rent
1026 2168 1108 2188 omue
1132 2161 1254 2188 debitum
1271 2162 1393 2195 utrisque
1407 2161 1527 2187 donavit.
1544 2160 1610 2193 Quis
1623 2164 1748 2195 ergoet}-

951 2204 1009 2233 rum
1023 2197 1082 2231 plus
1093 2197 1166 2233 illum
1176 2196 1277 2233 diligit.
1286 2192 1464 2230 Respondeas
1476 2192 1565 2223 autem
1572 2196 1665 2233 Simon
1677 2192 1748 2233 dixit

950 2229 1072 2259 Aestima
1088 2231 1149 2266 quia
1174 2232 1207 2259 is.
1232 2229 1273 2258 cui
1301 2229 1360 2266 plus
1380 2232 1501 2259 donaVIt.
1520 2234 1554 2259 At
1571 2232 1615 2258 ille
1627 2229 1695 2257 dixit

952 2268 1035 2295 [lecte
1048 2263 1186 2301 judicasti.
1209 2268 1242 2294 Et
1255 2263 1404 2295 conversus
1416 2268 1449 2294 ad
1467 2267 1608 2295 mulierem
1625 2266 1692 2293 dixit
1706 2263 1749 2291 Si-

952 2305 1025 2330 moni
1040 2303 1204 2340 Vitlesltauc
1219 2303 1368 2340 mulierem.
1386 2303 1497 2340 luti-uiri
1511 2304 1537 2330 in
1550 2303 1749 2340 domttnrtuatn

952 2346 1047 2371 aquam
1065 2338 1178 2372 pedibus
1193 2339 1260 2365 meis
1276 2347 1328 2366 non
1342 2339 1452 2366 dedisti.
1469 2339 1535 2366 haec
1555 2342 1646 2365 autem
1665 2337 1748 2372 lacri-

119 2374 204 2401 mulier
226 2380 266 2402 est
286 2371 355 2409 quae
368 2371 457 2409 tangit
474 2383 534 2402 eum
560 2371 621 2409 quia
642 2371 776 2408 peccatrix
793 2371 847 2401 est.
864 2374 899 2401 Et
951 2374 1003 2401 mis
1017 2371 1074 2410 suis
1088 2374 1184 2408 rigavit
1199 2374 1283 2410 pedes
1302 2382 1378 2402 meos
1392 2379 1419 2403 et
1432 2375 1536 2410 capillis
1551 2373 1608 2402 suis
1623 2371 1747 2401 detersit.

119 2410 273 2445 reSpondens
286 2411 365 2438 Jcsus
379 2410 448 2438 dixit
462 2410 633 2438 adRPetrum
647 2411 741 2439 Sitnou
756 2410 841 2438 habeo
851 2410 898 2437 tibi
953 2409 1080 2436 Osculum
1095 2409 1160 2437 milii
1177 2418 1229 2438 non
1243 2409 1354 2437 dedisti.

736 2467 852 2496 CODEX
872 2466 1103 2496 CORBEIENSIS.

149 2514 188 2543 44.
208 2523 301 2552 aquam
317 2516 430 2552 pedibus
444 2515 512 2544 mihi
525 2523 578 2544 non
593 2515 703 2545 dedisti.

722 2573 921 2602 VARIANTES
940 2572 1149 2602 LECTIONES.l

146 2632 154 2670 ξ
231 2633 295 2670 quod
314 2633 435 2658 accubuit.
456 2633 514 2658 Mm.
528 2632 603 2670 .lesus
615 2633 736 2658 accubuit.
753 2632 826 2664 Vulg.
839 2633 904 2665 quod
959 2632 1089 2670 quali_s_cst
1100 2629 1199 2659 inuller.
1220 2664 1235 2670 __
1292 2666 1314 2670 _
1335 2664 1341 2670 ι
1356 2633 1365 2663 ll

118 2663 294 2697 accubuisset.”
379 2696 382 2697 ν
538 2668 555 2697 νζ
632 2695 646 2697 η
755 2696 760 2697 7
808 2663 811 2664 ⁷
848 2663 855 2665 “
968 2663 974 2664 '
992 2665 1002 2680 ³
1019 2666 1080 2689 Μηι.
1094 2671 1151 2690 eum
1163 2664 1274 2696 amplius.
1292 2664 1366 2697 Vulg.
1378 2671 1434 2691 eum
1446 2665 1509 2697 plus.

145 2695 154 2710 ’
170 2694 219 2720 Gut.
232 2698 254 2720 et
268 2696 328 2720 Hm.
350 2696 466 2720 soisset...
489 2695 570 2727 qualis
590 2695 687 2721 mulier.
711 2696 785 2728 Vulg.
798 2697 903 2721 sciret...

774 2746 959 2775 BLANCHINI
977 2746 1090 2776 ΝΟΤΑΕ.

150 2799 161 2813 ³·
183 2795 288 2823 Βεηεω
300 2798 364 2822 sunt
377 2794 404 2821 in
416 2793 511 2821 codice
524 2793 621 2822 littera:
636 2799 725 2828 p...tr.
741 2801 755 2821 a
767 2797 921 2822 correctore

146 2859 182 2895 (tt)
197 2858 233 2895 Ita
249 2862 277 2886 et
292 2862 359 2885 text.
371 2856 417 2895 Gl“.
435 2859 460 2884 ἐν
524 2856 596 2895 πέλει
610 2858 665 2895 ἥτις
677 2856 716 2887 ἦν.
738 2873 772 2878 —-
786 2857 823 2893 (ὁ)
838 2858 899 2886 Cod.

950 2863 998 2887 tnt.
1014 2858 1126 2895 ἔϐρεξεν,
1146 2871 1181 2876 —-
1203 2855 1238 2891 (ε)
1258 2854 1324 2882 Cod.
1341 2852 1421 2881 Cant.
1447 2852 1523 2881 addit
1538 2852 1559 2887 ,ὅ
1582 2851 1608 2881 δὲ
1622 2848 1701 2879 εἶπεν.
1718 2864 1755 2870 ——

116 2892 154 2931 (di
162 2894 240 2922 Addit
259 2899 356 2927 autent,
371 2893 452 2921 etiam
468 2892 533 2921 teitt.
546 2893 595 2921 Gr.
616 2892 653 2920 δε.
