1975 3097
292 134 345 163 δι’]

488 192 604 221 CODEX
622 191 894 221 VEHCELLENSIS.

294 238 401 273 operiet
420 238 492 266 illam
711 243 752 265 ter
765 244 837 270 mea,
852 241 880 264 et

294 272 357 302 vase
366 296 373 305 .
390 280 435 301 aut
448 283 512 309 ευρ.
708 273 808 300 fratres
823 272 892 304 mei,

293 316 338 337 tus
351 312 447 337 lectum
483 307 489 309 ⁷
710 309 750 336 illi
764 314 838 340 sunt,
851 307 898 342 qui

293 347 380 381 ponii,
403 346 448 371 sed
465 354 512 372 su-
710 345 721 359 '
734 344 846 381 verbum
864 344 911 371 Dei

293 379 340 415 pra
357 381 485 408 candela-
710 379 835 412 audiunt,
849 383 879 406 et

292 418 370 444 brum
387 418 477 450 ponit,

292 458 323 479 ιιι
342 461 438 479 omnes
454 452 493 479 iu—

291 493 404 518 trantes,
418 489 457 514 vi-

712 415 823 442 faciunt.

712 450 758 477 22.
780 450 893 492 Factum
906 455 949 478 est

712 492 801 513 autem
815 494 842 513 Ill
855 493 908 513 Ulla

290 523 373 551 deant
389 525 489 550 lumen.
709 521 814 549 dierum
828 531 834 548 :
851 526 879 549 et

291 560 337 587 I7.
358 559 430 586 Nihil
444 560 516 586 cnim
709 558 768 592 ipse
782 565 879 584 ascan-

291 599 334 623 est
347 595 496 626 occultum,
709 593 748 620 dit
763 594 788 620 in
805 593 880 620 navi-

292 629 366 665 quod
382 638 434 657 non
446 638 493 665 pa-
709 628 797 665 cuiam
809 633 861 665 ,νει
879 629 936 657 dis-

291 663 347 693 lam
365 666 429 692 liat:
445 663 494 693 scd
709 663 792 699 cipnli
802 664 861 698 ejus
870 685 877 696 ,

291 709 344 729 nec
359 701 474 728 abscon-
709 705 737 727 et
747 700 816 727 dixit
830 700 862 726 ad

290 744 362 766 sum.
379 738 429 764 nisi
445 742 475 764 ut
709 735 790 762 illos:
807 735 904 764 'l‘rans—

293 778 484 807 cognoscatur,
710 770 843 799 fretemus

292 814 321 836 et
335 810 359 835 in
378 810 464 842 palam
710 811 847 842 stagnum.

292 845 392 871 veniat.

710 842 745 869 Et
758 840 798 878 (ὁ)
817 843 932 872 sustule-

292 880 337 907 18.
361 879 467 909 Videte.
486 886 599 909 quomo-
710 885 741 905 ru
764 897 771 904 .
793 898 800 904 .
824 899 831 905 .
851 879 871 909 ἰ-

290 915 327 941 du
340 916 475 941 audiatis?

292 951 411 984 Quisque
427 951 499 978 enim

295 986 429 1017 habuerit,
449 987 497 1013 ἀξια

294 1022 367 1048 bitur
383 1021 420 1048 illi
434 1032 441 1049 ε
453 1028 479 1049 et

293 1057 340 1091 qui
360 1065 411 1083 non
428 1058 474 1084 ha-

295 1092 394 1121 bucril.
410 1099 437 1119 ct
448 1093 520 1127 quod

294 1131 374 1162 putat
383 1136 413 1155 se
429 1129 475 1156 ha-

295 1163 375 1196 bere,
387 1164 465 1191 anfe~

295 1204 372 1227 retur
385 1199 419 1226 ab
435 1207 477 1227 eo.

295 1234 340 1262 i9.
364 1235 502 1263 Venerunt

295 1274 388 1297 autem
400 1272 432 1297 ad
450 1272 525 1299 illum

297 1312 395 1338 mater,
412 1311 440 1334 et
454 1306 507 1335 fra-

296 1345 355 1369 tres
370 1341 443 1369 illius
453 1363 461 1376 ,

295 1381 338 1405 set
353 1385 406 1404 non
422 1383 497 1412 pote-

296 1417 360 1440 rant
373 1414 468 1441 conlo-

295 1448 344 1510 ἓδί
356 1449 506 1510 ἳῖιῖιζὲξὲιωῖ

310 1484 344 1525 i0.
366 1485 481 1512 turbam.
494 1484 571 1513 Nun-

296 1523 393 1547 tiatum
407 1526 449 1548 est
460 1529 508 1549 au-

297 1559 353 1593 tem
361 1556 375 1577 -‘
389 1556 443 1593 illi:
462 1558 499 1593 (a)
514 1556 589 1590 Quo-

298 1591 372 1617 niam
387 1591 408 1627 1-
423 1591 510 1627 mater

486 886 599 914 quomo-
710 885 745 920 ru
764 897 771 904 .
778 898 831 920 3“.
851 885 865 920 ἲ

709 913 756 950 g5.
777 912 788 928 ⁸
800 912 956 950 Naviganli-

711 948 762 976 bus
778 954 867 977 autem

710 984 751 1011 eis
761 1005 769 1017 ,
783 986 898 1014 condor-

711 1021 789 1053 miit.
803 1026 831 1048 et
846 1022 908 1050 des~

710 1056 802 1083 cendit
822 1061 877 1085 tur-

712 1093 748 1120 bo
760 1094 786 1121 in
800 1099 873 1131 stag-

714 1137 778 1157 num
792 1138 859 1157 ven-

714 1164 736 1202 ti
747 1186 754 1197 ,
770 1169 798 1192 et
809 1167 919 1202 conple-

713 1200 811 1228 bantur
821 1222 828 1234 ,
844 1200 872 1229 ei

713 1237 848 1271 pericula-

713 1271 760 1298 24.
782 1272 888 1301 bantur.
903 1274 956 1302 Ac-

714 1308 835 1336 cideutes
849 1316 898 1336 au-

714 1347 770 1371 tem
783 1344 900 1379 discipu-

714 1379 732 1406 li
743 1400 750 1411 ,
764 1380 912 1408 suscitave-

715 1420 778 1442 runt
789 1415 864 1443 illum
875 1437 883 1449 ,

716 1450 837 1479 dicentes
850 1460 856 1479 :
870 1452 924 1479 Ma—

716 1486 814 1521 gister.
828 1488 901 1522 peri-

715 1529 785 1549 mus.
801 1522 879 1551 Tunc

714 1564 828 1593 surgens
836 1581 844 1593 ,
861 1559 912 1586 im-

715 1595 820 1627 peravit
840 1602 905 1622 ven-

300 1630 363 1665 tua,
377 1631 406 1653 et
418 1626 518 1665 fratres
715 1626 757 1662 to,
775 1634 803 1656 et
818 1635 937 1665 tempes-

299 1661 339 1698 tui
353 1666 425 1698 stant
438 1662 478 1689 ιο.
714 1665 761 1690 tati
781 1661 885 1698 aquae:

298 1696 349 1738 ris.
362 1697 487 1738 volentes
714 1703 741 1727 et
752 1699 793 1738 (gl)
805 1696 967 1728 destiterunt
979 1709 985 1726 ε
997 1700 1018 1736 -ξ-

297 1736 326 1758 ιε
343 1732 445 1760 videre.
714 1738 743 1762 et
762 1732 829 1762 iacta
845 1741 887 1763 est

299 1766 347 1804 2i.
368 1767 419 1801 Qui
434 1775 546 1804 respon-

300 1802 382 1834 dens.
397 1804 464 1830 dixit

298 1837 334 1865 ad
349 1838 427 1866 illos:
445 1839 500 1867 Ma-

716 1770 727 1785 δ
742 1771 891 1805 tranquilli-

715 1805 761 1832 25.
783 1811 834 1833 las.
846 1806 918 1833 Dixit
927 1814 975 1835 au-

717 1845 770 1868 tem
782 1841 836 1870 illis
848 1851 855 1869 :
870 1841 920 1870 Ubi

1106 670 1110 674 '
1146 672 1273 692 sconsum
1286 684 1294 697 ,
1309 665 1360 693 nisi

563 133 696 162 IUSEBII
716 132 887 162 VEBCELL.
909 130 1137 161 EVANGELIUM
1156 130 1229 160 CUM
1253 129 1367 159 VARIIS
1384 129 1463 158 COD.
1477 129 1674 158 COLLATUH.
1877 129 1916 158 568

1357 187 1475 218 CODEX
1495 186 1717 217 VERONENSIS.

1145 237 1223 273 ponit
1235 237 1285 265 sub
1315 272 1319 273 γ
1562 235 1662 273 μειειι,
1677 238 1706 262 et

1145 269 1236 301 inodio
1249 295 1257 306 ,
1274 272 1322 301 sed
1563 270 1659 298 fratres
1673 269 1726 298 mei
1737 290 1747 306 ρ

1144 316 1225 343 supra
1240 308 1338 337 eande-
1563 306 1590 333 hi
1604 310 1684 339 sunt,
1698 305 1744 339 qui

1144 344 1250 372 labrum
1263 345 1357 379 ponit,
1563 342 1674 379 verbum
1690 340 1738 368 Dei

1564 377 1676 404 audiunt
1685 397 1693 409 .
1705 380 1733 404 et

1563 413 1674 440 faciunt.

1563 449 1610 476 2‘2.
1631 448 1743 476 Factum
1756 452 1797 476 est

1564 489 1653 512 autem
1668 484 1694 511 in
1710 491 1762 511 una

1565 520 1669 548 dierum
1686 528 1693 546 :
1708 524 1736 547 et

1566 555 1624 590 ipse
1637 555 1759 582 ascendit

1566 592 1592 619 in
1608 591 1758 618 naviculam
1766 611 1775 625 ,

1565 631 1594 654 et
1611 626 1734 660 discipuli

1566 663 1625 697 ejus
1635 683 1643 695 ,
1659 667 1686 689 et
1701 662 1737 689 ait

1144 385 1174 407 ut
1188 380 1319 408 intrantes

1144 415 1253 443 videant
1266 416 1308 444 lu-

1144 459 1219 479 men.

1144 488 1190 514 17.
1210 486 1269 514 Non
1282 487 1354 514 enim

1144 527 1187 550 est
1199 523 1332 550 occultum
1340 544 1347 555 ,

1145 558 1218 593 quod
1231 566 1284 585 non
1300 566 1357 586 ma-

1146 593 1290 621 nifestetur
1306 603 1313 622 :

1145 634 1173 657 et
1186 636 1236 657 nec
1251 629 1299 656 ab-

1146 706 1325 736 cognnscatur
1333 721 1341 734 ,
1564 699 1597 736 ad
1613 699 1675 726 illos
1687 706 1694 725 :
1711 697 1810 725 Trans-

1147 734 1212 764 etin
1225 737 1313 771 palam
1565 734 1693 762 frelemus
1706 738 1782 771 tr_ans

1147 768 1248 799 veniat.
1566 774 1702 805 stagnum.
1719 768 1753 796 Bt

1148 807 1323 844 18.7Videte,
1339 815 1406 844 quo-
1567 803 1781 844 (_b_)'lt_2_vaberun_t_
1791 803 1820 838 1·-

1148 843 1230 870 modo
1244 851 1292 871 au-
1316 839 1320 842 ’
1348 839 1356 844 ”
1566 841 1613 869 25.
1633 839 1823 875 Navigantibus

1148 877 1248 905 diatis?
1567 881 1656 904 autem
1670 877 1723 903 illis
1730 897 1738 909 ,

1148 914 1198 947 Qui
1212 914 1283 941 enim
1567 912 1713 940 obdormiit
1720 932 1727 941 .

1567 952 1595 976 et
1606 947 1740 975 discendit

1568 983 1685 1019 procella
1699 982 1790 1019 venti,

1149 950 1246 982 habet,
1263 949 1372 977 dabitur

1148 984 1188 1012 illi
1201 993 1208 1012 :
1223 989 1251 1012 et
1266 985 1324 1021 qui-

1150 1028 1265 1055 cumque
1274 1018 1282 1021 ’
1568 1018 1595 1047 et
1607 1019 1643 1055 (ε)
1660 1018 1755 1055 imple-

1149 1064 1203 1083 non
1221 1054 1318 1089 habet,
1567 1054 1647 1083 batur
1659 1063 1674 1081 ει
1688 1054 1737 1081 ilu-

1150 1093 1232 1120 etiam
1244 1093 1317 1127 quod
1568 1091 1656 1119 ctibus
1671 1091 1784 1118 navicu-

1170 1133 1225 1155 ulat
1236 1135 1266 1156 se
1281 1130 1327 1155 Ita-

1169 1171 1215 1191 ere
1224 1185 1232 1197 ,
1248 1164 1386 1193 auferetur

1149 1199 1184 1226 ab
1204 1200 1260 1226 illo.

1568 1127 1638 1160 laf,
1653 1131 1682 1154 et
1694 1133 1742 1160 pe-

1569 1143 1593 1154 III
1631 1147 1638 1158 ,
1653 1143 1682 1154 cl
1695 1143 1742 1160 γς-

1569 1143 1771 1190 riciitabantur.

1569 1198 1615 1225 24.
1638 1197 1804 1225 Accedenms

1149 1234 1194 1263 l9.
1213 1234 1352 1264 Venerunt
1409 1251 1420 1255 ιτ
1569 1240 1659 1261 autem
1672 1234 1760 1261 susci-

1150 1277 1240 1299 autem
1569 1274 1694 1297 taverunt
1708 1276 1771 1297 eum
1783 1288 1791 1300 ,

1149 1307 1182 1334 ad
1195 1307 1268 1335 illum
1282 1314 1338 1335 ma-
1568 1305 1691 1333 dicentes
1703 1313 1710 1332 :
1727 1304 1806 1332 Prae-

1149 1347 1206 1376 ter,
1218 1347 1246 1370 et
1259 1342 1356 1372 fratres
1569 1347 1678 1377 ceptor,

1150 1379 1209 1413 ejus
1219 1399 1227 1411 .
1242 1383 1269 1406 et
1282 1387 1335 1406 non
1569 1379 1700 1413 perimus.

1149 1418 1276 1450 poterant
1290 1415 1365 1443 adire
1569 1413 1611 1441 Ad
1627 1413 1747 1450 illesur-

1150 1449 1184 1477 ad
1196 1457 1258 1478 eum
1273 1457 1338 1486 prae
1569 1456 1651 1486 gens,
1672 1449 1759 1483 impe-

1152 1506 1160 1513 .
1183 1505 1190 1513 .
1213 1507 1220 1513 .
1243 1506 1250 1513 .
1273 1485 1281 1513 ζ
1302 1506 1309 1514 .
1329 1486 1402 1515 Nnn-
1569 1485 1641 1513 ravit
1655 1490 1757 1516 vento,

1149 1521 1249 1549 ciatum
1271 1542 1278 1548 .
1300 1542 1308 1549 .
1331 1542 1338 1549 .
1570 1524 1599 1548 et
1612 1519 1768 1555 tempestati

1150 1563 1239 1585 autem
1256 1557 1294 1585 illi
1308 1567 1316 1586 :
1570 1563 1670 1590 aquae,
1686 1560 1713 1582 et

1149 1592 1196 1620 20.
1216 1592 1254 1628 (α)
1266 1594 1334 1627 Quia
1343 1594 1363 1629 νζ-
1375 1600 1433 1621 ma-
1570 1591 1611 1627 (ιι)
1624 1598 1751 1629 cessave-

1151 1632 1192 1656 ter
1205 1627 1250 1655 tua
1261 1649 1268 1658 .
1283 1634 1311 1657 et
1350 1627 1356 1629 V
1569 1633 1632 1655 runt
1644 1627 1665 1662 -ι-
1678 1631 1724 1654 :et

1148 1663 1247 1691 fratres
1263 1665 1302 1692 tui
1571 1663 1641 1691 facta
1655 1667 1697 1690 est

1150 1703 1223 1727 stant
1233 1699 1299 1728 foris
1307 1721 1315 1733 ,
1571 1697 1754 1732 tranquillitas

1150 1736 1273 1763 volentes
1285 1741 1311 1764 te
1566 1734 1607 1798 ἑε)
1622 1740 1722 1769 magna
1735 1733 1765 1769 1-.

1150 1771 1253 1798 videre.
1585 1771 1612 1798 5.
1631 1769 1703 1796 Dixit

1150 1771 1253 1798 videre.
1566 1769 1612 1798 25.
1631 1769 1703 1796 Dixit

1149 1807 1195 1835 2t.
1216 1807 1267 1841 Qui
1283 1807 1450 1842 respondens
1461 1828 1469 1842 ,
1567 1811 1656 1833 autem

1150 1843 1218 1871 dixit
1229 1840 1265 1871 ad
1278 1840 1344 1872 eos:
1461 1840 1466 1842 ⁷
1568 1842 1622 1870 illis
1639 1850 1646 1869 :
1661 1840 1715 1869 Ubi
1729 1845 1772 1868 est

951 1901 1069 1930 CODEX
1087 1901 1286 1930 BRIXIANUS.

303 1946 400 1986 operit
414 1954 473 1986 eam
487 1954 563 1975 vaso.
573 1952 623 1986 aut
640 1948 735 1975 subtus
746 1949 845 1986 lectum
863 1949 947 1984 ponit.
965 1950 1013 1977 sed
1024 1958 1105 1986 supra

303 1981 509 2010 candelabrum.
528 1988 558 2010 ut
573 1983 706 2011 intrantes
719 1984 827 2012 videant
839 1981 939 2012 luiuen.

341 2017 399 2044 Non
414 2019 486 2055 enim
503 2023 545 2046 est
560 2020 696 2046 occultum
711 2022 784 2055 quod
806 2030 858 2048 non
871 2021 1008 2048 reveletur
1020 2043 1027 2054 ,
1054 2030 1104 2050 nec

303 2052 494 2091 absconditum
506 2055 577 2089 quod
593 2064 645 2081 non
661 2052 853 2091 cognoscatur.
869 2062 896 2083 (ιι
912 2057 937 2084 in
954 2052 1043 2090 palam
1059 2066 1105 2084 ve-

305 2090 371 2126 niat.
386 2089 481 2117 Videte
503 2098 568 2126 ergo
579 2089 717 2126 qnuiuodi-
734 2093 844 2120 auditis.
861 2093 911 2125 Qui
928 2089 1002 2119 enim
1023 2093 1104 2120 habet

302 2123 411 2164 davitur
427 2126 477 2164 illi.
508 2123 595 2164 et'qni
612 2135 664 2164 ιιιιιι
689 2128 781 2155 habet.
808 2133 836 2155 et
850 2123 882 2155 id‘
891 2129 962 2164 quod
977 2133 1053 2163 putat
1074 2137 1103 2157 se

303 2159 405 2188 habere
416 2159 601 2189 auferetur-ab
618 2163 676 2190 illo.

341 2196 479 2224 Venerunt
494 2202 583 2234 autent
599 2199 632 2224 atl
647 2199 722 2225 illum
737 2203 825 2226 mater
837 2204 864 2227 et
879 2199 977 2226 fratres
990 2199 1062 2234 ejus.
1077 2205 1105 2228 et

303 2238 360 2258 non
377 2238 512 2269 poterant
528 2233 602 2260 adire
621 2234 654 2260 ad
671 2241 732 2261 cuiu
747 2241 812 2269 prae
828 2235 917 2263 turba.
940 2235 974 2262 Et
995 2233 1105 2263 nuntia-

302 2270 361 2307 tuin
372 2271 415 2293 est
428 2268 463 2307 ei.
481 2268 519 2303 (a)
536 2269 637 2307 Quiaj
648 2275 734 2307 mater
748 2268 798 2307 tua
811 2275 840 2298 et
863 2270 961 2298 fratres
978 2272 1017 2298 Ini
1032 2276 1105 2298 stant

302 2301 379 2329 foris.
396 2301 517 2331 volentes
534 2301 559 2331 te
572 2301 675 2333 videre.
691 2304 732 2333 Ad
747 2306 794 2333 ille
808 2306 976 2342 respondens
995 2307 1062 2334 dixit
1075 2307 1107 2334 ad

1157 1958 1206 1978 eos
1232 1950 1317 1978 Mater
1331 1957 1390 1978 mea
1406 1954 1433 1978 et
1452 1949 1552 1977 fratres
1573 1948 1626 1976 mei
1639 1948 1666 1975 lii
1688 1952 1753 1976 sunt
1776 1947 1820 1984 qui
1837 1944 1927 1984 verbum

1158 1986 1206 2013 Dei
1220 1986 1333 2013 audiunt
1345 1992 1371 2014 et
1384 1985 1496 2013 faciunt.
1510 1985 1622 2022 Factum
1636 1990 1678 2022 est
1692 1979 1820 2022 autern-in
1832 1988 1877 2022 una
1886 1979 1929 2022 dit-

1159 2030 1220 2049 rum
1235 2026 1263 2049 et
1275 2022 1333 2056 ipse
1346 2021 1467 2049 ascendit
1492 2021 1517 2048 in
1540 2020 1691 2048 naviculam
1702 2025 1730 2047 et
1745 2017 1928 2056 discipiilLejus.

1157 2051 1362 2085 ctaitadillus.
1387 2057 1605 2084 Transfretemus
1631 2061 1705 2093 trans
1722 2051 1929 2093 sta_gi_iuntas_-

1156 2094 1316 2121 cendcrunt.
1341 2092 1535 2127 Navigantibns
1558 2098 1648 2119 autem
1664 2091 1719 2118 illis
1742 2090 1887 2128 obdormiit.
1909 2090 1928 2128 ιιι

1155 2120 1295 2156 descendit
1312 2120 1429 2164 procella
1445 2128 1519 2155 venti
1544 2128 1569 2154 in
1589 2133 1714 2164 stagnum
1732 2133 1758 2154 et
1772 2125 1806 2161 (ε)
1819 2120 1928 2164 navicula

1157 2157 1345 2200 complebatur
1360 2164 1487 2192 ﬂuctibus
1495 2163 1516 2199 -ι-
1527 2168 1554 2190 ει
1569 2157 1805 2200 periclitabantur:
1812 2157 1928 2200 Accede“:

1159 2205 1199 2227 tes
1221 2197 1317 2227 autem
1340 2197 1540 2228 suscitaverunt
1565 2197 1627 2226 eum
1640 2198 1764 2226 dicentes
1791 2197 1928 2227 Praeceptor

1160 2236 1291 2270 perimus.
1306 2236 1346 2273 Ad
1361 2236 1405 2263 ille
1422 2243 1537 2273 surgens
1551 2234 1700 2273 ῑηςι-οινθνίι
1716 2234 1928 2273 νθ¹¹¹¹¹¹¹ἓηῗξιῗην

1162 2267 1265 2307 pestate
1275 2272 1367 2298 maris.
1376 2276 1403 2298 et
1413 2267 1531 2307 cessavit
1540 2274 1569 2298 et
1581 2270 1650 2297 facta
1659 2273 1703 2297 est
1718 2267 1926 2303 tranquillitas‘.-.

1165 2307 1235 2334 Dixit
1257 2313 1348 2334 autem
1362 2307 1416 2335 illis
1432 2306 1483 2335 Ubi

945 2363 1063 2392 CODEX
1080 2363 1316 2392 CORBEIENSIS.

340 2407 384 2445 17.
407 2415 457 2445 nec
470 2408 645 2443 absconsum,
660 2410 711 2437 nisi
727 2413 918 2445 cognoscatur.

340 2443 385 2479 ιε.
407 2443 503 2472 Videte
515 2445 650 2479 quomodo
662 2443 781 2473 auditis?

338 2478 384 2507 ἓξ.
407 2483 481 2507 trans
496 2478 630 2516 stagnum.
649 2481 683 2508 Et
696 2481 867 2509 levaverunt.

1190 2411 1235 2439 25.
1255 2417 1283 2438 et
1299 2411 1310 2426 ⁸
1325 2410 1514 2445 complebatur
1526 2409 1654 2438 fluctibus
1672 2407 1813 2442 navicula,
1825 2409 1851 2434 et
1870 2400 1928 2439 peri-

1153 2447 1328 2475 clitabantur.
1344 2445 1365 2481 ἰ·

921 2528 1118 2558 VARIANTES
1137 2527 1342 2558 LECTIONES.

331 2574 342 2607 ξ
361 2573 414 2607 Gal.
426 2574 461 2599 illi
473 2574 552 2600 :Ecce
564 2578 652 2600 mater.
668 2575 740 2607 Vulg.
754 2576 789 2601 illi
804 2584 810 2602 :
823 2576 910 2601 Mater.

332 2606 422 2640 '__Mm.
439 2608 542 2640 verbum
557 2607 675 2637 audiunt,
689 2606 825 2633 etfaciunt.
843 2607 916 2640 Vulg.
937 2608 1040 2634 verbum
1052 2607 1100 2633 Dei

300 2636 412 2665 audiunt,
424 2641 450 2662 et
462 2636 561 2662 faciunt.

333 2667 344 2683 ³
361 2667 414 2693 Gut.
427 2672 450 2693 et
466 2670 527 2693 Mm.
541 2668 715 2701 Navigantibus
725 2673 808 2695 autem
827 2670 884 2702 illis,
902 2670 1026 2696 dormivit.
1039 2671 1099 2695 Mm.

1151 2576 1308 2601 obdormivit.
1324 2574 1441 2607 VulgLEt
1452 2574 1623 2607 navigantibus
1633 2571 1851 2607 illiggbdonnivit.

1177 2599 1275 2644 fﬂm.
1292 2599 1458 2638 tranquillitas
1478 2599 1576 2637 magna.
1594 2604 1670 2631 Dixit.
1682 2599 1766 2636 ἠύς.
1779 2599 1926 2633 tranquillitas.

1152 2638 1231 2664 Dixit.

1184 2670 1195 2686 ⁸
1213 2671 1243 2694 Et
1254 2668 1289 2694 ila
1300 2669 1354 2695 Gut.
1369 2671 1391 2694 et
1401 2670 1460 2694 Mm.

992 2711 1174 2741 BLANCHINI
1193 2712 1309 2741 NOTE.

335 2760 348 2775 ⁸
461 2756 489 2784 ιιι
508 2757 601 2786 codice
613 2763 655 2786 est
671 2758 760 2786 hiatus
771 2781 777 2790 .
792 2759 897 2787 derasis
916 2760 949 2787 ad
965 2759 1044 2787 tinent
1062 2760 1095 2786 li-

1151 2761 1294 2795 vesligium
1309 2760 1440 2795 supersit.
1456 2759 1572 2788 .Videtur
1588 2762 1676 2787 tamen
1692 2758 1821 2793 scriptum
1843 2753 1926 2781 fuisse.

298 2799 367 2820 neae
382 2794 501 2828 quinque
516 2794 613 2822 litteris
623 2815 630 2826 ,
646 2803 715 2829 quae
729 2796 914 2830 sequebantur
926 2815 934 2827 ,
954 2796 989 2822 ita
1003 2800 1033 2822 ut
1052 2795 1095 2822 vix
1150 2794 1255 2831 magna,
1272 2801 1299 2823 ut
1312 2794 1459 2823 in'Verou.

312 2847 368 2886 .(a)
382 2847 405 2874 Α
416 2848 463 2887 ldit
485 2850 544 2881 quia
555 2870 561 2880 ,
577 2849 731 2887 etiamrcnd.
744 2849 834 2887 Cum.
848 2849 896 2887 ὅτι.
908 2849 989 2886 —(b)
1003 2850 1083 2887 Juxta
1096 2856 1151 2878 tex.
1174 2850 1220 2878 Gr.
1238 2852 1398 2887 ἀνήχθησαν.
1415 2850 1495 2887 —(c)
1511 2851 1590 2879 Juxta
1604 2850 1722 2887 colu}.
1738 2848 1808 2884 apud
1826 2845 1920 2887 [illium

291 2880 345 2917 hic,
360 2880 586 2920 ὴυνιπληρὸῦτο...
602 2886 632 2912 τὸ
646 2886 739 2913 πλοῖον.
751 2900 787 2906 -—
799 2886 840 2921 (ά)
857 2886 892 2914 Ita
907 2890 934 2914 ct
950 2880 1003 2915 t‘ci.
1017 2885 1064 2914 Gr.
1080 2887 1237 2917 ἐπαύσαντο.
1252 2880 1337 2923 -ίξή
1350 2887 1433 2917 Addit
1445 2880 1550 2922 uia'gna,
1564 2894 1597 2916 ex
1614 2880 1811 2919 Matthte'ofaut
1835 2881 1919 2910 Marco.
