3950 6194
602 167 674 224 57

987 328 1221 386 CODEX
1258 327 1799 387 VERCELLENSIS.

606 427 699 485 54.
738 426 861 494 Ipse
886 433 1095 493 autem,
1126 423 1222 480 ad-

605 499 911 580 praebensa

608 585 770 628 manu
794 583 911 639 ejus

608 638 976 704 exclamavit;

608 715 799 769 dicens
826 728 840 764 :
873 710 1032 766 Puel-

608 785 699 840 55.
742 783 813 847 la,
842 797 1023 853 surge.
1052 781 1122 838 Et
1142 797 1229 839 re-

608 870 801 911 γετειιε
825 864 911 910 est

608 927 831 998 spiritus
852 926 993 995 ejus,
1019 933 1075 981 et

610 999 852 1056 surrexit
888 1008 1000 1051 sta-

611 1071 729 1127 tim.
757 1067 828 1122 Et
854 1068 1018 1138 jussit

612 1142 729 1198 dari
756 1140 807 1194 ei
838 1156 982 1194 man-

612 1214 837 1269 ducare.

614 1284 704 1342 56.
746 1284 1150 1354 Obstupuerunt

612 1368 793 1411 autem
829 1371 1023 1425 paren-

615 1434 700 1483 tes
729 1428 869 1497 ejus,
901 1442 1057 1498 prae-

614 1499 867 1570 cepitque
899 1500 964 1552 il-

615 1571 705 1635 lis,
741 1580 802 1627 ut
834 1571 1009 1626 nemi-

615 1642 671 1697 ni
702 1642 950 1697 dicerent

616 1713 759 1784 quod
789 1712 989 1768 factum

816 1826 1049 1885 CAPUT
1088 1828 1180 1884 IX.

620 1924 646 1977 1
660 1964 673 1976 .
715 1931 821 1978 est.
838 1924 853 1953 ί
879 1920 1022 1978 Con-

619 1995 831 2049 vocatis
855 2009 954 2049 au-

622 2077 734 2122 tem
765 2066 975 2122 duode—

620 2139 725 2193 cim
754 2138 989 2207 Aposto-

622 2208 713 2274 lis,
738 2208 887 2263 dedit
915 2208 1024 2265 illis

622 2280 901 2347 virtutem,

624 2361 680 2407 ct
710 2360 949 2421 potesta-

626 2433 735 2479 tem
765 2438 929 2492 super

624 2494 806 2551 omnia
827 2495 955 2549 dae-

626 2565 832 2631 monia,
866 2575 922 2621 et
945 2567 1062 2621 Ian-

624 2653 825 2709 guures
851 2653 1049 2693 curan-

626 2708 683 2765 2.
724 2709 801 2763 di.
840 2709 905 2763 Et
928 2710 1076 2766 misit
1102 2708 1224 2765 illos

628 2780 948 2853 praedicare

628 2867 858 2924 regnum
894 2853 1011 2919 Dei,

628 2935 684 2980 et
712 2939 907 2979 sanare

628 2997 685 3051 5.
726 3005 998 3063 aegrotos.
1030 2995 1097 3053 Et
1118 2994 1191 3053 di-

633 3068 715 3122 xit
741 3069 807 3121 ad
838 3067 960 3122 illos
991 3084 1004 3120 :

630 3137 772 3193 Nihil
804 3139 1008 3193 tollatis

1437 423 1703 479 habeatis.

1436 498 1491 551 4.
1535 495 1591 549 In
1614 507 1931 565 quamcum-

1439 582 1545 637 que
1568 565 1788 620 domum

1440 637 1728 693 intraveri-

1444 710 1513 765 tis
1531 751 1546 775 ,
1577 708 1648 764 ibi
1680 724 1866 765 mane-

1446 790 1521 848 te,
1554 790 1610 834 et
1648 780 1773 836 inde
1804 782 1876 851 (c)
1908 781 2019 836 exi-

1446 853 1499 907 5.
1544 862 1617 907 te.
1642 851 1708 905 Et
1748 855 1995 922 quicum-

1444 938 1550 994 que
1579 938 1683 977 non
1710 938 1798 977 re-

1444 996 1691 1065 ceperint
1720 1010 1817 1051 vos
1843 1036 1856 1061 ,

1444 1076 1705 1122 exeuntes

1445 1138 1513 1194 de
1536 1138 1755 1192 civitate

1445 1210 1562 1276 illa,
1598 1209 1785 1277 pulve—

1449 1296 1563 1336 rem
1594 1289 1833 1335 vestrum

1448 1353 1517 1407 de
1547 1354 1777 1422 pedibus

1448 1426 1687 1479 excutite
1729 1465 1741 1477 .
1790 1467 1803 1479 .
1842 1440 1877 1479 n

1452 1496 1748 1551 testimoni-

1452 1583 1541 1621 um
1568 1568 1697 1621 illis.

1453 1638 1507 1693 6.
1550 1640 1569 1669 ⁸
1601 1638 1875 1692 Exeuntes
1902 1651 1997 1691 au-

1452 1719 1581 1776 tem,
1605 1709 1804 1764 circui-

1450 1780 1879 1835 h...rmu-

1457 1851 1534 1906 ni.
1572 1892 1588 1907 .
1632 1892 1646 1905 .
1692 1892 1707 1906 .
1746 1866 1911 1905 evan-

1455 1925 1559 1992 geli
1604 1964 1617 1976 .
1662 1963 1675 1975 .
1719 1932 1859 1989 ntes,

1456 2005 1510 2049 et
1531 2003 1787 2050 curantes

1458 2068 1673 2122 ubiuue.

1456 2140 1510 2193 7.
1550 2138 1738 2194 Audiit
1760 2149 1939 2197 autem

1456 2210 1698 2265 Herodes
1730 2211 1833 2267 Te-

1458 2282 1673 2337 trarcha
1704 2298 1823 2338 om-

1457 2354 1567 2418 nia,
1599 2368 1737 2423 quae
1769 2355 1866 2410 lie-

1458 2424 1613 2489 bant,
1641 2434 1697 2479 et
1724 2434 1840 2480 stu-

1461 2496 1641 2568 pebat,
1668 2510 1735 2552 eo
1762 2496 1906 2568 quod

1457 2567 1731 2623 diceretur

1458 2639 1513 2693 8.
1556 2654 1587 2692 a
1617 2639 1935 2708 quibusdam
1962 2656 1973 2691 :

1459 2711 1597 2778 Quia
1625 2711 1901 2765 Joltattues

1461 2784 1697 2837 surrexit
1718 2799 1745 2835 a

1463 2854 1691 2908 mortuis
1724 2873 1737 2909 :
1771 2869 1800 2907 a
1824 2851 1940 2921 qui-

1464 2924 1688 2981 busdam
1718 2941 1815 2979 au-

1466 3006 1575 3053 tem
1611 3014 1622 3050 :
1646 2996 1779 3066 Quia
1808 2996 1911 3051 He-

1468 3069 1569 3124 lias
1599 3085 1833 3139 apparu-

1591 3181 1605 3196 .
1648 3142 1716 3195 ali
1740 3140 1865 3194 aliis
1890 3154 1986 3194 au-

678 217 711 269 5
1143 214 1415 275 EUSEBII
1452 210 1790 271 VERCELL.
1828 168 2285 272 .EVANGELIUM
2322 213 2465 273 CUM
2506 214 2735 273 VARIIS
2773 215 2930 272 COD.
2962 214 3355 273 COLLATUM.

2729 330 2960 387 CODEX
3000 329 3455 388 VERONENSIS.

2302 426 2395 481 54.
2437 424 2557 495 Ipse
2595 434 2801 490 autem,

2305 507 2496 552 tenens
2521 511 2737 551 manum

2302 568 2441 637 ejus,
2469 568 2747 635 clamavit,

2302 639 2489 694 dicens
2523 659 2535 692 ε
2576 639 2783 705 Puella,

2304 713 2394 766 55.
2437 726 2620 781 surge.
2645 710 2711 764 Et

2304 783 2379 854 (a)
2412 782 2685 854 convertit

2306 852 2553 923 Spiritum
2584 853 2701 923 ejus
2722 852 2783 922 ἦ,

2305 935 2361 979 et
2386 926 2621 979 surrexit

2306 997 2583 1051 continuo.
2622 995 2689 1049 Et

2303 1068 2464 1137 jussit
2494 1068 2569 1120 illi
2600 1065 2718 1121 dari

2308 1138 2657 1193 manducare.

2310 1210 2400 1265 56.
2443 1210 2507 1263 Et
2529 1216 2850 1277 stupuerunt

2310 1294 2564 1351 parentes
2586 1281 2737 1349 ejus:

2311 1353 2507 1422 quibus
2540 1366 2760 1421 praece-

2311 1426 2411 1493 pit,
2438 1439 2506 1478 ne
2532 1424 2692 1476 alicui

2312 1492 2576 1560 dicereut,
2619 1492 2763 1565 quod

2317 1567 2515 1622 factum
2544 1576 2647 1621 est.

2512 1679 2742 1735 CAPUT
2781 1677 2875 1733 IX.

2314 1781 2367 1834 1.
2401 1773 2722 1832 Convocatis

2314 1858 2493 1904 autem
2524 1862 2619 1901 XII.

2316 1921 2393 1991 (ὁ)
2434 1918 2712 1991 discipulis

2319 1989 2430 2048 suis
2461 1990 2523 2061 1',
2547 1989 2698 2044 dedit

2323 2066 2432 2119 illis
2460 2066 2735 2123 virtutem,

2323 2146 2378 2190 et
2405 2144 2725 2205 potestatem

2324 2222 2487 2276 super
2507 2205 2687 2260 omnia

2324 2280 2633 2339 daemonia,

2326 2362 2380 2407 et
2411 2361 2467 2404 ut
2498 2350 2723 2417 languo-

2327 2437 2415 2477 res
2445 2428 2718 2475 curarent.

2326 2495 2383 2548 2.
2425 2493 2492 2547 Et
2523 2490 2666 2544 misit
2694 2489 2815 2545 illos

2321 2565 2639 2636 praedicare

2322 2632 2545 2705 regnum
2577 2632 2695 2698 Dei,

2321 2716 2376 2762 et
2397 2721 2586 2760 sanare
2616 2707 2687 2759 in-

2322 2780 2377 2835 5.
2421 2780 2623 2831 lirmos.
2654 2774 2723 2829 Et
2744 2773 2819 2829 ait

2326 2850 2390 2903 ad
2417 2849 2535 2902 illos
2566 2866 2578 2899 :

2324 2920 2471 2976 Nihil
2500 2918 2683 2974 tuleri-

2329 2997 2396 3052 tis
2424 2996 2477 3048 iu
2503 2993 2607 3055 via,

2331 3082 2510 3137 neque
2538 3063 2647 3118 vir-

2328 3155 2474 3211 gam,
2508 3148 2685 3204 neque

3134 440 3361 494 cumque
3386 422 3604 478 domum

3136 496 3466 550 intraveritis
3488 536 3505 561 ,

3136 567 3208 622 ibi
3242 577 3476 631 manete,

3134 650 3191 693 et
3221 638 3345 692 inde

3136 711 3432 777 proﬁcisci-

3139 782 3267 834 mini
3292 781 3349 851 -ξκ

3240 850 3315 906 Et
3332 850 3576 922 quicum—

3141 940 3243 994 que
3268 938 3371 977 non

3140 994 3447 1064 receperint

3139 1082 3255 1131 vos,
3290 1071 3550 1121 exeuntes

3133 1138 3202 1193 de
3219 1139 3437 1192 civitate

3136 1210 3249 1273 illa,
3281 1210 3443 1263 etiam

3138 1283 3419 1352 pulverem
3448 1294 3539 1333 ve-

3143 1350 3315 1407 snum
3348 1350 3416 1405 de
3447 1366 3541 1419 pc-

3144 1424 3305 1478 dihus
3331 1423 3575 1477 excutite

3120 1522 3123 1525 ν
3146 1494 3200 1549 in
3232 1494 3599 1548 testimonium

3150 1582 3210 1621 su
3220 1582 3314 1633 pra
3347 1566 3485 1620 illos.

3152 1638 3342 1693 6....
3382 1677 3395 1689 .
3433 1651 3649 1695 ...δυο

3155 1707 3797 1777 tem........:'...

3156 1796 3253 1850 per
3268 1780 3488 1836 castella
3499 1822 3514 1847 ,

3154 1862 3207 1908 el
3229 1853 3477 1907 civitates

3153 1926 3606 1993 cvangelizantes,

3153 2006 3209 2050 et
3235 2005 3510 2050 curantes.

3153 2068 3208 2120 7.
3250 2066 3466 2120 Audivit
3490 2073 3661 2120 autem

3156 2138 3399 2192 Ilerodes
3428 2136 3533 2191 Te-

3158 2209 3375 2265 trarcha
3402 2208 3602 2271 omnia,

3157 2296 3532 2351 quaecumque

3158 2362 3312 2408 erant
3338 2352 3496 2417 facta,

3160 2432 3215 2479 et
3244 2422 3703 2485 consternebatur,

3162 2511 3227 2551 eo
3254 2494 3398 2565 quod

3163 2567 3440 2622 diceretur

3161 2639 3216 2693 8.
3251 2654 3279 2691 a
3304 2636 3616 2709 quibusdam
3643 2653 3655 2687 :

3160 2710 3316 2777 Quod
3346 2708 3618 2763 Iohannes

3154 2783 3399 2837 surrexit
3422 2797 3454 2835 a

3149 2854 3412 2907 mortuis:
3439 2868 3470 2906 a
3498 2850 3585 2922 qui

3150 2924 3374 2981 busdam
3402 2939 3496 2977 au-

3165 3006 3272 3052 tem
3307 3014 3319 3049 :
3344 2994 3497 3063 Quod
3530 2995 3627 3051 lle-

3165 3068 3266 3121 lias
3288 3068 3539 3136 apparuit
3567 3085 3580 3119 :

3166 3139 3234 3193 ab
3264 3139 3385 3192 aliis
3416 3148 3593 3195 autem
3626 3154 3639 3189 :

633 3210 689 3291 in
716 3210 831 3274 via,
861 3225 1041 3280 neque
1468 3222 1575 3291 tem
1612 3212 1786 3291 :Quia
1808 3211 1939 3266 Pro—
2328 3210 2556 3283 peram,
2604 3280 2616 3291 θ
2660 3277 2671 3288 .
3172 3210 3325 3291 Quod
3356 3210 3488 3264 Pro-

634 3279 841 3349 virgam
860 3320 876 3343 ,
906 3277 1003 3335 ne-
1469 3286 1633 3351 pheta
1663 3277 1728 3337 de
1753 3297 1849 3337 an-
2329 3277 2509 3351 neque
2538 3277 2739 3335 calcia-
3171 3280 3333 3351 pheta
3362 3297 3500 3335 unus

634 3366 741 3420 que
764 3366 914 3433 pera.
956 3388 974 3433 _.
1020 3392 1034 3405 .
1468 3354 1631 3433 tiquis
1654 3369 1840 3433 surre-
2332 3362 2539 3415 menta,
2568 3367 2662 3405 ne-
3171 3352 3240 3407 de
3262 3354 3498 3433 antiquis

637 3436 814 3489 neque
834 3422 999 3477 calci-
1465 3422 1651 3495 9.’xit.
1686 3424 1838 3478 Dixit
2331 3440 2438 3495 que
2468 3437 2685 3492 panem,
3170 3425 3429 3479 surrexit.

636 3502 875 3555 amenta,
900 3507 1023 3547 ne-.
1468 3494 1546 3565 (ά)
1580 3510 1670 3550 au.
1716 3534 1730 3547 .
1775 3532 1789 3546 .
1831 3495 1894 3566 1-.
1940 3536 1954 3552 .
2000 3537 2012 3550 .
2333 3494 2511 3565 neque
2541 3508 2635 3563 pe-
3166 3496 3221 3569 9:
3247 3495 3345 3569 Ait
3361 3494 3441 3569 (ά)
3466 3494 3702 3569 autem-:-

638 3577 744 3630 que
776 3578 1004 3631 panem,
1476 3607 1488 3618 .
1569 3605 1584 3619 .
1664 3607 1677 3619 .
1760 3608 1773 3619 .
1855 3608 1870 3624 .
1953 3607 1967 3621 .
2048 3608 2060 3619 .
2144 3608 2155 3620 .
2334 3570 2701 3629 euniam,ue-
3171 3566 3573 3622 Herodes:Jo-

612 3666 613 3669 η
641 3649 817 3715 neque
842 3648 998 3703 pecu-
1472 3636 1609 3692 Joha
1652 3677 1668 3693 .
1712 3676 1727 3689 .
1761 3652 1887 3715 netu
2335 3653 2441 3715 que
2466 3638 2703 3691 duastu-
2798 3707 2809 3715 _
3178 3639 3393 3715 Itannen
3420 3654 3523 3715 ego

642 3707 808 3767 niam,
842 3720 1017 3775 neque
1382 3724 1383 3727 ‘
1480 3751 1492 3763 .
1538 3749 1551 3763 .
1600 3750 1612 3762 .
1657 3747 1671 3762 .
1718 3750 1730 3763 .
1771 3710 1932 3764 colla-
2338 3707 2512 3765 nicas.
2556 3747 2571 3762 .
2619 3750 2632 3763 .
2681 3745 2694 3759 .
2743 3748 2755 3759 .
2798 3707 2866 3762 is.
3180 3707 3469 3765 decollavi.

644 3775 779 3831 duas
810 3777 1020 3833 tuuiCas
1476 3781 1547 3835 vi.
1577 3780 1709 3850 Quis
1735 3790 1913 3837 autem
2339 3781 2397 3836 4.
2442 3782 2506 3835 Et
2530 3781 2585 3835 in
2617 3794 2799 3850 quam-
3179 3780 3301 3850 Hic,
3336 3783 3459 3853 quis

1982 3893 2216 3951 CODEX
2255 3891 2644 3951 BRIXIANUS.

643 4020 854 4065 mortua
885 4020 1050 4066 esset.
1081 4011 1201 4077 Ipse
1232 4019 1411 4066 autem
1442 4011 1646 4067 eiciens
1672 4026 1863 4066 omnes
1890 4013 2053 4068 foras.
2088 4022 2142 4068 et
2166 4023 2244 4069 te-
2312 4056 2321 4064 .
2348 4015 2436 4069 tis.
2465 4014 2598 4067 Etin
2620 4026 3014 4082 quamcumque
3030 4008 3684 4066 domumintroieritis.ibi
3708 4008 3877 4061 manete

646 4097 783 4137 nens
814 4098 1033 4137 manum
1069 4083 1187 4153 ejus
1232 4083 1484 4137 clamavit
1520 4084 1725 4139 dicetis.
1780 4085 1963 4138 Puella
1990 4100 2151 4155 surge
2180 4085 2244 4140 Et
2346 4086 2521 4139 donec
2541 4084 3181 4153 exmtimthuicumque
3196 4082 3877 4155 nonreceperintvosexeutt

644 4169 899 4226 reversus
930 4164 1015 4211 est
1039 4156 1262 4220 Spiritus
1289 4155 1405 4224 ejus
1433 4164 1487 4208 et
1514 4156 1747 4209 surrexit
1766 4158 2025 4210 continuo
2047 4153 2242 4226 litjus-
2346 4159 2517 4212 tes‘de
2531 4155 3121 4210 civitztteillsmxcutite
3137 4155 3493 4224 pulverentde
3509 4153 3721 4226 pedibus
3735 4154 3881 4199 res!"s

645 4224 716 4279 sit
746 4228 819 4280 illi
844 4227 972 4282 dare
1007 4226 1353 4282 umnduewe.
1391 4228 1454 4280 Et
1482 4236 1801 4295 stupuerunt
1836 4236 2090 4297 parentes
2125 4224 2241 4297 ejus
2345 4228 2397 4282 in
2431 4230 2805 4281 testimonium
2851 4226 2977 4280 illis.
3008 4228 3223 4295 Egressi
3255 4237 3433 4279 autem
3462 4224 3881 4297 circttmibanlyef

646 4299 841 4370 quibus
873 4300 1149 4367 praecepit
1176 4315 1242 4353 ne
1274 4298 1432 4370 alicui
1474 4288 1719 4353 dicereut
1746 4288 1887 4370 qutid
1913 4297 2110 4370 factum
2134 4288 2235 4352 est.
2343 4300 2588 4353 castella.
2623 4288 3081 4370 evangelizstutesv
3106 4308 3159 4351 et
3188 4309 3443 4352 curantes
3475 4297 3687 4370 ubique.
3718 4288 3878 4370 Autllt‘il

684 4360 1040 4449 .Couvocatis
1077 4360 1261 4424 autem
1289 4369 1577 4424 duodecim
1622 4360 1918 4449 Apos'tolis.
1953 4369 2103 4449 dedit
2128 4369 2238 4425 illis
2341 4378 2521 4449 autem
2543 4360 2815 4449 _ll_erodés
2846 4368 3141 4449 'I‘ht:tr_ar_c_a
3174 4369 3354 4422 omnia
3383 4360 3737 4449 quaelieblant
3762 4360 3880 4449 all:

646 4439 899 4509 virtutem
931 4449 985 4494 et
1028 4450 1350 4509 potestatem
1383 4457 1545 4502 super
1575 4428 1751 4495 omnia
1778 4442 2063 4495 daemonia
2093 4452 2147 4496 et
2180 4452 2236 4494 ιιι
2342 4454 2396 4495 et
2446 4441 2731 4494 ltcsitahat.
2765 4457 2831 4493 eo
2876 4441 3020 4508 quod
3061 4441 3336 4496 diceretur
3382 4428 3415 4491 a
3443 4437 3745 4505 quihusdam
3785 4428 3880 4509 Qui!

647 4508 935 4590 Langunres
963 4500 1220 4566 sanarent
1248 4513 1311 4565 Et
1347 4500 1492 4590 misit
1522 4512 1643 4590 illos
1676 4514 1987 4590 praedicare
2011 4528 2232 4590 regiium
2340 4511 2611 4590 :lphanues
2646 4500 2932 4590 surrexit-tt
2958 4513 3206 4565 mortuis.
3236 4528 3263 4562 ει
3297 4500 3615 4577 ﬂuunt-Silam
3645 4520 3759 4590 vero
3786 4500 3879 4587 Quill

649 4579 766 4634 Dei.
799 4592 853 4635 et
897 4598 1088 4636 sanare
1119 4599 1307 4637 omnes
1353 4578 1715 4638 iulirtttitates.
1770 4585 1834 4638 Et
1875 4586 1949 4637 ait
1987 4578 2228 4637 adilltts.
2340 4582 2523 4639 Helias
2561 4585 2809 4649 apparuit
2836 4582 2904 4636 ab
2952 4584 3071 4635 aliis
3118 4591 3294 4635 autem
3325 4581 3461 4648 Quia
3515 4578 3760 4649 Propheta
3786 4578 3883 4649 μηυέ

648 4651 789 4706 Nihil
821 4654 1117 4708 tuleritisiu
1140 4655 1226 4708 via
1248 4669 1422 4725 neque
1446 4654 1669 4725 virgam.
1716 4670 1890 4724 neque
1922 4671 2103 4723 peram
2134 4670 2229 4709 ue-
2338 4658 2407 4710 de
2436 4644 2673 4723 antiquis
2699 4655 2954 4709 surrexit.
2988 4653 3079 4707 Ait
3109 4654 3188 4723 (ά)
3214 4644 3393 4707 autem
3416 4644 3705 4722 fﬂerodes
3726 4644 3882 4701 Julian-

648 4739 752 4794 que
766 4740 955 4795 panem
972 4740 1147 4796 neque
1160 4724 2018 4797 pecuuiam.néqueduastuuims
2034 4726 2229 4783 habea-
2336 4742 2461 4782 nem
2490 4743 2588 4797 ego
2619 4726 2881 4781 decollavi
2911 4724 3044 4792 Quis
3070 4736 3247 4781 autem

1934 4839 2169 4897 CODEX
2203 4838 2678 4898 CORBEIENSIS.

2430 4955 2483 5009 4.
2527 4954 2600 5009 ibi
2627 4953 2648 4984 ³
2680 4961 2930 5019 manete,
2954 4959 3008 5006 et
3032 4949 3158 5005 inde
3185 4948 3613 5020 proﬁciscimini.

2429 5024 2483 5079 5.
2532 5024 2810 5095 pulverem
2838 5022 2906 5078 de
2931 5022 3159 5093 pedibus
3182 5024 3381 5095 vestris
3407 5021 3654 5077 excutite.

2431 5098 2485 5150 7.
2526 5092 3001 5162 consternabatur,
3034 5108 3101 5150 eo
3126 5092 3269 5165 quod
3299 5092 3587 5149 diceretur.

1911 5208 2306 5268 VARIANTES
2342 5204 2753 5264 LECTIONES.

721 5337 737 5367 ³
775 5336 895 5383 Mm.
920 5332 1209 5397 Convocavit
1230 5338 1396 5397 autem
1419 5331 1508 5382 XII
1533 5333 1822 5397 Apostolus,
1836 5340 1888 5397 et
1908 5332 2063 5383 dedit.
2097 5326 2247 5394 Vulg.
2359 5326 2813 5397 tem,__circuibant.

657 5397 946 5448 Convocatis
972 5401 1139 5445 autem
1162 5395 1421 5445 duodecim
1444 5386 1705 5459 Aposiolis,
1728 5386 1885 5459 dedit.
1946 5457 1975 5459 _
2195 5386 2217 5394 ⁷
2417 5393 2438 5423 ³
2471 5386 2590 5441 Mm.
2616 5398 2810 5439 manete
2832 5386 2991 5438 donec
3014 5388 3223 5437 exeatis.

721 5462 742 5493 ³
777 5459 885 5511 Gat.
912 5464 1160 5511 exeuntes
1180 5466 1375 5519 autem,
1400 5455 1737 5509 circumibant.
1769 5455 1915 5523 Vulg.
1941 5457 2138 5519 Egressi
2162 5470 2253 5507 au-

2014 5560 2382 5619 BLANCHINI
2406 5560 2637 5619 ΝΟΤΛΕ.

738 5690 816 5763 (α)
844 5688 1001 5763 Ιιέξιθι
1033 5697 1141 5744 ιειο
1170 5685 1293 5763 Gr.,
1324 5683 1615 5763 {ﬁéﬂptiltﬁ
1636 5684 1923 5763 τὲπεῦξᾳ
1943 5682 2118 5744 αὑτῆς.
2146 5713 2215 5724 -—
2248 5682 2324 5756 (b)
2352 5683 2427 5740 Ita
2452 5690 2507 5738 et
2531 5690 2642 5739 tex.
2689 5680 2809 5751 Gr.,
2843 5678 3072 5753 μαθητὰς
3096 5679 3271 5733 αὐτοῦ.
3299 5702 3365 5717 -—
3388 5674 3464 5749 (c)
3494 5674 3641 5729 Deest
3665 5682 3733 5729 ne,
3762 5658 3879 5718 etiam

682 5744 869 5818 in‘téx.
902 5744 1197 5816 Crteco.—-
1225 5744 1303 5831 (tl)
1334 5758 1410 5814 Ita
1436 5744 1496 5811 et'
1518 5744 1639 5814 eod.
1673 5751 1827 5810 Cant.
1850 5744 1931 5809 ’δή

723 4955 814 5011 55.
859 4955 927 5010 Et
953 4954 1219 5011 convertit
1246 4956 1492 5025 spiritum
1521 4955 1658 5026 ejus.

723 5027 853 5083 CAP.
882 5026 975 5082 IX.
996 5029 1051 5083 5.
1069 5057 1141 5067 -
1168 5042 1341 5099 neque
1370 5042 1574 5099 peram,
1596 5041 1771 5100 neque
1799 5027 2246 5094 calceamentum,

656 5114 832 5170 neque
859 5114 1075 5169 panem.
1302 5119 1305 5123 ·
