1975 3097
312 126 363 155 579
578 124 716 155 EUSEBII
735 124 909 154 VERCELL.
926 124 1155 157 EVANGELIUM
1168 125 1237 154 CUM
1260 124 1372 156 VARllS
1392 123 1469 153 001).
1489 124 1688 154 COLLATUM.
1896 125 1931 154 580

1386 181 1503 213 CODEX
1524 182 1746 212 VERONENSIS.

511 182 626 211 CODEX
645 181 913 211 VERCELLENSIS.

309 238 326 257 n
349 250 355 256 .
381 250 387 256 .
411 250 418 257 .
442 250 448 257 .
471 250 478 256 .
501 249 506 256 .
528 229 627 262 decim.
726 229 900 265 re,abneget

309 266 354 293 18.
375 265 396 293 E
417 285 425 293 .
448 286 454 293 .
476 286 483 292 .
507 287 512 292 .
536 285 543 292 .
565 273 610 296 um
630 270 690 299 est.
727 273 757 293 se
772 266 877 300 ipsum,
892 269 920 293 et

309 320 316 328 .
340 322 345 327 .
370 323 376 329 .
400 322 406 328 .
430 323 436 329 .
457 301 566 329 essetin
728 306 855 336 sequatur
869 309 921 328 me.

368 358 374 364 .
394 358 399 363 .
421 342 490 370 reto,
507 336 571 368 ado-
725 336 900 372 24.0uisque
911 336 983 369 enim

725 373 841 400 voluerit
855 372 900 400 ani
907 388 915 393 -

723 415 795 435 mam
806 415 882 435 suam

724 444 828 471 salvam
843 444 911 471 race-

724 487 767 511 re,
788 479 883 513 perdet
897 479 929 506 il-

724 515 776 541 lam
794 524 800 542 :
815 516 852 546 ct,
868 515 914 550 qui
929 522 989 550 per-

723 550 823 577 diderit
837 551 894 577 ani-

723 593 795 613 mam
809 593 886 614 suam

723 628 805 649 causa
824 622 891 654 mei,

696 669 697 672 π
723 656 837 684 salvabit
849 657 882 684 il-

306 379 367 400 rant
379 373 417 399 illi
433 372 490 400 dis-

305 408 386 443 cipuli
401 408 453 441 sui,
471 413 499 435 et

304 443 455 479 interroga-

302 479 343 506 vit
354 487 411 513 eos,
427 479 521 509 dicens
534 488 541 506 ι

303 514 389 548 Quem
406 522 448 542 me
459 514 499 541 di-

301 555 367 578 cunt
381 551 475 577 turbae

304 586 347 612 it).
369 586 449 613 esse?
464 585 515 619 Qui
528 593 588 614 res-

303 621 454 655 pondentes
463 642 470 654 ,

302 657 446 684 dixerunt:
462 657 509 685 Jo-

302 692 418 720 hatmetn
431 692 499 728 Bap-
722 691 768 719 25.
784 692 848 720 lam.
865 692 905 727 Qu
928 713 934 719 .
956 713 962 719 .
987 713 994 720 .

302 729 410 760 tistam;
427 728 471 755 alii
486 736 532 755 au-
723 729 794 755 enim
814 736 862 763 pro
883 749 889 755 .
913 748 920 755 .

301 769 356 791 tem
374 764 494 797 lleliam;
723 763 824 791 homini
841 764 883 791 lu-

299 800 382 832 aliqni
395 807 470 832 vero,
722 800 793 826 crari
807 807 885 827 mun-

299 836 362 870 quia
379 835 471 862 Prole-
722 834 786 862 dum
803 839 888 862 totttm
899 855 906 867 ,

300 874 326 896 ta
341 877 410 897 unus
427 871 435 885 ί
449 870 482 897 de
722 877 751 897 se
765 875 854 898 atttem
870 871 910 906 ip-

297 905 434 940 prioribus
722 913 781 932 sum
798 905 892 940 perde-

297 941 343 968 20.
364 941 492 968 surrexit.
515 940 558 969 Di-
722 948 762 974 re,
776 945 821 968 aut
836 941 873 977 (b)
885 942 943 976 jac-

298 977 338 1002 xit
351 980 440 1003 autem
722 980 808 1003 turam
824 977 862 1003 fa-

299 1011 353 1039 illis
370 1020 377 1039 :
397 1012 449 1040 Vos
464 1020 511 1043 au-
718 1011 764 1039 26.
786 1013 851 1040 ciat.
867 1012 888 1048 -ι-
903 1012 1006 1048 Quisqu
1028 1032 1034 1038 .
1060 1031 1066 1038 .

299 1050 352 1073 tem
367 1055 447 1081 quem
718 1047 790 1075 enim
803 1055 871 1075 con-

298 1089 342 1109 me
353 1083 443 1110 dicitis
719 1082 793 1111 fusus
809 1083 868 1111 [uer
888 1103 895 1110 .
919 1104 925 1110 .

298 1118 379 1145 esse?
399 1118 521 1153 Respon-
718 1126 772 1152 me,
789 1123 855 1146 etm
878 1140 884 1145 .
908 1140 915 1146 .
938 1140 945 1146 .

296 1153 363 1190 deus
377 1158 467 1190 autem
718 1153 791 1190 hunc
803 1154 845 1181 Fil
867 1177 878 1190 ,ι
897 1175 903 1181 .
927 1175 938 1190 ._

296 1188 404 1221 Petrus.
419 1189 507 1217 dixit:
718 1188 809 1216 homin
832 1210 838 1216 .
862 1187 878 1216 .’
892 1210 898 1217 .
922 1187 938 1217 ,⁷
951 1211 959 1218 .

294 1224 340 1251 21.
368 1224 516 1253 Christum.
532 1225 602 1259 Qui,
617 1233 678 1255 cum
717 1223 811 1252 fundet
833 1248 839 1254 .
863 1245 869 1251 .
889 1223 901 1253 ’.
923 1244 930 1252 .

714 1267 775 1287 cum
787 1268 837 1288 ven
860 1281 866 1288 .
891 1281 898 1288 .
913 1277 926 1281 -

716 1296 830 1331 ritingl
852 1314 859 1323 .
882 1311 919 1324 .-

716 1331 755 1358 ria
767 1339 826 1364 sua,
843 1336 870 1359 et
890 1352 897 1358 .
921 1351 928 1360 .
943 1348 956 1352 -

716 1367 775 1400 tris,
792 1371 819 1394 et
834 1367 888 1394 San
912 1388 918 1394 .
941 1389 946 1395 .
961 1382 974 1388 -

717 1406 805 1429 torum
813 1402 902 1438 Ange-

715 1437 814 1465 lorum.

712 1473 770 1501 ‘27..
794 1494 801 1501 .
824 1493 831 1501 .
852 1481 884 1502 co
896 1478 986 1502 autem
998 1481 1046 1503 vo-

716 1529 722 1535 .
746 1529 753 1534 .
777 1530 783 1536 .
805 1509 890 1537 ‘vere
905 1517 912 1537 :
929 1515 993 1538 sunt

718 1564 784 1572 ...
806 1545 868 1573 dam
886 1545 931 1573 hic

294 1259 465 1295 obiurgasset

293 1295 365 1328 illos,
381 1303 492 1330 praece-

293 1332 333 1365 pit
347 1339 380 1358 ne
395 1331 439 1359 cui
457 1332 499 1359 di-

292 1372 388 1395 cerent
402 1367 452 1395 hoc
459 1388 468 1400 ,

291 1401 336 1443 2;.
358 1403 451 1431 dicens
463 1413 469 1431 ι
485 1403 559 1438 Quo-

293 1446 364 1465 niam
381 1443 490 1473 oportet

293 1473 392 1501 Filium
409 1474 496 1501 homi.

292 1509 334 1536 nis
351 1510 434 1537 multa
450 1518 496 1545 pa-

292 1545 328 1577 ti,
342 1549 370 1573 et
383 1547 513 1580 reproba-

290 1581 312 1617 ri
327 1582 336 1596 ¹
351 1588 366 1607 a
379 1581 499 1617 Seniori-
716 1600 722 1606 .
746 1601 752 1607 .
775 1600 781 1607 .
803 1585 879 1615 ntes,
897 1581 941 1617 qui

291 1616 342 1652 bus
350 1635 358 1648 ,
370 1621 397 1643 et
410 1616 502 1644 Ponti-
714 1623 766 1652 non
778 1621 869 1652 gusta-

291 1651 387 1678 ticibus
396 1672 403 1684 ,
419 1657 446 1678 et
459 1652 533 1679 Scri-
714 1651 921 1684 hunt'mortem,

291 1685 348 1719 bis,
361 1691 389 1714 et
403 1686 488 1714 inter-
715 1695 721 1701 '
743 1706 751 1714 .
772 1694 842 1714 once
854 1687 928 1714 vide-

291 1721 346 1754 ﬁci,
362 1726 389 1749 et
404 1726 464 1756 post
479 1726 533 1750 ter-
713 1740 721 1748 .
744 1742 750 1748 .
772 1727 801 1749 nt
815 1730 927 1757 regnum

290 1757 356 1783 tium
368 1757 439 1784 diem
455 1765 499 1784 re-
713 1776 719 1783 .
743 1777 749 1783 .
770 1757 806 1785 ei.
823 1758 890 1785 Fac-

289 1792 335 1819 25.
357 1800 477 1827 surgere.
492 1793 538 1821 Di-
709 1792 755 1819 28.
779 1813 786 1820 .
809 1813 816 1819 .
837 1801 881 1820 um
897 1797 939 1821 est
951 1797 1041 1822 autem

290 1828 370 1855 cebat
384 1831 475 1855 autem
712 1847 719 1854 .
741 1848 747 1854 .
770 1834 811 1856 ost
829 1828 895 1856 haec
906 1837 969 1856 ver-

290 1864 323 1890 ad
343 1871 439 1891 omnes
455 1873 461 1891 :
713 1883 720 1890 .
744 1883 751 1890 .
770 1871 802 1896 a,
818 1863 828 1879 ⁸
840 1865 949 1892 circiter

290 1898 318 1926 Si
333 1900 393 1934 quis
404 1899 461 1926 vult
714 1921 720 1927 .
743 1919 749 1926 .
771 1904 814 1927 ost
827 1899 885 1927 dics
900 1907 942 1928 oc-

289 1939 349 1970 post
365 1942 408 1963 me
422 1935 497 1963 veni—
713 1955 719 1961 .
743 1955 749 1962 .
771 1943 787 1963 o
800 1935 950 1970 adsumptis

1163 237 1213 257 Xll.

1162 265 1207 292 18.
1229 264 1263 292 Ει
1275 264 1374 292 factum
1385 269 1439 298 est,

1161 308 1221 328 cum
1241 300 1316 328 solus

1160 340 1233 364 esset
1245 344 1336 369 orans,

1160 376 1238 399 erant
1252 377 1341 400 autem

1161 412 1186 434 et
1200 415 1260 435 cum
1277 407 1324 435 illo

1160 443 1296 477 discipuli,
1314 447 1341 470 et

1161 479 1340 514 interrogavit

1161 513 1424 547 i...'..Quetn

1162 569 1169 576 .
1193 570 1199 576 .
1223 570 1229 576 .
1251 570 1258 576 .
1273 550 1368 578 dicunt

1160 592 1220 613 esse
1236 586 1349 612 turbae?

1160 621 1204 648 19.
1225 621 1266 648 Ad
1280 621 1319 648 illi
1333 628 1377 648 re-

1159 657 1326 691 sponderuttt

1159 693 1199 724 ei,
1214 697 1241 720 et
1252 692 1322 719 dixe-

1160 733 1224 755 runt
1238 737 1244 754 :
1259 728 1402 755 Johannen

1158 763 1323 798 Buptistam;
1339 763 1385 790 alii

1158 805 1247 826 nutent
1263 799 1371 830 llelian;

1158 834 1222 867 alii,
1237 834 1297 869 quia

1158 869 1291 905 Propheta
1306 877 1376 898 unus

1158 905 1192 933 de
1208 904 1343 940 prioribus

1159 941 1318 968 ressurexit.

1158 976 1204 1004 20.
1227 976 1297 1003 Dixit
1310 980 1399 1004 autem

1159 1013 1214 1039 illis
1230 1021 1236 1039 :
1254 1012 1309 1040 Vos

1159 1053 1250 1078 autem
1261 1055 1305 1075 me

1156 1091 1236 1119 quem
1255 1082 1345 1119 dicitis

1156 1117 1235 1146 esse?
1254 1117 1376 1155 Respon-

1156 1155 1233 1182 dens.
1256 1175 1263 1182 .
1287 1174 1293 1182 .
1316 1172 1324 1181 .

1156 1190 1254 1218 Petrus
1274 1210 1282 1219 .
1305 1209 1312 1217 .
1335 1208 1342 1216 .
1366 1208 1402 1216 ..

1159 1224 1495 1252 ....Dei......

1156 1261 1201 1288 2t.
1223 1261 1272 1289 ille
1281 1281 1288 1293 .
1304 1261 1448 1295 increpans

1156 1297 1216 1324 illos
1225 1318 1232 1329 ,
1248 1303 1359 1332 praece-

1153 1333 1191 1367 pit
1206 1341 1241 1360 ne
1251 1333 1293 1360 cui

1152 1369 1220 1396 haec
1233 1368 1355 1396 dicerent
1368 1388 1375 1401 ,

1151 1403 1196 1431 22.
1217 1404 1310 1440 dicens
1323 1412 1329 1430 :
1344 1401 1422 1437 Quod

1150 1441 1276 1475 apportet
1288 1439 1331 1467 Fi-

1151 1474 1215 1502 lium
1227 1475 1344 1502 hominis

1151 1512 1232 1537 multa
1250 1511 1319 1545 pati,

1149 1552 1176 1573 et
1192 1546 1333 1580 reprobari

1150 1589 1162 1607 τι
1177 1582 1347 1616 Principibus

1149 1617 1342 1651 Sacerdotnm,

1148 1658 1175 1679 ct
1189 1654 1290 1680 Scribis
1301 1674 1307 1686 ,

1148 1693 1175 1715 et
1187 1689 1289 1720 occidi,
1307 1693 1334 1716 et

1148 1728 1209 1758 post
1223 1724 1282 1752 dies

1148 1764 1203 1795 tres
1219 1767 1372 1795 resurgere.

1146 1794 1193 1821 23.
1215 1796 1325 1823 Dicebat
1339 1803 1389 1823 au-

1147 1834 1200 1857 tem
1214 1831 1247 1858 ad
1262 1838 1357 1859 omnes
1370 1839 1377 1858 :

1146 1865 1174 1893 Si
1189 1866 1249 1901 quis
1266 1868 1321 1894 vult

1145 1901 1179 1929 ad
1195 1909 1237 1929 me
1252 1910 1298 1929 ve-

1145 1937 1204 1965 nire
1214 1958 1221 1970 ,
1237 1938 1353 1974 abneget

957 1992 1073 2021 CODEX
1092 1993 1289 2023 BRleANUS.

1137 2043 1248 2071 eottidie
1264 2048 1291 2071 et
1314 2049 1443 2079 sequatur
1465 2052 1517 2071 me.
1534 2044 1585 2078 Qui
1604 2044 1678 2072 enim
1698 2044 1815 2072 voluerit
1828 2042 1926 2080 animant

1137 2087 1215 2106 suam
1229 2080 1333 2107 salvam
1350 2078 1440 2107 facere
1464 2081 1558 2114 perdet
1574 2088 1633 2108 eam
1648 2088 1711 2109 nam
1732 2080 1778 2115 qui
1799 2078 1927 2115 tierditleril

1138 2115 1256 2142 animant
1269 2123 1345 2142 suam
1364 2110 1474 2150 propter
1488 2125 1539 2143 tne.
1553 2116 1653 2143 salvam
1675 2110 1756 2146 facie-1
1782 2110 1848 2142 eam.
1868 2110 1925 2146 Quid

1136 2151 1209 2177 enitn
1234 2151 1344 2184 prodest
1372 2152 1485 2178 homini.
1502 2152 1524 2178 si
1552 2153 1670 2179 lucretur
1685 2153 1840 2179 universum
1861 2154 1925 2186 ιιιυητ

1137 2185 1210 2221 dum.
1229 2194 1258 2214 se
1281 2191 1372 2214 autem
1397 2188 1486 2221 ipsum
1511 2187 1616 2221 perdat.
1633 2192 1660 2214 et
1685 2187 1872 2215 detrimentum
1892 2189 1924 2209 sui

1136 2220 1226 2249 faciat.
1245 2222 1294 2255 Qui
1318 2224 1389 2249 enim
1409 2220 1457 2249 me
1478 2223 1607 2249 confusus
1619 2222 1713 2252 fuerit.
1729 2226 1776 2250 aut
1790 2229 1860 2248 mens
1879 2225 1925 2246 Scr-

1138 2264 1240 2284 mones.
1269 2257 1338 2285 hune
1365 2258 1448 2285 Filius
1472 2258 1590 2285 hominis
1615 2258 1764 2286 confundet
1794 2264 1853 2285 eum
1874 2260 1923 2282 cum

1135 2293 1240 2320 venerit
1263 2293 1290 2322 in
1317 2294 1457 2327 llliljljﬂillli
1483 2302 1541 2321 sun.
1572 2298 1599 2320 et
1620 2293 1708 2322 Patris
1731 2298 1758 2322 et
1781 2293 1923 2327 Sanctorum

1134 2328 1311 2364 Angelorunt.
1330 2324 1393 2356 Dico
1413 2335 1503 2356 untu'n
1523 2331 1610 2356 vobis.
1630 2336 1692 2357 vere
1708 2333 1773 2357 sunt
1786 2328 1886 2364 quidam
1896 2324 1924 2364 d_0

1135 2364 1178 2400 hic
1193 2364 1327 2392 stantibus
1354 2366 1399 2400 qui
1415 2373 1467 2393 non
1482 2366 1629 2400 gustabunt
1651 2369 1767 2396 utortctn
1785 2364 1872 2400 donee
1890 2368 1922 2386 νι-

1132 2399 1216 2436 dcunt
1240 2397 1435 2436 regnttm'Dei.
1461 2397 1571 2427 Factum
1599 2405 1640 2426 est
1664 2406 1755 2428 autem
1788 2402 1845 2434 post
1867 2397 1922 2423 haec

1131 2435 1225 2463 verba.
1251 2435 1310 2464 fere
1334 2436 1393 2464 dies
1417 2440 1491 2464 octo.
1507 2441 1535 2464 et
1556 2435 1707 2471 adsumpsit

285 2041 348 2069 cini.
365 2041 397 2070 Et
414 2041 513 2069 factum
528 2045 570 2068 est
585 2048 645 2067 eum
663 2040 738 2068 solus
752 2045 825 2068 esset
847 2048 941 2070 orans.
958 2048 1085 2069 occurre-

286 2083 348 2104 runt
373 2078 397 2105 ei
418 2077 542 2112 discipuli
570 2076 629 2111 ejus
655 2080 682 2103 et
707 2076 884 2111 interrogavit
907 2077 966 2104 illos
991 2077 1086 2105 dicens

284 2113 369 2146 Quem
393 2121 436 2140 me
450 2113 543 2140 dicunt
557 2120 618 2139 essu
645 2112 753 2139 turbae.
773 2114 806 2139 At
822 2112 859 2139 illi
884 2112 1085 2147 respondentes

284 2149 420 2176 dixerunt.
444 2148 593 2176 Joltannctn
610 2147 768 2182 Baptistnm.
794 2148 839 2175 alii
864 2154 954 2175 autem
978 2148 1083 2176 llcliant

283 2183 327 2210 alii
344 2185 405 2218 quia
422 2185 553 2216 Propheta
577 2192 645 2209 unus
659 2183 693 2211 tle
708 2183 846 2219 prioribus
862 2185 992 2211 surrexit.
1013 2183 1085 2211 Dixit

281 2225 371 2246 nutent
384 2220 437 2246 illis
453 2220 504 2246 Vos
518 2224 605 2245 nutum
616 2227 694 2253 queui
710 2226 752 2246 tne
768 2219 856 2244 divitis
874 2227 944 2245 esse.
963 2220 1084 2251 llesoon-

281 2254 348 2281 deus
362 2260 450 2282 autem
474 2257 567 2281 Simon
586 2256 684 2281 i'elrns
704 2254 781 2282 dixit.
797 2255 835 2281 Tu
853 2263 880 2281 ea
897 2256 1023 2281 tlin'istm
1042 2255 1085 2281 Fi-

282 2290 334 2316 lius
349 2290 406 2317 Dei.
424 2292 457 2316 At
473 2291 516 2318 ille
529 2291 671 2324 increpans
685 2298 732 2318 eos
750 2291 884 2323 praecepit
903 2299 934 2316 ne
953 2291 993 2317 cui
1010 2291 1084 2318 dire-

281 2330 343 2352 rctit
358 2325 408 2354 huc
422 2327 524 2353 dicens.
541 2326 605 2359 Quit
625 2330 730 2360 oportet
747 2325 844 2352 Filium
864 2326 980 2353 hominis
1000 2327 1081 2354 multa

280 2362 333 2394 pati
349 2365 376 2388 et
391 2362 530 2396 reprohiri
547 2371 559 2387 η
577 2362 736 2389 Senioribus
751 2367 776 2388 et
794 2362 966 2395 Principibus
983 2363 1080 2389 Sacer-

279 2396 372 2432 dotum
389 2402 416 2424 et
431 2397 543 2424 Seribis.
561 2402 589 2425 et
604 2397 701 2424 occidi.
717 2402 744 2424 et
759 2398 837 2423 tertia
860 2398 902 2423 die
927 2405 1078 2432 resurgere.

279 2431 389 2459 Dicebat
408 2438 498 2459 autem
512 2432 545 2459 ad
566 2439 672 2459 omnes.
690 2432 718 2461 Si
742 2432 803 2467 quis
826 2433 883 2460 vult
898 2437 958 2468 post
973 2431 1017 2461 me
1033 2440 1079 2461 ve-

278 2468 346 2495 nire.
368 2467 485 2503 abneget
505 2468 692 2503 semetipsum.
717 2472 745 2496 et
768 2468 845 2497 tollat
867 2476 976 2498 crucem
1001 2476 1078 2497 suam

923 2524 1040 2553 GODEX
1058 2524 1296 2554 CORBEIENSIS.

1171 2572 1218 2600 ‘25.
1239 2580 1269 2601 se
1282 2576 1373 2601 autem
1388 2572 1499 2608 perdat,
1514 2578 1561 2602 aut
1574 2573 1769 2603 detrimentum
1783 2571 1867 2600 faciat.

883 2629 1092 2669 {VARIANTES
1111 2629 1321 2661 LECTlONES.

314 2571 361 2599 24.
381 2571 499 2600 salvabit
512 2571 599 2599 illam.

308 2680 316 2695 ¹
336 2679 395 2703 Mm.
409 2677 442 2703 de
453 2677 602 2702 senioribus.
618 2675 692 2708 Vulg.
704 2675 737 2700 de
749 2675 877 2708 prioribus.

305 2712 392 2741 ’Μῖνι
415 2710 464 2741 pati
482 2715 495 2732 τι
512 2707 675 2741 Senioribus,’
687 2710 714 2741 et
732 2707 864 2741 reprobari
878 2713 892 2741 a
909 2707 1072 2741 Principibus.

279 2740 350 2774 Vulg.
365 2738 427 2773 pati',
440 2743 466 2765 et
478 2739 605 2771 reprobari
618 2745 632 2762 a
641 2738 796 2774 Senioribus,
810 2740 836 2762 et
847 2738 1009 2769 Principibus.

305 2774 316 2789 ³
333 2773 387 2797 Gut.
400 2778 461 2798 vere
473 2778 479 2796 :
489 2773 546 2795 sunt
556 2769 643 2801 aliqui,
655 2776 698 2801 qut
710 2769 750 2794 hic
757 2772 861 2794 stantes.
876 2770 934 2794 Mm.
948 2772 1004 2801 quia
1015 2773 1074 2796 sunt

381 2791 387 2797 .
405 2788 461 2798 ,ειν
473 2789 479 2796 .
490 2788 546 2795 αι...-
556 2788 643 2801 ...ην-η
656 2788 698 2801 ν..
710 2788 750 2794 ...ν
757 2788 861 2794 -.-—-.....
876 2788 934 2794 ...,.,.

1128 2675 1206 2708 aliqui
1212 2675 1253 2700 hic
1262 2678 1370 2708 stantes.
1378 2674 1444 2708 Vulg

1447 2694 1453 2700 .
1465 2681 1526 2701 rete
1538 2682 1544 2700 ε
1556 2679 1615 2701 sunt
1625 2676 1657 2702 ali

1583 237 1613 257 se
1627 230 1724 263 ipsum,
1736 232 1773 261 et,

1582 265 1686 293 sublata
1697 272 1777 292 cruce

1583 309 1629 328 sua
1642 322 1649 334 ,
1666 304 1791 335 sequatur

1582 336 1627 363 24.
1649 344 1702 363 me.
1717 335 1766 369 Qui

1582 373 1652 399 enim
1670 371 1782 398 voluerit

1581 408 1697 434 animum
1711 414 1787 439 suam

1581 443 1682 470 salvam
1697 442 1787 472 facere

1582 479 1676 513 perdet
1687 478 1761 505 illam
1775 486 1782 505 ε

1581 522 1654 546 nam,
1667 514 1711 549 qui
1726 521 1786 549 per-

1581 549 1681 577 diderit
1694 551 1753 576 ani-

1581 593 1643 612 nam
1656 592 1732 613 suam
1757 608 1761 610 .

1582 625 1694 656 propter
1707 627 1761 654 me,

1580 656 1682 719 φυηρ
1694 656 1714 692 -ι-
1729 656 1827 687 salvam

1592 698 1661 719 aetet
1674 692 1758 719 illam.
1787 715 1792 717 _

1592 693 1661 719 ‘aciet
1674 692 1758 719 illam.
1787 715 1792 717 _

1579 727 1625 756 25.
1650 730 1679 759 ἦ(
1696 727 1765 762 Quid
1784 728 1851 759 enini

1580 763 1708 798 prodeest
1724 763 1774 790 ho-

1580 799 1657 831 mini,
1670 799 1693 827 si
1706 800 1748 826 lu-
1775 821 1782 825 .

1579 839 1670 865 eretur
1685 835 1795 865 univer-

1580 878 1639 898 sum
1649 870 1779 899 mundum
1790 891 1797 904 ,

1579 913 1610 935 se
1623 911 1711 935 autem

1580 943 1686 976 perdat,
1701 946 1729 970 et

1578 978 1617 1012 (b)
1630 978 1821 1009 detrimentum

1578 1014 1674 1050 faciat?
1686 1014 1707 1050 1-

1577 1050 1622 1077 26.
1643 1049 1710 1077 Nam
1724 1050 1772 1085 qui

1577 1093 1621 1113 me
1634 1086 1786 1118 erubuerit,

1577 1125 1605 1148 et
1615 1128 1690 1149 meos
1728 1149 1730 1153 ,

1576 1163 1729 1190 sermones,

1577 1191 1648 1219 hunc
1659 1192 1746 1219 Filius

1576 1227 1693 1255 hominis
1704 1235 1771 1255 eru-

1575 1262 1678 1292 bescet.
1690 1271 1755 1295 cum

1575 1299 1680 1327 venerit
1692 1299 1719 1326 in

1575 1335 1718 1368 majestate
1731 1341 1792 1368 sua,

1574 1374 1843 1398 etPa.......

1569 1404 1735 1434 Sanctorum

1573 1442 1753 1477 Angelorum.

1571 1477 1616 1504 27.
1640 1477 1706 1505 Dico
1722 1481 1813 1507 autem

1571 1513 1648 1540 vobis
1660 1520 1745 1543 vere:

1571 1549 1654 1584 aliqui
1668 1553 1736 1576 sunt

1570 1583 1742 1618 hic'stantes,

1570 1621 1615 1654 qui
1633 1627 1684 1647 non
1700 1627 1752 1655 gu-

1570 1655 1680 1683 stabunt
1695 1663 1770 1685 morv

1571 1695 1636 1724 tem,
1652 1691 1741 1718 donec

1569 1726 1678 1762 videant
1692 1733 1807 1762 regnum
1824 1723 1877 1753 Dei-

1567 1761 1613 1789 28.
1634 1761 1748 1789 Factum
1760 1766 1802 1790 est

1568 1802 1657 1825 autem
1668 1803 1733 1833 post

1567 1832 1635 1860 haec
1647 1832 1746 1868 verba,

1567 1868 1623 1904 lere
1636 1873 1699 1904 post

1566 1903 1624 1931 dies
1639 1903 1701 1932 octo

1565 1940 1720 1975 adsumpsit

1692 2676 1700 2700 i
1712 2675 1753 2704 hic
1762 2670 1910 2704 δυηιθειιιιι-

1159 2703 1177 2722 δ’
1187 2706 1240 2733 Gal.
1251 2710 1274 2739 et
1287 2708 1345 2739 Mm.
1359 2706 1413 2739 fere
1425 2703 1480 2739 post
1495 2707 1550 2733 dies
1561 2711 1646 2739 octo...
1657 2703 1810 2739 Iohannem,
1822 2709 1847 2730 et
1856 2703 1915 2728 Ιιαν

1126 2738 1193 2762 bum.
1212 2737 1285 2769 Vulg.
1297 2737 1352 2763 fere
1363 2738 1418 2763 dies
1426 2737 1484 2763 'octo
1498 2741 1574 2763 ct.....
1588 2738 1706 2764 Jacobutn
1723 2743 1749 2763 et
1761 2737 1879 2762 Joannem.

937 2823 1123 2852 BLANCHINI
1141 2825 1258 2853 NOTAE.

310 2874 347 2908 (α)
361 2873 442 2901 Addit
463 2872 522 2905 ille,
536 2871 618 2900 etiam
641 2875 696 2899 tex.
710 2869 759 2898 Gr.
782 2867 956 2905 mirata—(b)
971 2868 1070 2915 V_eron.
1084 2875 1112 2899 et
1124 2870 1379 2904 Vercell.omlttunt
1391 2872 1432 2900 sui
1445 2880 1455 2905 ;
1468 2871 1544 2909 juxta
1559 2876 1613 2903 te).
1629 2871 1716 2909 Gr.,!6
1735 2871 1871 2908 ζημὶωθιίς-
