3950 6194
186 230 287 286 585

97 455 104 460 ‘
181 442 372 512 gister,
407 445 540 502 vidi—

180 530 288 596 tnus
329 516 603 596 quendam

177 591 223 640 in
250 591 478 645 nomine

177 667 258 712 tuo
285 662 495 717 eicien-

174 737 271 784 tem
301 731 526 788 daemo-

171 801 245 856 nia
265 845 280 868 ,
313 815 373 859 et
401 803 585 874 probi-

168 874 428 932 bebamus
457 877 521 931 il-

169 946 267 1000 lum
299 964 314 1012 ;
344 950 540 1017 quoni-

170 1033 246 1071 am
273 1035 386 1074 non
415 1021 596 1090 sequi-

173 1101 251 1144 tur
283 1093 594 1148 nobiscum.

169 1162 251 1217 50.
295 1163 438 1218 Dixit
467 1175 647 1220 autem

167 1232 228 1287 ad
254 1233 398 1289 illum
425 1235 582 1291 Jesus
613 1254 627 1289 :

169 1306 182 1334 ¹
222 1305 392 1362 Sinite
413 1307 562 1362 illum
583 1348 600 1375 ,

165 1386 217 1449 et
244 1379 407 1435 nolite
435 1395 556 1449 pro-

163 1448 345 1531 hibere
367 1469 383 1516 ;
416 1448 507 1522 qui

164 1535 301 1576 enim
331 1538 437 1578 non

163 1601 246 1646 est
267 1592 526 1650 adversus

164 1678 291 1731 vos,
315 1681 410 1735 pro
439 1665 595 1723 vobis

161 1746 247 1790 est
267 1756 280 1790 :
297 1753 453 1794 nemo
471 1749 557 1795 est

161 1808 302 1880 enim
325 1850 340 1876 ,
368 1812 457 1880 qui
489 1825 598 1865 non

162 1878 320 1936 faciat
344 1878 517 1936 virtu-

159 1961 266 2006 tem
295 1954 348 2008 in
374 1955 546 2009 nomi-

159 2038 229 2077 ne
249 2040 365 2081 meo
385 2069 399 2092 ,
424 2035 480 2083 et
501 2040 596 2097 po-

161 2098 280 2150 terit
314 2098 452 2153 male

154 2167 295 2236 loqui
324 2171 387 2226 de
416 2183 525 2225 me.

151 2236 242 2293 51.
285 2240 505 2297 Factum
533 2251 619 2297 est

148 2321 331 2367 autem
348 2356 364 2378 ,
391 2313 519 2368 dum

147 2384 467 2453 conpleren-

149 2461 232 2528 tur
257 2456 379 2528 dies
403 2471 595 2528 recep-

147 2524 314 2600 tionis
339 2529 452 2600 ejus
475 2570 492 2594 ,

141 2605 195 2651 et
221 2599 346 2667 ipse
370 2599 510 2656 dire-

143 2668 222 2722 xit
246 2670 444 2727 faciem

141 2753 298 2797 suam
330 2745 407 2800 ire
429 2744 482 2798 in

140 2808 501 2871 Hierusalem.

138 2881 226 2938 52.
271 2885 342 2940 Et
365 2887 514 2942 misit
540 2901 686 2942 nunv

139 2954 238 3011 tios
267 2970 396 3014 ante
424 2973 587 3016 cons-

138 3038 357 3094 pectum
388 3047 484 3087 su-

139 3113 222 3154 um
255 3143 273 3169 ,
311 3110 365 3156 et
386 3118 522 3159 eun-

141 3177 243 3240 tes,
272 3173 514 3230 intrave—

137 3253 263 3298 runt
287 3245 342 3299 in
373 3247 506 3301 civi-

138 3320 249 3370 tate
275 3315 517 3373 Samari-

140 3393 388 3444 tanorum
405 3431 422 3457 ,
456 3399 573 3445 tan-

139 3469 301 3531 quam
331 3476 484 3531 para-

143 3526 239 3582 5'5.
273 3526 378 3586 turi
402 3533 502 3588 illi.
534 3531 606 3587 Et

147 3613 256 3654 non
286 3617 496 3674 recepe-

143 3680 275 3727 runt
295 3689 411 3730 eum
431 3717 446 3743 ,

141 3746 389 3810 quoniam
421 3747 505 3802 fa-

143 3815 246 3872 cies
272 3817 414 3875 illius
439 3830 559 3876 erat

150 4070 195 4130 in
216 4079 432 4136 nomine
462 4088 556 4136 tuo
585 4081 874 4138 eicientem
916 4081 1204 4138 daemonia
1249 4091 1306 4138 et
1350 4081 1727 4152 prohibuimus

153 4164 282 4224 cum.
314 4153 433 4222 quia
461 4168 568 4207 non
616 4153 858 4224 sequitur
909 4155 1214 4211 nobiscum.
1267 4154 1333 4208 Et
1373 4154 1446 4209 ait
1473 4153 1538 4208 ad
1569 4155 1722 4209 illum

157 4217 524 4298 JesusCSinite
568 4217 714 4280 eum:
757 4227 823 4281 Et
865 4226 1032 4282 nolite
1078 4225 1417 4298 prohibere:
1437 4226 1529 4298 qui
1579 4227 1724 4281 enim

159 4306 250 4346 non
287 4303 368 4368 est
410 4295 695 4351 adversum
739 4313 835 4352 vos
879 4314 978 4368 pro
1027 4297 1178 4353 vobis
1215 4309 1318 4352 est.
1379 4295 1600 4353 Factum
1642 4307 1727 4353 est

161 4373 314 4442 autem
332 4367 456 4442 dum
480 4370 862 4442 conplerentur
902 4370 1020 4425 dies
1062 4370 1460 4442 adsumptionis
1507 4369 1626 4438 ejus
1667 4378 1723 4426 et

164 4439 259 4515 ipse
292 4439 477 4515 laciem
525 4455 680 4515 suam
711 4440 946 4496 ﬁrmavit
1004 4452 1059 4496 ut
1101 4441 1205 4496 iret
1257 4439 1311 4495 in
1362 4442 1718 4496 llierusalem.

164 4500 610 4583 iitmisitnuntios
635 4522 760 4566 ante
798 4523 1147 4582 conspectum
1195 4528 1349 4566 suum
1403 4525 1456 4569 et
1501 4521 1713 4569 euntes.

166 4585 465 4658 intraverunt
495 4583 547 4636 in
579 4584 850 4639 civitatem
883 4585 1346 4658 Samaritanorum
1377 4596 1433 4638 ut
1464 4594 1718 4655 pararent

170 4647 246 4701 illi.
275 4653 348 4727 lit
377 4669 484 4727 non
528 4668 851 4724 receperunt
884 4672 1028 4711 eum.
1076 4655 1199 4727 quia
1247 4655 1410 4710 facies
1441 4647 1559 4725 ejus
1599 4663 1719 4711 erat

172 4723 314 4799 euntis
340 4725 389 4780 in
411 4723 771 4799 Hierusalem.
807 4727 1062 4784 Videntes
1094 4723 1274 4784 autem
1295 4723 1542 4799 discipuli
1575 4728 1713 4797 ejus.

173 4787 362 4851 lacobus
389 4807 443 4853 et
469 4797 748 4855 Joltannes
776 4799 1058 4856 dixerunt.
1090 4799 1320 4856 Domine
1349 4787 1713 4856 vis'dicimus.

223 5275 356 5352 ίραι.
392 5284 551 5336 Sinite
593 5297 736 5348 eum,
776 5292 829 5335 et
863 5286 1016 5337 nolite
1051 5288 1331 5349 prohibere.
1367 5286 1511 5352 Vulg.
1548 5284 1713 5337 Nolite

180 5342 410 5399 prohibere.

220 5404 235 5477 ξ
261 5406 357 5478 Cat.
379 5411 500 5478 illos.
527 5411 587 5460 Et
606 5411 852 5478 abierunt.
883 5410 1032 5478 Vulg.
1052 5413 1188 5478 illos,
1235 5413 1405 5478 dicens
1428 5428 1438 5463 :
1459 5412 1674 5478 Nescitis
1695 5450 1710 5474 ,

179 5472 277 5529 Cttjus
293 5472 481 5534 spiritus
525 5476 665 5524 estis.
706 5473 859 5525 Filius
883 5472 1090 5528 hominis
1111 5472 1207 5527 non
1229 5476 1364 5527 venit
1390 5477 1574 5526 animas
1597 5472 1713 5538 per;

1178 237 1663 296 .EVANGELIUM
1703 239 2078 298 SECUNDUM
2118 239 2370 298 LUCAM.
2403 236 2412 241 ’

569 349 799 408 CODEX
841 351 1376 412 VERCELLENSIS.

1010 451 1234 506 tendens
1267 451 1319 505 in

1005 523 1367 579 Hierusalem.

1002 594 1093 650 54.
1137 594 1394 650 Videntes
1415 603 1597 652 autem

1000 667 1252 735 discipuli
1284 669 1405 736 ejus

997 738 1233 794 Iacobus
1257 781 1272 804 ,
1302 749 1354 793 et
1383 737 1474 794 Joo

997 810 1210 866 bannes
1233 852 1246 875 ,
1275 811 1430 866 dixe-

995 893 1123 937 runt
1155 899 1168 935 :
1202 881 1454 948 Domine,

993 955 1075 1009 vis
1095 996 1108 1019 ,
1136 953 1371 1009 dicimus

995 1036 1052 1080 ut
1075 1027 1217 1097 ignis
1237 1025 1307 1080 de

993 1099 1146 1154 caelo
1175 1097 1405 1152 descen-

994 1169 1088 1224 dat
1107 1185 1272 1239 super
1304 1168 1367 1222 il-

993 1241 1074 1295 los
1092 1283 1106 1305 ,
1127 1252 1182 1296 et
1209 1253 1406 1296 consu-

991 1323 1105 1366 mat
1124 1327 1243 1376 eos,
1259 1313 1401 1366 sicut

991 1384 1172 1439 Helias
1199 1381 1370 1438 fecit?

987 1454 1079 1512 55.
1122 1456 1190 1510 Et
1217 1469 1545 1522 conversus,

982 1527 1288 1599 objurgavit
1313 1527 1333 1555 ²
1359 1524 1426 1579 il-

983 1599 1098 1665 los,
1123 1600 1310 1656 dicens
1335 1613 1348 1650 :

983 1671 1217 1727 Nescitis
1247 1686 1343 1726 cu-

977 1743 1069 1813 jus
1095 1739 1492 1813 spiritusestis.

985 1811 1075 1870 56.
1122 1815 1292 1870 Filius
1321 1811 1494 1866 homi-

985 1887 1067 1941 nis
1093 1903 1200 1942 non
1232 1885 1254 1916 ³
1279 1900 1375 1940 ve-

981 1959 1062 2012 nit
1085 1958 1297 2013 animas

984 2029 1058 2101 (b)
1092 2028 1374 2101 hominum
1402 2027 1444 2097 ’ξ-

978 2097 1243 2172 perdere,
1273 2097 1370 2155 sed

978 2175 1213 2228 salvare.

977 2245 1044 2300 Et
1068 2246 1327 2300 abierunt

977 2318 1033 2371 in
1063 2317 1198 2372 aliut
1219 2330 1341 2370 cas-

979 2390 1071 2444 57.
1113 2389 1321 2445 tellum.
1354 2383 1420 2440 Et

978 2459 1179 2516 factum
1212 2468 1332 2524 est,

978 2531 1001 2563 δ
1028 2533 1283 2589 euntibus
1310 2529 1376 2584 il-

977 2605 1045 2660 lis
1067 2604 1119 2658 in
1143 2603 1228 2658 via
1245 2643 1261 2665 ,
1287 2601 1372 2656 di-

976 2677 1056 2730 xit
1083 2674 1304 2746 quidam

973 2747 1041 2803 ad
1068 2763 1192 2802 eum
1218 2764 1230 2799 :
1260 2746 1471 2815 Sequar

973 2829 1026 2874 te
1049 2834 1324 2901 quocum:
1591 2888 1600 2899 ,
1653 2889 1664 2898 .

1100 2903 1379 2972 (ιιξθμξνιε.
1406 2885 1491 2957 (d)
1515 2886 1664 2959 Etj‘j

970 2960 1179 3018 dixit’ei
1206 2960 1368 3017 Jesus
1391 2973 1406 3011 :

973 3034 1179 3106 Vulpes
1203 3031 1360 3088 cubi-

971 3104 1042 3160 lia
1067 3104 1270 3160 habent
1291 3146 1307 3171 ,

970 3186 1028 3233 et
1049 3177 1304 3232 volucres

969 3249 1108 3305 caeli
1141 3248 1297 3304 nidos
1318 3261 1392 3314 ,u-

968 3321 1022 3376 bi
1045 3320 1289 3390 requies-

2295 354 2530 413 CODEX
2568 353 3023 413 VERONENSIS.

1865 454 2196 524 Praeceptor
2211 493 2228 520 ,

1864 526 2096 581 vidimus
2125 539 2295 594 quen-

1863 598 1986 653 dam
2019 600 2073 653 in
2097 595 2273 651 nomi—

1863 686 1932 726 ne
1965 680 2058 726 tuo
2087 667 2289 724 eicien-

1864 750 1973 797 tem
2001 740 2285 797 daemonia
2309 781 2324 808 ,

1861 824 1917 868 et
1942 814 2199 884 prohibe-

1859 884 2052 968 bantus
2081 898 2202 940 eum
2229 901 2244 948 ;

1859 973 1983 1026 qtua
2016 972 2122 1012 non
2150 970 2240 1011 se-

1859 1031 2046 1098 quitur
2070 1038 2124 1084 te

1858 1101 2167 1156 nobiscum.

1858 1171 1949 1227 50.
1993 1172 2062 1227 Et
2087 1173 2163 1226 ait
2191 1168 2259 1224 ad

1854 1243 1979 1298 illos
2003 1243 2194 1300 Jesus:

1855 1312 2036 1370 Nolite
2061 1312 2243 1385 probi-

1855 1385 1990 1441 bere
2017 1406 2030 1442 :
2058 1389 2150 1454 qui

1856 1459 2000 1512 enim
2035 1475 2144 1513 non
2171 1465 2257 1512 est

1853 1529 2118 1586 adversus
2144 1545 2241 1584 vos
2259 1569 2276 1594 ,

1851 1616 1952 1670 pro
1982 1603 2136 1658 vobis
2161 1610 2246 1657 est
2271 1615 2290 1653 :

1849 1689 2013 1730 nemo
2036 1683 2121 1730 est
2142 1674 2287 1728 enim
2307 1712 2323 1737 ,

1846 1746 2455 1815 qui....._..at

1845 1813 2326 1872 vir.....in

1846 1891 2069 1945 nomine
2098 1903 2220 1944 meo
2241 1913 2282 1951 ,-

1845 1971 1902 2016 et
1928 1961 2128 2032 paterit
2151 1959 2294 2014 male

1844 2033 1995 2104 loqui
2018 2034 2087 2089 de
2110 2046 2220 2086 me.

1844 2103 1934 2158 51.
1979 2104 2205 2160 Factum
2234 2110 2320 2156 est
2345 2114 2437 2154 au-

1843 2183 1954 2230 tem
1975 2218 1988 2241 ,
2026 2176 2152 2231 dum
2181 2187 2330 2229 com-

1843 2248 2130 2317 plerentur
2161 2246 2278 2300 dies

1841 2318 2247 2390 adsumptionis

1842 2392 1962 2462 ejus
1977 2435 1993 2460 ,
2022 2401 2078 2447 et
2111 2391 2230 2460 ipse

1841 2462 2038 2519 faciem
2067 2476 2220 2518 suam

1841 2533 2082 2590 ﬁrmavit
2109 2541 2169 2587 ut.
2192 2532 2298 2586 iret

1839 2606 2207 2663 Hierusalem.

1839 2675 1930 2732 52.
1960 2678 2029 2733 Et
2055 2676 2204 2732 misit
2230 2689 2370 2730 nun-

1838 2750 1945 2806 tios
1972 2759 2098 2806 ante
2127 2763 2257 2804 con-

1838 2834 2084 2892 spectum
2116 2834 2275 2876 suum
2304 2835 2320 2882 ;

1842 2931 1858 2946 .
1903 2936 1917 2948 .
1961 2901 2156 2950 euntes

1839 2963 2181 3020 intraverunt

1836 3035 1892 3090 in
1924 3037 2149 3092 civitate

1835 3107 2328 3170 Samaritanorum,

1833 3182 1988 3250 quasi
2014 3194 2168 3250 para:

1833 3247 1924 3308 55.
1958 3247 2062 3306 turi
2092 3249 2190 3306 illi.
2221 3247 2289 3302 Et

1832 3339 1944 3380 non
1967 3337 2188 3393 recepe-

967 3401 1095 3447 cant
1118 3409 1133 3458 ;
1167 3391 1336 3448 Filius
1830 3405 1962 3451 runt
1989 3391 2158 3458 illum,

967 3473 1145 3538 autem
1177 3462 1358 3538 homi-
1831 3469 1957 3538 quia
1990 3466 2155 3521 facies

969 3537 1054 3609 nis
1076 3549 1185 3609 non
1215 3535 1310 3589 lta-
1391 3604 1404 3609 _
1834 3535 1953 3609 ejus
1975 3545 2094 3609 erat

969 3607 1059 3662 bet
1073 3649 1087 3674 ,
1118 3606 1208 3660 ubi
1235 3604 1437 3678 capud
1829 3604 2007 3666 euntis
2040 3607 2236 3664 Hieru-

969 3679 1058 3734 59.
1099 3676 1344 3734 reclinet.
1380 3676 1468 3732 Di-
1829 3683 2024 3738 salem.

968 3749 1048 3804 xit
1067 3759 1250 3805 autem
1828 3751 1918 3806 54.
1945 3755 2077 3809 Cum

967 3819 1035 3876 ad
1061 3821 1214 3876 illum
1239 3839 1252 3876 :
1280 3822 1378 3879 Se-
1826 3825 2093 3881 vidissent

1460 3963 1693 4022 CODEX
1720 3963 2112 4024 BRIXIANUS.

2697 461 2878 505 autem
2909 449 3163 519 discipuli

2695 522 2812 592 ejus
2837 522 3092 589 Jacobus,

2694 606 2747 649 et
2775 593 3074 665 Joltannes,

2693 665 2953 722 dixerunt
2985 685 2998 719 :

2695 739 2947 804 Domine,
2983 741 3063 795 vis

2693 809 2950 875 dicimus,
2985 820 3044 864 ut

2693 881 2836 950 ignis
2862 881 3148 938 discendat

2692 953 2761 1007 de
2788 955 2947 1010 caelo
2973 969 3140 1024 super

2689 1025 2835 1090 illos,
2866 1035 2921 1079 et
2949 1042 3148 1081 consu-

2689 1107 2800 1149 mat
2823 1097 2968 1163 illos,
2993 1098 3134 1152 sicut

2688 1167 2874 1223 Helias
2901 1170 3070 1223 fecit?

2689 1240 2779 1294 55.
2826 1240 2894 1294 Et
2919 1255 3240 1308 conversus,

2690 1312 2995 1380 increpavit

2687 1383 2830 1444 illos,
2864 1385 2941 1454 (α)
2973 1393 3028 1440 et

2685 1456 2882 1524 dixit-j—
2915 1474 2927 1507 :
2957 1455 3061 1512 Ne-

2683 1527 2836 1582 scitis
2860 1527 3016 1596 cujus

2682 1599 2909 1668 spiritus
2932 1600 3064 1656 estis
3092 1617 3106 1653 :

2683 1670 2774 1724 56.
2806 1671 2931 1737 quia
2966 1670 3135 1727 Filius

2681 1740 2923 1796 hominis
2953 1759 3062 1798 non

2678 1812 2829 1868 venit
2857 1815 3070 1870 animas

2679 1884 2756 1956 (ὁ)
2790 1885 3073 1940 hominum
3101 1886 3143 1956 τι

2683 1961 2918 2027 perdere
2937 1999 2951 2017 .
2977 1957 3074 2012 sed

2683 2029 2918 2083 salvare.
2949 2029 3016 2084 Et

2687 2099 2987 2156 habierunt
3010 2101 3063 2156 in

2685 2172 2843 2225 aliam

2684 2245 2984 2297 civitatem.

2680 2313 2770 2369 57.
2797 2314 3024 2371 Factum
3046 2328 3130 2374 est

2681 2395 2860 2442 autem

2679 2458 2937 2514 eunﬁbus

2679 2530 2787 2586 illis
2809 2531 2864 2585 in
2893 2531 3001 2598 via,

2678 2602 2814 2656 dixit
2844 2603 3062 2670 quidam

2677 2675 2747 2750 ad_
2766 2675 2913 2750 illum
2949 2691 2962 2728 :
2991 2674 3064 2750 (ο)
3091 2676 3199 2734 Do-

2679 2748 2846 2810 mine,
2872 2745 2914 2816 -ι-
2936 2745 3138 2818 sequar

2680 2827 2733 2872 te
2763 2831 3111 2889 quocumque

2677 2891 2824 2944 ieris.

2802 2961 2884 3032 (ά)
2912 2961 2977 3015 Ει
3007 2960 3143 3032 fait

2675 3031 2759 3086 illi
2788 3031 2946 3087 Jesns
2977 3049 2990 3084 :
3026 3031 3153 3089 Vol-

2673 3118 2794 3172 pes,
2817 3103 3003 3159 foveas
3029 3103 3126 3159 ba-

2671 3176 2860 3240 beant,
2904 3188 2959 3231 et
2979 3191 3074 3230 vo-

2671 3245 2854 3302 lucres
2881 3247 3028 3304 caeli

2670 3318 2851 3382 nidos.
2883 3321 2975 3374 ubi

2667 3391 3016 3460 requiescant
3054 3410 3068 3444 :

2663 3477 2789 3516 nam
2823 3462 2997 3518 Filius

2663 3533 2903 3589 hominis
2931 3550 3039 3591 non

2662 3604 2848 3672 habet,
2877 3607 2965 3662 ubi

2661 3687 2823 3746 caput
2852 3686 3034 3734 suumi

2663 3748 2752 3803 59.
2796 3750 3044 3805 reclinet.
3082 3750 3151 3806 Et

2664 3820 2739 3875 ait
2767 3820 2836 3875 ad
2861 3825 3092 3878 alterum
3135 3840 3151 3877 :

3358 243 3464 305 586

1827 4091 1886 4138 ut
1908 4084 2046 4154 ignis
2071 4080 2365 4139 descendat
2385 4080 2454 4136 de
2478 4079 2653 4134 caelo.
2683 4088 2740 4154 et
2768 4088 3058 4154 consumat
3113 4079 3239 4154 illos
3291 4085 3432 4140 sicut

1826 4164 1881 4212 et
1898 4149 2086 4229 Helias
2106 4154 2252 4229 fecit.
2280 4154 2347 4208 Et
2360 4165 2665 4229 conversus
2690 4149 2848 4229 .lesns
2872 4151 3174 4229 increpavit
3208 4153 3334 4229 illos
3350 4156 3427 4229 (a)

1826 4235 1881 4283 et
1897 4227 2032 4283 dixit
2061 4226 2102 4299 -ι-
2125 4227 2194 4283 ad
2234 4241 2331 4282 eos
2360 4224 2592 4299 Nescitis
2620 4221 2774 4299 cujus
2812 4223 3040 4299 spiritus
3070 4224 3226 4299 pestis.
3255 4221 3432 4299 Filius

1825 4301 1967 4355 enim
2000 4293 2233 4368 hominis
2261 4313 2368 4352 non
2404 4298 2553 4352 venit
2586 4294 2802 4368 animas
2826 4293 2905 4368 (_b)
2935 4295 3214 4368 hominum
3239 4296 3278 4368 ’ξ-
3308 4315 3430 4368 per-

1825 4371 1980 4426 dere.
2022 4365 2118 4426 Sed
2160 4371 2393 4425 salvare.
2436 4368 2505 4422 Et
2548 4367 2797 4421 abierunt
2845 4365 2898 4418 in
2930 4366 3075 4421 aliud
3119 4365 3425 4425 castellum.

1826 4442 2052 4497 Factum
2095 4453 2176 4498 est
2218 4453 2396 4496 autem
2443 4437 2847 4494 ambulantibus
2898 4436 3005 4491 illis
3062 4439 3114 4493 in
3165 4440 3249 4494 via
3293 4442 3432 4498 dixit

1825 4514 2044 4584 quidam
2091 4514 2161 4586 ad
2202 4515 2392 4586 illum.
2442 4511 2667 4586 Sequan
2707 4517 2758 4562 te
2814 4524 3135 4586 quocunque
3195 4511 3424 4586 ierisq(c)

1827 4580 2116 4656 Domine-1‘
2140 4585 2216 4656 (cl)
2256 4587 2315 4639 Et
2347 4583 2387 4654 ’ξ’
2414 4583 2488 4656 ait
2531 4580 2818 4656 illiJesus.
2858 4580 3057 4656 Vulpes
3109 4581 3295 4656 foveas
3326 4580 3429 4656 ba;-

1824 4657 1973 4712 bent.
2006 4667 2062 4712 et
2084 4651 2333 4712 volucres
2359 4651 2495 4710 caeli
2540 4654 2697 4708 nidos
2725 4651 2813 4706 ubi
2864 4655 3222 4722 requiescant.
3257 4654 3428 4713 Filius

1825 4738 2002 4783 autem
2030 4729 2267 4783 hominis
2310 4742 2418 4781 non
2470 4724 2632 4781 habet
2684 4723 2775 4779 ubi
2821 4733 2985 4795 caput
3035 4724 3283 4782 reclinet.
3338 4727 3430 4784 Ait

1825 4810 2008 4856 autem
2033 4799 2103 4856 ad
2123 4799 2379 4856 alterum.

1396 4935 1625 4993 CODEX
1664 4933 2127 4995 CORBEIENSIS.

231 5044 419 5105 Mutilus
447 5059 519 5106 est
545 5049 665 5107 cod.
697 5066 856 5123 usque
881 5051 949 5106 ad
976 5067 1108 5107 vers.
1135 5051 1200 5108 21
1233 5052 1373 5124 εαρ.ξ
1388 5067 1444 5106 x.

1334 5165 1731 5223 VARlANTES
1767 5161 2173 5223 LECTIONES.

1818 5285 1963 5348 dere,
1993 5283 2083 5335 sed
2103 5282 2313 5334 salvare.
2339 5282 2403 5348 Et
2427 5283 2684 5348 abierunt.

1884 5349 1905 5380 ³
1940 5343 2057 5398 Mm.
2084 5347 2217 5396 venit
2235 5348 2296 5397 ad
2313 5347 2499 5396 animas
2521 5346 2754 5409 perdere.
2785 5343 2930 5412 Vulg.
2949 5349 3088 5399 venit
3101 5349 3285 5402 animas
3302 5365 3427 5417 per.

1819 5412 1964 5462 dere.

1883 5473 1904 5504 δ
1936 5477 2054 5524 Mm.
2083 5473 2314 5523 euntibus
2336 5471 2448 5522 illis.
2487 5470 2630 5538 Vulg.
2657 5471 3018 5525 ambulantibus
3042 5473 3152 5525 illis.

1449 5591 1814 5651 BLANCHINI
1851 5589 2082 5648 NOTJE.

201 5704 287 5781 .(a)
314 5708 386 5763 ita
415 5719 470 5766 et
504 5710 626 5768 cod.
657 5708 837 5778 Cant.,
867 5717 952 5770 καὶ
980 5709 1307 5782 sinam—(l1)
1337 5711 1499 5768 Addit
1541 5711 1828 5782 hominum,
1862 5707 2026 5764 etiam
2053 5716 2160 5761 tex.
2196 5705 2322 5762 Gr..
2345 5706 2712 5781 ἀνθρώπων.-·
2741 5699 2813 5767 (c)
2848 5701 3011 5758 Addit
3064 5700 3298 5771 Domine,
3329 5718 3425 5778 pa.

182 5782 274 5833 nter
296 5787 402 5838 tex.
427 5781 544 5852 Gr.,
569 5787 814 5862 Κύριε.--
839 5785 922 5856 (d)
953 5785 1120 5842 Addit
1147 5796 1197 5843 et
1216 5826 1231 5853 ,
1259 5781 1426 5843 etiam
1457 5795 1568 5841 tex.
1596 5781 1720 5852 Gr.,
1745 5783 1850 5839 mi.

669 5876 942 5941 PATBOL.
1001 5877 1145 5942 XII.

2863 5865 2940 5924 19
