1975 3097
41 139 94 169 593

40 247 183 275 Dominum
196 249 279 277 Deum
293 256 334 278 tu-

39 291 82 310 um
96 283 134 320 (α)
149 285 176 311 ἰη
192 285 213 320 -ι-
227 290 283 313 toto

38 320 118 347 corde
133 325 192 351 tuo,

38 359 65 382 et
76 355 100 382 in
118 360 173 383 tota
185 357 243 384 ani-

38 398 78 417 ma
95 395 152 424 tua,
165 397 192 419 et
203 400 235 420 ex

38 426 99 453 totis
115 428 217 455 viribus

40 462 75 498 (lt)
89 462 142 490 tuis
210 468 237 492 et
249 464 309 493 dili-

39 505 83 533 ges
95 506 249 533 proximum

41 539 121 567 tuum,
141 540 200 562 tan-

39 578 115 603 quam
133 577 159 598 te
174 572 214 606 ip-

38 606 79 634 28.
93 614 167 644 sitm.
186 607 255 644 Digit
268 607 304 644 (ι)
317 615 365 636 att-

39 648 87 669 tem
101 642 125 677 -ι-
141 642 198 670 illi:
215 642 282 671 Recé

39 683 62 705 te
74 679 234 713 respondis-

39 714 72 741 ii:
84 714 141 742 hoc
156 713 208 749 fac,
223 720 251 742 et

38 750 122 777 vibes.

38 786 77 813 9.9.
93 785 161 820 Qui.
177 794 237 815 cum
248 794 279 815 se
288 787 342 815 vel-

39 822 72 848 let
83 821 189 856 justiﬁ-

39 865 109 890 care,
128 858 199 885 dixit

39 893 67 919 ad
78 892 175 921 Jesum
188 904 195 921 :
211 895 244 922 Et

39 930 92 963 quis
108 935 152 957 est
164 931 215 957 mi-

40 964 62 992 lii
75 966 237 1000 proximus?

40 1002 69 1028 50
82 1002 89 1016 ‘
103 1000 262 1037 Suscipiens

41 1042 125 1064 autem
139 1036 230 1071 Jesus,

41 1072 102 1100 dixit
112 1081 119 1100 :
134 1073 222 1102 Homo

41 1109 144 1144 quidam
160 1109 222 1137 des—

42 1145 170 1173 cendebat
185 1147 219 1174 ab

41 1180 206 1209 Hierusalem

42 1217 65 1244 in
78 1218 197 1251 Hierico,

42 1257 66 1280 et
77 1253 120 1280 hic
134 1254 231 1282 incidit

43 1289 65 1316 in
78 1289 196 1317 latrones

43 1326 93 1359 qui,
105 1326 240 1361 expolian-

43 1365 79 1387 les
90 1369 162 1393 eum,
177 1366 205 1389 et
220 1362 274 1397 pla-

43 1396 78 1430 gis
91 1396 240 1430 impositis,

43 1432 174 1466 abierunt,
190 1441 232 1461 se-

44 1469 138 1495 mivivo
148 1477 181 1496 eo

44 1504 83 1531 31.
101 1505 203 1532 relicto.
217 1505 285 1533 For-

45 1540 108 1567 tuito
123 1541 217 1568 Sacer-

45 1577 90 1603 dos
103 1576 208 1612 quidam

46 1612 186 1639 descende-

47 1647 90 1673 bat
102 1655 146 1682 per
158 1649 228 1675 viam

48 1684 127 1717 illam,
141 1688 167 1711 et
182 1685 220 1711 vi-

47 1719 140 1760 suillo,
154 1727 230 1756 prae-

49 1756 129 1782 teriit.

49 1789 98 1817 3‘2.
113 1790 232 1820 Similiter
245 1800 293 1820 au—

52 1831 104 1853 tem
117 1833 140 1854 ei
151 1827 226 1856 Levi-

55 1944 142 1979 Diliges
157 1946 301 1986 Dominum
316 1946 401 1974 Deum
416 1951 491 1986 tuum
507 1955 542 1986 ex
558 1951 615 1974 toto
637 1946 719 1974 corde
740 1949 795 1972 tuo.
813 1949 840 1986 et

56 1988 85 2007 ei
96 1986 142 2008 tota
153 1983 242 2009 anima
255 1988 310 2009 tua.
326 1987 354 2010 et
363 1990 396 2010 ex
407 1983 480 2009 omni
495 1983 594 2010 virtute
607 1988 661 2009 tua.
685 1986 755 2009 elex
766 1983 840 2007 omni

556 147 779 176 EVANGELIUM
798 147 982 177 SECUNDUM
1002 149 1127 179 LUCAM.

238 202 352 231 CODEX
373 204 642 233 VERCELLENSIS.

452 256 503 285 tes,
519 260 581 280 cum
594 256 669 280 tran-

453 287 520 315 siret
533 296 581 323 per
594 296 638 315 eo-

453 324 514 351 dem
530 324 599 354 loco.
615 330 643 352 et

454 359 565 387 vidisset
576 359 651 388 illum

452 396 618 428 pertransiit.

452 432 496 459 55.
512 431 700 459 Samaritanus

452 473 542 495 autem
558 467 617 502 qni-

453 503 515 531 dam
530 504 581 530 iter
597 504 638 530 fa-

455 540 542 571 ciens,
557 540 631 567 venit

456 583 503 610 per
516 582 588 607 enm,
603 580 630 603 et
643 575 682 602 vi-

455 611 523 638 dens
534 618 608 644 eum,

455 648 582 674 misertus
596 652 649 674 est.

453 681 498 709 54.
516 682 547 709 Ει
562 684 681 718 conliga-

453 718 492 745 vit
504 718 616 746 vulnera

455 754 526 789 ejus,
544 754 634 781 infun-

455 789 524 817 dens
539 790 643 823 oleum,

455 825 542 860 adque
557 827 666 859 vinum;

454 866 482 889 et
496 862 643 896 inpositum

454 905 515 924 eum
532 898 556 923 in
571 904 620 925 suo

451 933 588 968 jumento,

454 968 532 996 duxit
548 968 575 996 in
587 974 643 996 sta-

454 1004 529 1036 bulo,
545 1010 571 1031 et
584 1012 677 1032 curam

454 1040 549 1067 habuit
563 1041 631 1075 ejus.

454 1076 498 1103 55.
512 1077 543 1102 Et
559 1078 584 1103 iii
600 1077 698 1104 crasti-

454 1120 518 1139 num
535 1112 607 1139 diem

456 1148 565 1182 protulit
579 1149 646 1175 duos

454 1184 591 1216 denarius,
607 1189 634 1211 et

455 1220 526 1247 dedit
543 1221 662 1247 stabula-

456 1256 507 1287 rio,
519 1261 545 1282 et
558 1256 627 1282 dixit
642 1256 671 1282 il—

456 1291 473 1318 ll
491 1301 496 1317 :
513 1292 663 1324 Diligenter

456 1335 548 1353 curam
566 1328 638 1354 illius

456 1363 543 1395 habe;
555 1368 583 1390 et
597 1363 746 1397 quodcum-

455 1406 508 1434 que
519 1399 635 1433 amplius
642 1398 806 1434 erogaveris,
824 1398 834 1413 ³

454 1433 595 1462 revertens
604 1455 610 1466 ,
774 1433 836 1469 [ego

454 1470 568 1498 reddam
582 1470 642 1497 tibi.

455 1506 500 1533 56.
516 1506 582 1540 Quis
595 1506 691 1532 horum
702 1505 743 1532 vi-

454 1541 535 1569 detur
550 1542 643 1576 proxi-

455 1586 517 1605 mus
524 1577 610 1605 fuisse

456 1615 525 1647 ejus,
542 1613 587 1647 qui
602 1614 669 1640 inci-

456 1650 533 1676 derat
548 1651 574 1676 in
590 1650 628 1675 la—

456 1686 499 1713 57.
515 1690 607 1712 trones
618 1685 628 1711 ?
645 1684 686 1712 Ad
701 1684 732 1711 il-

458 1722 482 1748 le
496 1721 584 1748 dixit:
602 1721 651 1753 Qui

457 1757 521 1784 fecit
538 1757 645 1783 iniseri-

457 1793 577 1819 cordiam
592 1794 617 1819 iii
633 1793 664 1819 il-

459 1829 494 1855 lo.
512 1828 583 1855 Dixit

1099 208 1215 237 CODEX
1234 209 1463 240 VERONENSIS.

883 254 985 289 Diliges
995 254 1087 283 Domi-

884 298 948 317 num
962 291 1045 318 Deum

884 331 959 353 tuum
973 326 1017 363 (α)
1026 327 1052 354 in
1065 327 1085 363 τ

883 366 941 389 toto
954 362 1037 390 corde

885 402 944 430 tuo,
961 402 988 425 et
1001 399 1026 425 in

886 437 942 460 tota
953 434 1043 461 anima

886 473 940 499 tua.
957 474 983 496 et
998 469 1023 496 in
1040 477 1098 496 om-

885 505 965 531 nibus
978 505 1082 532 viribus

887 540 925 576 (b)
941 540 1025 576 tuis-j-
1041 549 1047 567 :
1064 546 1091 569 et

886 577 1041 611 proximum

887 617 973 645 tuum,
985 613 1054 639 sicut

887 652 915 675 te
929 647 1027 682 ipsum.

887 683 933 710 28.
950 683 1021 720 Dixit
1038 683 1074 720 (ε)
1088 691 1136 711 au-

888 723 942 746 tein
953 719 972 755 -ξ-
986 719 1024 746 illi
1041 719 1048 746 ἐ

889 755 972 782 Recte
991 754 1152 790 respondisti
1170 764 1177 783 :

888 790 941 817 hoc
954 792 1004 823 Iac,
1015 795 1044 818 et

889 827 963 854 vives
968 846 975 853 .

888 861 935 889 29.
951 862 1000 890 Ille
1013 867 1104 889 autem

886 897 982 925 volens
996 898 1147 932 justiﬁcare

887 941 917 961 se
931 934 1019 967 ipsum
1036 954 1044 967 ,
1058 934 1126 961 dixit

886 970 919 996 ad
932 969 1026 997 Jesum
1041 979 1048 996 ε
1063 969 1097 996 Ει

886 1005 947 1039 quis
955 1010 997 1032 est
1012 1012 1089 1032 meos

887 1041 1042 1074 proximus?

886 1077 931 1103 30.
944 1076 1102 1111 Suspiciens
1113 1080 1204 1104 autem

887 1112 977 1145 Jesus,
991 1113 1079 1145 dixit:

888 1148 976 1174 llomo
991 1149 1105 1176 descen-

888 1184 970 1211 debat
979 1185 1013 1211 ab

890 1220 1062 1247 Hierusalem

887 1254 914 1282 in
928 1255 1055 1283 Hiericho
1066 1276 1075 1289 ,

888 1296 915 1317 et
929 1291 1022 1318 incidit
1037 1292 1063 1319 in

888 1326 1018 1360 latrones,
1035 1327 1082 1359 qui

887 1362 968 1389 etiam
984 1363 1122 1398 despolia-

888 1404 985 1425 verunt
1001 1399 1087 1431 illum,

888 1439 915 1461 et
930 1434 1016 1469 plagis
1030 1435 1081 1461 im-

889 1470 1006 1504 positis,.
1022 1490 1028 1497 .
1043 1490 1050 1497 .

889 1506 960 1532 vivo.
980 1526 987 1532 .
1002 1525 1009 1532 .
1028 1525 1036 1532 .

889 1541 1026 1568 abierunt.

889 1576 933 1613 5t.
951 1576 1083 1605 Sacerdos
1093 1578 1154 1613 qui-

889 1612 951 1639 dam
965 1613 1072 1641 discen-

890 1647 970 1675 dehat
987 1657 1033 1682 per

890 1685 984 1711 eadem
1000 1686 1053 1718 via,

891 1726 916 1746 ct
933 1722 990 1746 viso
1004 1722 1060 1754 illo,

891 1756 1039 1789 praeteriit.

891 1792 935 1818 3:2.
951 1792 1085 1820 Similiter
1099 1798 1125 1821 et

891 1828 995 1862 Levita,
1012 1837 1072 1856 cum

696 1885 814 1914 CODEX
832 1884 1029 1914 BRIXIANUS.

57 2022 136 2044 mente
149 2024 201 2044 tua.
219 2023 246 2045 et
260 2020 412 2053 proximum
430 2024 503 2045 tuum
516 2018 587 2046 sicut
602 2024 627 2044 te
644 2020 739 2052 ipsum.
756 2017 788 2044 Et
800 2017 839 2043 di-

61 2052 94 2089 xit
113 2053 146 2080 illi
169 2052 267 2081 .lesusI
279 2054 363 2081 [lecte
386 2054 559 2089 reSpnndisti.
588 2055 637 2081 lioc
653 2054 694 2081 l'ac
711 2057 738 2080 et
752 2054 837 2079 vives.

60 2087 97 2125 ille
108 2095 192 2116 aiitrin
211 2090 302 2117 volens
314 2087 465 2125 justiticai'e
480 2098 508 2117 se
522 2090 610 2123 ipsum
622 2090 688 2117 dixit
701 2090 733 2116 ad
746 2089 838 2116 Jesuin

62 2122 148 2158 [liquis
161 2132 202 2152 est
215 2134 290 2153 mens
304 2122 452 2159 proximus.
466 2122 645 2158 Respondens
659 2132 749 2153 autent
761 2125 839 2152 Jesns

61 2161 125 2196 dixit.
141 2162 225 2188 llonio
244 2162 353 2196 quidam
369 2162 551 2189 descendebat
565 2164 600 2188 ab
621 2162 787 2188 Hierusalem
813 2162 838 2187 in

63 2194 182 2224 “ierlCim.
205 2202 231 2224 et
244 2194 338 2224 incidit
353 2198 377 2224 in
395 2198 525 2225 latrones.
550 2199 595 2232 qui
609 2198 690 2225 etiam
705 2197 840 2232 despolia-

63 2238 144 2268 veriint
158 2241 219 2260 eum
235 2239 261 2260 et
276 2234 361 2268 plagis
373 2234 497 2268 inpositis
512 2233 639 2260 abierunt
654 2234 786 2261 semivivo
799 2241 841 2261 re-

65 2266 117 2305 licto
128 2268 232 2296 Accidit
244 2266 334 2296 autem
352 2273 380 2295 nt
395 2266 528 2297 Sacerdos
541 2269 648 2305 quidam
663 2269 841 2297 descenderet

64 2303 141 2332 eadem
156 2306 207 2332 via.
221 2310 247 2332 et
262 2311 324 2332 cum
340 2305 452 2332 vidisset
463 2313 524 2333 euin
541 2303 689 2340 praeteriit.
707 2305 840 2333 Similiter

92 2408 131 2435 27.
153 2409 252 2445 Diliges
264 2409 407 2437 Dominum
425 2414 500 2438 tuum
514 2410 541 2438 in
553 2414 610 2438 toto
630 2410 712 2439 corde
724 2415 782 2444 tuo,
793 2414 845 2438 etc.

66 2442 163 2478 Omittit,
180 2442 218 2473 εἰ
224 2446 298 2473 omni
313 2450 404 2473 tuente
416 2451 471 2474 tua.

91 2547 163 2578 ‘_Gat.
172 2546 473 2578 Suscipiens...’semivivo
483 2552 514 2571 eo
521 2546 618 2571 relicto.
630 2546 688 2571 Mm.
699 2545 848 2575 Suspiciens.

1298 262 1371 284 esset
1385 264 1465 286 secus

1300 293 1401 324 locum.
1417 298 1444 321 et

1298 328 1402 356 videret
1413 337 1475 357 eum
1488 351 1496 364 ,

1298 365 1466 399 pertransiit.
1478 377 1482 384 π

1299 401 1345 428 55.
1361 401 1548 430 Samaritanus

1301 441 1390 473 autem
1410 438 1519 472 quidam
1528 443 1536 473 ξ
1549 435 1554 438 ’

1300 472 1353 499 iter
1367 472 1478 506 iaciens,

1301 508 1397 535 venit.
1415 529 1444 537 ..
1463 529 1469 536 .
1488 510 1504 537 .'

1303 551 1376 576 eum,
1393 549 1420 571 et
1430 545 1471 571 vi-

1302 579 1381 609 dens.
1397 580 1478 608 mise—

1302 615 1420 642 ric0rdia

1303 657 1393 678 motus
1406 658 1459 679 est.

1303 686 1348 724 54.
1371 686 1404 713 Et
1418 688 1526 724 alligavi

1303 722 1417 750 vulnera
1469 722 1478 724 “
1551 734 1553 737 ·

1304 758 1373 792 ejus.
1386 763 1414 785 et
1427 759 1470 787 in-

1304 793 1421 822 fundens
1436 796 1537 829 oleum,

1305 834 1332 857 et
1345 830 1449 864 vinum,
1465 837 1493 858 et

1305 866 1448 906 imponens
1462 868 1536 894 illum

1305 903 1331 928 in
1342 903 1465 934 iumento

1303 943 1364 969 suo,
1378 937 1455 965 duxit

1303 972 1337 1000 ad
1350 973 1498 1006 stabulum,

1304 1014 1331 1035 et
1338 1016 1435 1045 curam
1451 1010 1510 1045 ejus

1301 1044 1366 1078 egit.

1302 1080 1348 1107 55.
1366 1081 1397 1107 Et
1412 1081 1497 1109 altera
1514 1081 1559 1109 die

1304 1116 1418 1150 protulit
1431 1117 1500 1144 duos

1304 1151 1441 1186 denarios,
1456 1159 1485 1180 et

1305 1186 1379 1214 dedit
1394 1189 1487 1216 stabu-

1303 1223 1384 1256 lario,
1399 1228 1427 1251 et
1437 1225 1475 1251 ait
1491 1234 1498 1251 :

1304 1257 1403 1295 _Ciirain
1418 1261 1478 1295 ejus

1305 1293 1393 1325 habe:
1409 1293 1440 1323 et
1450 1296 1536 1330 quod-

1304 1337 1421 1365 cumque
1433 1339 1481 1359 su-

1305 1367 1510 1402 pererogaveris
1518 1388 1526 1400 ,

1304 1409 1356 1436 ego
1367 1410 1461 1430 rever-

1305 1441 1375 1498 telns,
1393 1438 1505 1465 reddam

1305 1477 1325 1498 ll
1336 1481 1364 1498 )l.

1305 1473 1364 1500 lihi.

1305 1508 1350 1535 56.
1364 1509 1430 1542 Quis
1448 1510 1543 1536 horum

1308 1545 1388 1571 trium
1405 1545 1513 1572 videtur

1306 1580 1353 1606 tibi
1366 1582 1506 1615 proximus

1306 1615 1392 1643 fuisse
1402 1617 1439 1648 ei.

1305 1651 1351 1686 qui
1362 1652 1457 1679 incidit

1305 1687 1332 1714 in
1349 1688 1485 1716 latrones?

1305 1723 1350 1750 57.
1367 1724 1407 1751 Ad
1421 1724 1466 1751 ille
1481 1723 1525 1751 di-

1309 1758 1348 1785 xit
1363 1768 1369 1785 :
1384 1759 1435 1793 Qui
1448 1760 1511 1787 fecit

1309 1795 1526 1823 misericordiam

1309 1830 1336 1857 in
1351 1838 1426 1859 eum.

892 1951 918 1973 et
933 1946 1035 1973 Levita.
1049 1954 1111 1974 cum
1128 1946 1247 1974 venisset
1261 1947 1294 1974 ad
1309 1947 1425 1974 eundem
1439 1947 1542 1974 locum.
1557 1950 1585 1974 et
1602 1946 1689 1975 vidis-

892 1987 934 2009 set
948 1990 1010 2010 eum
1027 1983 1193 2016 pertransiit.
1209 1982 1397 2010 Samaritanus
1410 1987 1500 2009 autem
1515 1982 1624 2016 quidam
1641 1982 1692 2010 iter

892 2016 1005 2045 faciens.
1023 2018 1095 2045 venit
1111 2025 1191 2044 secus
1214 2027 1287 2045 eum.
1305 2024 1331 2045 et
1348 2018 1442 2045 videns
1457 2026 1518 2044 eum
1535 2018 1692 2045 misericor-

893 2053 935 2080 dia
948 2059 1037 2081 motus
1048 2059 1099 2081 est.
1113 2053 1146 2080 Et
1158 2055 1302 2081 accedens.
1319 2053 1438 2088 alligavit
1452 2054 1563 2080 vulnera
1579 2054 1649 2086 ejus.
1665 2058 1693 2081 et

893 2091 1092 2122 Superiniidens
1106 2092 1196 2116 oleum
1211 2094 1239 2116 et
1260 2091 1362 2116 vinum.
1378 2094 1404 2116 et
1426 2090 1559 2123 inponens
1575 2089 1649 2116 illiitii
1666 2089 1694 2117 in

892 2125 1045 2159 juinentnm
1059 2134 1136 2152 sniiin
1151 2126 1228 2152 duxit
1243 2125 1275 2152 ad
1286 2125 1433 2152 stabulum.
1447 2129 1475 2152 et
1488 2132 1581 2151 curant
1599 2125 1635 2151 illi
1646 2126 1695 2152 ad-

895 2161 992 2189 hibuit.
1009 2161 1040 2188 Et
1055 2162 1140 2188 altera
1152 2161 1206 2188 die.
1225 2161 1335 2195 protulit
1346 2161 1413 2187 duos
1429 2161 1567 2187 denarius.
1581 2166 1607 2187 et
1618 2160 1694 2188 dedit

894 2198 1074 2224 stabnlarioct
1083 2196 1343 2224 dixitilliCnrainilli
1355 2196 1694 2230 adhibe.etquodcnmque

894 2233 1144 2268 supererogaveris.
1157 2240 1207 2266 ego
1220 2237 1359 2260 revertens
1369 2232 1479 2268 reddam
1493 2232 1553 2268 tibi.

1570 2231 1635 2266 Quis
1647 2233 1695 2260 ho-

895 2267 1041 2296 ruintrium
1049 2269 1208 2295 videturiibi
1218 2269 1356 2302 proximus
1365 2267 1457 2294 fuisse.
1471 2267 1508 2294 illi
1517 2268 1561 2302 qui
1570 2268 1696 2296 inciditin

894 2306 1023 2332 latrones.
1036 2304 1077 2332 Ad
1088 2303 1213 2331 illedixit.
1221 2302 1565 2337 Quil‘ecitmisericordiam
1575 2305 1601 2331 in
1609 2305 1698 2332 illum.

684 2362 803 2391 CODEX
821 2361 1056 2391 CORBEIENSIS.

937 2410 981 2437 51.
1003 2408 1137 2437 Sacerdos
1150 2412 1239 2436 autem
1252 2408 1363 2437 fortuito
1373 2408 1565 2437 descendebat.

655 2496 854 2525 VARIANTES
873 2495 1077 2525 LECTIONES.

937 2544 947 2575 ἴ
964 2544 1022 2568 Mm.
1037 2549 1085 2575 ego
1092 2544 1235 2573 revertens,
1250 2541 1359 2568 reddam.
1370 2540 1445 2575 Vulg.
1455 2548 1514 2575 ego,
1526 2549 1582 2568 cum
1592 2541 1705 2573 rediero,

70 2575 132 2610 ναις.
144 2575 316 2610 Suspiciens...
329 2579 447 2603 semivivo
459 2578 555 2603 relicto.

69 2709 87 2732 in
91 2698 241 2736 ἶὲιὶἶῖίέἱίιῖἔ
247 2698 294 2735 iii;
306 2698 508 2741 ι’ἓῖρῖῐχῖἶιιῐιῆἷ
522 2698 530 2703 “
538 2698 654 2735 ὲὲῗᾱίῖίῖ.
662 2698 848 2741 ’ἓόῖὸίὲῖῶἰίιῖἱ

70 2745 144 2766 ierunt
156 2742 259 2768 illum....
272 2741 392 2767 semiviro
405 2747 435 2766 eo
446 2741 542 2766 relicto.
574 2741 613 2766 31.
627 2742 747 2766 Sacerdos
767 2745 850 2766 autem

69 2770 218 2798 descendebat
229 2773 357 2799 eadem...
376 2772 513 2804 praeteriit.
546 2773 585 2798 52.
597 2772 675 2798 locum
688 2773 776 2805 ipsum.
810 2772 850 2797 55.

905 2574 1015 2600 reddam.

400 2640 546 2660 LECTIONES
557 2639 659 2660 CODICIS
671 2638 877 2660 VINDEBONENSIS
890 2637 1029 2658 ABEUNTES
1041 2638 1074 2657 AB
1084 2638 1207 2658 EDITIONB
1216 2637 1350 2658 VULGA'I'A.

91 2678 167 2704 27.Ad
181 2680 261 2705 ille....
270 2680 294 2704 in
309 2682 360 2704 toto
370 2678 444 2703 corde
457 2681 508 2708 tuo,
521 2681 547 2703 et
559 2679 583 2703 in
596 2682 645 2703 tota
662 2679 740 2703 anima
754 2682 794 2703 tua
803 2698 809 2708 ,
822 2682 848 2703 et

903 2681 929 2701 et
942 2676 1037 2709 videns.
1072 2678 1111 2702 54.
1125 2677 1155 2702 Et
1175 2677 1291 2708 alligavit.
1326 2676 1393 2702 Ibid.
1410 2676 1476 2702 illum
1488 2678 1513 2702 in
1523 2676 1707 2709 jumentorsuo,

902 2709 976 2733 duxit
987 2708 1026 2732 ad.
1060 2709 1102 2734 35.
1117 2715 1166 2740 ego
1180 2713 1328 2740 revertens,
1354 2709 1454 2734 reddam
1470 2709 1523 2734 tibi.
1555 2709 1594 2734 36.
1611 2708 1710 2734 videtur

903 2739 947 2772 qui
963 2739 1063 2765 incidet.

716 2826 900 2855 BLANCHINI
918 2827 1035 2856 NOTE.

100 2870 136 2905 (ri)
152 2872 188 2912 lt:
202 2877 230 2899 et
242 2873 310 2912 cod.
318 2871 397 2901 Cant.
412 2875 454 2912 ὲν2
466 2872 526 2912 hic,
540 2878 566 2900 et
577 2873 633 2901 fere
646 2873 799 2912 ubicunque
812 2873 890 2910 Vulg.
908 2875 973 2908 legit
983 2884 1023 2903 ex.
1039 2891 1073 2897 --
1085 2876 1123 2912 (b)
1142 2876 1206 2902 Post
1225 2876 1275 2901 iiiis
1286 2893 1293 2907 ,
1305 2874 1382 2901 deest
1394 2879 1417 2903 et
1431 2883 1463 2902 ea:
1476 2875 1545 2901 omni
1558 2877 1641 2901 mente
1651 2877 1706 2905 tua,

71 2906 142 2934 etiam
165 2907 189 2935 in
208 2908 267 2936 cod.
290 2908 371 2936 Cant.
394 2922 429 2929 -—-
445 2908 481 2943 (c)
497 2909 532 2936 Ita
544 2914 572 2936 et
588 2914 642 2937 lex.
657 2908 704 2936 Gr.
721 2909 757 2935 δέ.
