1975 3097
290 93 342 123 60!
554 92 687 124 EUSEBH
706 91 875 123 VERCELL.
895 91 1119 123 “ANGELIUH
1137 92 1210 124 ςυιι
1228 91 1343 123 VABIlS
1359 92 1437 123 COD.
1456 92 1650 124 COLLATUM.
1860 97 1903 127 8M

487 151 602 181 CUDEX
621 151 890 181 VERCELLENSIS.
1353 151 1468 181 CODEX
1487 151 1710 181 VERONENSIS.

290 201 362 228 niam
378 201 453 228 venit
707 199 797 226 cidum
811 204 872 227 est:
888 200 898 215 ³
910 199 935 226 si
1136 200 1197 235 quia
1212 200 1285 227 venit
1547 206 1646 233 corpus
1659 204 1731 226 tuum

290 237 324 265 de
339 236 437 264 ﬁnibus
708 243 773 262 vero
785 235 881 262 oculus
1136 244 1151 262 a
1167 236 1264 262 tinibus
1548 235 1664 262 lucidum
1679 236 1729 262 erit
1745 245 1751 263 :

290 277 381 300 terrae
396 271 473 299 audi-
708 275 770 298 tuus
786 278 873 306 nequa
1136 275 1225 299 terrae
1241 270 1336 299 audire
1451 280 1453 282 '
1547 278 1608 298 cum
1622 275 1710 298 autem

289 316 321 336 re
332 307 490 342 sapientiam
707 306 799 338 fuerit.
812 311 839 333 et
851 313 909 334 cor—
1136 307 1294 341 sapientiam
1547 314 1633 341 nequa
1647 306 1739 339 fuerit,

290 343 445 372 Solomonis
460 352 467 370 :
706 350 755 377 pus
770 342 778 356 ³
791 347 864 369 tuum
878 349 916 369 te—
1136 343 1306 371 Solomonis:
1547 342 1626 370 etiam
1641 349 1737 377 corpus

290 385 317 407 et
332 386 396 406 ecce
412 378 455 406 hic
707 379 805 404 nebro-
1136 383 1164 406 et
1179 386 1243 406 ecce
1263 379 1322 411 plus
1337 377 1390 411 hic,
1550 384 1624 405 tuum
1638 378 1733 405 obscu-

290 416 350 449 plus
365 414 489 442 Solomo-
706 414 750 440 55.
773 422 831 440 sum
846 414 908 440 erit.
927 413 962 449 (θ)
974 413 1003 442 Si
1014 421 1057 442 er-
1135 422 1214 449 quam
1226 414 1364 442 Solomon.
1549 422 1607 441 rum
1622 415 1683 441 erit.

289 451 333 479 32.
355 458 401 477 ne.
413 449 450 485 (a)
468 450 523 479 Viri
707 458 739 482 go
754 450 854 480 lumen,
870 450 942 483 quod

1135 450 1180 478 δε.
1204 450 1257 477 Viri
1273 450 1311 485 (ιι)
1324 449 1372 477 Νι-
1500 477 1509 483 ,
1548 450 1594 477 55.
1611 449 1650 485 (ε)
1668 449 1696 477 Si
1710 457 1773 485 ergo
1790 450 1826 477 lu-

289 486 431 514 Ninevitae
443 486 465 521 1-
706 490 747 521 est
761 485 786 511 in
800 490 835 515 te,
849 491 924 512 lene-
1135 486 1242 513 neritae
1252 485 1271 519 1-
1548 493 1626 517 men,
1639 485 1710 519 quod

289 527 401 556 surgent
415 520 456 548 in'
707 520 772 547 brae
783 524 856 552 sunt.
871 526 910 548 te~
1134 526 1245 554 surgent
1258 521 1286 548 in
1548 521 1574 548 in
1588 525 1615 548 te
1627 525 1687 553 est,
1708 521 1828 549 tenebrae

287 557 389 592 judicio
400 564 461 584 cum
707 557 808 584 nebrae
821 564 897 584 rese-
1132 556 1233 591 judicio
1253 564 1314 584 cum
1548 562 1624 590 sunt,
1643 558 1701 591 ipse

289 597 362 629 gent.
387 614 394 620 .
409 592 469 626 hac,
769 611 782 629 ._
798 613 805 619 .
827 597 888 619 ntae
900 597 964 621 sunt
978 593 997 629 1-
1010 594 1023 620 ?
1135 592 1309 629 generatione
1549 593 1675 620 tenebrae
1690 600 1773 625 quan-

290 627 457 657 étcondem-
706 627 751 655 37.
771 627 912 662 Loquente
984 627 990 629 ⁷
1135 627 1186 655 hac
1196 649 1204 659 .
1224 633 1252 655 et
1266 636 1333 656 con-
1548 632 1591 655 tae
1604 633 1668 656 sunt
1680 629 1719 663 1-?

291 665 392 692 nabunt
406 672 484 697 eam;
706 668 796 690 autem
811 671 854 695 eo.
872 671 917 691 ro-
1135 664 1302 691 demnabunt
1548 663 1591 691 57.
1615 664 1655 699 (d)
1671 664 1698 690 ln
1712 672 1745 691 eo
1757 668 1841 692 autem

289 700 351 735 quia
366 701 460 734 paeni-
704 699 778 733 gavit
791 707 854 726 eum
1135 699 1218 732 illam,
1233 701 1295 735 quia
1547 707 1608 726 cum
1622 699 1777 735 loqueretur

292 738 401 763 tentiam
412 743 475 771 ege-
706 734 812 771 quidam
830 735 899 763 Phs—
1135 734 1328 769 paenitentiam
1549 735 1606 770 ipse
1618 736 1637 770 1
1649 734 1664 768 ,⁷
1674 735 1827 763 Pharisaeus

291 776 353 799 runt
369 772 394 799 in
409 770 485 806 prae
705 770 825 803 risaeus,
842 776 871 798 ut
1135 775 1249 806 egerunt
1260 771 1285 798 in
1547 771 1656 806 quidam
1672 772 1776 806 rogavit

289 808 426 835 dicatione
708 806 852 840 pranderet
1135 808 1339 842 praedicatione
1548 807 1623 833 illum
1632 828 1639 839 ,
1656 811 1685 834 ut
1698 806 1735 842 (ε)
1751 814 1808 834 cum

289 843 373 871 Jonae
387 852 394 869 :
411 844 419 859 ¹
431 848 457 871 et
468 850 512 871 ec-
704 848 806 868 secum.
822 842 865 869 In-
1134 842 1220 870 Jonae
1235 852 1241 869 :
1258 847 1286 869 et
1547 850 1581 870 eo
1595 842 1616 878 1-
1630 843 1783 878 pranderet.

290 887 322 906 ce
335 880 378 906 hic
392 879 451 911 plus
704 884 815 912 gressus
825 885 873 905 an-
1135 885 1199 905 ecce
1217 879 1276 913 plus
1548 878 1581 904 Et
1595 880 1750 913 ingressus,

290 922 370 949 quam
386 914 465 942 Jona.
706 917 772 941 tem.
794 934 801 940 .
822 922 870 942 cu-
1136 914 1190 945 hic.
1204 922 1283 949 quam
1547 914 1595 942 58.
1609 914 1743 941 recubuit.
1759 913 1821 942 Pha-

290 951 334 979 35.
356 949 441 978 Nemo
455 951 541 980 lucer-
706 949 751 976 58.
773 949 840 977 buit.
855 951 996 981 Pharisae—
1135 949 1227 977 Jonas.
1548 950 1651 977 risaeus
1663 954 1754 977 autem

291 994 353 1013 nam
367 993 460 1014 acceuo
706 992 738 1023 us
749 991 837 1013 autem
848 994 907 1015 coe-
1135 985 1180 1013 55.
1202 986 1287 1014 Nemo
1303 988 1341 1023 (Iv)
1360 994 1407 1014 au-
1550 985 1639 1020 coepit
1654 985 1726 1013 intra

291 1030 347 1049 sam
363 1022 388 1049 in
403 1023 491 1050 occul-
708 1020 756 1055 pit,
771 1023 923 1058 recogitans
1137 1027 1190 1048 tem
1205 1023 1224 1057 1-
1240 1020 1336 1051 lucer?
1549 1027 1579 1058 se
1590 1026 1736 1058 reputans,

291 1063 318 1085 to
329 1058 414 1092 ponit,
426 1066 475 1086 ne-
708 1057 776 1084 intra
790 1064 830 1090 se,
838 1056 882 1086 di—
1136 1065 1197 1084 nam
1210 1056 1343 1092 accendit,
1550 1056 1641 1084 dicere
1656 1065 1663 1083 :
1678 1057 1769 1090 Quare

291 1101 343 1127 que
356 1094 407 1121 sub
422 1101 479 1121 mo-
707 1100 771 1121 cere
785 1102 793 1125 ;
815 1096 887 1129 quod
1135 1097 1161 1120 et
1176 1093 1202 1120 in
1216 1095 1263 1121 ab-
1550 1099 1603 1119 non
1617 1092 1737 1126 primum
1751 1093 1795 1120 bl-

290 1129 376 1162 dium,
387 1130 435 1157 sed
449 1137 493 1157 su-
708 1136 761 1156 non
777 1131 852 1163 prius
1135 1137 1233 1157 sconso
1248 1132 1332 1165 ponit,
1550 1129 1665 1162 ptizatus
1678 1134 1740 1162 est,

292 1173 340 1199 per
353 1165 480 1193 candela-
706 1165 858 1198 baptizatus
1135 1173 1225 1200 neque
1235 1167 1287 1194 sub
1550 1165 1625 1198 prius
1635 1171 1719 1198 quam

292 1201 380 1232 brum,
393 1206 421 1227 ιιι
433 1202 474 1229 in-
706 1205 789 1230 esset.
1135 1201 1236 1234 modio,
1250 1203 1297 1230 sed
1309 1210 1355 1229 su-
1549 1200 1750 1228 manducaret‘l

292 1240 406 1268 trantes,
422 1237 462 1265 lu-
706 1238 750 1265 59.
773 1239 844 1267 Dixit
858 1244 948 1268 autem
1134 1244 1182 1270 pra
1198 1237 1323 1266 candela-
1551 1235 1595 1263 39.
1618 1234 1652 1262 Et
1665 1235 1705 1262 ait
1718 1235 1806 1263 Domi-

292 1280 354 1299 men
370 1272 444 1299 vide-
709 1275 837 1302 Dominus
848 1275 882 1303 ad
893 1276 989 1304 illum:
1135 1273 1229 1306 brum,
1243 1278 1287 1305 ut,
1551 1278 1601 1297 nus
1617 1271 1649 1297 ad
1665 1271 1742 1299 illum
1758 1280 1764 1298 :

291 1307 337 1335 54.
356 1312 412 1334 ant.
431 1308 529 1338 Lucer-
705 1309 783 1337 Nunc
793 1318 841 1338 vos
1134 1308 1179 1342 qui
1195 1310 1347 1343 ingrediun-
1551 1305 1627 1343 ιδμιιο
1640 1314 1689 1334 V05

293 1351 329 1381 na_
340 1344 464 1378 corporis
706 1345 855 1381 Pharisaei,

1134 1341 1179 1381 tur
1189 1366 1196 1377 ,
1214 1341 1304 1373 iumen
1552 1341 1742 1381 Phar_isaei_(f)
1755 1341 1801 1377 by-

293 1379 329 1406 tui
344 1383 385 1406 est
396 1386 428 1407 oc
440 1399 447 1406 .
469 1396 505 1418 ς
705 1386 796 1409 utrum
812 1378 853 1410 ne.
1135 1379 1254 1418 videant.
1553 1378 1676 1418 pqcrittte
1689 1378 1727 1414 1-,

325 1435 331 1441 .
344 1435 363 1453 _.
379 1419 451 1444 tuus.
467 1416 496 1444 Si
706 1418 869 1446 exteriorem

1134 1415 1179 1442 34.
1200 1416 1323 1445 Lucerna
1338 1425 1399 1445 cor.
1553 1415 1627 1453 prius
1640 1434 1649 1453 ε
1662 1415 1735 1448 quod

290 1450 370 1489 ocqu
392 1471 398 1478 .
421 1471 431 1489 ._
451 1472 458 1479 .
481 1472 487 1479 .
511 1473 518 1480 .
706 1458 810 1488 partem
823 1455 890 1482 cali-
1134 1453 1208 1486 poris
1223 1455 1258 1480 tui
1273 1457 1315 1481 est
1331 1454 1426 1482 oculus
1552 1449 1665 1489 deforis
1679 1455 1725 1477 est

290 1487 406 1525 simplex
418 1486 477 1515 fue-
704 1484 754 1521 eis,
771 1494 799 1516 et
810 1491 902 1525 catini,

1135 1484 1208 1525 tuus.
1223 1488 1291 1525 Cum
1307 1489 1364 1517 fue-
1552 1484 1645 1525 callcis
1656 1505 1664 1517 ,
1682 1491 1729 1513 aut

290 1522 335 1555 rit,
350 1527 434 1550 totum
448 1531 509 1552 cor-
705 1525 861 1554 mundatis:
894 1522 900 1525 ’
1135 1522 1169 1550 ril
1180 1524 1274 1552 oculus
1289 1529 1350 1552 tuus
1552 1522 1650 1553 cal-ini,
1663 1528 1743 1548 mun-

290 1566 340 1593 pus
354 1562 428 1586 tuum
443 1560 483 1587 lu-
705 1561 777 1596 quod
787 1566 878 1590 autem
1135 1560 1249 1594 simplex
1261 1581 1269 1594 ,
1283 1564 1368 1588 totum
1552 1556 1640 1588 datis;
1654 1556 1729 1592 QUOd

944 1618 1060 1648 CODEX
1078 1618 1275 1648 BBIXIANUS.

288 1664 351 1703 quia
363 1666 435 1693 venit
451 1673 466 1693 a
475 1666 573 1703 linibus
589 1672 675 1696 terrae
682 1668 775 1695 audire
786 1667 945 1703 sapientiam
954 1666 1081 1703 Salomo-
1135 1670 1219 1703 totum
1231 1666 1348 1693 lucidum
1362 1665 1455 1703 fuerit.
1468 1673 1520 1693 non
1533 1665 1634 1693 habens
1647 1671 1750 1700 partem
1761 1666 1909 1703 aliquarum-

289 1701 445 1738 nis.etecce
456 1702 514 1736 plus
529 1711 609 1736 quam
618 1704 762 1732 Salomone
774 1699 827 1730 hic'.
841 1702 1081 1738 Viri(a)Ninevitae
1136 1701 1280 1729 nebrarum
1296 1702 1347 1729 erit
1362 1701 1480 1738 lucidum
1495 1706 1591 1729 totum.
1605 1707 1632 1729 et
1641 1699 1713 1729 sicut
1727 1699 1829 1730 lucerna
1841 1699 1910 1738 fulgo-

289 1735 309 1774 1f
329 1735 477 1774 surgentia
496 1735 673 1773 judicio.cum
695 1739 872 1774 generatione
891 1735 951 1765 hac.
977 1744 1080 1774 etcon-
1136 1738 1173 1764 ris
1187 1738 1358 1774 inluminabit
1371 1737 1447 1774 ιβ.γεί
1456 1738 1527 1765 enim
1537 1745 1635 1772 corpus
1645 1738 1718 1772 quod
1728 1739 1787 1765 iule
1796 1736 1911 1774 estlucer-

288 1772 529 1809 demuabunteam.
544 1772 802 1809 quiaqmenit‘entiam
810 1774 966 1808 egerunt.in
974 1773 1082 1807 praedi-
1138 1781 1198 1800 nam
1212 1782 1264 1800 non
1280 1773 1403 1800 habuerit
1414 1773 1546 1801 lucentem
1555 1774 1600 1800 tibi
1614 1774 1758 1801 tenebrosa
1769 1773 1912 1809 εει-911³1110

288 1806 395 1835 catione
408 1808 503 1845 Jonae.
520 1816 546 1837 et
553 1806 618 1837 ecce
632 1811 689 1844 plus
699 1818 778 1844 quam
789 1806 856 1837 Jona
872 1809 925 1836 hic.
940 1806 1024 1836 Nemo
1046 1808 1084 1845 ib)
1139 1810 1222 1843 magis
1234 1814 1324 1836 autem
1337 1809 1447 1836 lucerna
1461 1815 1504 1836 tua
1520 1808 1626 1843 fulgens
1641 1810 1742 1837 lucebit
1758 1809 1812 1836 tibi.
1824 1807 1910 1834 Etcum

288 1847 378 1870 autem
403 1843 424 1879 1-
440 1844 576 1872 lucernam
591 1843 722 1873 acoendit.
736 1849 767 1873 'et
782 1846 807 1872 in
819 1845 977 1872 abscondito
997 1843 1083 1879 ponit.
1141 1846 1206 1872 haec
1220 1846 1385 1879 loqueretur.
1400 1845 1503 1878 rogavit
1515 1853 1576 1872 eum
1595 1845 1704 1879 quidam
1720 1845 1877 1879 PharisaeuS-
1889 1844 1912 1879 Ill

289 1886 375 1916 neque
385 1878 435 1907 sub
450 1882 540 1908 modio
559 1881 606 1908 Sed
621 1889 699 1916 supra
715 1882 918 1910 candelabrum.
943 1886 970 1907 nt
985 1878 1087 1914 qui’in-
1142 1881 1287 1914 pranderet
1299 1885 1364 1915 aput
1383 1888 1455 1907 eum.
1473 1881 1505 1907 Et
1520 1882 1657 1915 ingressus
1677 1880 1818 1908 discubuit.
1832 1878 1910 1916 Phari-

287 1914 549 1949 grediunturlunton
567 1914 682 1945 videant.
706 1918 827 1945 Lucerna
846 1916 974 1951 corporis'
988 1917 1025 1943 tui
1045 1920 1087 1944 est
1139 1924 1218 1944 saeus
1234 1914 1323 1943 autoni
1347 1916 1442 1943 videns
1464 1914 1614 1944 admiratus
1641 1922 1691 1944 est.
1721 1925 1755 1944 eo
1781 1914 1910 1952 qnnd_u0}l

287 1952 381 1977 oculus
394 1955 465 1978 tuu<.
479 1952 507 1980 Si
519 1955 682 1980 oculnstuns
696 1949 911 1987 fueritsimplex'.
927 1957 1011 1979 totout
1024 1960 1086 1979 cor-
1141 1954 1213 1984 prius
1229 1952 1378 1987 baptizatus
1394 1956 1446 1979 est.
1470 1953 1625 1987 priusquam
1649 1953 1827 1979 inanducaret.
1842 1949 1871 1987 El
1882 1949 1912 1987 ιιιῑι

287 1994 337 2020 pus
353 1992 426 2014 tuum
436 1988 620 2017 lucidutncrit.
637 1989 760 2017 siautem
776 1982 890 2023 nequam
905 1988 987 2015 fuerit
998 1993 1083 2015 totum
1138 1982 1269 2015 Dominus
1293 1989 1325 2015 ad
1350 1989 1426 2015 illum
1449 1982 1525 2015 Nunc
1552 1982 1601 2015 vos
1625 1988 1772 2015 Pharisaei.
1800 1985 1863 2020 quod
1885 1982 1911 2008 de

286 2030 387 2059 corpus
407 2028 481 2050 luunt
509 2025 681 2053 tenebrosum
696 2027 758 2053 erit.
776 2025 842 2052 Vide
861 2032 925 2059 ergo
943 2033 975 2051 ne
990 2025 1081 2051 lumu'n
1138 2025 1202 2051 loris
1227 2030 1269 2051 est
1286 2024 1391 2056 calicis,
1414 2029 1442 2051 et
1459 2024 1552 2051 catini.
1579 2024 1727 2051 mundatis.
1747 2023 1815 2058 quod
1837 2024 1911 2049 Iule!"

286 2058 359 2092 quod
381 2058 408 2086 in
434 2065 458 2087 te
478 2065 520 2088 est
542 2062 670 2089 tenebrae
685 2062 749 2089 sint.
764 2061 792 2089 Si
807 2068 872 2096 ergo
894 2058 993 2095 corpus
1008 2065 1083 2087 tuum

928 2104 1045 2133 CODEX
1063 2103 1297 2133 CORBEIENSIS.

321 2152 366 2191 ἐξ.
388 2157 414 2180 et
428 2160 492 2181 ecce
505 2153 678 2191 {Salomone
691 2155 751 2190 plus
765 2155 810 2183 hic
819 2155 848 2191 1.
1170 2151 1215 2191 ξιξ.
1236 2151 1318 2191 [om
1328 2160 1416 2191 verum
1430 2152 1567 2191 omittitur.

389 2194 415 2215 et
428 2196 492 2217 ecce
504 2190 563 2224 plus
577 2190 644 2218 Jona
659 2184 714 2218 διὸ.
826 2184 832 2191 ’
1172 2188 1218 2215 57.
1240 2188 1342 2224 Etcum
1353 2187 1433 2215 Jesus
1447 2189 1603 2223 loqueretur
1615 2188 1725 2219 turbae.
1742 2186 1839 2222 rogavit
1850 2184 1910 2212 illum

320 2223 367 2261 ἕξ,
387 2224 455 2261 gum
470 2223 551 2253 fuerit
564 2226 657 2254 οειιιιις
672 2232 734 2254 tuus
747 2226 870 2261 simplex,
1137 2224 1245 2261 quidam
1266 2223 1426 2250 Pharisaens
1436 2229 1487 2261 ,Vut
1497 2232 1558 2251 cum
1572 2224 1620 2251 illo
1633 2223 1785 2259 pranderet.

321 2259 367 2297 55.
388 2259 417 2287 Si
430 2268 495 2296 ergo
508 2262 614 2293 lumen.
630 2263 701 2297 quod
715 2262 741 2290 in
756 2268 782 2290 te
795 2259 847 2295 est,
867 2262 994 2290 tenebrae
1004 2265 1081 2293 sunt,
1172 2259 1217 2297 58.
1237 2266 1330 2297 quare
1346 2267 1400 2286 non
1417 2260 1490 2294 prius
1513 2261 1663 2295 baptizatus
1677 2263 1733 2291 est,
1755 2259 1825 2294 prius
1845 2262 1911 2291 quam

286 2295 416 2324 tenebrae
431 2295 491 2324 tuae
504 2304 620 2332 quantae
635 2295 715 2326 sunt?
1138 2295 1332 2323 manducaret?

910 2341 1106 2371 VARIANTES
1123 2340 1325 2370 LECTlONES.

285 2389 398 2445 Ιοξηξιέε
412 2391 467 2422 plus
476 2395 515 2417 est
525 2391 588 2417 Jona
598 2392 714 2418 hichm.
726 2392 789 2418 Joua
799 2393 847 2419 hic.
862 2390 935 2425 Vulg.
949 2392 1084 2425 pluslquam
1136 2395 1218 2436 quitm.
1482 2423 1486 2428 _
1851 2421 1855 2425 ι

390 2429 421 2447 ιο.
1195 2422 1248 2447 ϐαι.
1260 2425 1283 2447 et
1293 2423 1352 2447 Mm.
1363 2426 1430 2447 tuum
1440 2422 1554 2447 lucidum.
1569 2421 1643 2447 γυια.
1652 2426 1721 2447 tuum
1730 2425 1804 2447 totum
1815 2419 1855 2445 luci

415 2419 436 2456 Z_
592 2455 598 2456 ί
878 2455 882 2456 7
911 2419 923 2425 ”’
950 2419 956 2423 ”
1004 2419 1028 2425 ’”
1145 2419 1152 2421 ⁷
1169 2421 1179 2456 ξ
1195 2422 1248 2456 Gal.
1260 2423 1352 2456 etum.
1363 2426 1430 2456 tuum
1440 2422 1554 2456 lucidum.
1569 2421 1804 2456 Vulg.tuumtotum
1815 2419 1911 2445 lucidum.

317 2452 327 2467 ¹
345 2454 404 2478 Mm.
417 2454 438 2478 si
451 2457 535 2479 autem
545 2455 629 2480 oculus
638 2458 696 2480 tuus
703 2462 818 2487 nequam.
834 2455 907 2488 Vulg.
920 2456 941 2480 si
950 2459 1031 2480 autem
1043 2462 1084 2480 ne«
1172 2454 1184 2470 ⁸
1200 2455 1254 2480 Gal.
1269 2454 1323 2486 plus
1335 2454 1465 2480 Salomone
1478 2455 1526 2480 hic.

624 2506 771 2528 LECTIONES
786 2506 887 2527 CODICIS
901 2506 1106 2526 VINDEBONENSIS
1119 2505 1257 2526 ABEUNTES
1270 2505 1304 2524 ΑΒ
1319 2504 1444 2524 EDITIONE
1458 2504 1595 2525 VULGATA.

317 2543 357 2567 32.
368 2542 419 2575 Viri
435 2542 571 2575 rNinevitao
591 2548 694 2574 surgent
710 2544 735 2568 in
753 2544 843 2575 judicio
855 2551 909 2569 cum
924 2544 982 2568 viris
1004 2550 1082 2574 gene-
1136 2542 1256 2575 tenebrae
1277 2542 1300 2565 in
1320 2545 1345 2566 te
1366 2546 1471 2575 quantae
1486 2542 1570 2575 sunt?
1601 2542 1642 2575 ΞΠ.
1663 2542 1694 2567 Et
1715 2548 1770 2575 cum
1789 2541 1910 2571 loquercllll‘

286 2575 388 2612 rationis
400 2574 511 2612 huius";
525 2575 552 2612 iu
561 2572 809 2612 praedicationem...
820 2575 876 2612 plus
888 2575 949 2612 Jona
962 2572 1017 2599 hic."
1041 2575 1081 2599 55.
1136 2574 1250 2612 haec...'..
1260 2575 1288 2597 ut
1298 2579 1352 2612 opm
1366 2572 1558 2612 illo-pranderet.
1592 2574 1631 2597 58.
1645 2577 1739 2604 putans,
1748 2573 1909 2612 dicere-uiuit?

285 2605 310 2638 in
324 2599 451 2638 absconso.
484 2606 524 2630 5L.
543 2599 654 2631 lfttcorna
667 2599 775 2638 corporis
791 2599 828 2631 tui
842 2611 881 2631 est
896 2606 981 2631 oculus
996 2611 1082 2631 tuus...
1138 2611 1185 2638 non
1196 2605 1300 2638 primunt
1313 2599 1506 2638 baptizatusest,
1523 2609 1580 2638 ant;-
1596 2599 1668 2637 quain
1687 2599 1854 2629 tutandiicarct?
1879 2599 1908 2622 59~

286 2636 403 2668 simplex,
416 2641 493 2662 totum
504 2644 592 2668 corpus
603 2642 670 2663 tuum
690 2635 796 2663 lucidum
810 2642 848 2662 est
860 2646 865 2663 ε
876 2645 930 2663 cum
943 2643 1024 2663 autem
1039 2645 1085 2661 ne-
1138 2635 1207 2660 Nunc
1220 2642 1262 2660 vos
1274 2635 1413 2665 Pharisaei,
1427 2636 1494 2667 prius
1504 2636 1577 2668 quod.

286 2656 800 2701 ait?“333E353{muraena};
810 2656 865 2700 ἓέἱζ
876 2656 1084 2698 ἷὲἑὶὲιῖἔᾱέἒυῖιῖ.

964 2710 1145 2738 BLANCHINI
1162 2710 1275 2740 NOT/E.

324 2757 362 2795 (a)
373 2757 451 2785 Juxta
467 2762 521 2786 tex.
546 2758 593 2787 Gr.
625 2761 720 2788 Nmui.
741 2774 775 2780 --
788 2758 826 2795 (ὁ)
843 2758 923 2786 Addit
945 2762 1048 2795 autent.
1062 2758 1149 2795 etiam
1174 2763 1227 2786 lex.
1254 2758 1302 2787 Gr.
1323 2759 1360 2787 δέ.
1374 2757 1456 2795 -—(c)
1478 2759 1514 2786 ita
1533 2764 1558 2786 et
1575 2759 1635 2795 cod.
1652 2758 1727 2785 Cant.
1748 2754 1910 2795 εἰρῦντὸφῶς

302 2795 333 2822 τὸ
353 2794 377 2820 ἐν
393 2796 433 2821 σοὶ
455 2795 555 2825 σκότος,
581 2797 610 2823 τὸ
636 2797 726 2826 σκότος
740 2792 830 2825 πόσοιὲ,
845 2802 861 2821 e
879 2792 1096 2830 Matlhzt‘oalbid.
1112 2800 1207 2830 versus
1234 2794 1268 2822 56
1289 2795 1379 2827 dcest;
1396 2792 1428 2821 ut
1443 2792 1523 2822 etiam
1546 2795 1571 2821 in
1585 2794 1662 2822 Cant.
1675 2809 1710 2814 -——
1723 2794 1761 2830 (ά)
1780 2793 1816 2830 Alta
1830 2795 1853 2830 et
1865 2794 1909 2816 tu.

292 2830 342 2867 Gr.
363 2830 387 2857 ἐν
401 2830 429 2858 δέ
442 2834 479 2865 τῷ
490 2831 599 2861 λαλῆσαι
613 2832 700 2865 (αὑτὸν
712 2831 808 2865 legitur
822 2831 847 2856 in
871 2828 1040 2867 Aleirandr.).
1058 2842 1088 2849 -ι
1109 2828 1144 2865 (e)
1159 2829 1197 2857 ltu
1222 2835 1249 2857 et
1271 2830 1333 2858 eod.
1348 2831 1427 2858 Cant.
1448 2831 1504 2867 μετ’
1520 2832 1610 2858 αὐτοῦ.
1635 2844 1667 2852 —-
1691 2826 1732 2865 (θ’
1748 2826 1824 2856 Addit
1844 2826 1911 2860 Ιιῃρο-

299 2865 394 2899 critae,
417 2864 498 2901 etiam
522 2867 582 2898 cod.
609 2864 686 2895 Cant.
702 2864 848 2904 ὑπὸκριταί,
869 2873 885 2892 e
907 2864 1041 2898 Hatlbaeo.
