3902 6208
163 201 254 262 609
930 198 936 202 ’
1204 205 1660 268 EV'ANGELIUM
1697 212 1704 264 ε

1901 207 2067 268 lDUM
2105 208 2364 297 LUCAM.
2541 205 2548 210 ”
2584 203 2595 219 ⁷
2645 203 2656 235 ³
2714 203 2726 213 ”
3297 207 3306 266 Ῐ
3337 209 3442 270 610

544 320 771 379 CODEX
813 319 1356 383 VERCELLENSIS.
2279 323 2511 381 CODEX
2553 323 3004 384 VERONENSIS.

167 415 250 491 tis.
295 453 308 466 .
333 413 552 491 cubicu-
983 434 1089 489 que
1107 419 1328 491 confes-
1848 423 2001 486 eStis,
2033 437 2190 491 prae-
2683 419 2966 476 confessus
2996 419 3156 476 fuerit

167 485 248 563 lis,
279 485 553 553 Praedica-
983 485 1076 545 sus
1103 489 1126 522 ⁸
1153 491 1309 547 fuerit
1338 506 1426 548 me
1846 485 2113 549 dicabiiur
2138 508 2304 563 super
2681 507 2864 546 coram
2901 493 3074 546 liomi-

163 555 300 629 bitur
321 571 482 628 supra
983 576 1169 618 coram
1201 565 1374 618 homi-
1849 575 2008 629 tecta,
2050 580 2149 620 nec
2175 555 2280 620 non
2680 563 2862 629 nibus,
2893 572 2948 619 et
2975 562 3062 618 Fi-

164 627 214 704 ρ.
255 637 288 681 t.
335 667 349 681 .
394 627 482 704 ._a.
507 629 636 704 Dico
663 646 753 688 vo-
986 634 1168 701 nibus,
1197 644 1252 689 et
1278 633 1416 690 Fili-
1847 648 1903 692 et
1929 627 2221 704 in'plateis.
2680 634 2786 691 lius
2817 627 3054 691 hominis

165 699 258 760 bis,
285 700 440 771 quasi
466 702 652 758 amicis
678 721 692 758 :
986 719 1049 759 us
1077 699 1308 760 hominis
1847 711 1900 764 .l.
1944 699 2078 763 Dico
2098 718 2277 764 autem
2679 705 3031 763 conﬁtebitur

163 771 320 824 nolite
346 779 521 827 terre-
985 777 1334 833 conﬁtebitur
1849 780 2003 835 vobis
2029 780 2220 836 amicis
2679 779 2832 832 illum
2863 793 3052 833 coram

162 840 204 896 ri
229 843 303 922 ab
323 841 427 909 his,
459 845 548 915 qui
984 863 1106 903 eum
1139 865 1323 922 coram
1848 852 1986 908 meis
2016 871 2028 906 :
2061 852 2240 906 videte
2680 848 2903 922 Angelis
2928 849 3025 905 Dei
3051 867 3064 900 :

161 913 434 993 occidunt,
478 913 491 915 θ
984 922 1208 993 angelis
1234 921 1330 975 Dei
1357 940 1370 975 :
1848 941 1918 980 ne
1941 923 2254 978 terreamini
2680 922 2735 977 9.
2767 913 2870 991 'qui
2894 931 3074 978 autem
3097 936 3259 993 nega-

158 996 206 1040 et
229 989 513 1064 posthaec
985 991 1039 1046 9.
1082 989 1174 1062 qui
1205 1001 1385 1064 autem
1849 996 1918 1050 ab
1947 994 2052 1062 bis,
2078 995 2170 1064 qui
2681 989 2822 1048 verit
2851 1008 2936 1048 me

159 1073 252 1111 non
274 1057 496 1132 habent
987 1057 1268 1132 negaverit
1849 1057 2109 1121 occidunt
2129 1080 2248 1120 cor—
2683 1078 2869 1119 coram

153 1129 406 1208 amplius,
429 1132 572 1202 quod
985 1129 1083 1208 me
1099 1150 1280 1208 coram
1307 1136 1403 1192 ho-
1849 1152 1971 1208 pus,
2004 1147 2060 1192 et
2087 1147 2210 1207 post
2682 1135 3017 1202 hominibus,

152 1200 368 1278 iaciant.
447 1200 462 1202 “
985 1206 1240 1273 minibus,
1273 1208 1366 1262 ab-
1548 1246 1556 1259 ι
1851 1200 1986 1264 haec
2015 1200 2121 1263 noh
2683 1208 2892 1278 negabo
2917 1217 2972 1264 et

151 1273 201 1352 ξ.
238 1272 598 1328 Demonstra-
985 1272 1272 1352 negabitur
1849 1280 2050 1335 habent
2076 1281 2329 1352 amplius,
2685 1272 2787 1349 ego
2811 1294 2937 1336 eum

150 1343 213 1398 bo
237 1355 426 1400 autem
456 1361 551 1400 vo—
985 1343 1167 1404 coram
1190 1351 1372 1420 Ange-
1850 1352 1991 1452 quod
2029 1343 2247 1406 faciant.
2684 1343 2869 1406 coram
2903 1351 3062 1408 Patre

152 1415 226 1452 hic
273 1419 530 1452 annm“-
987 1420 1054 1452 an
1116 1422 1180 1452 κο
1208 1422 1301 1452 nn:
1359 1421 1423 1452 De
1450 1436 1565 1452 nm,
1867 1444 1881 1452 ι
1947 1423 2241 1452 numne...“
2265 1431 2443 1452 mum...
2683 1439 2805 1452 mm.
2854 1424 2941 1452 ..ης
2968 1434 3048 1452 η...

152 1415 247 1480 bis,
273 1432 440 1492 quem
463 1419 530 1471 ti-
987 1420 1075 1475 10.
1116 1422 1183 1476 lis
1208 1415 1326 1475 Dei.
1359 1421 1425 1476 Et
1450 1436 1568 1477 om-
1851 1415 1904 1477 ὅ.
1947 1423 2241 1478 Ostendam
2264 1431 2444 1479 autem
2682 1439 2826 1487 meo,
2853 1424 2942 1492 qui
2967 1434 3052 1479 est

150 1489 342 1565 meatis
373 1505 387 1541 :
421 1502 566 1552 eum,
982 1492 1088 1565 nis,
1120 1494 1210 1563 qni
1242 1493 1392 1548 dixe—
1851 1495 2024 1560 vobis,
2058 1510 2218 1565 quem
2682 1494 2736 1548 iu
2769 1489 2958 1549 caelis.

147 1561 251 1639 qui,
287 1570 578 1639 postquam
985 1564 1057 1639 rit
1061 1561 1303 1639 verbum
1852 1561 2088 1621 timentis
2116 1585 2128 1620 :
2157 1567 2346 1622 timete
2685 1567 2784 1639 10.7
2818 1565 2885 1622 Et
2914 1581 3128 1634 omnes,
3159 1567 3250 1639 qui

153 1633 165 1707 ξ
197 1631 493 1697 occiderit,
521 1630 611 1686 ba-
983 1635 1036 1688 in
1061 1634 1254 1690 Filium
1277 1635 1372 1690 ho—
1852 1653 1998 1702 eum,
2031 1639 2120 1707 qui
2154 1647 2301 1707 post-
2683 1637 2814 1692 dicit
2840 1639 3062 1694 verbum

148 1703 500 1780 betpotesta-
982 1707 1166 1770 minis,
1201 1709 1388 1780 remitf
1803 1773 1818 1780 ᾗ
1852 1725 2012 1779 quam
2045 1703 2264 1775 occidit,
2683 1708 2736 1763 in
2766 1708 2963 1764 Filium
2994 1709 3093 1763 ho-

150 1784 248 1850 tem
285 1776 511 1850 mit_ten—
984 1788 1126 1833 tetur
1154 1779 1269 1834 illi:
1294 1779 1385 1846 qui
1803 1776 1818 1780 ”
1853 1776 2018 1836 liabet
2045 1791 2199 1850 pote—
2683 1780 2866 1847 minis,
2897 1782 3139 1837 remitte-

148 1846 196 1900 di
222 1848 276 1901 in
313 1846 519 1917 gehen-
984 1859 1164 1904 autem
1190 1850 1338 1905 blas-
1851 1846 2061 1907 statem'
2079 1853 2206 1908 mit-
2686 1859 2775 1907 tur
2802 1846 2894 1907 ei:

149 1933 287 1994 nam.
332 1917 589 1994 Dico_vo-
984 1920 1328 1994 phemaverit
1855 1933 1970 1978 tcre
1997 1923 2050 1977 in
2082 1923 2289 1994 gehen-
2471 1947 2477 1960 ι
2687 1924 2777 1993 qui
2811 1932 2989 1979 autem

151 1989 244 2056 bis,
274 1990 426 2045 hunc
455 1989 520 2044 ti—
780 2042 785 2047 .
987 1989 1245 2063 Spiritum
1282 1993 1566 2060 Sanctum,
1855 2010 2003 2049 nam.
2040 1989 2216 2050 Etiam
2690 1989 2744 2049 in
2775 1994 2982 2064 Spiritu

157 2074 324 2116 mete.
987 2081 1093 2119 non
1124 2064 1316 2119 remit-
1856 2066 1978 2122 dico
2008 2065 2188 2130 vobis,
2691 2065 2895 2122 Sancto
2923 2104 2938 2120 .
2972 2106 2989 2118 .
3025 2107 3038 2120 .
3077 2108 3090 2121 .
3129 2107 3143 2122 .

153 2132 199 2188 6.
237 2132 437 2189 Nonne
462 2134 620 2204 quin-
985 2145 1130 2192 tetur
1156 2137 1256 2190 illi.
1855 2137 2001 2192 hunc
2032 2138 2238 2193 timete.
2691 2137 2780 2192 ll.
2813 2153 2920 2193 non
2952 2140 3258 2196 remittetur

149 2221 245 2274 que
276 2220 534 2275 passeres
987 2209 1076 2264 ll.
1118 2209 1253 2262 Cum
1279 2216 1464 2264 autem
1855 2207 1911 2264 6.
1952 2207 2142 2265 Nonne
2173 2209 2282 2265 duo
2689 2211 2759 2264 ei.
2793 2209 2927 2264 Cum
2957 2226 3052 2265 au—

150 2277 169 2305 '
186 2277 464 2354 depo_ndio
494 2293 588 2333 ve—
984 2279 1256 2354 adducent
1853 2295 2107 2354 passeres
2133 2295 2258 2336 asse
2690 2289 2797 2336 tem
2818 2281 2915 2354 (ὁ)
2938 2281 3136 2339 ducent
3154 2283 3193 2354 '3'

149 2349 346 2403 hiunt?
367 2359 425 2406 et
446 2365 511 2404 u—
985 2366 1082 2406 vos
1112 2351 1179 2405 ad
1213 2351 1386 2425 Syna-
1853 2349 2115 2408 veniunt?
2144 2362 2199 2425 et
2444 2354 2453 2366 '
2688 2367 2784 2408 vos
2814 2349 2866 2408 in
2886 2349 3072 2425 'Syna-
3169 2349 3180 2354 ⁷
3415 2359 3456 2425 ft

149 2436 243 2476 nus
271 2435 470 2496 eorum
513 2493 525 2496 Α
552 2493 581 2496 ν
985 2439 1171 2494 gogas,
1214 2423 1270 2478 et
1301 2424 1456 2480 Prin-
1853 2439 2021 2479 unum
2046 2439 2115 2480 ex
2146 2424 2256 2478 illis
2687 2425 2860 2496 gogis,
2884 2423 3032 2481 et'ad
3435 2423 3446 2444 '

149 2508 251 2546 non
282 2505 372 2548 εει
399 2494 453 2548 in
476 2493 615 2550 obli-
986 2493 1155 2565 cipes,
1189 2504 1244 2551 et
1274 2497 1368 2551 Po-
1853 2512 1962 2551 non
1993 2497 2137 2552 cadit
2687 2493 3058 2565 Magistratus,

149 2565 308 2620 vione
333 2565 387 2620 in
414 2580 576 2620 cons-
987 2576 1232 2630 tesmtes,
1264 2582 1368 2623 no-
1851 2568 1972 2624 sine
2001 2569 2274 2622 voluntate
2687 2575 2744 2622 et
2772 2568 3102 2631 Potestates.

149 2635 199 2689 7.
239 2645 406 2706 pectu
439 2637 555 2692 Dei.
587 2635 695 2693 Sed
987 2639 1082 2694 lite
1110 2640 1327 2694 solliciti
1853 2639 1906 2693 7.
1952 2640 2068 2696 Dei.
2089 2638 2197 2696 Sed
2217 2649 2273 2695 et
2686 2640 2861 2696 nolite
2891 2640 3112 2695 solliciti

150 2717 200 2783 et
222 2707 412 2783 capilli
435 2723 526 2783 ca-
987 2725 1131 2783 esse,
1161 2726 1392 2778 quomo—
1851 2712 2032 2779 capilli
2059 2727 2150 2768 ca-
2686 2725 2809 2783 esse
2839 2711 2934 2783 (ρ),
2964 2727 3102 2782 qua-

152 2779 274 2847 pitis
305 2781 476 2835 vestri
988 2782 1059 2837 do
1090 2783 1358 2854 rationem
1854 2783 1981 2851 pitis
2018 2785 2187 2840 vestri
2687 2781 2823 2854 liter
2844 2779 3143 2854 {respon-

151 2866 347 2908 oinues
380 2868 571 2908 nume-
989 2853 1251 2920 reddatis,
1287 2865 1379 2910 aut
1853 2870 2043 2910 omnes
2069 2871 2261 2912 nume-
2686 2853 2882 2918 deatis’,
2914 2865 3008 2909 aut

149 2924 249 2998 rati
281 2933 433 2998 sunt.
466 2924 578 2980 No-
988 2926 1113 2998 quid
1132 2924 1378 2998 dicatis:
1851 2929 1956 2998 rati
1984 2936 2129 2981 sunt.
2689 2925 2774 2998 l2.
2805 2925 3002 2998 dicatis
3029 2946 3043 2981 :
3074 2925 3197 2998 Spi-

147 2994 240 3050 lite
266 2997 500 3062 timere;
990 2994 1079 3051 l2.
1122 2997 1353 3058 Sanctus
1378 2998 1525 3052 enim
1852 2997 2029 3053 Nolite
2061 2999 2253 3054 timere
2286 3016 2298 3051 :
2687 2996 2826 3052 ritus
2855 2996 3000 3052 enim

152 3066 172 3096 ³
205 3068 381 3140 multo
410 3083 504 3140 vos
532 3083 659 3140 pas-
988 3068 1222 3138 Spiritus
1251 3069 1468 3125 docebit
1851 3070 2037 3124 multis
2069 3071 2381 3138 passeribus
2687 3067 2926 3140 Sanctus,
2945 3068 3115 3127 doce-

150 3139 371 3213 scribus
396 3139 499 3195 dif—
536 3138 548 3140 “
987 3155 1084 3213 vos
1113 3141 1304 3213 eadem
1470 3212 1475 3213 ν
1852 3141 2039 3211 plures
2070 3139 2146 3213 (a)
2174 3143 2304 3196 estis
2330 3141 2393 3213 1-.
2689 3138 2768 3213 bit
2787 3155 2883 3213 vos
2915 3139 2970 3195 in

157 3205 337 3283 fertis.
659 3282 668 3283 η
991 3212 1149 3277 hora,
1176 3211 1256 3283 (ά)
1287 3227 1428 3283 quae
1452 3212 1490 3282 ἧο
1852 3205 1905 3269 8.
1951 3205 2088 3268 Dico
2112 3205 2270 3268 vobis
2304 3231 2317 3267 :
2344 3205 2358 3213 ⁷
2689 3212 2805 3279 ipsa
2837 3212 2969 3268 hora
2991 3255 3009 3278 ,

151 3277 205 3358 8.
251 3281 387 3358 Dico
407 3283 563 3340 vobis
597 3301 610 3337 :
637 3282 769 3340 Om-
989 3277 1342 3354 Oporteat'di-
1466 3277 1479 3282 “
1853 3299 2067 3353 omnes,
2100 3286 2221 3356 qui-
2689 3277 2773 3355 (Η)
2804 3299 2946 3358 quae
2970 3277 3012 3356 -ιέ
3039 3299 3204 3358 opor-

154 3352 256 3421 nis,
291 3355 533 3425 quicum-
987 3352 1137 3412 cere.
1855 3352 2088 3426 cumque
2117 3352 2205 3412 ine
2691 3352 2800 3410 teat
2822 3352 3029 3414 dicere.

1458 3472 1694 3531 CODEX
1728 3471 2127 3529 BRIXIANUS.

164 3563 292 3617 estis
338 3565 391 3619 in
430 3567 726 3640 cubiculis.
761 3569 1156 3640 praedicabitur
1205 3585 1370 3640 super
1409 3578 1570 3625 tecta.
1621 3569 1750 3624 Dico
1851 3568 2028 3624 fessus
2076 3567 2238 3622 fuerit
2272 3581 2475 3640 coram
2530 3567 2859 3640 hominibus.
2923 3577 2977 3624 et
3009 3568 3180 3624 Filius
3219 3567 3456 3626 hominis

163 3646 336 3712 autem
359 3637 510 3693 vobis
531 3642 718 3696 amicis
742 3637 895 3696 meis.
915 3642 992 3698 Ne
1025 3637 1331 3698 terreamini
1357 3641 1424 3696 ab
1450 3642 1533 3697 his
1547 3642 1635 3711 qui
1659 3657 1750 3696 oc-
1853 3641 2207 3696 conﬁtebitur
2229 3639 2375 3694 illum
2417 3655 2597 3695 coram
2616 3639 2850 3712 Angelis
2877 3639 2997 3696 Dei.
3026 3642 3116 3712 qui
3159 3649 3337 3696 autem
3363 3656 3458 3696 ue-

158 3707 602 3784 ciduntAcorpus.
647 3723 700 3766 et
734 3725 855 3784 post
905 3718 1057 3770 haec.
1111 3730 1215 3768 non
1272 3715 1469 3768 habent
1518 3707 1752 3781 amplius
1853 3714 2065 3782 gaverit
2097 3727 2420 3784 tnercoram
2479 3707 2808 3784 hominibus.
2863 3707 3218 3782 denegavitur
3272 3727 3457 3769 coram

156 3781 296 3846 quod
335 3779 563 3854 faciant.
606 3779 901 3840 Ostendam
949 3797 1128 3840 autem
1174 3786 1324 3840 vobis
1375 3801 1532 3854 quem
1565 3779 1752 3838 timea-
1855 3779 2076 3854 Angelis
2127 3783 2241 3838 Dei.
2277 3784 2339 3838 Et
2384 3785 2563 3839 omnis
2593 3787 2682 3854 qui
2711 3783 2840 3839 dicit
2882 3779 3106 3839 verbum
3156 3785 3208 3838 in
3257 3784 3458 3840 Filium

157 3853 244 3904 tis.
308 3853 492 3910 timete
567 3872 712 3911 eum.
771 3859 860 3925 qui
925 3869 1206 3928 postquam
1259 3853 1536 3912 occiderit.
1593 3857 1756 3909 habet
1856 3853 2090 3910 hominis
2120 3855 2429 3928 remittetur
2456 3856 2530 3909 illi
2553 3853 2804 3911 ei’autem
2829 3855 2920 3926 qtti
2948 3857 3001 3910 in
3024 3856 3290 3928 Spiritum
3319 3855 3457 3912 San-

159 3928 720 3999 potestatenigmittere
747 3929 800 3982 in
830 3926 1128 3999 gehennam
1155 3928 1227 3982 lta
1266 3929 1388 3982 dico
1418 3928 1568 3982 vobis
1613 3930 1753 3981 hunc
1858 3937 2003 3999 ctum
2036 3927 2610 3999 blasphemaveritnon
2650 3929 2978 3982 remittetur.
3009 3926 3140 3982 Cum
3169 3928 3460 3999 autemin-

161 3996 362 4051 timete.
439 3996 629 4054 Nonne
659 3996 892 4071 quinque
934 4016 1177 4071 passeres
1208 4010 1441 4055 veneunt
1468 3998 1748 4071 dipundio.
1859 3997 2059 4053 ducent
2080 4015 2173 4051 vos
2200 3999 2252 4071 in
2277 3998 2577 4070 Synagogis
2607 4009 2662 4054 et
2687 4002 2754 4054 ad
2786 3999 3145 4071 Magistratus.
3177 4009 3231 4053 et
3255 3998 3320 4071 ad
3350 3998 3459 4054 Po-

158 4076 210 4140 et
251 4083 402 4140 unus
451 4085 514 4124 ex
549 4071 654 4125 illis
702 4069 819 4124 non
852 4069 946 4127 est
980 4073 1032 4127 in
1073 4071 1344 4127 oblivione
1389 4087 1570 4125 coram
1614 4070 1746 4124 Deo.
1867 4079 2111 4126 testates.
2147 4070 2316 4125 nolite
2344 4071 2560 4124 sollieiti
2595 4085 2735 4126 esse.
2783 4070 3015 4140 qualiter
3056 4079 3150 4124 aut
3185 4069 3312 4140 quid
3344 4085 3460 4125 res-

160 4137 278 4212 ξρεᾱΔ
322 4150 378 4195 et
407 4141 585 4210 capilli
628 4143 819 4212 capitis
847 4146 1017 4200 vestri
1071 4159 1260 4199 omnes
1299 4143 1564 4197 numerati
1607 4151 1751 4195 sunt.
1867 4141 2170 4212 pondeatis.
2201 4150 2294 4196 aut
2323 4141 2449 4212 quid
2496 4140 2710 4196 dicatis.
2757 4137 2992 4211 spiritus
3037 4137 3460 4198 enim'Sanctus

162 4207 363 4285 l‘iolite
387 4207 516 4285 ergo
565 4207 753 4270 timere
782 4215 964 4271 multis
1009 4215 1315 4285 passeribus
1342 4214 1758 4270 excellentiores
1862 4207 2077 4270 docebit
2101 4228 2198 4270 vos
2224 4213 2281 4268 in
2308 4207 2425 4284 ipsa
2465 4213 2602 4270 liora
2631 4213 2709 4285 (ά)
2741 4207 2879 4284 quae
2905 4213 2946 4284 ’ξ’
2975 4221 3222 4284 oporteat
3250 4212 3456 4271 dicere.

161 4278 239 4352 (α)
267 4281 396 4339 estis
440 4278 506 4354 ἦ.
549 4285 679 4342 Dico
705 4296 886 4343 autem
934 4278 1110 4344 vobis.
1158 4288 1337 4343 omnis
1377 4287 1468 4357 qui
1493 4301 1581 4341 me
1629 4299 1758 4340 con-

1441 4407 1674 4466 CODEX
1703 4406 2175 4464 CORBEIENSIS.

234 4499 360 4560 CAP.
395 4504 512 4562 XII.
540 4538 611 4548 —
635 4507 691 4564 8.
732 4515 788 4564 et
814 4507 984 4565 Filius
1005 4506 1242 4564 hominis
1269 4504 1617 4562 conﬁtebitur
1644 4504 1664 4534 ³
1695 4501 1749 4558 in
1856 4503 2097 4558 mittetur
2125 4500 2197 4556 ei.

164 4569 315 4657 illo-l-
335 4592 455 4657 cum
483 4581 724 4657 Angelis.
781 4653 792 4657 Α
1138 4654 1147 4657 _
1276 4652 1309 4657 __
1376 4651 1408 4657 _
1461 4651 1472 4657 _
1877 4575 2020 4657 “ll.
2054 4573 2222 4628 nolite
2251 4571 2472 4628 solliciti
2500 4584 2626 4628 esse
2673 4566 3336 4657 qualiterp‘espondeatis,
3365 4575 3462 4626 aut

241 4644 670 4729 denegabitur
696 4661 751 4708 et
780 4653 1094 4729 ipsecoram
1123 4652 1342 4729 Angelis
1376 4651 1497 4729 Dei.
1861 4645 2078 4729 dicatis:
2126 4717 2138 4729 ,
2175 4716 2208 4729 ,Α
2379 4715 2391 4728 ,
2555 4715 2575 4729 ,
2673 4712 2720 4729 ,,
2801 4727 2844 4729 η
2979 4722 2992 4729 _
3062 4713 3096 4729 ,.

244 4717 326 4774 10.
356 4723 406 4777 in
440 4712 643 4795 Spiritu
672 4712 850 4781 autem
878 4725 1079 4782 Sancto
1118 4712 1234 4796 qui"
1256 4723 1484 4788 dixerit,
1520 4735 1626 4777 non
1656 4735 1743 4776 re-
1928 4717 2014 4771 l2.
2046 4716 2280 4787 Spiritus
2305 4715 2520 4773 enim...
2555 4715 2577 4746 ⁶
2596 4712 2724 4787 quid
2749 4721 2999 4786 oporteat
3045 4713 3247 4771 dicere.
3275 4714 3318 4785 -ιο

1367 4834 1763 4892 VARIANTES
1800 4830 2203 4889 LECTIONES.

171 4928 176 4932 ’
241 4929 263 5000 ξ
288 4933 399 5000 11m.
424 4934 656 5000 occidit...
685 4935 834 5000 etiam
854 4935 978 4985 dico.
1017 4931 1162 4998 Vulg.
1189 4933 1486 4985 occiderit...
1512 4932 1580 5000 ita
1602 4931 1728 5000 dico.
1899 4957 1902 4959 λ
1933 4927 2094 5000 δβαι.
2128 4924 2394 5000 feceritin
2417 4931 2714 5000 metuerem.
2739 4923 2862 4971 Mm.
2886 4919 3064 4973 fecerit
3085 4933 3270 4973 coram.
3311 4919 3460 4987 Vulg.

241 4991 263 5020 ³
293 4994 389 5044 Gal.
415 4997 676 5060 depondio.
711 4999 828 5046 Mm.
887 5011 1083 5049 asseres
1115 4987 1230 5048 asse
1261 5000 1466 5048 veniunt
1497 4995 1760 5058 depondio.
1869 4989 2120 5060 confessus
2143 4987 2294 5038 fuerit
2313 4999 2394 5035 me
2413 4997 2592 5034 coram.

185 5052 326 5111 Vulg.
351 5073 576 5111 passeres
597 5066 820 5110 veneunt
842 5013 1089 5111 dipondio.
1931 5054 1951 5085 ⁵
1985 5055 2044 5102 Et
2065 5058 2134 5102 tta
2156 5053 2274 5101 Mm.

247 5067 624 5173 :1gG'a't)?flgiti.v
631 5067 1243 5189 ἓῗυῖέἒιεὲὶῗξῗὲξθγυιῃ.
1271 5122 1428 5187 pluris
1453 5123 1572 5173 estis
1593 5133 1694 5170 vos.
1932 5116 1953 5145 ⁸
1985 5067 2274 5177 ἴλας]ῗέιὲ
2290 5118 2520 5176 Oporteat
2540 5123 2625 5161 vos
2646 5111 2837 5161 dicere.

867 5225 1156 5266 LECTIONES
1181 5225 1381 5265 CODICIS
1406 5219 1819 5263 VINDEBONENSIS
1848 5218 2120 5259 ΑΒΕυΜΕε
2149 5218 2214 5256 ΑΒ
2234 5215 2485 5256 ΕΒΙΤΙΟΝΕ
2511 5215 2773 5256 νυιθΑτΑ.

213 5292 288 5368 h4-
312 5298 368 5368 ψ
384 5303 551 5368 eis..."
576 5302 784 5368 amplius
802 5316 895 5352 non
906 5303 1116 5368 habent,
1138 5303 1266 5368 quod
1288 5301 1480 5368 faciant.
1545 5303 1594 5352 5.
1617 5301 1759 5368 iocci-
1862 5299 1913 5368 ἓ.
1939 5297 2349 5368 uegabituripse.
2519 5296 2802 5368 remittetur
2820 5291 2947 5368 illis;
2968 5296 3016 5346 in
3037 5293 3278 5368 Spiritum
3298 5301 3462 5368 autem

172 5352 273 5404 dit.
326 5352 697 5428 6._4d°lptlndi0.[..
719 5379 878 5428 coram
905 5352 1128 5418 Domino.
1147 5352 1168 5368 θ’
1194 5352 1242 5415 7.
1290 5365 1449 5427 capilli
1478 5367 1629 5416 vestri
1653 5378 1760 5414 om-
1866 5352 2115 5428 sanctum,
2143 5362 2224 5424 qui
2245 5352 2449 5428 dixerit,
2474 5372 2570 5428 non
2588 5360 2871 5408 remittetur
2896 5360 2977 5428 ei.
3033 5352 3109 5408 if.
3130 5361 3464 5428 inducentvos

176 5421 524 5494 p‘es....Nolite
556 5427 1123 5494 timere..._plurisgestis.
1153 5429 1321 5494 Dico,
1350 5421 1405 5494 ’8.
1424 5428 1548 5494 Dico
1584 5428 1758 5494 vobis:
1867 5425 1924 5474 ad
1962 5421 2288 5494 Magistratus,
2309 5431 2362 5473 et
2399 5423 2819 5494 Potestates.........
2850 5421 3063 5485 qualiter
3103 5421 3462 5487 respondeatis,

178 5480 472 5553 Qnicutuque
500 5492 754 5542 confessus
793 5480 946 5542 fuerit
965 5491 1016 5540 in
1038 5506 1177 5543 me...
1203 5493 1519 5543 conﬁtebitur
1563 5493 1613 5540 in
1654 5489 1758 5540 illo.
1867 5496 1951 5539 aut
1971 5480 2162 5538 dicatis.
2229 5485 2305 5537 12.
2330 5497 2461 5548 quae
2495 5490 2721 5548 oporteat
2741 5480 2932 5535 dicere.

1487 5593 1855 5651 BLANCHINI
1896 5593 2125 5650 ΝΟΤᾸΞ.

267 5685 334 5766 to)
369 5690 492 5747 Post
517 5694 634 5748 estis
655 5736 670 5760 ,
698 5694 850 5749 deest
881 5710 998 5762 vos,
1031 5693 1277 5766 etiamin
1308 5701 1418 5748 tex.
1446 5691 1558 5766 Gr._
1576 5721 1646 5731 —-
1665 5690 1752 5766 μ»)
1781 5689 1855 5745 lta
1887 5699 1940 5745 et
1965 5689 2088 5746 cod.
2121 5689 2276 5744 Cant.
2319 5690 2631 5766 φέρωσιν.--
2662 5685 2735 5757 (ε)
2764 5685 2896 5743 Post
2915 5684 3156 5755 qualiter,
3186 5683 3341 5742 deest
3367 5696 3461 5744 aut

186 5759 337 5827 9'54,
365 5766 516 5820 etiam
561 5767 614 5822 in
641 5759 762 5823 eod.
796 5769 950 5825 Cant.
982 5759 1051 5808 ὲ-
1078 5764 1160 5838 (d)
1197 5764 1273 5824 lta
1301 5775 1354 5821 et
1382 5771 1492 5819 κει.
1523 5763 1620 5819 Gr.
1653 5759 1709 5818 ἆ.
