3902 6208
530 176 630 235 Oli
1063 174 1337 235 EUSEBII
1378 170 1717 236 VEBCELL.
1758 172 2104 235 EVANGELI

2256 172 2399 233 CUM
2442 172 2665 232 VAﬂllS
2702 174 2856 232 COD.
2897 160 3291 233 COLLATUM.
3696 168 3790 228 οη

920 290 1151 350 CODEX
1191 294 1728 352 VERCELLENSIS.

533 387 622 442 15.
666 388 811 444 Dixit
838 397 1021 444 autem
1362 388 1461 455 bo;
1492 404 1545 445 et
1572 391 1645 445 ibi
1672 403 1803 447 con-

532 458 609 531 illi
640 461 856 529 quidam
1362 477 1545 531 geram
1578 478 1699 516 om-

532 529 601 584 de
632 533 785 587 turba
810 550 821 584 :
847 531 958 585 Ma-
1366 529 1463 587 nes
1495 536 1698 589 fructus

532 603 723 671 Βίδῑεΐν
754 604 839 658 dic
1370 604 1454 658 19.
1499 620 1648 660 meus
1670 647 1683 667 ,
1708 612 1765 659 et
1792 601 1880 659 dic
1908 638 1925 653 .
1959 644 1972 655 .
2009 638 2025 655 .

533 674 686 727 fratri
718 692 857 738 meo,
1364 678 1575 731 animae
1606 692 1793 731 meae:

534 754 595 798 ut
623 747 885 814 partiatur
1363 746 1541 802 Habes
1577 749 1743 802 multa

533 831 746 897 mecum
777 820 873 873 heu
1362 819 1443 943 ἑὸ)
1470 822 1605 874 bona
1692 837 1726 903 ;.
1752 816 1976 885 aepula-

533 888 840 943 reditatem.
1400 896 1453 943 0.
1496 907 1575 943 re.
1614 893 1755 943 Dmt
1778 897 1963 943 autem

531 888 840 944 reditatem.
1362 888 1453 946 2t).
1496 907 1575 945 re.
1614 888 1755 945 Dixit
1778 897 1963 944 autem

535 958 622 1013 14.
665 960 766 1027 Qui
790 962 925 1015 dixit
950 961 999 1015 ei
1035 978 1049 1013 :
1364 963 1440 1023 ili
1486 962 1625 1018 Deus
1652 982 1664 1017 :
1695 960 1902 1025 Stulte,

535 1030 550 1059 ¹
582 1030 779 1099 Homo,
815 1034 935 1102 quis
1368 1032 1468 1087 hac
1494 1047 1654 1089 nocte
1682 1033 1797 1088 aui-

538 1142 550 1155 .
599 1144 612 1156 .
660 1144 673 1157 .
718 1142 734 1157 .
782 1145 795 1158 .
838 1145 852 1159 .
885 1104 965 1159 uit
1368 1121 1507 1158 mam
1539 1116 1683 1160 tuam

537 1212 552 1226 .
598 1214 609 1225 .
660 1217 671 1229 .
719 1215 733 1228 .
778 1214 789 1227 .
836 1215 849 1229 .
881 1190 1032 1230 rvos
1366 1177 1386 1206 ²
1417 1187 1711 1246 reposcunt

656 1287 669 1299 .
717 1286 731 1299 .
778 1285 791 1299 .
824 1249 915 1301 tu?
1366 1262 1395 1299 a
1428 1258 1514 1302 te:
1548 1265 1687 1318 quae
1714 1262 1804 1303 er-

538 1316 623 1371 15.
670 1355 682 1370 .
729 1360 741 1371 .
787 1362 800 1374 ,
850 1359 861 1373 .
908 1358 925 1371 .
969 1358 982 1369 .
1028 1355 1043 1369 .
1108 1325 1292 1378 autem
1362 1333 1430 1388 go
1455 1316 1677 1389 parasti,
1708 1335 1802 1374 cu-

537 1427 551 1441 .
595 1429 607 1440 .
656 1430 668 1442 .
717 1431 727 1443 .
776 1431 787 1443 .
836 1431 849 1444 .
896 1432 908 1445 .
952 1428 971 1445 .
1359 1391 1447 1458 jus
1476 1391 1777 1461 erunt?(c)

536 1502 550 1513 .
598 1502 609 1513 .
658 1502 672 1515 .
719 1502 731 1512 .
779 1503 790 1513 .
839 1504 849 1515 .
894 1476 1055 1517 cave-
1363 1463 1453 1514 ‘22.
1502 1464 1641 1516 Dixit
1670 1474 1857 1518 autem

1364 1534 1430 1587 ad
1460 1533 1756 1600 discipulos

1370 1620 1498 1659 suos
1532 1624 1545 1660 :
1580 1606 1805 1673 Propte-

1364 1690 1456 1730 rea
1490 1677 1643 1730 vobis
1672 1676 1755 1731 di-

1363 1762 1429 1801 co
1455 1764 1467 1798 :
1499 1749 1663 1802 nolite
1690 1747 1801 1801 solo

1365 1817 1498 1872 liciti
1538 1834 1659 1874 esse
1700 1820 1769 1872 de

1366 1891 1541 1943 anima
1574 1899 1781 1953 vestra,

1366 1961 1494 2029 quid
1518 1962 1726 2025 edatis;

1364 2048 1539 2103 neque
1564 2033 1633 2088 de
1656 2048 1776 2088 cor-

1363 2117 1496 2171 pore
1527 2115 1731 2170 vestro,

1363 2177 1490 2243 quid
1523 2176 1544 2207 ³
1576 2177 1843 2233 ἰηόωί-

1362 2248 1453 2329 Ξρ.
1490 2249 1565 2302 ni.
1600 2251 1821 2313 Anima,
1843 2247 1962 2317 pla-

1364 2334 1439 2372 rts
1471 2330 1575 2384 est,
1601 2335 1761 2389 quant
1789 2335 1878 2375 es-

1363 2404 1462 2455 ca;
1493 2402 1547 2445 et
1576 2406 1774 2460 corpus
1794 2431 1809 2454 ,

1366 2462 1486 2529 plus
1516 2477 1675 2533 quam
1703 2478 1825 2519 ves-

1365 2533 1514 2586 titus.

1360 2601 1453 2657 24.
1487 2604 1845 2661 Considerate

1364 2690 1580 2739 corvos,
1606 2678 1729 2746 quia

1366 2762 1947 2811 non.......,

534 1540 585 1587 te
614 1534 682 1587 ab
713 1536 859 1590 ornni

530 1608 799 1670 avaritia;
829 1607 955 1676 quia

530 1691 639 1731 non
672 1678 723 1731 in
756 1693 913 1746 snpe-

530 1748 703 1802 rando
732 1750 896 1803 alicui
915 1793 931 1814 ,

532 1820 645 1872 vita
669 1820 838 1886 ipsius

530 1900 637 1954 est,
672 1890 738 1944 de
769 1890 937 1947 facul-

533 1961 622 2015 16.
668 1972 774 2016 tate
802 1978 922 2019 sua.
958 1962 1053 2017 Di-

529 2032 608 2086 xit
633 2043 812 2089 autem

531 2118 595 2173 pa
606 2120 659 2157 ra
668 2106 849 2162 bulam

528 2176 597 2229 ad
628 2176 770 2243 illos,
800 2178 990 2232 dicens
1018 2193 1030 2229 :

528 2246 777 2303 Hominis
805 2264 903 2304 ett-

522 2316 744 2388 jttsdatn
774 2320 911 2375 divi-

531 2391 600 2445 tis
630 2393 825 2447 uberes

528 2460 741 2518 fructus
768 2472 909 2517 attu-

530 2533 617 2586 17.
662 2534 725 2588 lit
753 2550 921 2605 ager:
951 2543 1011 2589 et
1034 2547 1121 2588 re-

526 2606 800 2675 cogitabat
850 2608 934 2661 in.

527 2686 606 2730 tra
639 2694 721 2740 se,
744 2678 969 2733 dicens:

530 2748 668 2814 Quid
699 2749 895 2804 faciam
915 2788 933 2813 ,

527 2822 671 2888 quod
706 2837 811 2875 non
843 2821 937 2875 ha-
1366 2834 1507 2889 nequ
1538 2858 1551 2872 .
1590 2858 1602 2871 .
1648 2860 1662 2873 .
1711 2858 1727 2872 .
1770 2860 1787 2875 .
1817 2831 1912 2884 at;

527 2890 631 2947 beo
664 2893 752 2949 ubi
784 2908 914 2948 cone-
1363 2890 1455 2960 qui
1496 2932 1510 2945 .
1558 2931 1572 2945 .
1620 2932 1633 2945 .
1679 2929 1692 2943 .
1736 2908 1769 2945 n
1810 2900 1893 2947 est

525 2978 711 3033 geram
740 2965 887 3020 fruc-
1362 2963 1443 3017 cel
1476 3005 1487 3016 .
1524 3001 1537 3014 .
1572 3001 1587 3016 .
1624 3002 1639 3015 .
1676 3000 1691 3016 .
1723 2979 1797 3029 ω,
1826 2980 1863 3018 n
1894 3002 1909 3017 .
1933 2994 1959 3003 -

528 3036 937 3093 tusmeos?Et
1360 3044 1982 3103 q..........et

526 3110 793 3177 cogitans,
828 3109 911 3162 di-

529 3177 615 3233 18.
659 3181 739 3233 xit
769 3197 782 3232 :
816 3178 1085 3235 11001³θί-

524 3264 612 3321 am
644 3268 656 3302 :
691 3251 955 3321 deponam

525 3320 720 3376 horrea
746 3320 769 3386 ;⁷
792 3332 845 3375 et
879 3337 992 3375 ma-

519 3391 641 3462 jora
670 3394 923 3447 aediﬁca-

524 3575 665 3631 Dicit
686 3574 736 3631 ci
761 3577 977 3648 quidam
1009 3576 1077 3633 de
1104 3578 1277 3631 turba.
1314 3576 1564 3645 Magister
1588 3577 1675 3633 dic
1706 3578 1859 3634 fratri
1906 3598 2027 3635 men
2061 3591 2116 3634 ut

520 3649 725 3703 dividat
756 3666 965 3703 mecum
1001 3650 1352 3704 hereditatem
1395 3650 1473 3703 Ad
1525 3651 1615 3703 ille
1661 3650 1797 3704 dixit
1826 3652 1894 3705 ei.
1944 3653 2116 3707 llomo

519 3722 639 3793 quis
669 3737 753 3775 me
784 3720 1062 3776 constituit
1089 3720 1323 3793 judiccm
1356 3730 1445 3774 aut
1485 3722 1774 3776 divisorem
1801 3739 1961 3793 supra
1994 3739 2110 3777 vos.

524 3790 663 3847 Dixit
692 3801 871 3847 autem
902 3793 968 3848 ad
1019 3795 1155 3845 illos.
1190 3792 1378 3848 Videte
1424 3802 1477 3845 et
1504 3804 1693 3848 Cavete
1734 3810 1828 3848 vos
1871 3790 1938 3849 ab
1967 3797 2113 3850 omni

518 3864 763 3919 avaritia.
812 3868 935 3934 quia
984 3881 1089 3919 non
1140 3881 1207 3919 ex
1254 3864 1579 3920 abundantia
1629 3867 1945 3935 cujusquam
2007 3871 2112 3923 vita

518 3936 638 4006 ejus
669 3946 837 3989 estex
882 3936 963 3991 bis
996 3952 1132 3997 quae
1166 3938 1423 4006 possidet.
1460 3937 1597 3991 Dixrt
1644 3953 1822 3992 autem
1867 3940 2116 3993 similitu-

517 4007 699 4062 dinem
724 4006 788 4061 ad
822 4009 938 4061 illus
968 4008 1173 4063 dicens.
1216 4008 1453 4063 llominis
1476 4010 1754 4078 cujusdam
1780 4010 1957 4062 divitis
1987 4012 2116 4064 ube-

518 4096 609 4135 res
640 4083 841 4135 iructus
873 4096 1001 4149 ager
1030 4078 1241 4132 adtulit.
1276 4088 1331 4134 et
1360 4080 1628 4147 Cogitabat
1653 4084 1789 4135 intra
1818 4096 1876 4135 se
1904 4084 2110 4136 dicens.

517 4151 655 4220 Quid
687 4154 873 4223 unciam
906 4152 1029 4222 quia
1080 4167 1182 4223 non
1218 4151 1388 4205 habeo
1416 4155 1507 4205 ubi
1542 4166 1867 4223 congregem
1903 4154 2110 4207 fructus

519 4236 689 4277 meos.
724 4224 792 4278 Et
814 4222 966 4276 dixit.
999 4224 1102 4278 hoc
1144 4222 1333 4277 faciam
1368 4222 1667 4277 Destruam'
1692 4224 1883 4277 horrea
1917 4241 2031 4279 mea
2062 4236 2115 4279 et

520 4295 724 4364 majora
754 4295 1071 4367 aedilicabo.
1120 4306 1175 4350 et
1230 4296 1301 4348 ibi
1356 4296 1695 4367 emigregahu
1741 4298 1921 4350 omnia
1971 4314 2110 4367 quae

517 4378 640 4421 nata
667 4379 790 4421 sunt
816 4366 950 4420 mihi
988 4376 1044 4421 et
1063 4367 1205 4421 bona
1230 4381 1368 4421 mea.
1403 4375 1458 4421 et
1485 4366 1659 4422 dicam
1692 4370 1906 4424 animae
1937 4384 2111 4423 meae.

1806 4466 2040 4524 CODEX
2074 4466 2542 4526 CORBEIENSIS.

594 4564 680 4617 16.
723 4563 917 4617 uberes
950 4562 1155 4620 fructus
1187 4561 1365 4617 attulit
1401 4562 1692 4631 possessio.

596 4635 681 4689 l8.
727 4635 927 4689 Omittit
956 4644 1009 4689 et
1034 4636 1174 4690 bona
1202 4649 1345 4689 mea.

592 4707 687 4763 19.
725 4707 900 4761 Habes
924 4707 1089 4762 multa
1119 4706 1292 4771 bona;
1323 4705 1547 4775 epulare
1572 4704 1631 4759 in
1654 4718 1831 4760 annos
1860 4706 2078 4761 multos.

1798 3434 1810 3446 .
1840 3432 2075 3541 CDDIDX
2103 3432 2507 3542 ’31161111ξῦΞῖ

2661 291 2896 349 CODEX
2934 288 3385 349 VERONENSIS.

2228 389 2315 443 15.
2351 390 2416 443 Ει
2444 391 2520 445 ait
2547 386 2773 456 quidam
3058 383 3326 456 graegabo
3354 394 3469 437 om-

2225 458 2292 513 de
2319 462 2473 517 turba
2501 479 2514 514 :
2540 458 2654 516 Ha.
3058 458 3166 520 nia,
3198 471 3338 526 quae

2222 533 2411 597 gister,
2440 534 2527 588 die
3058 539 3183 584 nata
3212 534 3341 582 sunt

2224 595 2377 679 fratri
2406 620 2548 679 meo,
3189 600 3272 669 (α)
3300 595 3523 679 mihi-1",
3546 607 3596 653 et

2225 685 2285 728 ut
2314 675 2518 731 dividat
2556 688 2675 727 meo
3058 673 3233 726 dicam
3264 673 3479 724 animae

2225 760 2347 800 cum
2378 748 2749 803 hereditatem.
3058 758 3210 798 meae
3236 760 3248 795 :
3285 740 3460 796 Habes

2227 819 2316 873 14.
2351 820 2429 873 Ad
2461 820 2550 873 ille
2582 816 2661 871 di-
2928 860 2956 881 ,
3058 815 3221 869 multa
3254 811 3330 885 (b)
3361 809 3591 881 b03245;

2226 892 2305 943 xit
2331 892 2378 943 ei
2409 908 2422 943 :
2456 890 2500 945 0
2529 892 2625 945 bo-
3056 887 3332 963 ρεξυυὶεὶιηῖ-

2229 976 2336 1027 tuo,
2364 962 2486 1029 quis
2517 978 2605 1018 me
3054 958 3146 1014 20.
3190 958 3335 1012 Dixit
3356 962 3541 1029 autem
3564 953 3638 1009 illi

2226 1028 2506 1107 constituit
2530 1035 2617 1103 ju-
3060 1030 3201 1107 Deus
3228 1048 3242 1084 :
3276 1028 3484 1107 Stulte,

3060 1100 3161 1155 bac
3198 1108 3356 1155 nocte
3386 1100 3509 1152 ani-

3061 1189 3202 1227 uiam
3234 1182 3379 1227 tuam
3412 1184 3497 1223 ['8-

3057 1253 3250 1315 petunt
3278 1262 3306 1298 a
3341 1254 3419 1297 te.

3062 1322 3534 1370 .....aut.em

3061 1430 3073 1443 .
3126 1427 3137 1438 .
3186 1428 3198 1440 .
3244 1430 3257 1443 .
3302 1385 3365 1450 ti,
3395 1384 3547 1454 cuius

3057 1460 3258 1532 erunt?
3288 1459 3364 1532 (c)
3402 1456 3407 1463 ’

3056 1530 3147 1585 22.
3189 1530 3332 1586 Dixit
3361 1537 3545 1584 autem

3059 1604 3125 1657 ad
3159 1601 3460 1670 discipulos

3058 1689 3187 1728 suos
3218 1692 3231 1728 :
3264 1674 3559 1743 Propterea

3060 1746 3214 1801 vobis
3244 1746 3396 1809 dico,

2227 1104 2425 1171 dicem,
2450 1115 2542 1159 aut

2227 1175 2659 1244 dispensatorem

2228 1262 2392 1316 super
2424 1250 2557 1302 vos?

2231 1319 2317 1371 15.
2364 1319 2505 1373 Dixit
2532 1327 2715 1374 autem

2229 1390 2293 1443 ad
2323 1406 2419 1442 eos
2448 1410 2461 1443 :
2497 1391 2655 1445 Vide-

2230 1470 2304 1527 te,
2330 1470 2383 1514 et
2411 1475 2601 1516 cavete

2228 1532 2297 1586 ab
2326 1536 2471 1587 omni
2502 1550 2627 1588 ava-

2228 1604 2352 1657 ritia
2374 1621 2389 1667 ;
2414 1609 2541 1675 quia

2230 1691 2337 1728 non
2371 1678 2421 1729 in
2456 1677 2635 1730 abun-

2228 1745 2410 1800 dantia
2435 1748 2621 1817 cujus-

2227 1832 2409 1886 quam,
2443 1815 2551 1874 vita
3064 1817 3234 1873 nolite
3260 1815 3483 1871 solliciti

2227 1884 2345 1957 ejus
2371 1901 2452 1944 est
2482 1906 2547 1945 ex
2581 1890 2695 1955 his,
3061 1904 3184 1945 esse
3214 1889 3289 1959 (ά)
3320 1888 3539 1942 animae
3555 1884 3610 1955 -ἒ,

2227 1976 2366 2028 quae
2403 1962 2667 2031 possidet.
3062 1962 3189 2029 quid
3221 1959 3522 2014 manduce-

2234 2032 2322 2086 16.
2368 2033 2508 2087 Dixit
2538 2043 2721 2089 autem
3060 2034 3162 2096 tis;
3194 2048 3378 2101 neque
3407 2045 3529 2085 cor-

2230 2104 2640 2160 similitudinem
3056 2104 3197 2174 pori,
3231 2103 3368 2173 quid
3395 2103 3475 2156 in-

3057 2171 3150 2231 ἳῦ.
3192 2171 3470 2230 duamiui.
3497 2171 3619 2232 Aui-

3062 2263 3147 2301 ma
3177 2245 3250 2319 (ε)
3276 2248 3435 2301 enim
3458 2245 3515 2315 τ,

3061 2320 3181 2388 plus
3206 2330 3309 2385 est,
3336 2332 3509 2388 quam

3060 2406 3218 2456 esca;
3251 2400 3307 2443 et
3334 2403 3535 2458 corpus
3554 2427 3573 2453 ,

3062 2463 3182 2533 plus
3213 2477 3387 2531 quam
3415 2475 3503 2517 ver

3060 2534 3405 2588 stimentum.

3056 2604 3147 2661 24.
3188 2603 3543 2661 Considerate
3570 2615 3679 2657 cor-

3059 2692 3176 2743 vos,
3207 2676 3339 2747 quia
3362 2690 3477 2731 non

3058 2748 3360 2812 seminant,
3386 2762 3479 2804 ne-

2228 2178 2295 2229 ad
2323 2176 2465 2241 illos,
2507 2177 2737 2232 dicens:

2228 2247 2477 2302 HOminis
2503 2264 2598 2302 cu-

2223 2318 2438 2387 jusdam
2469 2320 2650 2373 divitis

2229 2390 2427 2445 uberes
2456 2391 2480 2444 Γ
2479 2400 2665 2446 ructus

2226 2462 2408 2515 attulit
2435 2477 2652 2532 posses—

2231 2533 2320 2587 17.
2360 2534 2441 2589 sio
2475 2553 2487 2587 :
2516 2542 2575 2589 et
2602 2532 2748 2603 cogi-

2229 2605 2362 2659 tavit
2392 2606 2533 2660 intra

2228 2692 2289 2732 se
2307 2719 2320 2739 ,
2352 2676 2538 2732 dicens
2566 2692 2581 2730 :

2228 2748 2366 2816 Quid
2398 2747 2593 2803 faciam
2616 2786 2633 2813 ,

2228 2820 2372 2889 quod
2402 2836 2506 2875 non
3058 2835 3162 2889 que
3192 2828 3408 2874 metunt
3427 2860 3444 2883 ,

2228 2890 2426 2957 habeo,
2454 2908 2561 2962 quo
3062 2892 3259 2960 quibus
3290 2908 3402 2946 non
3431 2898 3514 2947 est

2228 2978 2555 3033 congregem
3058 2963 3368 3028 cellarium,

2228 3034 2436 3091 fructus
2464 3034 2651 3089 meos?
3059 3050 3235 3104 neque
3269 3035 3550 3099 horreum,

2232 3108 2319 3162 18.
2362 3108 2432 3162 Et
2458 3108 2596 3161 dixit
2628 3144 2642 3157 .
2687 3141 2703 3158 .
2751 3143 2765 3158 .
2812 3144 2827 3158 .
2870 3144 2885 3158 .
2932 3143 2949 3157 .
3058 3116 3113 3160 et
3140 3105 3289 3161 Deus
3321 3105 3499 3175 pascit

2231 3178 2519 3234 Destruam
2548 3178 2683 3233 bor-
3061 3177 3183 3232 illos
3217 3196 3229 3230 :
3259 3187 3465 3248 quanto

2228 3266 2321 3306 rea
2351 3267 2467 3305 mea
2497 3292 2511 3313 ,
2541 3258 2597 3304 et
3061 3250 3237 3319 magis
3260 3262 3364 3303 vos

2229 3322 2432 3391 majora
2468 3320 2660 3375 faciam
2691 3336 2707 3386 ;

2228 3405 2282 3448 et
2312 3394 2443 3447 illuc
2483 3407 2614 3448 con-

3061 3321 3248 3391 plures
3280 3322 3415 3375 estis

3070 3391 3141 3464 (f)
3170 3392 3366 3447 avibus
3388 3390 3460 3463 -Η

2223 3582 2417 3636 Anima
2451 3581 2615 3635 babes
2650 3582 2814 3634 multa
2844 3581 2983 3635 bona
3012 3580 3182 3650 posita
3230 3582 3285 3637 in
3317 3595 3488 3636 annos
3536 3576 3777 3647 plurimos.

2225 3657 2504 3723 requiesce
2534 3653 2777 3720 carimde,
2838 3654 2960 3707 bibe
3014 3661 3070 3707 et
3122 3652 3401 3717 aepulare.
3454 3650 3586 3706 Dicit
3632 3655 3777 3701 autem

2226 3724 2301 3779 illi
2339 3726 2495 3779 Deus.
2546 3725 2745 3780 Stulte.
2793 3724 2891 3778 hac
2924 3734 3080 3779 nocte
3112 3725 3348 3779 animam
3382 3734 3523 3778 tuam
3566 3724 3781 3793 repetunt

2224 3809 2355 3879 ante.
2386 3813 2544 3879 .quae
2593 3804 2771 3878 autem
2807 3796 3004 3865 parasti
3057 3795 3238 3879 cujus“
3265 3808 3441 3879 erant.
3477 3795 3779 3879 Sicmegt

2225 3870 2323 3922 sibi
2362 3864 2750 3923 thetisaurizat.
2783 3864 2837 3923 et
2868 3883 2973 3921 non
3003 3875 3084 3921 est
3116 3864 3168 3921 in
3202 3868 3311 3922 Deo
3348 3868 3516 3922 dives.
3551 3864 3676 3916 Dixit
3701 3873 3779 3935 au-

2227 3951 2331 3995 tem
2364 3942 2427 3994 ad
2464 3940 2760 4010 discipulos
2786 3954 2932 4010 suos.
2958 3938 3084 3995 Ideo
3122 3939 3245 3993 dico
3280 3941 3454 3994 vobis.
3490 3935 3643 3992 utilite
3666 3929 3783 3984 solli-

2221 4012 2311 4066 citi
2342 4028 2461 4067 esse
2483 4010 2573 4084 (ά)
2606 4008 2829 4084 animae
2857 4008 2897 4082 -ξ
2925 4011 3051 4082 quid
3100 4012 3457 4065 manducetis.
3498 4020 3660 4077 neque
3685 4014 3781 4054 cor—

2225 4087 2336 4150 pori
2369 4083 2849 4153 quid’iuduamiui.
2900 4085 3092 4138 Anima
3123 4084 3247 4153 plus
3289 4094 3371 4137 est
3412 4096 3565 4149 ιιυίιιιι
3604 4084 3778 4154 959..“

2222 4141 2420 4223 'COrpn's
2462 4171 2622 4224 quam
2676 4157 3079 4209 vestiiitetitutn.
3125 4141 3503 4224 'Considerate
3554 4141 3775 4224 volatilia.

2220 4220 2342 4296 quia
2376 4220 2494 4280 noti
2529 4227 2799 4283 seminant
2856 4241 3033 4295 neque
3084 4237 3317 4281 metunt.
3367 4222 3554 4296 quibus
3600 4233 3694 4272 non
3714 4220 3779 4296 est

2218 4293 2517 4352 cellarium.
2554 4313 2729 4365 neque
2760 4293 3032 4353 horreum.
3059 4308 3114 4352 et
3147 4298 3284 4351 Deus
3305 4293 3474 4367 pascit
3500 4293 3585 4347 illa
3610 4293 3779 4359 quanto

2219 4372 2390 4440 magis
2428 4386 2528 4424 vos
2572 4370 2822 4424 meliores
2868 4371 3001 4425 estis
3032 4368 3099 4441 (f)
3128 4370 3319 4425 avibus
3349 4367 3412 4438 δί’.

2717 4520 2747 4539 ,.

2300 4562 2391 4617 20.
2435 4562 2577 4617 Dixit
2604 4574 2809 4619 autem.

2300 4636 2391 4689 21.
2432 4645 2731 4690 etnouest
2760 4638 2813 4691 in
2838 4635 3143 4691 Deodives.

2300 4707 2392 4761 21.
2434 4706 2457 4737 ⁵
2488 4708 2659 4777 pluris
2684 4708 2819 4764 estis
2843 4708 3055 4763 avibus.

1782 4798 2169 4856 VARIANTES
2202 4798 2604 4856 LECTIONES.

582 4899 601 4930 ι
636 4898 745 4947 Gal.
770 4902 819 4947 et
846 4899 967 4947 Mm.
988 4899 1039 4947 ei
1057 4910 1071 4946 ε
1092 4897 1133 4947 Ο
1155 4898 1318 4950 hanc.
1352 4891 1497 4957 Vulg.
1521 4892 1626 4945 illi:
1648 4892 1825 4945 Homo.
1850 4896 1957 4948 Gal.
1986 4898 2117 4946 inter

519 4974 607 5011 vos
633 4960 801 5025 .Vulg.
825 4973 973 5025 super
993 4974 1095 5009 vos.

580 5026 601 5054 ²
636 5023 813 5075 ϐαι.ἐι
848 5023 969 5071 Mm.
1005 5030 1253 5085 repetent.
1289 5023 1434 5088 Vulg.
1461 5027 1718 5082 repetunt.

2288 4894 2308 4962 ξ
2342 4894 2445 4962 Qui.
2472 4896 2663 4962 erum.
2682 4890 3155 4962 vestiamiaijdg.
3178 4891 3465 4962 induamini.

2286 4957 2306 4988 δ
2343 4957 2450 5007 ϐαι.
2474 4958 2631 5019 magis
2650 4972 2736 5007 vos
2760 4957 2947 5021 plures.
2975 4952 3276 5017 Hmfmagis
3309 4952 3479 5019 pluris.

1221 5122 1516 5164 LECTIONES
1545 5122 1750 5165 CODICIS
1768 5124 2178 5173 VMDEBONENS|S
2200 5124 2477 5166 ABEUNTES
2500 5126 2565 5164 ΑΒ
2594 5121 2841 5163 ΕΒΠΙΟΝΒ
2860 5119 3127 5161 νυιαλτλ.

579 5180 657 5231 15.
687 5177 747 5229 Ει
793 5180 857 5228 ait
904 5180 1114 5242 quidam.
1184 5180 1262 5229 16.
1308 5180 1389 5229 Ad
1423 5182 1511 5230 ille
1554 5183 1683 5231 dixit
1703 5182 1813 5231 ei...
1835 5194 1985 5243 supra
2009 5196 2109 5233 vos.

518 5242 593 5307 16.
620 5243 807 5292 fructus
846 5245 1086 5307 pOSsessio
1112 5243 1313 5307 attulit.‘
1338 5244 1435 5307 717.
1474 5250 1529 5293 et
1543 5245 1830 5307 cogitavit...
1865 5242 1991 5307 quod
2017 5259 2112 5294 nou

514 5304 749 5365 habeam,
784 5305 865 5353 ubi
904 5318 1224 5366 congregem.
1296 5302 1370 5356 18.
1406 5302 1651 5356 destruaiu
1687 5302 1898 5368 horrea,"
1933 5314 1984 5357 et
2008 5321 2112 5355 ma-

532 5380 697 5431 9ra....
742 5375 791 5416 et
833 5368 898 5415 ibi
946 5370 1259 5431 congregabo
1282 5372 1623 5431 omuia,quae
1672 5377 1783 5418 nata
1826 5378 1940 5419 sunt
1975 5370 2110 5419 mihi.

560 5430 757 5480 tdicam
788 5431 977 5479 animae
1016 5430 1179 5481 meae.
1246 5431 1320 5482 19.
1356 5432 1409 5482 in
1440 5430 1593 5482 annos
1633 5431 1838 5493 multos;
1889 5431 2112 5493 epulare.

2218 5183 2375 5233 Dixit.
2437 5183 2516 5230 ﬁt).
2557 5187 2791 5241 repetunt
2814 5194 2843 5227 a
2865 5187 2917 5229 te
2936 5178 3147 5241 initiatam
3174 5182 3311 5241 tuam
3324 5189 3345 5241 ε
3365 5184 3488 5235 quae
3525 5177 3634 5241 erg}!
3648 5168 3765 5241 ﬁt?

2219 5225 2793 5308 siit-cui?run—tliféli
2818 5225 3032 5308 Diu-Deo
3067 5238 3219 5287 dives.
3289 5236 3364 5286 22.
3385 5225 3517 5283 ’δυοε
3529 5225 3763 5308 illiilla“;

2220 5288 2440 5369 iiii’msé",
2469 5288 2647 5369 quid:
2660 5288 2905 5369 Vinii—uatis.
2923 5288 3048 5369 _33.
3074 5313 3247 5366 corpus
3265 5339 3281 5361 ,
3309 5309 3467 5362 quam.
3529 5291 3602 5342 24.
3626 5288 3765 5338 Nonne

2222 5384 2308 5421 vos
2335 5364 2502 5435 plures
2520 5369 2639 5418 estis
2657 5368 2761 5417 istis
2780 5368 2949 5417 avibus
2962 5364 2991 5417 τ

1902 5490 2272 5549 ΒιΛΝΕΗΙΝῐ
2310 5490 2534 5547 ΝΟΤιΕ.

594 5586 667 5659 (α)
699 5587 821 5640 Post
845 5587 993 5652 mihi,
1032 5589 1182 5643 tlcest
1227 5598 1271 5641 et
1310 5590 1440 5643 bona
1478 5606 1610 5651 mea.
1643 5592 1802 5644 etiam
1834 5591 1888 5644 in
1918 5590 2036 5641 eod.
2068 5590 2225 5642 Cant.
2276 5622 2343 5630 —
2380 5589 2457 5659 (b)
2488 5590 2610 5645 POSt
2655 5590 2807 5649 bona,
2840 5587 2993 5643 deest
3023 5587 3186 5659 posita
3223 5586 3275 5638 in
3309 5597 3470 5659 uanos
3513 5574 3734 5659 plurimi“
3751 5578 3765 5615 ·’

516 5653 806 5731 ’ἐφιέσθων
849 5659 1070 5731 3M0,
1092 5660 1246 5731 tribe,
1278 5663 1479 5731 pariter
1500 5661 1556 5715 in
1602 5662 1726 5716 cod.
1765 5662 1925 5715 Cant.
1950 5690 2022 5703 -—
2047 5662 2117 5731 (c)
2156 5662 2305 5718 Vers.
2335 5653 2397 5715 2t
2434 5653 2586 5717 deest
2610 5662 2770 5717 etiam
2802 5660 2997 5716 iucod.
3024 5653 3180 5717 Cant.
3201 5685 3273 5697 --
3299 5653 3382 5731 ίά)
3413 5653 3533 5731 Pu“
3560 5653 3735 5726 nim}
3753 5676 3764 5693 ο

522 5728 673 5783 deest
696 5738 906 5796 vestrae,
930 5730 985 5784 in
1006 5729 1128 5785 cod.
1159 5728 1371 5801 quoque
1391 5729 1619 5788 Cant.-—
1647 5732 1719 5804 (c)
1748 5731 1913 5789 Addit
1937 5728 2269 5799 etiametiam
2299 5734 2424 5792 eod.
2456 5734 2618 5790 Cant.
2648 5735 2849 5810 yép.-
2864 5732 2935 5805 (ι’)
2967 5731 3041 5787 Ita
3066 5740 3125 5788 et
3148 5740 3256 5786 tex.

3348 5717 3393 5783 r.
3425 5729 3521 5780 τῶν
3547 5717 3763 5776 πετεινῶν·
