3902 6208
505 246 610 306 615

896 363 1128 422 CODEX
1165 364 1713 423 VERCELLENSIS.

508 460 716 517 similes
746 458 916 515 homi-

511 532 671 587 nibus
695 547 893 603 expec-

509 605 744 660 tantibus
778 604 1063 660 Dominum

509 689 687 740 suum,
718 690 889 745 quan-

507 745 580 802 do
610 757 847 803 reverta-

508 827 597 874 tur
618 834 647 873 a
677 820 857 889 nupti-

507 890 555 945 is
586 908 597 943 :
623 900 674 946 et
700 906 822 947 cum
850 907 944 949 ve-

508 962 682 1046 nerit,
702 963 719 993 ί
748 973 803 1018 et
828 964 943 1034 pul-

508 1046 731 1100 saverit,
760 1049 893 1091 con-

509 1104 693 1161 festim
723 1121 853 1176 ape-

512 1178 655 1232 riant
680 1177 777 1233 illi.

510 1248 601 1304 37.
643 1248 791 1305 Beati
823 1250 969 1307 servi
998 1250 1063 1307 il-

511 1320 573 1386 li,
603 1336 761 1392 quos,
792 1337 915 1377 cum

512 1393 723 1475 venerit
743 1394 1035 1475 Dominus,

512 1474 783 1521 lnvettertt

512 1536 815 1609 vigilantes.

512 1610 688 1665 Amen
710 1609 833 1665 dico

512 1682 690 1748 vobis,
726 1681 919 1751 quoni-

516 1766 602 1806 am
630 1768 717 1807 su.
763 1792 777 1805 .
822 1793 838 1808 .
883 1782 929 1806 .-

517 1832 607 1894 get
631 1839 712 1884 se.
741 1830 817 1879 et.
860 1865 874 1878 .
921 1852 965 1877 .-

518 1894 781 1951 cumbere

520 1964 683 2023 faciet
704 1965 857 2032 illos;

520 2046 577 2094 et
607 2038 875 2095 transiens
889 2080 907 2108 ,

1963 480 1981 488 μ

1340 501 1355 517 0
1437 499 1452 514 0
1532 500 1547 515 0
1628 500 1641 513 0
1725 502 1739 515 0
1823 500 1835 513 0
1918 499 1931 511 0
2013 499 2027 511 0

1347 1144 1363 1161 0
1443 1143 1457 1159 0
1538 1143 1554 1159 0
1633 1142 1649 1157 0
1732 1142 1746 1158 0
1826 1145 1839 1158 0
1922 1145 1935 1159 ο
2018 1146 2031 1157 0

526 2508 541 2524 ο
620 2507 635 2522 0
716 2505 731 2522 0
811 2510 823 2523 0
907 2511 921 2525 ο
1001 2507 1015 2520 0
1100 2507 1112 2519 0
1194 2508 1207 2522 0
1362 2501 1377 2516 ο
1458 2503 1475 2518 0
1554 2501 1569 2515 ο
1650 2501 1665 2517 0
1746 2503 1759 2516 0
1841 2503 1855 2518 0
1939 2508 1949 2517 ι
2032 2505 2047 2518 0

529 2727 546 2743 ο
622 2724 638 2740 0
717 2722 734 2739 0
815 2724 829 2738 ι
912 2723 927 2737 0
1005 2720 1022 2737 0
1103 2721 1117 2735 0
1198 2719 1214 2735 0
1367 2719 1382 2733 0
1458 2714 1475 2732 0
1554 2718 1568 2731 0
1649 2718 1666 2734 0
1747 2718 1760 2731 0
1842 2720 1858 2734 ο
1939 2718 1955 2733 ο
2033 2719 2047 2731 ο

526 2795 543 2812 0
625 2797 639 2811 0
720 2793 735 2810 0
812 2795 827 2809 0
912 2793 929 2810 ο
1007 2794 1019 2807 0
1103 2794 1115 2806 0
1198 2792 1214 2808 0
1364 2788 1379 2804 0
1459 2788 1476 2803 0
1555 2790 1571 2805 0
1651 2788 1665 2803 0
1748 2791 1761 2806 ο
1844 2790 1857 2801 0
1939 2791 1952 2804 ο
2032 2790 2047 2804 ο

525 3014 540 3027 0
624 3012 640 3027 0
719 3010 734 3025 0
815 3010 830 3027 0
908 3009 924 3024 0
1006 3010 1020 3024 0
1100 3009 1115 3023 0
1197 3008 1212 3021 0
1364 3004 1380 3021 0
1461 3006 1476 3021 0
1556 3003 1571 3018 ο
1652 3005 1667 3020 0
1747 3005 1761 3019 0
1842 3006 1857 3020 0
1935 3005 1952 3021 0
2035 3006 2048 3019 0

1363 3220 1378 3235 0
1457 3220 1473 3236 ο
1554 3220 1569 3233 ο
1650 3220 1665 3235 0
1744 3222 1758 3235 0
1843 3219 1856 3234 ο
1937 3223 1950 3235 0
2032 3221 2051 3238 ο

1057 249 1324 309 EUSEBII
1361 249 1701 309 VERCELL.
1745 249 2196 309 EVANGELIUM
2235 250 2380 307 CUM
2419 247 2651 308 VARIIS
2678 246 2839 305 COD.
2877 244 3277 305 COLLATUM.

2102 890 2117 899 ”
2208 903 2290 958 ut,
2333 907 2455 947 cum
2487 907 2647 947 vene-

3719 240 3822 296 616

2638 360 2873 419 CODEX
2910 356 3363 418 VERONENSIS.

3042 456 3211 523 parati
3242 473 3255 507 :
3284 468 3387 525 qua

3042 530 3171 584 hora
3204 542 3308 582 non

3041 600 3263 669 putatis,
3287 596 3454 653 Filius

3039 671 3275 728 hominis
3302 684 3435 724 ven-

3043 755 3195 798 [ιιι-υς
3226 751 3329 796 εει.

3041 817 3132 870 41.
3176 814 3317 868 Dixit
3342 818 3529 866 autem

3042 888 3237 942 Petrus
3262 902 3275 937 :
3299 883 3555 948 Domine,

3044 958 3111 1014 ad
3143 972 3241 1012 nos
3266 956 3453 1010 dicens

3045 1031 3185 1084 hanc
3212 1026 3405 1082 simili-

3047 1101 3308 1165 tudinem,
3342 1114 3407 1152 an

3047 1183 3102 1229 et
3131 1172 3197 1227 ad
3220 1188 3336 1227 om-

3050 1245 3188 1301 nes?

3047 1316 3137 1370 42.
3185 1316 3329 1371 Dixit
3354 1322 3535 1369 autem

3048 1390 3205 1445 Jesus
3227 1405 3239 1439 :
3258 1386 3389 1455 Quis
3420 1395 3506 1441 est

3053 1458 3227 1515 fidelis
3251 1462 3471 1527 dispen-

3052 1542 3222 1597 sator,
3241 1542 3295 1586 et
3326 1546 3422 1599 pru
3439 1561 3451 1571 -

3054 1604 3212 1667 dens,
3238 1617 3396 1670 quem

3054 1675 3337 1731 constituit
3364 1674 3476 1728 Do.

3053 1748 3232 1802 minus
3259 1760 3421 1815 super

3054 1818 3312 1873 familiam

3052 1906 3230 1956 suam,
3256 1896 3313 1943 ut
3340 1886 3435 1943 det

3056 1964 3162 2017 illis
3194 1964 3247 2015 in
3278 1969 3414 2015 tem-

3055 2049 3189 2106 pore
3220 2032 3379 2086 tritici

3054 2104 3402 2163 mensuram?

3054 2177 3145 2234 43.
3191 2177 3389 2231 Beatus

3054 2264 3244 2305 servus

3055 2321 3168 2387 ille,
3201 2335 3385 2390 quem,
3409 2333 3537 2375 cum

3058 2394 3269 2448 venerit
3296 2391 3405 2447 Do-

3058 2466 3239 2537 minus
3267 2465 3344 2537 (b)
3369 2463 3509 2533 ejus,

3061 2536 3303 2591 inveniet
3324 2537 3362 2607 1-

3061 2609 3135 2664 ita
3167 2606 3374 2664 facien-

3064 2691 3194 2735 tem.

3059 2753 3150 2809 44.
3188 2752 3323 2809 Vere
3352 2751 3476 2807 dico
3502 2766 3603 2805 vo-

3060 2824 3165 2893 bis,
3196 2827 3269 2897 (ε)
3300 2838 3462 2895 supra
3492 2824 3534 2893 1'-

3060 2898 3266 2963 omnia,
3297 2911 3417 2967 quae

3062 2971 3323 3039 possidet,
3352 2982 3484 3023 con-

3061 3042 3250 3097 stituet
3280 3041 3455 3095 illum.

3063 3113 3153 3169 45.
3195 3113 3349 3180 Quod
3379 3110 3427 3165 si
3456 3109 3539 3165 di-

3064 3186 3209 3240 xerit
3231 3198 3420 3240 servus

3068 3257 3161 3312 ille
3186 3258 3241 3312 in
3271 3255 3437 3313 corde

2204 480 2300 520 vos
2330 462 2532 518 similes

2206 535 2513 590 hominibus
2541 549 2634 588 ex-

2205 606 2547 678 pectantibus
2578 605 2684 661 Do-

2205 694 2411 733 minum
2434 694 2613 742 suum,

2206 751 2425 821 quando
2455 766 2633 803 rever-

2209 832 2352 877 tatur
2372 837 2401 875 a
2429 822 2660 889 nuptiis;

2208 966 2303 1031 rit,
2335 974 2391 1019 et
2426 964 2603 1031 pulsa-

2209 1038 2370 1100 verit,
2402 1035 2685 1090 confestim

2212 1108 2457 1176 aperiant
2482 1107 2553 1162 ei.

2213 1175 2305 1234 37.
2349 1178 2498 1233 Beati
2528 1177 2671 1233 servi
2701 1175 2797 1241 illi,

2215 1265 2350 1321 quos
2364 1291 2379 1315 ,
2409 1265 2532 1303 cum
2562 1249 2656 1304 be-

2215 1323 2357 1377 nerit
2388 1322 2645 1376 Dominus
2667 1364 2682 1388 ,

2216 1392 2487 1448 invenerit
2511 1394 2590 1447 vi-

2216 1466 2467 1535 gilantes.

2218 1536 2393 1593 Amen
2424 1537 2545 1592 dico
2573 1551 2667 1591 vo-

2219 1607 2324 1674 bis,
2359 1610 2497 1677 quod
2526 1624 2679 1679 prae-

2216 1680 2394 1749 cinget
2416 1695 2495 1743 se,
2525 1689 2581 1735 et

2212 1750 2367 1820 jubet
2392 1751 2517 1805 illos
2540 1751 2653 1806 dis-

2217 1824 2509 1890 cumbere;
2541 1833 2595 1879 et

2217 1895 2465 1959 transiet,
2493 1906 2549 1951 et
2573 1896 2674 1951 mi-

2218 1966 2470 2020 nistravit
2498 1968 2625 2023 illis.

2218 2036 2309 2093 38.
2351 2039 2371 2068 ²
2402 2037 2466 2090 Et
2494 2040 2538 2093 si
2569 2038 2780 2095 venerit

2221 2108 2301 2180 (a)
2328 2111 2638 2182 veSpertina
2666 2111 2704 2181 ’ξ’

2220 2182 2423 2251 vigilia,
2456 2193 2511 2237 et
2538 2183 2610 2237 ita

2220 2253 2521 2320 invenerit;

2221 2323 2366 2379 beati
2388 2334 2515 2379 sunt
2544 2343 2557 2377 :
2588 2339 2723 2395 quo-

2224 2397 2367 2451 niam
2394 2396 2607 2465 jubebit

2224 2466 2345 2522 illos
2371 2467 2731 2534 discumbere,

2224 2540 2630 2664 eltrministrabit

2226 2627 2241 2664 ι
2289 2627 2353 2664 IS.

2226 2627 2353 2665 IIIIS.

2226 2683 2317 2737 39.
2359 2682 2472 2739 Hoc
2506 2691 2686 2738 autem
2716 2680 2823 2737 sci-

2226 2763 2369 2819 tote,
2402 2756 2558 2825 quia,
2590 2756 2633 2810 si
2665 2754 2770 2810 sci-

2226 2835 2313 2881 ret
2341 2826 2633 2881 Paterl‘ami
2651 2858 2663 2867 -

2227 2897 2347 2963 lias,
2382 2914 2486 2968 qua
2517 2900 2648 2953 hora

2226 2971 2313 3042 fur
2340 2972 2514 3037 venit,
2548 2971 2688 3042 vigi-

2228 3040 2389 3105 laret,
2420 3052 2476 3097 et
2503 3058 2609 3097 non

2230 3112 2256 3184 δέ
2279 3114 2485 3169 sineret
2516 3113 2773 3184 pcrfodiri

2229 3183 2453 3240 domum
2480 3183 2652 3242 suam.

2228 3254 2319 3310 40.
2362 3257 2431 3312 Ει
2467 3272 2565 3313 vos
2602 3266 2780 3315 estote

1847 3374 2079 3430 CODEX
2116 3376 2517 3436 BRIXIANUS.

527 3491 623 3533 vos
649 3475 855 3531 similes
877 3473 1189 3529 hominibus
1210 3470 1620 3542 expectantibus
1650 3468 1937 3525 Dominum
1963 3486 2121 3526 suum

525 3549 744 3621 quando
766 3555 1072 3621 revertatur
1097 3561 1125 3599 a
1154 3541 1379 3621 nubtiis.
1411 3554 1467 3621 ut
1493 3541 1973 3621 c_um_vener_it_.__et
2005 3545 2125 3612 pul-

526 3613 725 3676 saverit
768 3618 1052 3674 confestim
1096 3618 1343 3684 aperiant
1382 3616 1452 3668 ei.
1497 3614 1645 3670 Beati
1692 3613 1837 3667 servi
1871 3613 1948 3667 illi
1990 3629 2126 3683 quos

526 3706 649 3748 cum
692 3693 900 3746 venerit
946 3690 1208 3744 Dominus
1250 3685 1519 3742 invenerit
1585 3684 1892 3756 vigilantes.
1948 3686 2124 3740 Amen

527 3764 649 3821 dico
686 3762 837 3818 vobis
869 3760 1009 3833 quod
1057 3759 1368 3833 praecinget
1418 3758 1804 3833 se.Aet_jub_et
1847 3772 1953 3833 eos
2012 3758 2124 3833 dis-

526 3836 800 3893 cumbere.
832 3828 899 3888 et'
919 3828 1187 3888 transiens
1236 3829 1563 3886 ministrabit
1592 3828 1693 3884 eis.
1725 3828 1791 3882 Et
1816 3830 1860 3883 si
1917 3829 2130 3885 venerit

525 3908 580 3963 in
626 3905 860 3962 secunda
918 3905 1119 3975 vigilia.
1153 3913 1207 3959 et
1235 3905 1278 3957 si
1313 3904 1365 3957 in
1398 3903 1558 3975 tertia
1602 3900 1783 3975 vigilia
1826 3901 2039 3956 venerit
2075 3911 2129 3975 et

526 3981 600 4034 ita
636 3971 1069 4036 inveneritbéati
1114 3986 1240 4030 sunt
1285 3974 1428 4029 servi
1473 3972 1572 4027 illi.
1638 3971 1751 4027 Hoc
1806 3983 1984 4026 autem
2017 3972 2127 4028 sci-

527 4059 659 4108 tote.
707 4051 828 4121 quia
861 4051 907 4106 si
952 4048 1117 4105 sciret
1164 4044 1577 4121 Paterfamilias
1606 4060 1711 4115 qua
1744 4044 1873 4121 hora
1901 4045 1991 4121 fur
2035 4061 2129 4121 ve-

527 4126 625 4180 nit.
684 4115 932 4194 vigilaret
978 4120 1164 4190 utique
1212 4128 1267 4174 et
1320 4132 1428 4173 non
1478 4117 1672 4172 siniret
1728 4115 1985 4187 perfodiri
2035 4116 2133 4171 do-

2231 3491 2376 3530 mum
2409 3491 2584 3530 suam.
2618 3475 2686 3530 Et
2710 3490 2807 3530 vos
2838 3482 3012 3530 estote
3036 3473 3234 3545 parati.
3264 3473 3387 3543 quia
3414 3488 3518 3544 qua
3557 3473 3691 3530 liora
3724 3491 3827 3529 non

2231 3548 2434 3615 putatis
2475 3547 2645 3602 Filius
2689 3546 2925 3602 hominis
2955 3557 3215 3602 venturus
3259 3555 3360 3600 est.
3409 3546 3499 3599 Ait
3549 3558 3734 3603 autem
3782 3547 3826 3602 ei

2233 3619 2443 3676 Petrus.
2474 3619 2700 3674 Domine
2726 3620 2790 3673 ad
2826 3634 2924 3673 nos
2954 3619 3088 3673 dicis
3130 3618 3266 3671 hanc
3296 3617 3627 3687 parabolam.
3663 3635 3732 3674 an
3760 3619 3824 3673 ad

2233 3706 2445 3746 omnes.
2483 3692 2627 3745 Dixit
2655 3701 2833 3746 autem
2866 3691 3124 3745 Dominus
3153 3690 3284 3757 Quis
3331 3689 3474 3743 enim
3524 3700 3607 3745 est
3658 3691 3829 3745 fidelis

2231 3762 2571 3833 dispensator
2616 3772 2672 3818 et
2722 3762 2977 3833 prudens.
3034 3777 3193 3830 quem
3239 3760 3533 3816 constituet
3571 3762 3829 3817 Dominus

2233 3850 2395 3904 Super
2425 3834 2685 3889 familiam
2724 3832 2907 3889 Suam.
2938 3843 2994 3887 ut
3027 3835 3116 3887 det
3146 3834 3251 3888 illis
3291 3832 3346 3887 in
3380 3845 3624 3901 tempore
3666 3833 3829 3888 tritici

2234 3922 2567 3961 mensuram.
2614 3908 2808 3961 Beatus
2857 3905 2949 3961 ille
2977 3920 3185 3960 servus.
3235 3920 3393 3974 quem
3448 3920 3573 3959 cum
3617 3905 3831 3959 venerit

2236 3978 2499 4034 Dominus
2530 3976 2607 4050 (b)
2641 3976 2879 4032 inveniet
2906 3978 2944 4047 ἦ
2971 3978 3039 4030 ita
3071 3976 3351 4050 facientem
3396 3975 3538 4050 Vere
3581 3976 3706 4050 dico
3729 3992 3825 4030 vo-

2236 4051 2319 4107 bis
2350 4052 2472 4121 quia
2500 4047 2658 4120 super
2693 4052 2873 4106 omnia
2900 4064 3041 4119 quae
3067 4047 3305 4120 possidet
3331 4049 3630 4105 constituet
3656 4048 3825 4103 illum.

1818 4212 2053 4269 CODEX
2089 4212 2560 4272 CORBEIENSIS.

598 4312 691 4370 56.
731 4310 1015 4369 confestim
1043 4308 1298 4380 aperiatis
1324 4306 1397 4380 ei.

598 4386 689 4441 37.
725 4384 937 4455 jubebit
963 4379 1088 4437 illos
1112 4379 1476 4455 discumbere.

599 4456 689 4512 38.
725 4448 773 4510 si
798 4455 1005 4511 venerit
1045 4453 1353 4522 vespertina
1385 4448 1687 4522 vigiliatet
1714 4450 1785 4503 ita
1820 4448 2118 4518 invenerit,

508 4528 671 4597 ,beati
698 4536 853 4595 sunt;
879 4526 1001 4597 quia
1029 4520 1372 4595 jubebitillos
1394 4520 1761 4590 discumbere,
1787 4527 1842 4577 et
1870 4522 2120 4590 transiet,

2222 4315 2278 4362 et
2327 4305 2654 4362 ministrabit
2700 4307 2820 4363 eis:
2865 4306 2909 4361 si
2954 4304 3223 4373 secunda,
3271 4314 3326 4363 et
3369 4305 3413 4361 si
3468 4306 3654 4373 tertia,
3690 4304 3827 4359 beati

2225 4389 2371 4433 sunt.

2295 4451 2386 4522 41.
2432 4450 2569 4506 hanc
2594 4450 2617 4481 ’δ
2643 4449 3081 4506 similitudinem.
3120 4450 3163 4522 ἡ

2302 4521 2394 4576 42.
2435 4522 2567 4590 Quis
2596 4531 2682 4578 est
2718 4522 2892 4579 fidelis
2925 4521 3294 4594 dispensator.

1766 4640 2160 4699 VARIANTES
2187 4642 2591 4701 LECTIONES.

593 4741 767 4816 1.llfm.
795 4746 849 4816 et
871 4737 1137 4816 pulsaverit
1172 4737 1348 4787 ostium
1367 4775 1381 4799 ,
1407 4734 1682 4786 confestim.
1714 4731 1862 4800 Vulg.
1893 4744 1945 4785 et
1966 4736 2129 4799 pulsa-

529 4802 989 4935 νεξιὲιεςὲῃξὲξὲῗξὶ
1008 4860 1494 4935 vespertinauvigilia,
1523 4867 1575 4911 et
1598 4863 1664 4935 ita
1687 4863 1965 4935 invenerit,
1992 4860 2125 4934 beati

528 4938 644 4983 sunt
674 4930 807 4979 servi
830 4927 896 4977 illi
921 4927 1035 4989 :quj
1065 4926 1259 4988 jubebit
1288 4924 1398 4989 illos
1430 4924 1741 4989 diScumliere
1768 4965 1782 4987 ,
1808 4934 1860 4975 et
1883 4926 2128 4989 transiens

526 4993 821 5043 ministrabit
854 4987 1125 5052 illis—Etsi
1149 4988 1344 5052 venerit
1370 4988 1422 5052 in
1458 4988 1674 5037 secunda
1714 4989 1900 5052 vigilia,
1927 4994 1990 5052 et,
2011 4987 2053 5035 si
2078 4988 2126 5033 in

528 5058 695 5119 tertia,
723 5060 775 5105 et
795 5055 859 5105 ita
880 5051 1151 5114 invenerit,
1173 5048 1327 5099 beati.
1356 5049 1463 5100 Gat.
1485 5056 1538 5101 et
1558 5052 1598 5100 si
1618 5052 1666 5100 in
1689 5048 1836 5101 tertia
1856 5048 2023 5111 vigilia
2050 5062 2130 5099 ve-

2233 4738 2383 4803 nerit,
2412 4737 2564 4803 beati.
2600 4735 2826 4803 Vulg.ret
2847 4740 2890 4789 si
2916 4739 3112 4803 venerit
3134 4740 3182 4787 in
3200 4734 3621 4803 secundavigilia,
3644 4733 3823 4803 et_si__i_rt

2236 4796 2379 4850 tertia
2410 4801 2575 4863 vigilia
2594 4796 2809 4856 venerit.
2835 4808 2886 4851 et
2913 4802 2979 4849 ita
3005 4802 3267 4857 invenerit,
3294 4800 3429 4863 beati
3456 4796 3571 4848 sunt
3589 4796 3818 4863 serviilli.

2232 4863 2316 4975 re:
2337 4859 2673 4988 ξιξῶἒῇιιετει
2694 4863 2943 4926 perfodiri.
2966 4865 3085 4914 Mm.
3105 4864 3237 4913 sinet
3256 4861 3507 4925 perfodiri.
3535 4859 3673 4925 Vulg.
3695 4861 3822 4909 sine-

2371 4940 2398 4973 e
2512 4940 2545 4973 ι.

2246 4983 2505 5116 algam
2538 4991 2655 5040 Mm.
2691 4994 2736 5039 et
2760 4989 2865 5040 Gat.
2900 4989 2985 5055 qui
3015 4994 3173 5039 tamen
3205 4986 3429 5040 secundis
3457 4985 3590 5039 curis
3618 4983 3816 5036 habetat

1230 5170 1523 5211 LECTIONES
1542 5170 1746 5212 CODICIS
1768 5162 2179 5211 VINDEBONENSIS
2202 5171 2479 5211 ABEUNTES
2500 5172 2566 5211 ΑΒ
2596 5171 2846 5213 EDITIONE
2876 5172 3143 5213 \‘ULGATA.

586 5260 665 5311 36.
709 5255 997 5305 revertitur.
1062 5248 1143 5302 37.
1178 5251 1465 5313 praecinget
1495 5264 1599 5313 vos,
1649 5256 1698 5299 et
1728 5252 1866 5312 juvet
1904 5251 2010 5299 illos
2047 5249 2123 5299 di-

530 5322 821 5378 scumbere,
866 5323 919 5366 et
959 5315 1194 5378 transiet,
1243 5320 1297 5378 et
1336 5312 1629 5378 ministrabit
1676 5313 1790 5378 illis.
1858 5314 1936 5365 58.
1984 5314 2045 5363 Et
2086 5314 2126 5362 si

530 5385 727 5436 venerit
769 5376 1051 5442 vespertina
1092 5376 1211 5442 liora
1254 5376 1449 5442 vigilia,
1475 5383 1523 5424 et
1572 5378 1634 5424 ita
1688 5377 1937 5442 invenerit
1993 5378 2126 5442 beati

531 5454 703 5499 sunt...
737 5437 1073 5507 quia'juvebit
1104 5438 1225 5507 illos.
1244 5437 1579 5507 discumbere,
1608 5444 1660 5507 et
1691 5440 1926 5507 transiet,
1952 5440 2127 5507 e_t‘n1i_-

531 5499 897 5567 nistrab'tt'lllis;
905 5512 956 5555 et
975 5504 1018 5554 si
1040 5500 1277 5564 secunda,
1304 5505 1357 5549 et.
1378 5502 1419 5549 si
1435 5499 1601 5564 tertia,
1621 5500 1757 5551 beati
1773 5499 1920 5551 sunt.’
1964 5499 2125 5551 39.11-

2232 5250 2314 5300 lud
2344 5257 2507 5300 autem
2533 5253 2728 5314 scitote,
2754 5253 2949 5314 quia....
2974 5251 3129 5313 venit,
3156 5263 3252 5299 non
3287 5252 3479 5301 sineret
3496 5249 3712 5313 perfodiri
3730 5245 3813 5293 do—

2232 5328 2364 5378 gnum
2409 5327 2562 5378 suam.
2628 5315 2707 5363 40.
2749 5318 3054 5375 quoniam...
3107 5320 3345 5378 venturus
3369 5323 3478 5378 gest.
3546 5315 3808 5378 “nantem

2234 5376 2493 5443 Petrus...
2522 5377 2645 5425 hanc
2677 5371 3064 5443 similitudinem,
3093 5390 3152 5443 an
3188 5377 3263 5443 a_d.
3324 5375 3407 5443 ‘42.
3444 5374 3577 5443 Dicit
3594 5371 3811 5443 illizouia‘

2235 5440 2542 5490 estﬁdelis...
2567 5454 2715 5501 quem
2741 5441 3026 5490 constituet.
3051 5437 3057 5439 “
3090 5440 3167 5491 45.
3194 5439 3434 5489 Dominus
3457 5441 3581 5502 ejus,
3608 5437 3811 5487 inveniet

2237 5516 2348 5552 eum
2383 5505 2468 5551 ita.
2535 5501 2613 5551 44.
2641 5502 2813 5553 vobis:
2837 5515 3001 5567 supra.

1883 5608 2251 5666 BLANCIIINI
2279 5610 2511 5667 NOT/E.

611 5710 688 5781 (a)
714 5708 790 5763 Ita
819 5714 873 5761 et
901 5704 1045 5781 cod._
1077 5702 1232 5758 Cant.
1284 5711 1347 5777 τῇ
1394 5702 1655 5781 ἑστξερινῇ.
1699 5732 1768 5742 —-
1799 5702 1874 5781 (ὁ)
1924 5704 2086 5781 Addit
2114 5706 2257 5781 ejus,
2291 5706 2458 5781 etiam,
2486 5707 2741 5781 tcx._Gr.
2783 5710 2956 5781 αὐτοῇ
2990 5706 3137 5781 ΔΙὺίά.
3178 5721 3298 5763 cum
3330 5705 3544 5773 eodem,
3585 5701 3801 5765 inveniet,

541 5774 763 5857 ιὺῥήὲηι.
804 5805 875 5818 -
899 5774 975 5847 (c)
1022 5777 1160 5830 Ante
1213 5774 1371 5844 supra
1397 5814 1412 5840 ,
1460 5774 1618 5830 deest
1659 5774 1901 5846 quoniam
1925 5817 1940 5845 ,
1968 5774 2215 5836 etiamin
2252 5792 2395 5834 vers.
2428 5779 2579 5849 Syr.,
2610 5779 2763 5836 Pet's.
2794 5792 2849 5837 et
2890 5778 3043 5839 Eth.
