3902 6208
64 313 179 372 ’625
1075 310 1526 370 EVANGELIUM
1563 311 1605 369 S.

1778 312 1934 371 [DUM
1975 312 2232 372 LUCAM.
3213 320 3319 376 626

435 428 658 489 CODEX
687 427 1224 489 VERCELLENSIS.
2147 430 2376 488 CODEX
2417 432 2877 493 VERONENSIS.

69 523 150 581 24.
179 522 294 579 los:
329 521 517 579 Intrate
866 541 962 580 vos
989 533 1171 579 autem
1719 520 1813 577 24.
1855 521 2176 579 Contendite
2203 525 2282 579 in-
2551 535 2744 583 euntes
2776 529 2828 581 in
2857 541 2942 581 re—

69 612 155 665 per
178 609 364 668 angus-
862 597 1038 668 proici
1058 595 1209 668 foris.
1721 603 1868 648 trare
1904 609 1999 664 per
2020 610 2118 650 an-
2552 613 2658 668 gno
2688 599 2814 663 Dei,
2848 612 2945 652 vos

70 675 168 721 tum
195 666 380 740 ostium
398 681 424 740 ;Δ
865 666 956 726 29.
986 667 1068 740 Et
1094 667 1309 722 venient
1719 674 1935 740 gustatu
1945 675 2206 740 portam;
2552 666 2732 724 autem
2769 668 2974 740 expelli

66 737 296 807 quoniam
321 736 454 790 mul-
865 741 934 795 ab
963 739 1206 804 Oriente,
1719 739 1847 805 quia
1866 778 1880 798 ,
1905 736 2026 792 dico
2050 738 2223 802 vobis,
2551 740 2647 797 29.
2690 736 2858 796 foras.
2895 743 2959 795 Et
2986 755 3078 797 ve-

68 811 124 873 ti,
148 808 258 862 dico
276 807 448 873 vobis,
863 821 916 867 et
936 809 1197 866 Occiden-
1720 809 1877 862 multi
1903 818 2189 878 quaerent,
2550 812 2704 867 nient
2728 813 2796 867 ab
2817 813 3009 868 Orien-

66 888 330 950 quaerent,
862 893 937 948 te,
960 891 1016 937 et
1043 883 1110 934 ali
1134 879 1296 950 Aqui-
1719 889 1774 935 et
1799 895 1905 934 non
1937 895 2033 950 po-
2553 892 2608 939 te
2628 925 2646 950 ,
2674 894 2728 939 et
2751 883 2908 939 Occi-

65 966 155 1006 nec
179 959 419 1018 poterunt
864 956 1011 1021 lone,
1036 961 1092 1007 et
1111 951 1250 1006 Aus-
1717 959 1919 1006 terunt.
2551 955 2745 1020 dente,
2781 963 2838 1010 et

66 1022 282 1096 introire.
863 1035 981 1090 tro;
1013 1033 1069 1080 et
1095 1024 1332 1079 discum-
1719 1021 1811 1076 25.
1855 1021 1933 1095 (a)
1974 1024 2052 1080 Ex
2083 1039 2191 1096 quo
2219 1040 2338 1082 sur-
2554 1027 2855 1096 Aquilone,
2880 1035 2938 1082 et

64 1093 140 1168 25.
177 1091 300 1168 Cum
328 1102 506 1150 autem
858 1097 990 1153 bent
1016 1096 1068 1150 in
1098 1110 1220 1168 [εει
1247 1165 1284 1168 Α
1719 1091 1923 1168 rexerit
1957 1096 1996 1168 -ι-
2023 1091 2127 1151 Pal
2553 1091 2788 1165 Austro;
2822 1091 2878 1154 et

65 1165 316 1237 intraverit
857 1171 951 1226 50.
995 1182 1064 1221 no
1096 1166 1214 1222 Dei.
1244 1165 1315 1222 Et
1339 1180 1428 1222 ec-
1721 1164 2072 1237 terfamili'as,
2555 1164 2874 1225 recumbent
2901 1169 2956 1224 in

63 1235 346 1311 Paterfami-
367 1306 381 1311 _
859 1255 922 1295 ce
944 1246 1070 1294 sunt
1093 1255 1209 1311 [ιο-Α
1720 1246 1775 1291 et
1798 1239 2020 1294 cluserit
2058 1235 2065 1237 “
2552 1257 2724 1311 regno
2755 1241 2870 1297 Dei.

62 1308 167 1374 lias,
195 1318 246 1363 et
267 1306 446 1363 adclu-
861 1311 1092 1374 vissimi,
1123 1309 1215 1379 qui
1719 1311 1949 1375 ostium,
1980 1319 2037 1366 et
2551 1306 2643 1368 5οἶ
2686 1312 2753 1367 Et
2782 1327 2911 1368 ecce
2939 1322 3066 1368 sunt

61 1381 175 1454 serit
196 1381 382 1454 ostium
408 1421 424 1446 ,
859 1391 1020 1438 erunt
1051 1380 1206 1454 primi
1226 1398 1258 1454 ;_
1720 1379 1992 1454 incipietis
2032 1381 2163 1439 foris
2552 1383 2866 1450 novissimi,
2900 1385 2993 1454 qui

63 1459 108 1528 et
133 1451 386 1528 incipietis
863 1464 918 1511 et
941 1460 1076 1528 sunt
1105 1451 1285 1521 primi,
1718 1461 1897 1528 stare,
1927 1453 2091 1528 (b)7et
2115 1454 2235 1525 pul—
2553 1467 2713 1511 erunt
2742 1451 2935 1528 primi;

61 1522 172 1598 toris
194 1534 375 1598 stare,_
485 1594 497 1598 Α
863 1525 952 1598 qui
979 1527 1200 1598 luerunt
1719 1537 1844 1578 sare
1871 1522 1946 1596 σπη’
1972 1522 2155 1598 dicen-
2553 1536 2610 1582 et
2639 1522 2765 1582 sunt
2796 1527 2988 1596 primi,

64 1594 294 1668 dicentes
309 1612 330 1668 :_
345 1593 594 1660 Domine,
861 1593 1172 1668 novissimi.
1239 1664 1271 1668 __
1719 1603 1840 1668 tes:
1875 1593 1951 1668 (ε)
1984 1595 2091 1650 Do-
2553 1598 2645 1668 qui
2671 1593 2836 1654 erunt
2865 1612 2963 1654 no—

65 1665 189 1734 aperi
215 1664 364 1720 nobis
388 1671 427 1736 ξ]
859 1669 950 1725 51.
993 1667 1194 1723 Eadem
1220 1664 1309 1721 die
1333 1678 1422 1722 ac-
1719 1664 1898 1733 mine,
1933 1664 2115 1723 Domi-
2555 1664 2790 1732 vissimi,

63 1745 108 1812 et
132 1751 336 1812 respon-
860 1747 1160 1812 cesserunt
1721 1741 1882 1812 ne_-l-,
1913 1741 2063 1807 aperi
2555 1742 2646 1797 51.
2687 1741 2742 1795 lu
2772 1742 2886 1812 ipsa
2915 1757 3011 1796 au-

65 1807 195 1882 dens,
219 1807 397 1868 dicet:
861 1811 1078 1882 quidam
1106 1809 1244 1864 Pha-
1722 1807 1918 1864 nobis:
1951 1819 2006 1865 et
2040 1827 2127 1867 re-
2557 1823 2662 1868 tem
2695 1807 2902 1868 die'ac-

65 1879 341 1956 Nes_cio_v_os
861 1879 1191 1956 risaeorum,
1201 1953 1211 1956 _
1721 1882 1995 1956 spondens
2011 1925 2026 1950 ,
2554 1895 2839 1956 cesserunt
2874 1885 2995 1956 qui-

69 1952 185 2006 unde
208 1951 317 2006 sitis
349 1968 364 2005 :
863 1955 1109 2010 dicentes
1135 1952 1215 2007 illi
1243 1969 1261 2006 :
1724 1953 1904 2008 dicet:
2555 1955 2680 2011 dam
2706 1951 2897 2011 Phari;

67 2021 142 2076 9.6.
161 2033 289 2095 tunc
316 2023 548 2095 incipie-
864 2025 1112 2092 Discede,
1142 2034 1195 2080 et
1222 2038 1312 2078 va-
1723 2023 1918 2080 Nescio
1948 2041 2045 2080 vos
2557 2044 2830 2092 saeormn,
2871 2027 2955 2083 di—

67 2095 127 2166 tis
147 2093 304 2166 dicere
331 2113 344 2150 :
428 2093 441 2095 ’
865 2100 932 2153 de
959 2097 1116 2159 hinc;
1143 2110 1279 2166 quo-
1723 2096 1870 2150 unde
1895 2097 2014 2152 sitis
2041 2116 2054 2150 :
2557 2108 2744 2155 centes
2774 2100 2854 2154 illi
2881 2118 2896 2153 :

68 2163 317 2221 Manduca-
865 2170 1010 2223 niam
1042 2163 1214 2222 Hero-
1725 2168 1815 2222 26.
1851 2177 1979 2223 tunc
2007 2169 2144 2224 inci-
2561 2170 2662 2226 Exi
2684 2213 2698 2235 ,
2725 2180 2780 2226 et
2807 2169 2947 2225 vade

67 2235 215 2290 vimus
229 2252 414 2313 coram
864 2241 962 2313 des
991 2241 1109 2294 vult
1135 2249 1192 2313 te
1297 2309 1318 2313 _
1727 2239 1889 2313 pictis
1925 2240 2147 2296 dicere:
2564 2242 2726 2308 hinc;
2759 2242 2882 2313 quia

65 2315 135 2363 te.
159 2319 204 2362 et
229 2309 482 2376 bibimus;
863 2312 953 2366 52.
998 2311 1266 2366 occidere.
1297 2309 1379 2380 lp-
1729 2311 2069 2366 Manducavi-
2567 2309 2814 2370 Herodes

65 2387 110 2431 et
131 2379 176 2432 in
210 2382 421 2450 plataeis
863 2398 925 2439 se
951 2393 1129 2438 autem
1158 2380 1240 2436 di-
1330 2379 1335 2380 “
1729 2397 1851 2437 mus
1880 2397 2064 2437 coram
2569 2386 2686 2440 vult
2717 2395 2769 2440 te

66 2451 236 2505 nostris
259 2450 352 2507 do-
861 2457 940 2510 xit
965 2461 1044 2510 eis
1068 2472 1081 2508 :
1115 2453 1261 2507 Eun-
1731 2463 1813 2518 te,
1842 2463 1896 2508 et
1921 2454 2188 2522 bibimus;
2567 2457 2841 2513 occidere.

65 2521 138 2575 27.
174 2523 335 2578 cuisti.
369 2524 437 2580 Et
462 2525 546 2582 di-
863 2537 977 2593 tes,
1005 2526 1244 2581 indicate
1728 2535 1814 2591 et,
1849 2527 1900 2580 in
1928 2528 2120 2592 plateis
2146 2521 2249 2582 no-
2567 2529 2658 2586 52.
2701 2529 2768 2584 Et
2803 2528 2880 2583 ait
2906 2526 3015 2584 illis

67 2602 135 2667 cet
156 2595 292 2650 vobis
317 2613 330 2649 :
361 2597 502 2653 Nes-
862 2598 1010 2667 vulpi
1036 2597 1220 2667 huic;
1728 2599 1855 2651 stris
1882 2597 2134 2653 docuisti.
2566 2599 2723 2656 Jcsus
2752 2617 2765 2652 :
2799 2600 2876 2656 Ite
2895 2641 2913 2665 ,

66 2665 136 2742 cio
161 2680 250 2742 vos
260 2667 413 2742 unde
862 2665 1007 2742 Ecce
1030 2669 1170 2724 eicio
1193 2666 1322 2721 dae-
1727 2668 1819 2742 27.
1864 2668 1932 2724 Et
1957 2669 2101 2726 dicet
2123 2685 2217 2727 vo—
2566 2671 2731 2727 dicite
2760 2673 2904 2742 vulpi

62 2735 197 2791 sitis:
221 2737 442 2794 discedi-
861 2741 1044 2795 monia
1064 2782 1078 2805 ,
1103 2748 1158 2795 et
1181 2753 1270 2793 sa-
1728 2740 1813 2795 bis
1847 2758 1861 2794 :
1891 2742 2083 2796 Nescio
2112 2759 2215 2798 un-
2567 2744 2647 2798 illi
2673 2763 2686 2798 :
2718 2735 2862 2799 Ecce

60 2816 104 2861 te
127 2823 150 2859 a
174 2823 249 2864 me
273 2810 288 2839 ¹
311 2826 502 2868 omnes
862 2813 1062 2867 nitates
1093 2825 1216 2880 per-
1729 2810 1799 2866 de
1827 2815 1959 2868 estis
1989 2829 2003 2866 :
2037 2815 2215 2871 disce-
2566 2815 2706 2871 eicio
2749 2815 2969 2869 daemo-

59 2881 254 2953 operarii
279 2881 379 2938 ini-
862 2884 984 2940 ﬁcio
1015 2883 1177 2938 hodie
1197 2924 1212 2948 ,
1729 2883 1840 2938 dite
1862 2900 1890 2936 a
1914 2900 1999 2938 me
2021 2899 2138 2940 om-
2567 2887 2655 2941 nia
2674 2929 2688 2953 ,
2720 2895 2774 2941 et
2800 2886 2946 2940 sani-

59 2949 132 3026 28_.
168 2953 391 3026 quitatis.
414 2958 436 2986 ²
467 2955 603 3012 Illic
863 2967 920 3012 et
948 2970 1100 3019 cras,
1130 2963 1185 3008 et
1210 2953 1299 3010 die
1731 2969 1830 3026 nes
1853 2957 2089 3025 operarii
2571 2949 2708 3012 tates
2740 2956 2902 3026 perti-

59 3021 143 3076 erit
168 3021 343 3097 ﬂetus,
866 3028 1027 3082 tertia
1056 3040 1311 3097 consum-
1729 3025 1821 3080 28.
1857 3021 2174 3097 iniquitatis.
2203 3029 2280 3086 lbi
2567 3032 2653 3085 cio
2682 3021 2876 3092 hodie,

60 3104 103 3168 et
125 3095 300 3152 stridor
327 3097 458 3155 den-
864 3099 953 3155 55.
999 3113 1138 3153 mor.
1174 3096 1283 3154 Sed
1310 3111 1486 3168 opor-
1731 3098 1836 3152 erit
1859 3095 2016 3154 ﬂetus
2036 3140 2052 3165 ,
2085 3113 2139 3156 et
2567 3109 2624 3156 et
2653 3115 2774 3155 cras
2794 3143 2810 3166 ,
2839 3110 2891 3155 et

64 3165 205 3220 tium:
867 3179 944 3226 tet
973 3185 1059 3225 me
1089 3171 1282 3237 hodie,
1346 3165 1365 3168 “
1731 3170 1933 3224 stridor
2569 3171 2728 3226 tertia
2759 3170 2848 3226 die

64 3251 161 3291 cum
181 3240 410 3298 videritis
863 3255 915 3298 et
936 3257 1090 3306 cras,
1116 3253 1170 3296 et
1196 3241 1247 3295 in
1278 3241 1422 3296 futu-
1731 3240 1976 3296 dentium
2001 3260 2014 3294 :
2566 3257 2939 3298 consummor.

67 3308 328 3385 abraham,
357 3325 412 3370 et
863 3330 1020 3379 rum;
1052 3313 1308 3384 quoniam
1337 3327 1444 3367 non
1730 3326 1854 3385 eum
1887 3314 2138 3385 videritis
2565 3316 2658 3374 55.
2699 3315 2886 3380 Abite;
2917 3313 3042 3385 quia

67 3379 176 3447 lsac,
203 3397 249 3438 et
267 3384 452 3453 Jacob,
863 3379 1082 3454 Oportet
1107 3385 1239 3438 Pro-
1730 3384 2008 3440 Abraham
2027 3427 2042 3450 ,
2567 3403 2677 3441 non
2703 3379 2919 3454 Oportet

69 3460 115 3526 et
135 3470 299 3511 omnes
327 3456 457 3513 Pro-
865 3458 1082 3526 phetam
1114 3455 1252 3525 peri-
1731 3464 1787 3526 et
1812 3455 1958 3520 Isne,
1985 3469 2042 3512 et
2567 3457 2896 3526 Prophetam

71 3523 230 3587 phetas
250 3527 332 3584 Dei
359 3530 441 3585 in-
866 3523 928 3584 re
956 3523 1123 3583 extra
1143 3527 1270 3582 Hie-
1729 3525 1928 3592 Jacob.
1957 3537 2013 3584 et
2566 3523 2746 3592 perire
2773 3538 2925 3584 extra

73 3600 310 3656 troeuntes
863 3601 1123 3655 rusaletn.
1731 3613 1923 3654 omnes
1950 3601 2081 3656 Pro—
2569 3600 2929 3656 Hierusalem.

72 3664 114 3718 in
141 3683 281 3740 regno
306 3671 432 3739 Dei,
866 3672 956 3727 54.
999 3670 1370 3737 Hierusalem,
1730 3669 1924 3742 plietas
1954 3673 2125 3729 intro-
2567 3673 2659 3726 54.
2701 3671 3044 3728 Hierusalem
3066 3711 3081 3736 ,

1353 3793 1589 3849 CODEX
1629 3792 1910 3852 BRIXIAN
1917 3795 2020 3854 US.

73 3885 184 3965 illos.
209 3890 554 3952 Contendite.
585 3895 788 3950 intrare
819 3910 918 3965 per
948 3899 1227 3964 angustam
1261 3901 1468 3960 portam
1503 3891 1628 3947 dico
1733 3895 1933 3964 expelli
1957 3896 2120 3952 foras.
2155 3897 2222 3952 Et
2248 3899 2468 3954 venient
2493 3898 2562 3952 ab
2583 3898 2807 3953 Oriente
2833 3905 2887 3950 et
2911 3893 3226 3952 Occidente.
3275 3903 3332 3948 et

74 3961 211 4017 vobis.
255 3968 374 4034 quia
430 3966 595 4022 multi
647 3961 914 4036 quaerunt
966 3961 1166 4037 intrare
1219 3972 1278 4037 et
1331 3980 1436 4018 non
1476 3974 1627 4037 pote—
1735 3961 2096 4037 ah'Aquilone
2125 3979 2180 4023 ct
2213 3975 2432 4024 Austro.
2487 3979 2542 4024 et
2571 3968 2913 4024 discumbent
2941 3969 2991 4019 in
3017 3979 3182 4034 regno
3210 3965 3328 4019 Dei.

72 4043 183 4086 runt.
211 4037 335 4092 Cum
385 4052 575 4094 autem
627 4035 908 4092 intraverit
958 4035 1368 4092 Paterfamilias.
1401 4045 1456 4089 et
1486 4036 1632 4089 clau-
1739 4037 1807 4092 Et
1834 4035 1961 4093 ecce
1990 4049 2116 4094 sunt
2145 4041 2195 4094 in
2237 4042 2548 4096 noviSsimis
2593 4042 2680 4105 qui
2718 4048 2878 4094 erunt
2921 4037 3096 4105 primi.
3141 4048 3193 4091 et
3235 4039 3331 4104 qui

74 4106 176 4182 serit
213 4110 428 4182 ostium.
475 4109 751 4180 incipietis
801 4111 928 4163 foris
966 4116 1136 4182 rstare.
1187 4119 1263 4182 et‘
1289 4107 1503 4182 puISare
1545 4124 1634 4161 os-
1738 4119 1864 4164 sunt
1895 4113 2048 4178 primi
2075 4124 2234 4167 erunt
2261 4111 2558 4166 novissimi.
2595 4111 2780 4182 lnipsa
2809 4109 3119 4182 auten-die.
3146 4121 3333 4182 arces-

75 4171 193 4254 ἔί,⁸¹¹¹¹·
230 4181 513 4254 dicentes-7
544 4171 614 4254 (cl
677 4183 899 4235 nomine
961 4181 1180 4254 Domine
1237 4171 1303 4254 ὴξί
1330 4179 1477 4247 aperi
1533 4195 1632 4254 no-
1739 4171 1928 4254 serunt
1973 4183 2038 4237 ad
2087 4198 2210 4238 eum
2255 4184 2468 4252 quidam
2504 4198 2570 4237 ex
2615 4171 2919 4236 Plfarisaeis
2947 4180 3190 4254 dicentes
3224 4178 3325 4254 ῑιῃ.

72 4242 152 4324 bjS_.
190 4261 239 4304 et
285 4242 628 4324 respondens
679 4253 821 4306 dit-et
877 4252 1047 4324 vobis.
1103 4242 1293 4324 Nescio
1343 4242 1438 4303 vos
1493 4249 1634 4304 unde
1743 4253 1838 4307 Exi
1867 4265 1921 4308 et
1948 4254 2083 4308 vade
2114 4242 2408 4324 liinc.'quia
2447 4255 2686 4308 llerndes
2714 4257 2829 4306 vult
2865 4261 2920 4307 te
2966 4249 3227 4324 occidere
3265 4249 3332 4303 Et

74 4317 184 4403 filis.
231 4317 389 4403 _tunc'
419 4323 690 4392 incipietis
737 4325 916 4403 dicere
963 4321 1412 4403 Mandticavimus
1450 4337 1630 4403 cura-tu
1739 4327 1814 4378 ait
1843 4325 1949 4403 illis
1974 4325 2148 4380 JPSIIS.
2179 4327 2256 4381 Ite
2283 4317 2334 4380 et
2361 4327 2526 4380 dicite
2559 4325 2701 4403 vulpi
2727 4325 2832 4403 illi.
2871 4325 3008 4379 Ecce
3032 4321 3169 4376 eicio
3197 4320 3326 4403 dae.

75 4394 111 4474 If
147 4401 195 4445 et
230 4393 478 4474 bibimus.
531 4407 587 4474 et
643 4397 694 4448 in
752 4395 943 4474 plateis
999 4395 1208 4474 nostris.
1257 4392 1508 4474 docuisti.
1565 4392 1634 4447 Et
1740 4397 1942 4474 monia.
1973 4409 2027 4451 et
2053 4399 2314 4452 sanitates
2344 4400 2580 4474 perﬁcio.
2635 4392 2794 4451 hodie
2819 4406 2872 4452 et
2913 4410 3051 4450 cras.
3091 4404 3145 4449 et
3172 4392 3329 4474 tertia

74 4458 183 4513 dicet
211 4469 378 4521 vobis.
426 4467 628 4521 Nescio
659 4458 763 4521 vos
791 4467 934 4520 unde
968 4468 1107 4520 sitis.
1159 4465 1421 4536 discedite
1474 4479 1502 4517 a
1548 4479 1633 4517 mc
1740 4469 1829 4522 die
1878 4474 2298 4523 consummatior
2345 4458 2728 4524 Verumtamen
2771 4477 2986 4536 oportet
3015 4481 3119 4521 me.
3171 4463 3334 4536 hodie

75 4545 230 4609 "'"_"_es
257 4539 346 4607 (ιιιί
374 4539 678 4608 operamini
705 4539 1060 4605 iniquitatem.
1114 4536 1186 4609 lbi
1233 4538 1336 4591 erit
1372 4535 1547 4609 tletus.
1580 4544 1634 4589 et
1741 4550 1794 4593 et
1823 4554 1963 4594 cras.
1997 4553 2052 4594 et
2077 4541 2323 4608 sequenti
2353 4541 2652 4595 ambulare.
2685 4535 2942 4609 quianon
2971 4548 3056 4592 est
3076 4535 3330 4609 possibile

73 4604 242 4682 stridor
271 4604 966 4682 dentium._cum‘videritis
987 4607 1262 4682 Abraham
1300 4617 1354 4660 et
1382 4607 1549 4661 Isaac.
1579 4615 1636 4661 et
1742 4612 2066 4680 PrOpbetam
2113 4604 2290 4682 perire
2343 4622 2494 4667 extra
2545 4604 2906 4667 Hierusalem.
2968 4604 3326 4665 Hierusalem.

73 4670 228 4732 Jacob.
255 4689 310 4735 et
336 4697 536 4738 omnes
559 4680 858 4750 Pr0pltetas
880 4681 934 4735 in
962 4695 1129 4749 regno
1157 4679 1271 4735 Dei.
1314 4694 1410 4733 vos
1455 4688 1634 4732 autem

1311 4769 1541 4829 CODEX
1571 4769 2040 4828 CORBEIENSIS.

129 4866 208 4945 ἓξ.
247 4871 449 4928 intrare
476 4888 579 4942 per
607 4881 894 4945 angustum
924 4871 1143 4945 ostium.
1814 4868 1905 4924 55.
1946 4866 2024 4925 Ite
2049 4885 2064 4934 ;
2094 4867 2217 4939 quia
2251 4881 2358 4922 non
2379 4865 2526 4938 capit
2551 4864 2898 4938 Proplietam,
2929 4872 3034 4920 etc.

131 4938 206 4995 52.
246 4951 298 4998 et
321 4938 576 5016 sequenti
602 4938 1046 5002 consummabor.

1260 5029 1658 5090 VARIANTES
1692 5026 2094 5085 LECTIONES.

74 5155 76 5158 ν
127 5130 139 5156 ι
173 5129 270 5196 ϐω.
303 5145 478 5182 omnes
511 5134 782 5196 cperamini
815 5133 1116 5195 iniquitates.
1156 5133 1274 5181 Mm.
1309 5143 1516 5196 omnes,
1552 5129 1637 5192 qui
1807 5129 1827 5158 ³
1863 5127 1970 5178 Gal.
1994 5130 2041 5177 et
2056 5128 2175 5178 Mm.
2195 5124 2290 5176 Ubi
2308 5127 2422 5175 erit.
2442 5126 2623 5176 recenti
2637 5136 2800 5188 manu,
2820 5123 2941 5176 illic.
2968 5123 3113 5190 Vulg.
3135 5124 3210 5175 Ibi
3224 5127 3337 5177 erit.

73 5195 312 5248 0veremini
332 5193 635 5259 iniquitates.
668 5196 812 5262 Vulg.
837 5193 1008 5245 omnes
1023 5195 1236 5260 Operarii
1260 5193 1542 5257 iniquitatis.

753 5293 1046 5334 LECTIONES
1070 5291 1274 5334 CODlClS
1298 5289 1708 5331 VINDEBONENSIS
1728 5289 2006 5330 ABEUNTES
2027 5289 2093 5328 ΑΒ
2119 5289 2362 5330 ευιτιοκε
2387 5288 2646 5328 νυωΛτΑ.

126 5371 198 5438 ii.
219 5379 582 5438 perangustum
607 5374 818 5438 ostium;
844 5373 956 5438 quia
974 5372 1082 5422 dico
1104 5372 1242 5438 vobis
1265 5370 1448 5438 :_m_ulti
1490 5381 1643 5438 qu_ae-
1752 5376 1923 5438 tatem.
1970 5366 2772 5438 728._l_’ropb_etasintroeuntesjp
2803 5378 2980 5438 regno.
3161 5367 3214 5413 et
3256 5376 3340 5415 re-

77 5440 172 5482 runt
189 5431 409 5497 intrare:
453 5435 533 5486 25.
560 5441 610 5484 et
634 5435 838 5497 cluserit
864 5431 1039 5485 ostium
1064 5471 1077 5490 ,
1123 5440 1176 5497 et
1212 5431 1644 5497 inicipietis...'7Do-
1752 5431 2001 5497 cutnbent.
2037 5431 2142 5497 _5l.
2171 5431 2365 5494 quidam
2389 5431 2628 5481 dicentes.
2695 5431 2772 5480 52.
2795 5435 2848 5477 et
2870 5431 3340 5497 sequenticonsume

79 5497 190 5544 mine
211 5535 223 5559 ,
248 5496 515 5547 Domine...
548 5498 712 5548 dicet:
748 5496 926 5546 Nescio
959 5487 1074 5559 vos.
1136 5496 1215 5547 26.
1253 5487 1645 5559 Manducaliimus
1751 5507 1874 5545 mor.
1939 5487 2559 5559 55.Deest,it‘erumtamen
2579 5500 2773 5557 oportet
2793 5504 2874 5540 me
2898 5487 3128 5547 hodie,et
3148 5496 3342 5549 eras,et

80 5556 218 5608 caram
240 5565 352 5610 te...
377 5559 572 5620 Nescio,
598 5560 730 5610 unde
755 5561 880 5610 sitis.
946 5558 1024 5609 27.
1046 5559 1130 5623 qui
1168 5560 1438 5621 operamini
1465 5557 1642 5620 iniqui-
1750 5558 1979 5618 sequenti
2018 5557 2101 5606 die
2117 5556 2386 5606 ambulare.

1352 5659 1720 5716 BLANCHINI
1744 5659 1971 5716 NOTAE.

147 5751 310 5835 (αῌω
341 5763 398 5808 et
422 5762 528 5835 tex.
555 5755 653 5835 Gr.
681 5754 828 5833 ἀφόὗ
855 5753 914 5812 ἂν
941 5759 1226 5835 ἆγερθῇ.-
1251 5754 1331 5826 (b)
1362 5754 1493 5810 Post
1518 5755 1747 5824 pulsare,
1777 5753 1931 5808 deest
1951 5755 2158 5819 ostium,
2191 5755 2350 5809 etiam
2382 5754 2434 5806 in
2462 5753 2584 5806 cod.
2611 5749 2767 5804 Cant.
2800 5745 2962 5816 --(c)
2985 5745 3194 5798 Textus
3214 5763 3322 5818 quo

87 5838 176 5891 que
211 5824 301 5881 Gr.
335 5829 566 5897 geminat
590 5824 758 5909 κύριὲ.
