3902 6208
73 239 171 296 6Ξ9

63 451 353 508 discumbat

64 525 111 578 in
138 525 307 594 primo
334 525 415 580 lo-

60 610 120 650 co
139 636 152 660 ,
183 611 246 650 ne
272 594 413 652 forte

60 665 361 722 honoratior

60 748 106 792 te
133 740 315 808 aliquis
344 739 414 794 sit
443 740 525 795 in-

60 809 106 868 9.
144 811 354 873 vitatus,
381 821 441 866 et

54 884 282 942 veniens.
311 883 403 950 qui

56 962 121 1012 te.
154 955 168 983 ³
199 964 250 1007 et
279 952 427 1012 illum

58 1025 305 1091 invitavit,

56 1097 182 1150 dicat
206 1097 296 1150 tibi
333 1117 348 1153 :
385 1101 466 1156 Da

57 1167 167 1221 huic
195 1169 368 1225 locum
393 1188 409 1236 ;

56 1250 100 1294 et
124 1247 242 1294 tunc
269 1242 401 1298 inci-

56 1311 153 1379 pies
180 1326 296 1368 cum
327 1329 460 1372 con-

56 1383 246 1436 lusione
276 1401 373 1442 no-

55 1455 311 1512 bissimum

58 1528 212 1580 locum
240 1529 374 1584 deti-

57 1612 186 1652 nere.

61 1670 132 1722 10.
169 1670 268 1728 Sed
292 1690 415 1730 cum
443 1671 589 1730 invi-

63 1749 179 1794 tatus
204 1744 365 1802 fueris
384 1790 400 1812 ,

65 1813 176 1867 vade
193 1857 208 1883 ,
234 1825 288 1872 et
319 1817 433 1873 dis-

66 1887 226 1944 cumbe
253 1888 306 1942 in

67 1958 328 2017 novissimo

69 2027 197 2094 loco;
225 2043 276 2086 ut
299 2076 314 2101 ,
346 2047 473 2090 cum

69 2103 277 2175 venerit,
307 2106 400 2175 qui

72 2180 116 2225 te
142 2173 260 2228 invi-

71 2244 201 2311 tavit,
231 2246 371 2303 dicat
396 2266 409 2303 :

69 2313 247 2382 Amice,
281 2334 431 2376 acce-

69 2385 125 2460 de
150 2392 406 2460 superius.

70 2457 197 2513 Tunc
213 2457 325 2516 erit

67 2530 210 2596 gloria
240 2533 328 2588 libi

70 2614 224 2656 coram
251 2605 360 2660 dis-

71 2675 339 2732 cumbenti-

73 2743 144 2796 11.
181 2745 271 2802 bus
289 2765 308 2822 A;
341 2749 552 2822 quani-

73 2829 142 2868 am
168 2820 331 2876 omnis
349 2820 374 2888 ζ
481 2838 488 2848 '

75 2889 146 2952 qui
175 2893 363 2948 exaltat

77 2972 144 3022 se,
167 2959 330 3018 humi-

79 3028 289 3098 liabitur,
311 3048 365 3091 et

76 3101 152 3166 qui
174 3118 226 3158 se
255 3105 427 3163 humi-

78 3171 284 3244 liaberit,
314 3181 456 3236 exal-

82 3244 270 3302 labitur.

84 3313 155 3366 l2.
193 3319 404 3377 Dicebat
427 3338 535 3378 an-

84 3392 172 3440 tem
195 3399 242 3444 et
267 3393 399 3447 invio

85 3461 220 3514 tatori
245 3480 256 3514 :
285 3465 417 3521 Cum

89 3524 226 3607 iacies
253 3549 410 3603 pran-

87 3597 226 3667 dium,
246 3597 292 3660 et
319 3624 408 3664 ce-

85 3685 207 3741 nam,
233 3679 335 3734 noli
365 3681 458 3735 in-

1112 245 1560 307 EVANGLIUM
1600 248 1969 310 SECUNDUM
2008 253 2264 316 LUCAM.
3234 263 3339 320 650

445 360 678 418 (ΣΟοεί
721 359 1253 422 VERCELLENSIS.

877 455 1050 512 vitare
1081 459 1216 512 ami-

877 543 992 591 cos,
1025 545 1200 599 neque

880 599 1078 656 fratres
1109 611 1190 655 tu-

875 685 959 740 os,
993 671 1088 727 sed
1119 689 1221 729 nec
1246 673 1327 728 vi-

875 744 1049 816 cinos.
1077 743 1154 816 (α)
1187 759 1289 802 nec
1313 744 1355 816 -ι-
1379 743 1456 800 di-

876 815 1054 880 vites;
1090 815 1157 870 ne
1180 816 1289 872 for-

877 895 931 940 te
953 897 1007 940 et
1028 887 1130 956 ipsi
1159 897 1210 943 te

881 960 1135 1022 invitent,

879 1041 933 1083 et
965 1031 1050 1082 liat
1077 1029 1200 1084 red-

879 1101 1013 1156 ditio
1045 1101 1140 1156 tibi
1171 1119 1185 1154 :

883 1173 968 1226 15.
1011 1172 1129 1234 sed,
1163 1188 1286 1228 cum
1317 1172 1446 1230 faci-

881 1259 944 1299 es
973 1245 1282 1313 prandium,
1309 1246 1391 1300 in-

878 1315 986 1370 vita
1016 1331 1217 1385 paupe-

878 1402 988 1452 res,
1021 1387 1174 1442 debi-

879 1458 981 1524 les,
1014 1499 1026 1510 .
1063 1497 1077 1511 .
1106 1459 1242 1514 odos
1267 1500 1281 1523 ,

878 1531 967 1586 11.
1010 1540 1064 1583 et
1096 1545 1287 1586 caecos
1313 1549 1326 1586 :
1359 1537 1417 1588 et
1439 1531 1567 1587 bea-

880 1610 966 1655 tus
993 1603 1123 1668 eris,
1157 1604 1282 1671 quia

878 1687 982 1728 non
1012 1671 1216 1728 habent

881 1743 1022 1799 unde
1050 1745 1242 1799 redde-

880 1831 938 1870 re
967 1816 1061 1869 tibi
1085 1832 1099 1880 ;
1131 1815 1258 1871 red-

879 1887 1038 1942 detur
1068 1889 1212 1942 enim

883 1959 976 2013 tibi
1009 1959 1061 2012 iit
1094 1973 1275 2014 resur-

882 2030 1124 2086 rectione

877 2101 1172 2170 justorum.

885 2173 972 2228 15.
1014 2173 1255 2229 Audiens
1281 2188 1375 2228 au-

884 2255 988 2300 tem
1020 2246 1240 2312 quidam

881 2333 947 2371 ex
975 2316 1213 2374 discum-

883 2389 1135 2443 bentibtts

886 2459 1041 2521 haec.
1075 2459 1211 2514 dixit
1239 2460 1301 2514 il-

884 2531 920 2585 li
947 2548 960 2584 ;
994 2530 1214 2595 Beatus,
1246 2535 1334 2602 qui

883 2603 1239 2659 manducave-

884 2675 954 2728 rit
983 2690 1177 2743 panem

883 2746 935 2800 in
968 2761 1135 2809 regno
1169 2745 1282 2800 Dei.

886 2817 976 2872 16.
1021 2816 1122 2882 Qui
1161 2817 1234 2887 (b)
1266 2819 1402 2874 dixit
1429 2819 1511 2888 1':

886 2889 1059 2942 Homo
1090 2889 1310 2956 quidam

887 2960 1014 3015 fecit
1043 2975 1234 3014 cenam

886 3047 1158 3102 magnam,
1189 3040 1246 3086 et

889 3104 1134 3158 invitavit
1161 3105 1300 3157 mul-

891 3177 977 3229 17.
1011 3184 1131 3239 tos;
1167 3185 1219 3229 ct
1243 3175 1392 3230 misit

887 3261 1103 3302 SCI‘VUII]
1131 3261 1221 3300 SU-

890 3335 976 3372 ttm
1010 3317 1140 3373 hora
1173 3333 1262 3375 ce-

889 3406 1011 3456 nae,
1039 3390 1224 3446 dicere

889 3461 1130 3534 invitatis
1161 3479 1173 3514 :
1201 3461 1278 3534 (c)
1307 3477 1398 3518 ve-

888 3533 1000 3588 nite
1029 3532 1070 3603 -ι-
1088 3574 1103 3599 ,
1136 3532 1328 3602 (ιιιοὴί-

888 3620 974 3658 am
1001 3620 1182 3658 omnia

891 3691 1181 3746 praepara-

1697 2217 1718 2230 .
1749 2177 1912 2240 nerit,
1941 2181 2034 2247 qui

2165 371 2395 431 CODEX
2439 371 2891 436 VERONENSIS.

1739 461 2084 543 discumbere
2573 470 2796 543 amicos
2815 480 2938 528 tuos
2953 514 2968 541 ,

1740 535 1790 612 in
1827 535 2001 604 primo
2572 557 2750 612 neque
2778 535 2976 600 fratres
2992 587 3010 610 ,

1739 606 1860 685 loco
1882 621 2000 685 ;_ne
2573 606 2750 684 neque
2771 606 3034 685 cognatos
3053 658 3069 681 ,

1740 675 1879 731 forte
1907 677 2079 734 hono-
2317 697 2340 722 ‘-‘
2571 675 2747 734 nea-ue
2779 675 2884 734 vici

2571 700 2747 754 neque
2779 701 2990 742 vtcmos
3009 729 3025 753 ,

2571 755 2648 838 (tt)
2679 771 2856 828 neque
2877 758 2918 830 -ι-
2943 758 3025 814 di-

2571 836 2708 881 vites
2733 845 2748 892 ;
2778 844 2846 884 ne

2572 897 2716 954 forte
2742 911 2795 954 et
2820 899 2925 970 ipsi

2574 979 2628 1024 te
2661 971 2980 1037 reinvitent,

2572 1053 2626 1096 et
2657 1041 2758 1096 erit
2793 1041 2890 1097 tibi

2572 1113 2860 1167 retributio
2886 1132 2900 1169 :

2575 1185 2660 1238 15.
2706 1188 2824 1249 sed,
2850 1200 2974 1240 cum

2572 1254 2704 1309 facis
2733 1256 2923 1310 convi-

2573 1327 2740 1390 vium,
2775 1342 2907 1382 voca

2571 1413 2856 1467 pauperes,
2885 1398 2980 1454 de—

1741 749 1910 802 ratior
1938 762 1988 804 te
2017 749 2087 806 sit

1740 819 1794 873 9.
1835 832 2089 890 vocatus,
2122 835 2177 881 et

1738 891 1940 952 veniat.
1977 897 2068 962 qui

1739 969 1815 1028 te,
1840 971 1894 1017 et
1926 964 2079 1020 illum

1741 1035 1975 1099 meavit,
1999 1047 2055 1092 et

1739 1103 1889 1159 dicat
1917 1106 2017 1161 tibi
2042 1127 2054 1162 :

1741 1175 1817 1229 Da
1845 1177 1967 1232 huic
1988 1179 2070 1234 lo-

1740 1261 1893 1312 cum;
1928 1260 1982 1303 et
2006 1252 2090 1305 in-

1741 1319 1906 1386 cipies
1933 1334 2054 1376 cum

1741 1390 1941 1446 rubore
1974 1409 2069 1448 no-

1739 1461 2022 1536 vissimum
2571 1461 2742 1536 biles,
2771 1461 2980 1536 cludos,

1743 1533 1924 1587 locum
1956 1546 2034 1591 te-
2576 1542 2665 1594 14.
2708 1533 2910 1596 caecos
2933 1562 2945 1597 :
2966 1533 3029 1598 vet

1742 1603 1831 1658 10.
1879 1622 2029 1662 nere.
2065 1611 2171 1668 Sed
2575 1613 2768 1666 beatus
2790 1613 2916 1678 erit,

1743 1691 1884 1752 cum‘
1896 1693 2058 1733 voca-
2575 1683 2718 1752 quod
2748 1699 2856 1738 non

1746 1756 1843 1820 tus_
1859 1745 2026 1806 fueris
2047 1797 2062 1820 ,
2577 1745 2779 1808 liabent
2806 1755 2966 1810 retri-

1746 1818 1901 1886 vade,
1935 1837 2024 1876 re—
2050 1818 2056 1820 “
2573 1826 2742 1880 buere
2770 1825 2863 1882 tibi
2888 1843 2903 1892 ;

1745 1892 1938 1946 cumbe
1970 1894 2022 1948 in
2577 1899 2917 1952 retribuetur

1748 1962 2048 2023 nobissimo
2578 1967 2720 2024 enim
2754 1967 2850 2023 tibi

1749 2033 1868 2088 loco
1889 2051 1902 2099 ;
1948 2045 2004 2090 ut
2579 2041 2631 2094 in
2661 2054 2901 2094 resurre-

1745 2119 1868 2180 cnm
1902 2121 1994 2160 ve—
2578 2111 2757 2166 ctione
2783 2111 3073 2180 justorum.

2580 2183 2668 2238 15.
2715 2182 2858 2237 llaec
2885 2197 3009 2237 curn

2580 2253 2860 2309 audissent
2886 2254 3005 2324 qui-

2578 2326 2700 2380 dam
2727 2327 2796 2380 de
2825 2325 2988 2379 simul

2579 2396 2969 2452 discumbenti-

2577 2469 2698 2536 bus,
2731 2469 2986 2522 dixerunt

2580 2540 2660 2594 illi
2694 2557 2706 2592 :
2742 2539 2976 2603 Beatus,

1751 2256 1802 2319 te
1834 2249 2098 2319 invitavit,

1748 2317 1894 2373 dicat
1921 2322 2016 2377 tibi
2044 2343 2057 2377 :

1748 2389 1940 2446 Amice
1956 2436 1970 2458 ,
1999 2409 2188 2451 ascen-

1744 2461 1813 2532 de
1839 2465 2109 2532 superius.

1745 2531 2029 2591 Tuncerit

1747 2603 1842 2658 tibi
1870 2606 2043 2681 gloria
2581 2611 2673 2681 qui
2704 2611 2998 2666 manduca-

1746 2691 1867 2730 cum
1897 2680 2056 2736 simul
2582 2680 2661 2737 bit
2687 2697 2880 2751 panem

1747 2752 2224 2823 recumbentibus;
2586 2754 2638 2806 in
2666 2768 2837 2823 regno
2869 2753 2987 2808 Dei.

1748 2820 1836 2872 11.
1880 2821 2005 2890 quia
2036 2825 2246 2890 omnis,

1747 2893 1873 2960 quia
1901 2908 1958 2945 se
1990 2895 2138 2948 exal-

1749 2971 1845 3026 tat,
1881 2963 2061 3018 humi-

1751 3032 1993 3113 liabitur,
2018 3046 2072 3089 et

1747 3107 1839 3170 qui
1871 3120 1930 3160 se
1957 3107 2135 3160 humi-

1749 3177 1864 3240 liut,
1895 3180 2100 3233 exalta-

2588 2823 2674 2877 16.
2713 2825 2799 2895 Ad
2831 2825 2947 2895 ipse

2585 2895 2660 2966 (ὁ)
2691 2894 2830 2977 dixit
2852 2893 2896 2965 '1-
2927 2913 2941 2950 :
2971 2893 3082 2950 tto-

2583 2980 2672 3020 tuo
2702 2967 2918 3035 quidam

2583 3037 2708 3092 fecit
2735 3051 2927 3092 cenam
2955 3051 3073 3120 ma:

2581 3123 2766 3176 gnam,
2798 3116 2855 3162 et
2883 3114 3101 3163 vocavit

2585 3181 2673 3234 17.
2718 3179 2950 3245 multos;
2979 3187 3036 3235 et
3060 3176 3211 3234 misit

1749 3249 1914 3303 bitur.
2582 3265 2800 3305 servum
2825 3265 2984 3306 suum

1752 3319 1840 3374 12.
1884 3320 2111 3377 Dicebat
2139 3336 2235 3378 au-
2583 3321 2715 3376 hora
2745 3337 2916 3377 cenae
2941 3362 2957 3389 ,

1751 3401 1857 3446 tem
1889 3403 1942 3447 et
1971 3393 2109 3448 invi-
2584 3403 2642 3447 ut
2670 3393 2880 3448 diceret

1751 3464 1912 3517 tatori
1939 3483 1952 3518 :
1979 3464 2116 3518 Cum
2583 3465 2830 3525 invitatis
2861 3482 2874 3517 :

1752 3534 1885 3589 facis
1914 3536 2197 3606 prandium
2583 3535 2656 3618 .(c)
2687 3536 2874 3618 venit?
2901 3536 2959 3608 ‘i‘.

1751 3619 1844 3660 aut
1865 3623 2053 3662 cenant
2072 3649 2088 3674 ,
2577 3617 2687 3676 jam
2713 3617 2957 3678 paratum

1753 3679 1864 3732 noli
1895 3681 2126 3736 invitare
2581 3688 2684 3733 est.

1360 3791 1593 3850 CODEX
1629 3793 2019 3855 BRIXIANUS.

85 3880 382 3956 discumbere
400 3888 466 3943 in
486 3887 658 3956 primo
676 3887 817 3943 loco.
835 3902 900 3941 ne
919 3886 1054 3942 forte
1073 3885 1386 3940 honoratior
1408 3895 1458 3940 te
1481 3888 1548 3940 sit
1572 3888 1653 3941 itt-

86 3952 246 4010 vitatus
261 3959 324 4012 ab
345 3976 439 4014 eo.
466 3952 521 4014 et
538 3959 758 4014 veniens
783 3960 846 4012 is.
866 3960 952 4027 qtti
979 3970 1028 4012 te
1051 3968 1104 4011 et
1125 3957 1275 4011 illum
1297 3959 1556 4011 invitavit.
1576 3962 1654 4012 di-

87 4038 149 4077 cat
178 4030 258 4082 tibi
274 4029 343 4083 Da
366 4032 500 4086 huic
521 4032 716 4085 locum.
734 4041 787 4084 et
803 4040 930 4084 tunc
948 4032 1170 4097 incipies
1191 4045 1310 4081 cum
1327 4031 1650 4083 verecuitdia

91 4099 394 4156 novissimum
421 4104 598 4156 locum
621 4113 828 4156 tenere.
843 4103 948 4157 Sed
964 4117 1085 4160 cum
1103 4111 1323 4154 vocatus
1343 4101 1506 4154 tueris
1520 4102 1651 4157 vade

89 4180 126 4218 et
153 4170 415 4229 discumbo
453 4176 502 4226 itt
537 4174 834 4227 novissimo
868 4173 1007 4227 loco.
1060 4183 1114 4226 ttt
1143 4188 1264 4226 cum
1305 4173 1515 4226 venerit
1559 4174 1647 4242 qtti

92 4248 130 4292 le
153 4241 372 4298 invitavit
401 4245 551 4299 dicat
581 4245 696 4298 tibi.
731 4246 916 4299 Amice
943 4245 1142 4298 accede
1169 4244 1441 4312 superius.
1496 4241 1650 4300 Tu’nc

91 4314 167 4364 erit
203 4316 285 4369 tibi
332 4318 504 4387 gloria
554 4332 738 4371 eorum
783 4317 939 4370 simul
989 4316 1473 4369 discuntbcntibus.
1526 4317 1647 4382 quia

93 4387 238 4438 omnis
256 4390 340 4456 qui
369 4404 432 4442 se
463 4387 665 4442 exultat
692 4387 1078 4441 bumiliabitur.
1122 4394 1176 4441 ct
1201 4387 1289 4455 qui
1319 4402 1377 4439 se
1407 4387 1651 4440 litttuiliat

94 4457 396 4529 etztltabitur.
436 4459 660 4514 Dicebat
680 4469 859 4514 autem
885 4468 939 4513 et
965 4461 1016 4512 ei
1046 4459 1132 4529 qui
1164 4459 1478 4511 invitaverat
1502 4474 1646 4512 eum.

93 4520 199 4578 Cum
221 4527 341 4583 iacis
373 4530 661 4601 prandium
691 4543 781 4583 aut
813 4545 1024 4586 cenam.
1063 4520 1181 4583 ἠοΙὶ
1224 4545 1414 4584 vocare
1444 4531 1651 4582 amicus

98 4604 210 4652 tuos.
240 4615 409 4672 neque
453 4602 648 4657 fratres
694 4613 834 4657 tuos.
878 4617 1054 4672 neque
1081 4611 1340 4671 cognatos
1380 4610 1520 4655 tuos.
1556 4616 1649 4655 ne-

1756 3907 1859 3960 que
1892 3892 2096 3946 vicinos
2125 3891 2336 3944 divites.
2372 3906 2439 3946 ne
2467 3889 2608 3945 forte
2637 3900 2689 3944 et
2724 3890 2823 3958 ipsi
2857 3888 3147 3944 reinvitent
3177 3896 3249 3942 te.
3292 3895 3349 3940 et

1757 3964 1858 4014 erit
1888 3963 1978 4015 tibi
2009 3963 2314 4040 retributio.
2344 3962 2440 4040 s_ed_
2460 3977 2579 4015 cum
2614 3962 2804 4016 feceris
2833 3960 3166 4040 convivium.
3211 3971 3346 4040 voca

1757 4048 2040 4103 pauperes.
2072 4035 2296 4089 devites.
2322 4034 2528 4087 clodos.
2562 4048 2774 4086 caecos.
2801 4043 2854 4087 et
2877 4032 3064 4103 beatus
3091 4029 3200 4084 eris
3221 4029 3344 4097 quia

1757 4101 2093 4180 uouiltabeut
2125 4106 2263 4180 unde
2293 4105 2596 4180 retribuere
2638 4105 2756 4180 tibi.
2809 4101 3137 4180 retribuetur
3163 4110 3344 4180 autem

1757 4178 1849 4230 tibi
1882 4177 1933 4230 in
1965 4175 2674 4253 resurrectionejustoruttt.
2719 4174 2963 4253 Audiens
3001 4184 3178 4253 autem
3220 4174 3344 4253 qui-.-

1753 4248 1874 4301 dam
1907 4249 1974 4302 de
2015 4250 2174 4302 simul
2205 4243 2985 4324 (iiSCllttt_il€nlii)u5;(iiXit‘illi:
3032 4243 3346 4324 Beatusqui

1756 4320 2163 4373 manducaverit
2187 4335 2375 4387 panem
2407 4320 2457 4371 in
2489 4334 2652 4388 regno
2683 4316 2801 4370 Dei.
2851 4316 2931 4370 Ad
2967 4317 3081 4384 ipse
3105 4316 3242 4368 dixit
3269 4316 3339 4388 ei.

1754 4389 1925 4445 Homo
1970 4385 2195 4461 quidam
2220 4390 2346 4444 fecit
2373 4385 2581 4466 cenaui
2594 4403 2843 4458 magnam
2873 4389 3181 4466 etnvocavit
3207 4385 3344 4466 inul-

1755 4474 1857 4515 tos.
1884 4471 1939 4517 et
1963 4458 2109 4516 misit
2139 4478 2353 4517 servum
2381 4477 2534 4514 suum
2568 4460 2699 4514 bora
2727 4474 2893 4514 cenae
2918 4458 3099 4513 dicere
3141 4458 3342 4512 invita-

1755 4536 1840 4588 tis.
1877 4532 1948 4606 (ε)
1973 4535 2150 4589 venite
2177 4533 2215 4604 ἰ·
2245 4535 2368 4604 quia
2394 4534 2505 4603 jatn
2528 4541 2710 4601 parata

1350 4721 1581 4778 CODEX
1617 4720 2083 4780 COBBEIENSIS.

156 4811 228 4867 η.
254 4815 468 4874 Dicebat
493 4827 674 4873 autem
704 4825 760 4872 et
786 4817 1056 4872 invitatori
1093 4859 1106 4871 .
1139 4859 1151 4871 .
1182 4856 1194 4868 .
1224 4831 1396 4887 neque
1419 4816 1646 4883 vicinos,

103 4897 246 4954 neque
262 4889 469 4946 divites.

1829 4817 1916 4870 17.
1945 4814 2126 4870 dicere
2156 4814 2390 4870 invitatis
2417 4833 2429 4866 :
2453 4813 2657 4882 venite,
2685 4814 2796 4886 jam
2825 4822 3068 4888 paratum
3100 4823 3202 4872 est.

1306 4975 1702 5034 VARIANTES
1743 4973 2142 5033 LECTIONES.

154 5067 180 5136 ‘_
199 5068 294 5136 Gut.
316 5073 371 5123 ad
404 5086 608 5125 coenam
636 5073 840 5123 vocavit.
863 5071 1044 5123 recenti
1067 5085 1232 5136 manu,
1269 5073 1500 5122 invitavit.
1530 5070 1774 5121 Mm.vade
1798 5072 1908 5120 in...
1933 5071 1993 5120 ad
2005 5082 2210 5120 coenam
2230 5072 2435 5121 vocavit.
2477 5069 2624 5136 Vulg.
2648 5072 2790 5134 vade,
2808 5073 3045 5123 recumbe
3064 5071 3238 5123 in......

103 5127 307 5186 invitavit.

762 5235 1051 5276 LECTIONES
1075 5235 1279 5276 CODICIS
1309 5234 1716 5276 VINDEBONENSIS
1744 5235 2016 5275 ABEUNTES
2036 5237 2100 5276 ΑΒ
2122 5235 2370 5277 EDITIONE
2395 5237 2660 5280 γυιϐΑἸ-Α.

150 5310 190 5358 9.
216 5320 446 5379 etveniat,
471 5318 554 5379 qui
579 5321 628 5364 te
653 5316 868 5372 vocavit,
892 5323 944 5362 et
987 5315 1173 5365 dicat...
1200 5326 1252 5379 et
1275 5317 1508 5379 incipies.
1573 5315 1649 5363 10.

104 5367 206 5444 (licet
231 5367 645 5444 ;Atnice,’a'ccede
673 5367 962 5438 superius...
987 5381 1079 5444 erit
1122 5378 1211 5426 tibi
1240 5367 1413 5441 gloria.
1463 5377 1559 5444 12.
1603 5385 1655 5426 et

107 5435 367 5504 invitatori...
409 5435 644 5504 cognatus
677 5435 815 5496 tuos,
844 5453 1008 5502 neque
1028 5442 1228 5498 vicinos,
1241 5435 1418 5503 "mque
1441 5443 1653 5502 divites;

107 5504 155 5542 ne
189 5497 297 5550 forte
317 5511 364 5555 te
389 5514 440 5555 et
470 5497 567 5568 ipsi
601 5512 648 5553 te
673 5497 964 5566 reinvitent,
991 5510 1042 5552 et
1065 5505 1162 5554 erit
1187 5505 1274 5553 tibi
1315 5497 1592 5554 retributio.

1760 5314 1836 5364 15.
1856 5313 2048 5378 debiles
2067 5353 2079 5376 ,
2108 5327 2300 5375 caecos,
2323 5323 2372 5364 et
2392 5313 2572 5364 clodos.
2642 5317 2717 5367 14.
2739 5318 2969 5378 quoniam
2991 5326 3096 5378 non;
3110 5313 3351 5365 habent...

1760 5377 2064 5426 retribuetur
2086 5385 2251 5426 autem
2275 5379 2422 5426 tibi...
2492 5379 2564 5428 15.
2591 5376 2912 5429 manducavit.
2981 5379 3060 5428 17.
3084 5376 3204 5426 bora
3235 5388 3353 5427 coe-

1762 5452 1853 5489 nae
1881 5479 1894 5501 ,
1937 5448 1991 5490 ut
2027 5441 2220 5491 diceret
2253 5441 2463 5490 invitatis
2488 5453 2500 5488 :
2522 5442 2706 5501 venite,
2728 5443 2840 5504 quia
2865 5448 3084 5505 paratum
3109 5447 3202 5489 est.

1382 5611 1747 5668 BLANCHINI
1789 5612 2018 5668 ΝΟΤᾸΕ.

169 5698 240 5792 in)
274 5705 421 5792 Addit
463 5723 644 5778 neque,
674 5706 837 5764 etiam
866 5704 990 5762 cod.
1023 5705 1176 5760 Cant.
1211 5703 1356 5777 μηδὲ.
1382 5735 1453 5746 -
1486 5705 1559 5777 (b)
1588 5707 1716 5763 Post
1754 5705 1886 5761 dixit
1912 5749 1926 5773 ,
1957 5707 2109 5764 deest
2134 5709 2201 5776 ei,
2234 5707 2287 5762 in
2319 5705 2444 5764 cod.
2469 5718 2682 5775 quoque
2703 5704 2858 5762 Cant.
2878 5734 2948 5745 -—
2969 5701 3129 5777 (c)lta
3150 5713 3205 5762 et
3249 5713 3362 5765 ιρι.

121 5766 194 5823 cr.
212 5766 430 5850 amo.
