3902 6208
588 254 688 311 θδι
1118 257 1385 318 EUSEBll
1424 226 1790 313 VERCELL.‘
1807 251 2129 311 “nam

1776 226 2255 311 ‘tzvuceuun
2290 250 2435 308 cui
2476 249 2701 307 unus
2735 250 2890 307 con.
2932 248 3317 309 comam.

980 373 1207 429 CODEX
1249 372 1794 431 VERCELLBNSIS.

2713 369 2950 427 CODEX
2990 368 3436 427 VEROXENSIS.

596 466 684 521 l8.
727 476 778 521 ta
811 476 959 523 sunt.
992 468 1057 522 Et
1080 481 1205 523 coe-
1425 484 1517 531 ne,
1547 468 1749 521 factum
2289 466 2377 520 l8.
2422 464 2489 520 Et
2515 479 2709 536 coepe-
3116 475 3201 522 est
3224 466 3401 519 Domi-

592 549 791 607 perunt
816 553 935 592 om-
1423 551 1528 603 est,
1552 542 1693 593 sicut
1715 553 1873 609 prae-
2286 547 2414 592 runt
2436 537 2597 591 simul
3116 553 3208 601 ne,
3233 538 3370 592 sicut

594 626 692 664 nes
720 614 762 662 si
796 651 809 665 .
848 651 859 662 .
902 650 917 662 .
1422 612 1638 680 cepisti,
2287 624 2479 664 omnes
2503 624 2600 663 ex-
3116 609 3409 679 imperasti:

589 697 851 736 excusare
1425 694 1477 738 et
1508 683 1686 737 adhuc
1719 683 1803 736 lo—
2287 695 2480 735 euSare
2508 695 2590 735 se.
3115 693 3165 737 et
3189 681 3361 734 adhuc

594 768 673 807 se.
711 752 862 805 Prior
1423 756 1515 809 25.
1558 767 1716 808 cuius
1740 762 1844 808 est.
1873 753 1941 808 Et
2292 752 2503 806 Primus
3118 753 3268 807 locus
3292 761 3394 805 est.

596 826 671 893 (α)
712 825 786 877 ait
807 825 885 893 1-:
923 823 1116 880 Villam
1424 828 1559 880 dixit
1591 827 1849 879 Dominus
2289 823 2369 893 (α)
2398 825 2525 877 dixit
2550 824 2627 893 1-:
3119 825 3209 878 25.
3254 824 3319 877 Et
3346 826 3419 876 ait
3450 821 3551 875 Do.

593 896 724 967 emi,
755 905 810 949 et
837 912 1023 950 neces-
1428 900 1500 966 lc)
1530 912 1690 951 servo
1711 911 1811 949 suo
1832 898 1871 967 ἦ*
1900 916 1913 949 :
2294 896 2487 948 Villam
2518 898 2647 955 emi,
3121 898 3296 949 minus
3320 894 3392 967 (τ)
3432 908 3546 947 ser—

591 982 651 1020 se
678 966 853 1022 habeo
876 972 1000 1021 exi-
1316 994 1321 999 -
1429 968 1527 1023 Exi
1569 972 1716 1023 circa
1748 966 1885 1033 vias,
2290 978 2343 1019 et
2372 980 2593 1021 necesse
3119 982 3187 1021 vo
3216 981 3315 1020 suo
3334 966 3384 1035 '1-
3413 984 3430 1019 :

596 1053 673 1097 re.
706 1048 761 1092 et
790 1040 971 1093 videre
1427 1051 1481 1095 et
1507 1056 1703 1105 saepes
1728 1056 1743 1101 ;
1775 1048 1830 1093 et
2294 1038 2469 1091 habeo
2490 1053 2585 1091 ex-
3122 1038 3221 1093 Exi
3244 1041 3296 1091 in
3320 1040 3426 1101 via,
3455 1047 3510 1092 et

595 1111 744 1163 illam
780 1127 793 1162 :
830 1126 960 1179 rogo
1429 1115 1447 1143 ’
1477 1127 1610 1181 coge
1639 1114 1807 1164 intra-
2293 1111 2394 1173 ire.
2420 1121 2472 1163 et
2502 1111 2582 1162 vi-
3120 1111 3264 1165 circa
3296 1123 3489 1175 sepes;

594 1191 671 1246 te,
701 1181 837 1235 babe
866 1199 952 1237 me
1428 1199 1487 1238 re
1508 1180 1800 1251 quoscum-
2291 1182 2422 1234 dere
2454 1181 2599 1235 illam
2636 1200 2648 1232 :
3121 1193 3175 1235 et
3197 1180 3434 1248 compel-

596 1262 942 1325 excusatum.
1428 1271 1534 1325 que
1562 1257 1782 1309 invene-
2294 1267 2429 1325 rogo
2454 1262 2527 1317 te,
3125 1254 3175 1308 le
3205 1254 3427 1315 intrent,

596 1326 686 1377 19.
732 1324 797 1377 Et
826 1326 965 1381 alius
995 1327 1130 1381 dixit
1159 1346 1169 1378 :
1430 1324 1527 1388 ris,
1556 1336 1615 1380 ut
1635 1326 1862 1396 implea-
2296 1324 2434 1378 habe
2456 1340 2543 1378 me
3123 1338 3179 1379 ut
3206 1324 3429 1396 implea-

596 1396 728 1465 Juga
764 1399 926 1465 bttutn
1434 1408 1519 1452 tur
1544 1395 1737 1451 domus
2295 1408 2630 1452 excusatum.
3123 1406 3210 1451 tur
3238 1395 3435 1450 domus

596 1460 887 1535 conpara‘vi
1431 1470 1522 1524 2ι.
1566 1485 1685 1523 mea
1730 1510 1743 1522 .
1789 1511 1803 1523 .
1849 1509 1865 1523 .
1906 1483 1971 1523 co
2298 1469 2389 1521 l9.
2436 1467 2501 1519 Et
2530 1472 2670 1525 alter
3126 1484 3269 1523 mea.

596 1540 746 1609 paria
780 1542 936 1608 quin-
1433 1543 1576 1595 enim
1620 1582 1633 1593 .
1680 1582 1693 1593 .
1735 1543 1878 1608 obis,
2298 1539 2435 1592 dixit
2467 1558 2482 1592 :
2513 1540 2646 1612 luga
3124 1539 3218 1593 21.
3262 1538 3398 1593 Dico
3434 1546 3609 1612 autem

595 1628 721 1679 que.
749 1621 802 1663 et
834 1612 972 1663 vado
1434 1614 1691 1681 quoniam
2056 1620 2063 1627 ‘
2300 1612 2462 1663 boum
2491 1609 2607 1667 emi
3128 1612 3305 1675 vobis,
3333 1609 3479 1681 quod

596 1684 941 1751 experimeu-
1438 1680 1509 1737 nu
1554 1724 1568 1736 .
1614 1724 1629 1738 .
1673 1700 1734 1737 us
1761 1685 1905 1738 viro-
2298 1682 2559 1752 quinque,
3132 1697 3292 1737 nemo
3320 1680 3405 1735 vi-

600 1764 712 1807 tum
735 1758 947 1821 accipe-
1438 1772 1556 1809 rum
1596 1756 1834 1815 illorum.
2299 1763 2353 1807 et
2381 1768 2446 1807 eo
2475 1772 2603 1823 pro-
3131 1769 3315 1809 torum
3348 1754 3472 1807 illo-

598 1842 654 1877 re
684 1826 934 1887 illorum;
1439 1828 1526 1895 qui
1574 1868 1587 1878 .
1634 1866 1648 1878 .
1690 1828 1831 1881 ocati
2300 1824 2432 1878 bare
2465 1828 2590 1891 illa;
3131 1842 3274 1884 rum.
3303 1826 3395 1892 qui

597 1897 673 1965 (b)
707 1906 761 1950 ει
794 1906 1014 1965 propter
1438 1906 1582 1961 sunt,
1613 1909 1665 1952 et
1690 1914 1797 1952 non
2300 1898 2371 1967 (b)
2400 1908 2451 1951 et
2476 1899 2733 1953 devenire
3131 1899 3305 1951 vocati
3335 1907 3484 1961 sunt,

601 1968 704 2020 hoc
733 1970 916 2021 venire
1016 2040 1023 2041 ί
1438 1979 1729 2034 venerunt,
2299 1985 2404 2041 non
2436 1985 2657 2041 possum
2681 1971 2742 2041 οἷο.
3130 1968 3431 2039 gustabunt

600 2056 707 2091 non
743 2054 963 2103 possum
997 2040 1059 2109 1-.
1435 2041 1729 2110 gustabunt
2298 2039 2387 2094 20.
2434 2040 2501 2094 Ει
2531 2039 2704 2095 alius
3130 2057 3319 2096 cenam
3356 2055 3552 2095 meam.

599 2110 691 2164 20.
738 2110 804 2163 Et
834 2111 974 2165 alius
1002 2112 1175 2165 dixit:
1436 2114 1504 2167 de
1529 2128 1662 2166 cena
1691 2128 1831 2167 mea.
2297 2112 2434 2164 dixit
2466 2130 2478 2164 :
2513 2112 2654 2167 13ιο-
3127 2112 3221 2168 25.
3262 2112 3422 2167 lbant
3443 2120 3614 2167 autem

602 2182 837 2237 Uxorem
866 2183 968 2235 du-
1434 2184 1527 2238 23.
1567 2182 1942 2241 comitabatur
2214 2216 2239 2243 .
2299 2199 2412 2236 rem
2443 2183 2604 2245 duxi;
3129 2198 3253 2239 cum
3286 2183 3382 2237 illo

600 2256 650 2307 xi
680 2272 693 2315 ;
726 2267 779 2307 et
816 2270 922 2327 non
953 2268 1075 2322 pos-
1434 2266 1616 2311 autem
1639 2272 1764 2311 cum
2298 2264 2354 2309 et
2382 2272 2485 2307 non
2511 2270 2636 2325 pos-
3131 2256 3214 2327 (d)
3240 2256 3436 2310 turbae
3461 2258 3527 2327 -ἲς

600 2341 720 2378 smn
754 2325 903 2379 veni-
1435 2343 1501 2382 eo
1536 2331 1724 2391 turba;
1756 2337 1813 2382 et
2299 2342 2418 2379 sum
2450 2331 2656 2383 venire.
3130 2325 3186 2381 et
3211 2325 3512 2381 conversus

598 2398 690 2451 21.
739 2413 819 2452 re.
868 2396 934 2449 Et
964 2411 1150 2450 rever—
1435 2414 1735 2453 conversus
2301 2397 2392 2451 21.
2436 2399 2502 2452 Et
2524 2416 2774 2458 reversus
3130 2399 3265 2452 dixit
3296 2398 3365 2452 ad
3398 2399 3553 2453 illos:

600 2483 694 2521 SUS
722 2482 933 2529 εετνυε,

1439 2470 1581 2523 dixit
1609 2470 1676 2523 ad
1708 2471 1866 2524 illos:

2300 2485 2510 2530 δεηιιε.
2538 2487 2676 2527 INNI-

3128 2470 3221 2525 26.
3262 2471 3317 2525 Si
3348 2471 3472 2541 quis
3494 2467 3632 2523 venit

600 2550 883 2594 renuntia-
1438 2541 1529 2594 26.
1572 2540 1628 2595 Si
1661 2544 1780 2611 quis
1805 2544 1952 2597 venit
2300 2542 2451 2594 tiavit
2478 2542 2577 2595 Do-
3130 2544 3197 2596 ad
3230 2557 3340 2606 me,
3375 2540 3432 2597 et

602 2613 681 2665 vit
714 2611 947 2665 Domino
977 2625 1080 2666 suo
1439 2614 1505 2666 ad
1536 2630 1642 2677 me,
1672 2625 1727 2667 et
1749 2629 1857 2669 non
2300 2613 2448 2666 mino
2473 2628 2592 2668 suo.
3132 2630 3238 2668 non
3277 2615 3398 2667 odit

600 2684 757 2737 haec.
804 2682 955 2735 Tunc
1440 2684 1556 2737 odit
1578 2696 1782 2753 patrem
2300 2682 2451 2739 Tunc
2481 2687 2557 2739 ira
2577 2719 2590 2727 -
3132 2695 3341 2754 patrem
3372 2700 3554 2751 suum,

607 2756 780 2808 iratus
816 2754 1009 2808 Pater-
1438 2771 1617 2819 suum,
1641 2764 1738 2810 aut
2300 2766 2385 2809 tus
2409 2756 2595 2813 Pater-
3131 2767 3185 2813 et
3214 2768 3475 2823 matrem,

602 2826 836 2879 familias
866 2826 947 2879 di-
1440 2837 1690 2889 matrem.
1715 2839 1809 2883 aut
2298 2827 2534 2885 familias
3130 2838 3187 2884 et
3214 2844 3468 2895 uxorem,

604 2899 681 2952 xit
712 2913 873 2952 servo
1440 2915 1691 2963 uxorem,
1715 2910 1807 2953 aut
2297 2898 2435 2953 dixit
2463 2917 2620 2957 servo
3130 2910 3187 2955 et
3212 2900 3383 2965 ﬁlios,

599 2985 742 3024 suo:
776 2968 881 3023 Exi
904 2968 1045 3023 cele-
1440 2971 1600 3035 ﬁlios,
1634 2982 1725 3025 aut
1757 2972 1861 3025 fra-
2298 2986 2397 3025 suo
2426 2992 2439 3027 :
2475 2972 2573 3029 Exi
2601 2978 2710 3030 cito
3130 2982 3186 3027 et
3212 2972 3438 3035 fratres,

606 3042 719 3095 rius
750 3043 802 3095 in
837 3082 851 3095 .
886 3079 903 3095 .
940 3079 954 3092 .
981 3070 1008 3081 -
1442 3053 1575 3105 tres.
1608 3052 1664 3098 et
1684 3058 1839 3098 soro-
2298 3042 2350 3096 in
2378 3043 2593 3113 plateis,
2618 3058 2673 3103 et
3131 3054 3187 3100 et
3215 3059 3461 3111 sorores.

604 3121 690 3167 toa
735 3154 747 3166 .
788 3154 798 3165 .
835 3155 850 3167 .
886 3153 900 3167 .
937 3150 953 3164 .
985 3127 1082 3167 cos
1440 3129 1550 3179 res,
1582 3115 1802 3184 insuper
2299 3116 2431 3170 vicis
2458 3117 2589 3172 civi-
3130 3117 3290 3170 etiam
3318 3126 3379 3170 et

608 3222 621 3234 .
658 3224 675 3239 .
709 3225 723 3237 .
757 3225 770 3237 .
811 3225 823 3236 .
859 3223 873 3237 .
905 3186 1007 3249 tis;
1036 3194 1091 3239 et
1440 3198 1493 3240 et
1532 3189 1767 3241 animam
2302 3189 2460 3251 tatis;
2490 3199 2546 3243 et
3129 3189 3370 3242 animam

604 3270 869 3325 pauperes
886 3296 899 3319 ,
1440 3272 1533 3311 sua
1543 3274 1615 3319 nt.
1645 3273 1751 3312 non
2298 3274 2583 3328 pauperes,
3129 3274 3307 3323 suam,
3338 3274 3449 3314 non

601 3335 657 3379 et
689 3331 796 3380 deb
830 3366 845 3381 .
883 3366 897 3379 .
927 3342 1009 3389 es,
1042 3337 1099 3401 et
1437 3338 1619 3399 potest
1650 3345 1802 3385 meus
2297 3346 2361 3383 ac
2388 3331 2621 3401 debiles,
3130 3341 3308 3398 potest
3339 3343 3495 3386 meus

604 3412 773 3473 caeco
808 3438 824 3451 .
863 3439 874 3449 .
914 3438 928 3449 .
962 3407 984 3450 t
1014 3400 1126 3453 clo-
1436 3402 1737 3473 discipulus
2296 3411 2350 3456 et
2374 3400 2615 3472 caecos,
3127 3404 3429 3473 discipulus
3455 3413 3594 3456 esse.

603 3468 705 3545 dos
738 3470 789 3545 i_n
828 3510 839 3521 .
878 3507 893 3545 τ
928 3509 941 3520 .
972 3497 999 3510 ο
1436 3471 1527 3525 27.
1569 3468 1711 3527 esse.
1744 3473 1810 3527 Et
1840 3473 1927 3543 qui
2297 3483 2351 3527 ct
2379 3468 2587 3531 clodos'
3125 3475 3218 3529 27.
3256 3468 3320 3529 Et
3348 3476 3443 3545 qui
3467 3486 3573 3527 non

601 3539 692 3592 22.
734 3539 841 3595 duc
882 3539 1002 3594 hoc.
1438 3559 1545 3596 non
1580 3556 1760 3612 portat
1859 3539 1871 3543 ⁷
2298 3545 2548 3603 introduc
3126 3547 3332 3616 bajulat
3357 3539 3575 3601 crucem

606 3652 618 3663 .
657 3652 670 3664 .
708 3651 720 3663 .
758 3652 769 3663 .
808 3651 821 3662 .
849 3627 937 3665 ser
974 3653 984 3663 .
1018 3652 1030 3664 .
1064 3630 1124 3667 us
1438 3630 1654 3669 crucem
1678 3632 1767 3669 su-
2297 3616 2423 3671 huc.
3129 3635 3307 3679 suam,
3331 3629 3388 3673 et
3413 3633 3496 3669 vc-

606 3682 1061 3737 D....os..:

604 3754 618 3783 ¹
651 3753 831 3808 Domi-

1438 3702 1546 3750 am,
1579 3696 1633 3741 et
1659 3690 1806 3744 venit

1439 3767 1557 3828 post
1592 3776 1697 3824 me,
1730 3777 1837 3816 non

2294 3687 2386 3744 22.
2433 3691 2493 3745 Ει
2522 3695 2598 3749 ait
2640 3709 2753 3748 ser-

2297 3776 2396 3814 vus
2428 3781 2441 3816 :
2474 3765 2697 3820 Factum

3131 3696 3210 3746 nit
3233 3701 3356 3759 post
3383 3703 3493 3753 me,

3132 3780 3237 3818 non
3267 3770 3445 3831 potest

3737 250 3812 307 652

1910 3854 2139 3911 CODEX
2178 3855 2574 3915 BRIXIANUS.

595 3948 721 3993 sum
748 3940 1362 4021 omnia:.Et.c_oepertmt
1387 3946 1544 4000 simul
1569 3962 1758 4021 omnes
1778 3965 2059 4004 excusare.
2078 3949 2185 4005 Pri-
2296 3950 2400 4005 huc
2433 3952 2583 4006 locus
2612 3962 2714 4006 est.
2749 3952 2817 4008 Et
2846 3952 2982 4007 dixit
3010 3952 3269 4007 Dominus
3294 3964 3473 4006 servo.
3522 3947 3614 4003 Exi
3645 3940 3703 3996 ad
3727 3940 3821 4021 τὶξεε

596 4026 716 4093 ntus
735 4012 865 4093 dixit
895 4014 989 4065 illi.
1030 4009 1338 4093 Villamcmi
1363 4026 1415 4070 et
1434 4033 1653 4072 necesse
1674 4020 1843 4074 liabco
1864 4022 2010 4074 exire
2028 4031 2130 4074 etv

2293 4034 2347 4076 et
2370 4026 2510 4079 circa
2538 4040 2731 4091 saepes
2752 4036 2805 4079 et
2831 4026 3097 4093 compelle
3117 4025 3342 4079 introire
3373 4034 3425 4076 ιιι
3473 4009 3825 4093 impleatur)!”

595 4080 724 4163 dere
746 4084 908 4163 illam.
932 4099 1119 4163 rogote
1150 4087 1284 4163 liabe
1308 4105 1392 4141 me
1420 4099 1757 4144 excusatum.
1782 4093 1846 4146 Et
1868 4094 2006 4147 alius
2024 4094 2178 4148 dixit.
2295 4111 2414 4149 mus
2444 4112 2581 4149 mea.
2619 4080 2747 4150 Dico
2767 4098 2911 4151 enim
2944 4080 3115 4150 vobis.
3146 4096 3266 4163 quia
3309 4109 3469 4149 nemo
3498 4080 3825 4163 vii-orum__i"0j

592 4150 725 4239 :lnga
755 4156 913 4207 boum
940 4150 1042 4208 i-mi
1074 4160 1416 4239 quinque.et
1451 4164 1778 4239 -t‘0‘l'_l'_llbal'c
1812 4164 2107 4239 illa._rogo‘
2132 4177 2181 4218 to
2289 4183 2406 4220 rum
2453 4167 2542 4237 qui
2587 4170 2759 4221 vocati
2794 4150 2919 4222 sunt
2943 4150 3230 4239 gustabunt
3256 4182 3446 4221 cenam
3487 4175 3682 4239 meam.

593 4222 831 4279 lubente
850 4220 1185 4283 excusatum.
1205 4220 1952 4289 EtaliusdixitUxoremduxi
1991 4220 2179 4290 eiideo
2287 4220 2484 4292 autem.
2513 4220 2699 4293 turbae
2728 4220 3201 4294 imultaeucium—eoi
3225 4220 3616 4292 eticonversus
3639 4227 3751 4283 dixit
3775 4220 3822 4273 ad

593 4310 699 4380 non
720 4313 937 4365 pessum
960 4300 1251 4380 venirem
1275 4320 1518 4380 reversus
1537 4321 1743 4380 servus.
1766 4309 2025 4361 nuntiavit
2048 4307 2180 4362 haec
2288 4311 2429 4363 illos.
2463 4310 2515 4365 Si
2548 4314 2670 4380 quis
2698 4313 2846 4366 venit
2889 4312 2954 4365 ad
2989 4328 3095 4365 me.
3127 4323 3182 4365 et
3212 4328 3316 4365 non
3344 4311 3453 4363 odit
3486 4318 3677 4375 patrem
3704 4308 3820 4380 sunt“

591 4365 819 4451 DOllll20
862 4386 977 4451 suo.
1002 4372 1172 4451 .Tuuc
1218 4376 1385 4429 iratus
1414 4376 1802 4451 Paterfamilias
1846 4380 1979 4432 dixit
2020 4396 2177 4434 servo
2284 4392 2337 4435 et
2358 4365 2581 4435 matrem
2603 4392 2656 4435 et
2680 4365 2929 4438 uxorem.
2962 4391 3019 4437 et
3050 4382 3207 4437 filios.
3236 4392 3291 4436 et
3312 4365 3531 4434 fratres.
3556 4388 3606 4431 et
3630 4379 3819 4451 δονοῐςξο

589 4450 714 4522 ευρ.
744 4438 839 4522 Εξι
871 4442 978 4494 cito
1002 4444 1052 4496 in
1088 4445 1289 4510 plateas
1312 4450 1538 4522 etvicos
1560 4450 1816 4522 civitatis.
1836 4460 1889 4503 et
1912 4466 2175 4519 pauperes
2284 4452 2459 4505 adhuc
2482 4464 2660 4507 autem
2704 4463 2760 4508 et
2793 4460 3027 4509 animam
3071 4470 3221 4509 suam
3261 4470 3367 4507 non
3399 4460 3572 4522 potest
3607 4457 3738 4501 meus
3759 4437 3820 4522 dij

589 4510 906 4597 acidevile‘s.
940 4525 991 4595 et
1022 4530 1215 4597 caecos
1244 4529 1296 4570 et
1336 4517 1521 4597 Clod-Us
1558 4519 1805 4575 introduc
1830 4510 1955 4597 ΔΙιιᾷίι
1998 4510 2063 4576 Et
2100 4524 2176 4597 ait
2282 4524 2522 4592 scipulus
2568 4541 2709 4579 esse.
2744 4527 2809 4580 Et
2851 4526 2945 4597 qui
2982 4541 3089 4581 non
3121 4525 3326 4596 bajulat
3352 4510 3567 4579 crucem
3613 4526 3744 4571 suam
3780 4517 3819 4559 et

586 4594 797 4637 servus.
828 4583 1055 4641 Domine
1084 4587 1282 4642 factum
1314 4598 1399 4643 est
1426 4590 1564 4645 sicut
1594 4593 1937 4663 praecepisti.
1986 4606 2039 4649 et
2079 4595 2173 4648 ad—
2283 4583 2432 4651 venit
2476 4605 2596 4665 post
2635 4612 2740 4653 me.
2771 4583 2879 4652 non

1856 4707 2089 4766 CODEX
2129 4707 2602 4769 CORBEIENSIS.

778 4794 843 4849 Et
872 4808 1387 4878 coeperunt_omnes
1416 4816 1691 4878 excusare,
1708 4818 1788 4859 se.
2348 4803 2439 4861 25.
2486 4805 2585 4861 Exi
2618 4806 2672 4862 in
2703 4806 2838 4877 vias,
2871 4817 2929 4863 et
2954 4806 3097 4864 circa
3123 4820 3331 4878 saepes.

654 4867 739 4921 l9.
777 4884 841 4922 eo
875 4870 1103 4937 probare
1134 4870 1225 4924 illa
1270 4888 1284 4936 ;
1328 4881 1383 4926 et
1423 4873 1546 4929 ideo
1574 4875 1759 4931 venire
1788 4891 1892 4931 non
1926 4892 2167 4946 possum.

1784 4969 2178 5041 uermes
2215 4972 2618 5032 LECTIONES.

575 5052 1015 5173 m’imG'glr-ailuﬁlm.
1042 5054 1311 5105 Domine...
1334 5061 1389 5106 ut
1412 5057 1601 5110 locutus
1622 5071 1695 5109 es.
1726 5058 1872 5123 Vulg.
1895 5061 2165 5113 Domine...
2275 5076 2484 5177 colligoca
2509 5068 2693 5179 iqtrare
2713 5080 3030 5133 quoscunque
3055 5070 3321 5128 inveneris,
3344 5074 3418 5117 ut.
3453 5062 3594 5129 Vulg.
3616 5052 3810 5121 compelle

904 5153 914 5164 '
2272 5142 2321 5177 tu
2348 5142 2371 5175 r
2404 5142 2478 5179 re.
2505 5142 2534 5177 tt
2564 5170 2574 5179 .

904 5153 914 5164 -
1004 5178 1033 5192 η
1094 5182 1154 5192 ,Α
1659 5187 1669 5192 _
1871 5188 1880 5192 _
2272 5142 2574 5192 tutrare,ut.

639 5180 660 5208 ²
697 5177 802 5226 ϐαι.
829 5178 1069 5241 compelle
1092 5182 1273 5231 intrare
1298 5194 1631 5248 quoscumque
1658 5187 1928 5248 inveneris,
1956 5196 2027 5239 ut.
2050 5192 2169 5238 Mm.

1265 5284 1553 5325 LECTIONES
1574 5285 1779 5327 CODICIS
1805 5288 2210 5331 VINDEBONENSIS
2237 5295 2511 5336 ABEUNTES
2542 5297 2606 5336 ΑΒ
2635 5298 2881 5339 EDITIONE
2920 5298 3185 5339 VULGATA.

634 5361 706 5409 l8.
730 5358 910 5438 Dixit‘tz‘
924 5359 1157 5438 Villam...
1198 5362 1356 5410 habeo
1386 5364 1492 5436 ires
1547 5362 1620 5414 19.
1648 5366 1836 5438 εεξᾱεᾳ
1857 5370 2029 5438 venire
2068 5382 2162 5417 non
2272 5379 2322 5422 et
2344 5373 2524 5422 clodos.
2590 5374 2666 5422 22.
2693 5382 2846 5425 caret.
2913 5375 2993 5425 29.
3016 5375 3237 5438 posuerit
3260 5371 3805 5438 fundamenturgrqetnqn

569 5436 782 5487 possum.
851 5422 927 5473 20.
957 5430 1007 5474 et
1045 5436 1138 5472 non
1166 5438 1361 5487 pussum
1384 5428 1618 5476 venire...
1686 5427 1764 5476 21.
1794 5436 1845 5477 ct
1884 5430 2158 5479 debiles...
2270 5438 2484 5499 potuerit
2508 5422 3557 5501 explicare,omnes,vqitividebunt,dicent:
3577 5432 3659 5483 Hic
3680 5429 3803 5477 Ιιοωοο

1920 5514 2287 5574 BLANCHINI
2315 5520 2545 5576 NOTAE.

637 5607 714 5696 (α)
767 5607 892 5696 Post
916 5608 1106 5696 “dixit,
1151 5608 1411 5696 (Ῐεεςςιιρξ.2
1442 5609 1603 5662 etiam
1714 5607 1840 5696 cod.
1869 5608 2025 5696 'Calut.
2054 5621 2109 5696 et
2136 5609 2297 5696 Qotb.
2328 5645 2397 5655 -—
2427 5614 2619 5696 multa“
2643 5623 2698 5670 et
2737 5617 2859 5696 cod.
2908 5615 3067 5696 Con_t.
3117 5616 3193 5673 διὸ
3240 5615 3409 5696 (ideo)
3434 5607 3803 5696 addimur

562 5676 886 5805 (ἕῖνοέ-ιθῦὶ
916 5678 1233 5803 Pusltlserua,
1269 5681 1417 5737 addit
1446 5696 1565 5745 suo,
1595 5680 1760 5736 etiam
1784 5680 1908 5736 cod.
1935 5680 2092 5737 Cant.
2114 5685 2291 5741 αὑτοῦ.
2338 5715 2408 5727 -—
2434 5676 2531 5758 ’(ᾶ)
2582 5687 2710 5744 Post
2752 5688 2964 5757 turbae,
2994 5688 3149 5747 deest
3177 5676 3405 5749 multae,
3453 5689 3604 5743 etiam
3630 5676 3677 5740 in
3700 5676 3800 5735 cod.

615 5767 678 5802 :tn
709 5787 723 5802 .
758 5765 788 5803 e
890 5765 1013 5805 erce
1058 5764 1193 5805 eum.

615 5764 723 5802 :tnl.
758 5764 815 5803 ει
849 5764 1193 5806 γει-εειιειιει.
