3902 6208
511 270 617 325 635
1047 268 1311 325 EUSEBII
1353 264 1688 323 YERCELL.
1734 261 2175 320 EVANGEIJU!
2218 263 2351 320 illi.“
2396 262 2618 322 YAl‘illS
2657 266 2810 323 COD.
2849 265 3238 323 COLLATUM.

904 382 1135 442 CODEX
1174 381 1357 439 VERC
1366 380 1711 437 ELLENSIS.

2640 382 2872 439 CODEX
2913 379 3360 439 VEROSENSIS.

3704 263 3763 315 ’6

517 494 577 534 re
606 477 694 534 hic
714 492 902 547 pecca-
1347 492 1512 529 unum
1548 491 1673 544 pec-
2209 487 2523 546 peccatores
3037 519 3052 531 .
3099 523 3112 533 .
3158 520 3170 529 .
3218 518 3231 529 .
3276 514 3291 527 .
3338 518 3351 529 .
3394 472 3572 544 paeni-

516 562 666 606 tores
693 551 833 605 reci-
1346 558 1589 603 catorem
1614 563 1740 616 pae-
2209 549 2494 617 reciperet,
2528 560 2582 603 et
3036 553 3256 605 tentiam
3289 549 3385 601 lia-

519 625 616 692 pit,
649 632 704 676 et
731 623 905 675 vesci-
1349 619 1633 673 nitentiam
2209 618 2560 674 manducaret
3037 623 3207 681 benti,
3240 634 3400 687 quam

521 705 609 748 tur
637 708 757 747 cum
782 695 895 747 eis?
1348 700 1628 761 agentem,
2209 707 2329 744 cum
2356 692 2481 743 illis.
3036 694 3087 747 in
3117 707 3321 747 ητιιυ.

521 768 575 819 3.
621 764 764 818 Dixit
789 774 969 819 autem
1349 778 1507 830 quam
1531 777 1698 835 super
2210 764 2262 815 5.
2309 762 2374 816 Et
2392 762 2575 835 aitad
3031 766 3191 835 justis
3212 806 3225 825 ,
3243 765 3331 832 qui

519 837 585 891 ad
615 850 710 890 eos
742 850 895 902 para-
1348 850 1550 888 xcxun.
1573 834 1686 900 ius-
2210 835 2334 887 illos
2358 834 2548 887 simili-
3037 853 3143 889 non
3166 835 3406 905 indigent

522 908 698 963 bolam
731 906 889 972 hanc,
1352 917 1455 961 tos.
1488 907 1684 974 quibus
2213 907 2452 977 tudinem
2484 905 2662 960 hanc:
3037 910 3318 977 paeniten-

522 980 709 1035 dicens
736 997 751 1031 :
1352 994 1460 1031 non
1479 987 1562 1029 est
1588 991 1682 1029 ne-
2212 980 2265 1030 4.
2307 976 2440 1041 Quis
2470 992 2535 1031 ex
2564 994 2661 1031 νοε-
3038 976 3188 1034 tiam.

520 1053 578 1106 4.
617 1050 749 1119 Quis
779 1065 847 1105 ex
872 1052 1069 1108 vestris
1350 1049 1586 1104 cessiria
1614 1061 1745 1118 pae-
2214 1049 2295 1101 bis
2318 1049 2500 1111 homo,
2533 1051 2625 1117 qui
3038 1052 3091 1105 8.
3133 1054 3239 1105 Aut
3269 1064 3407 1119 quae

526 1125 712 1185 homo,
749 1123 839 1191 qui
866 1122 961 1177 ha-
1350 1122 1598 1174 nitentia.
2214 1119 2372 1173 habet
2402 1132 2615 1173 centum
3040 1123 3257 1187 mulier,

524 1194 616 1248 bet
639 1209 770 1248 oves
793 1208 922 1249 cen-
1350 1193 1402 1246 8.
1449 1196 1553 1244 Aut
1580 1204 1716 1260 quae
1745 1204 1864 1243 mn-
2211 1206 2360 1251 oves,
2386 1201 2441 1244 et
2476 1194 2518 1245 si
2547 1208 2632 1245 er-
3042 1195 3245 1248 habens

523 1274 659 1330 tum,
686 1274 740 1319 et
768 1265 813 1318 si
847 1282 942 1337 pe-
1351 1263 1472 1337 lier,
1500 1262 1703 1316 habens
2214 1264 2413 1316 raverit
2436 1280 2537 1316 una
3038 1267 3285 1337 dracmas
3311 1264 3404 1319 de-

524 1338 677 1392 rierit
708 1352 814 1390 una
847 1334 863 1337 ⁷
1355 1334 1642 1388 draclnnas
2212 1348 2276 1388 ex
2300 1338 2400 1397 eis,
2428 1350 2535 1388 non
3041 1353 3181 1397 cem,
3206 1336 3250 1390 si

523 1425 587 1462 ex
610 1408 709 1469 eis,
740 1424 877 1462 non-
1354 1421 1410 1459 ι.
1434 1413 1488 1458 et
1504 1404 1547 1459 si
1575 1404 1753 1473 perdi-
1892 1475 1900 1477 4
2214 1406 2565 1461 dimmitteret
3044 1408 3335 1477 perdiderit

527 1497 594 1535 ne
626 1480 881 1549 relinquit
1355 1476 1551 1550 diderit
1583 1478 1658 1545 (α)
1686 1489 1845 1529 unam
1876 1475 1915 1546 ἦ·
2212 1493 2415 1550 scvuii.
2437 1479 2489 1531 in
3042 1475 3116 1549 la)
3156 1495 3315 1532 unam
3334 1478 3397 1550 ἧι,

526 1566 727 1607 xcvmt.
762 1548 814 1604 in
847 1551 943 1608 de-
1354 1563 1419 1602 ex
1449 1548 1577 1611 illis,
1609 1563 1743 1601 non-
2213 1548 2452 1613 deserto,
2485 1560 2539 1604 et
3046 1548 3225 1605 nerine
3245 1566 3335 1603 ac-

526 1635 695 1685 serto,
719 1630 775 1676 et
794 1639 885 1674 va-
1353 1636 1422 1673 ne
1449 1618 1696 1672 accendit
2214 1620 2323 1673 abit
2346 1622 2412 1673 ad
2448 1622 2512 1675 il-
3045 1623 3227 1678 cendit
3253 1623 3428 1677 lucer-

526 1696 606 1749 dit
626 1696 690 1748 ad
711 1695 878 1757 illam,
1356 1691 1654 1753 lucernam,
2216 1692 2342 1755 lani,
2372 1707 2509 1759 quae
3049 1711 3194 1757 nam,
3223 1704 3279 1748 et

524 1781 663 1835 quae
696 1766 854 1832 perit,
1354 1771 1410 1816 et
1438 1762 1617 1835 scopis
1644 1776 1795 1815 com-
2216 1764 2438 1827 erravit,
2461 1763 2559 1835 do-
3049 1768 3229 1835 scopis
3259 1782 3411 1819 muno

525 1833 813 1907 quaerens,
1356 1833 1582 1907 mundat
1606 1834 1700 1886 do—
2219 1849 2318 1907 nec
2350 1834 2584 1907 inveniat
3051 1833 3198 1891 dav—it

526 1903 702 1962 donec
733 1909 886 1961 inve-
1355 1920 1531 1969 mum,
1567 1905 1586 1934 ³
1614 1916 1667 1956 et
1694 1918 1855 1974 quae.
2218 1903 2269 1956 ὅ.
2304 1906 2462 1958 eam?
2491 1906 2559 1960 Et
3049 1909 3289 1971 domum,

530 1982 642 2033 niat
668 1979 814 2032 illam
832 1979 857 2031 ?
1358 1978 1429 2030 rit
1456 1977 1685 2049 diligenﬁ-
2220 1992 2340 2029 cum
2373 1978 2521 2031 inve-
3050 1992 3103 2035 et
3138 1981 3345 2049 quaerit

532 2051 583 2106 5.
620 2051 827 2105 Etcum
850 2052 999 2108 inve-
1362 2059 1463 2109 ter,
1489 2048 1762 2122 quoadus—
2225 2050 2365 2102 nerit
2392 2065 2543 2117 eam,
3051 2048 3358 2122 diligenter,

530 2128 691 2188 nerit,
725 2122 879 2192 inpo-
1361 2118 1695 2192 queinveni-
2226 2160 2239 2173 .
2287 2162 2299 2173 .
2346 2163 2359 2175 .
2402 2160 2417 2173 .
2463 2162 2475 2173 .
2523 2165 2535 2174 .
2582 2165 2594 2177 .
2636 2139 2754 2179 eam
3050 2118 3224 2178 donec
3254 2124 3335 2177 in-

530 2196 609 2248 nit
638 2190 975 2266 illam'super
1359 2190 1413 2245 9.
1456 2193 1546 2267 at‘.’
1576 2191 1662 2257 Et,
1696 2206 1819 2247 cum
1843 2193 1927 2247 in-
2224 2193 2275 2267 in
2310 2192 2603 2248 humeros.
3051 2195 3105 2249 9.
3149 2195 3366 2249 veniat?
3416 2195 3513 2259 Et,

528 2281 747 2321 umeros
768 2282 856 2319 su-
885 2265 892 2266 “
1359 2265 1569 2317 venerit
1588 2278 1730 2327 eam,
2222 2265 2274 2317 6.
2318 2280 2467 2327 suos,
2500 2276 2555 2321 et
2574 2283 2666 2322 ve-
3050 2282 3171 2321 cum
3202 2268 3352 2321 inve-

528 2354 612 2415 os,
643 2337 882 2407 gaudens
912 2356 925 2391 :
1359 2345 1515 2389 vocat
1550 2334 1683 2387 ami-
1758 2404 1771 2415 ο
2223 2338 2377 2390 niens
2412 2337 2655 2405 domum,
3052 2340 3225 2403 nerit,
3255 2352 3383 2415 con-

529 2410 584 2464 6.
626 2417 682 2463 et
709 2422 830 2462 cum
858 2425 1019 2466 vene-
1362 2422 1458 2461 cas
1475 2420 1619 2468 suas,
1645 2416 1701 2460 et
1724 2408 1802 2459 vi-
2219 2420 2485 2463 convocat
3051 2422 3206 2464 vocat
3233 2408 3366 2461 ami-

527 2482 597 2535 rit
625 2481 868 2548 domum,
1359 2478 1527 2539 cinas,
1553 2477 1738 2532 dicens
1763 2495 1776 2529 :
2220 2481 2445 2544 amicos,
2472 2490 2527 2535 et
3051 2496 3165 2544 cas,
3194 2493 3248 2535 et
3279 2482 3353 2533 vi-

526 2563 792 2607 convocat
1358 2549 1716 2617 Cungratula—
2221 2552 2450 2615 vicinos,
2477 2553 2561 2607 di-
3052 2554 3202 2606 cinas
3219 2595 3234 2617 ,
3263 2552 3344 2605 di-

526 2623 749 2685 amicos,
778 2631 836 2679 et
860 2624 940 2680 vi-
1361 2622 1493 2674 mini
1526 2618 1685 2686 mihi;
2219 2636 2349 2675 cens
2372 2624 2479 2678 illis
2503 2646 2515 2680 :
3051 2638 3178 2677 cens
3204 2641 3216 2675 :
3242 2624 3383 2677 Con-

526 2696 676 2749 cinos
693 2736 708 2759 ,
733 2694 920 2750 dicens
1360 2691 1611 2765 quoniam
1646 2693 1727 2747 in-
2220 2692 2685 2765 Congratulamini
3051 2696 3391 2765 gratulamini

530 2768 635 2822 illis
661 2784 674 2819 :
704 2766 947 2836 Congra—
1362 2763 1485 2817 veni
1512 2763 1671 2838 d_rac-
2220 2763 2459 2832 mecum,
2496 2770 2618 2838 quia
3050 2763 3183 2820 mihi
3208 2782 3222 2829 ;
3250 2767 3392 2831 quod

529 2838 771 2893 tulamini
806 2833 908 2892 mi-
1360 2850 1526 2897 mam,
1546 2833 1566 2863 ³
1588 2851 1747 2904 quam
2223 2839 2439 2892 inventa
2469 2833 2553 2894 est
3053 2839 3228 2891 inveni
3250 2838 3405 2892 drac-

528 2910 612 2975 hi,
638 2911 894 2979 quoniam
1361 2905 1727 2979 perdideram.
2223 2910 2343 2961 ovis
2365 2926 2503 2977 mea,
3051 2924 3212 2962 mam.

527 2977 704 3036 inveni
731 2996 888 3036 ovem
1361 2978 1449 3033 10.
1492 2977 1583 3033 Sic
1619 2979 1741 3039 dico
1773 3001 1867 3041 vo.
2220 2996 2360 3050 quae
2385 2986 2551 3050 perie-
3052 2980 3139 3035 10.
3189 2980 3261 3033 Ita
3285 2979 3407 3036 dico
3430 2996 3525 3034 vo—

525 3069 721 3117 meam,
753 3068 892 3123 quae
1357 3051 1437 3105 bis
1456 3092 1469 3115 ,
1500 3050 1753 3118 gaudium
2220 3062 2323 3106 rat.
3052 3053 3156 3116 bis,
3182 3053 3260 3106 sic
3279 3067 3411 3121 gan—

527 3126 787 3191 perierat.
1360 3123 1463 3177 erit
1494 3136 1677 3177 coram
2221 3132 2273 3184 7.
2320 3128 2448 3181 Dico
2472 3128 2658 3191 vobis,
3052 3123 3201 3177 dium
3225 3126 3330 3178 erit

526 3198 580 3269 7.
624 3196 754 3269 Dico
781 3196 955 3263 vobis,
991 3197 1008 3228 ¹
1038 3210 1169 3267 quo-
1364 3195 1600 3263 Angelos
1630 3195 1725 3255 Dei
2220 3199 2362 3269 quod
2394 3200 2464 3253 ita
2490 3215 2621 3269 gau-
3053 3199 3442 3269 coramAnge-

535 3217 580 3251 l.
624 3217 754 3249 UICU
781 3217 955 3263 VODIS,
993 3217 1008 3228 ⁸
1038 3217 1169 3267 quu-
1364 3217 1600 3263 angelus
1631 3217 1725 3255 uel
2260 3217 2362 3254 uoa
2394 3217 2464 3253 Ita
2490 3217 2621 3269 gau-
3053 3217 3236 3249 curaui
3262 3217 3340 3249 Ali

526 3268 670 3321 niam
702 3268 781 3320 sic
810 3282 942 3336 gau-
1362 3281 1528 3335 super
1559 3282 1722 3325 unum
2219 3217 2367 3325 3m...
2400 3274 2502 3325 erit
2538 3271 2590 3325 in
3057 3266 3123 3319 lis
3154 3265 3251 3319 Dei
3290 3268 3344 3321 in

525 3340 671 3392 dium
701 3338 805 3392 erit
836 3338 891 3393 in
1361 3347 1696 3406 peccatorem
2219 3344 2375 3398 caelo
2417 3384 2429 3396 .
2481 3386 2491 3394 .
2539 3382 2552 3391 .
2599 3384 2614 3397 .
2659 3385 2671 3395 .
3056 3346 3344 3408 peccatore

525 3410 678 3465 caelo
706 3424 869 3479 super
1362 3409 1684 3478 paenitenti-
2228 3422 2508 3485 peccatore
3054 3410 3441 3481 paenitentiam

1840 3552 2071 3608 CODEX
2098 3552 2492 3609 BRleANUS.

526 3643 961 3718 liicpeccatores
985 3642 1195 3718 recipit.
1228 3654 1283 3699 et
1312 3644 1600 3718 manducat
1627 3660 1752 3701 cum
1784 3644 1911 3700 illis.
1952 3647 2019 3699 Et
2040 3646 2115 3701 ait
2219 3647 2345 3701 tiam
2380 3655 2652 3715 agentem.
2685 3662 2844 3718 quam
2874 3662 3039 3717 super
3068 3647 3356 3717 nonaginta
3404 3656 3460 3701 et
3499 3660 3686 3701 novem
3720 3642 3790 3713 ju-

529 3715 596 3769 ad
625 3714 1087 3790 illosparabolam
1119 3716 1274 3770 istam
1308 3716 1517 3771 dicens.
1564 3718 1695 3784 Quis
1734 3734 1797 3771 ex
1840 3718 1991 3772 vobis
2020 3717 2117 3769 lio-
2219 3729 2353 3771 stos.
2390 3714 2478 3784 qui
2509 3736 2613 3773 non
2650 3714 2893 3790 indigent
2915 3714 3327 3790 paenitentiam.
3361 3718 3471 3790 ᾼιιι
3512 3734 3647 3789 quae
3689 3730 3791 3769 mu-

530 3801 638 3860 mo.
678 3786 768 3854 qui
799 3786 961 3860 habet
991 3797 1206 3860 centum
1238 3804 1387 3842 oves.
1419 3798 1474 3843 et
1502 3789 1545 3842 si
1574 3791 1836 3843 erraverit
1864 3804 2024 3843 unam
2050 3805 2116 3842 ex
2220 3791 2319 3844 lier
2352 3791 2557 3846 habens
2593 3786 2843 3860 dragmas
2870 3786 3077 3846 decem.
3110 3792 3153 3845 si
3204 3786 3499 3859 perdiderit
3532 3786 3791 3858 'dragmam

526 3858 656 3912 illis.
689 3871 866 3931 nonne
894 3858 1117 3911 dimittit
1148 3860 1435 3925 nonaginta
1468 3870 1520 3914 et
1565 3876 1756 3915 novem
1793 3862 1843 3914 in
1872 3860 2112 3915 deserto.
2224 3878 2407 3916 unam.
2446 3879 2624 3918 nonne
2653 3858 2897 3917 accendit
2922 3858 3221 3917 lucernam.
3254 3872 3307 3915 et
3336 3863 3520 3931 scopis
3544 3860 3793 3914 mundavit

528 3939 583 3985 et
612 3929 758 4006 vadi_t
800 3944 1062 4006 quaerere
1089 3946 1207 4006 eam
1235 3946 1371 4002 quae
1397 3932 1615 3985 erravit.
1647 3932 1844 4006 donec.
1877 3932 2118 3986 inveniat
2223 3934 2441 3987 domum
2483 3945 2537 3988 et
2564 3936 2775 4003 quaerit
2796 3936 3097 4006 diligenter.
3126 3936 3297 3988 dOuec
3321 3929 3668 4006 inveni:it._Et
3691 3942 3792 3982 cum

529 4018 669 4056 eam.
712 4000 777 4054 Et
802 4017 922 4055 cum
959 4003 1223 4056 invenerit
1249 4000 1365 4057 eam
1396 4007 1614 4072 inponet
1644 4004 1693 4057 in
1729 4020 1944 4057 umeros
1990 4019 2116 4057 suos
2227 4009 2491 4059 invenerit
2519 4000 2781 4060 convocat
2809 4000 3011 4061 amicas
3038 4020 3092 4061 et
3125 4006 3325 4059 vicinas
3357 4004 3548 4059 (Ιίουηε
3582 4004 3791 4069 Congru-

528 4073 898 4145 gaudensret
925 4074 1147 4127 veniens
1177 4078 1226 4127 in
1260 4076 1475 4129 domum
1510 4084 1776 4129 convocat
1818 4078 2020 4129 ςιιηὶειτε
2067 4086 2120 4129 et
2226 4078 2465 4131 tulzimini
2516 4080 2665 4130 milii.
2714 4082 2839 4145 quia
2894 4080 3069 4131 inveni
3120 4078 3394 4145 dragmum
3442 4094 3617 4130 meam
3655 4086 3790 4139 quam

534 4146 743 4199 vicinos
770 4144 958 4199 dicens
982 4144 1106 4198 illis.
1126 4147 1583 4215 Congratolamini
1612 4148 1765 4199 milii.
1788 4152 1909 4216 quia
1937 4149 2119 4200 inveni
2225 4151 2583 4216 ρετιιίιιιιτιιιυ.
2617 4150 2691 4203 lia
2722 4144 2842 4205 dico
2876 4151 3047 4203 vobis.
3073 4152 3153 4204 sic
3194 4144 3446 4217 gaudium
3479 4150 3584 4202 erit
3631 4158 3790 4199 coram

527 4233 680 4292 ovem
716 4232 891 4292 meam
918 4232 1053 4284 quae
1079 4218 1336 4286 perierat.
1372 4220 1502 4273 Dico
1531 4219 1683 4272 vobis
1713 4220 1853 4288 quod
1889 4221 1957 4272 ita
1991 4235 2122 4287 gau-
2224 4224 2445 4291 Angelis
2484 4220 2579 4275 Dei
2635 4236 2798 4291 super
2850 4239 3012 4276 unum
3046 4216 3384 4292 peccatorem
3433 4216 3792 4290 paenitentiam

528 4289 676 4344 dium
704 4290 808 4341 erit
839 4290 890 4341 in
919 4292 1067 4342 caelo
1095 4298 1257 4359 super
1286 4307 1450 4344 unum
1484 4300 1824 4361 peccatorum
1851 4293 2119 4359 paenitenc

1812 4406 2042 4461 CODEX
2082 4405 2546 4464 CORBEIENSIS.

600 4496 654 4551 9..
683 4496 841 4572 Quod
873 4497 959 4553 hic
987 4509 1299 4570 peccatores
1331 4500 1635 4572 reciperet,
1684 4513 1737 4558 et
1770 4502 2124 4557 manducaret
2295 4503 2349 4555 7.
2400 4502 2452 4555 in
2504 4516 2609 4555 uno
2652 4508 2937 4571 peccatore
2988 4542 2999 4552 .
3038 4538 3051 4551 .
3086 4536 3099 4551 .
3125 4511 3283 4569 quam
3312 4494 3365 4551 in
3398 4494 3681 4565 nonaginta
3712 4504 3791 4544 nov

529 4585 651 4643 cum
680 4571 805 4625 illis.
874 4642 879 4643 γ
1449 4571 1452 4572 ⁷
2229 4590 2346 4628 veni
2368 4573 2546 4643 justis.

603 4642 655 4696 4.
690 4642 977 4715 nonaginta
1004 4654 1052 4697 et
1078 4658 1270 4697 novem
1304 4644 1356 4699 in
1399 4647 1672 4701 montibus
1701 4646 1752 4700 in
1783 4646 2002 4701 deserto
2029 4689 2042 4711 ,
2071 4656 2127 4701 et
2300 4637 2433 4700 8.'si
2460 4643 2758 4715 perdiderit
2781 4659 2939 4697 unam
2970 4686 2984 4708 ,
3016 4655 3197 4696 nonne
3220 4639 3484 4694 accendet
3516 4637 3789 4696 lucernam,

532 4714 630 4768 ibit
659 4713 726 4786 ad
755 4713 924 4778 illam,
950 4731 1089 4783 quae
1116 4717 1337 4779 erravit,
1366 4716 1539 4773 donec
1563 4719 1797 4773 inveniat
1821 4718 1844 4771 ?
2231 4719 2252 4749 ⁸
2278 4728 2333 4771 et
2356 4713 2516 4786 scopa
2549 4716 2828 4771 mondabit
2856 4715 3073 4769 domum
3107 4728 3278 4778 suam,
3301 4722 3418 4786 etc.

603 4786 655 4840 6.
689 4781 1147 4856 Congratulamini
1173 4804 1384 4843 mecum
1409 4831 1425 4857 ,
1471 4790 1594 4859 quia
1622 4790 1838 4845 inventa
1880 4798 1967 4846 est
2009 4790 2128 4845 ovis
2305 4789 2391 4845 10.
2442 4781 2697 4861 gaudium
2728 4788 2748 4817 ⁸
2777 4786 2883 4842 erit
2912 4800 3094 4841 coram
3122 4781 3345 4855 Angelis
3377 4784 3430 4838 in
3479 4795 3582 4838 uno
3625 4789 3792 4851 pecca-

534 4871 674 4913 mea.
2232 4870 2370 4916 tore.

800 5014 823 5029 ρ
1756 4976 2155 5036 VARIANTES
2195 4976 2600 5034 LECTIONES.

597 5072 615 5139 ξ
655 5070 763 5139 ραι.
788 5072 914 5135 quod
935 5072 1045 5135 plus
1067 5074 1313 5136 gaudium.
1345 5074 1489 5137 Vulg.
1511 5074 1640 5139 quod
1665 5076 1726 5125 ita
1750 5076 1995 5138 gaudium.
2233 5086 2397 5139 quam.

2294 5136 2314 5167 δ
2349 5134 2453 5183 Gat.
2470 5140 2522 5184 et
2539 5140 2706 5184 verret
2724 5133 2936 5182 domum.
2952 5133 3069 5181 Hm.
3096 5135 3147 5179 et
3166 5129 3323 5191 scapis
3338 5126 3589 5178 mundabit
3605 5122 3787 5172 domum.

597 5135 618 5163 ²
655 5134 759 5184 Gal.
782 5134 835 5183 et
858 5134 1091 5198 quaeret:
1117 5139 1261 5200 Vulg.
1290 5144 1341 5187 et
1364 5134 1578 5201 quaerit.
1754 5134 1775 5138 ⁷
2250 5134 2265 5137 “
2294 5136 2314 5167 δ
2349 5134 2453 5183 Gat.
2470 5140 2522 5184 et
2539 5140 2706 5184 verret
2724 5134 2815 5182 don

601 5196 621 5228 ³
656 5196 765 5248 Gat.
788 5204 834 5248 et
858 5201 979 5248 Mm.
1003 5200 1253 5261 dragmam
1280 5214 1457 5261 meam,
1483 5214 1645 5261 quam.
1678 5198 1825 5261 Vulg.
1855 5200 2123 5261 dragmam,
2293 5200 2314 5230 ⁵
2349 5200 2467 5248 Mm.
2495 5199 2592 5247 erit
2610 5197 2815 5261 Angelis

601 5196 621 5228 ³
656 5196 765 5248 Gat.
788 5204 834 5248 et
858 5196 979 5248 Mm.
1003 5196 1253 5261 dragmaiii
1280 5196 1457 5261 meam,
1483 5214 1645 5263 quam.
1678 5198 1825 5263 Vulg.
1855 5200 2123 5262 dragmam,

1208 5326 1496 5367 LECTIONES
1517 5326 1719 5366 CODlClS
1746 5323 2158 5366 VINDEBONENSIS
2186 5323 2461 5364 ABEUNTES
2484 5323 2548 5362 ΔΒ
2570 5321 2819 5361 ευιτιοΝε
2849 5317 3115 5359 γυιωτλ.

594 5424 644 5490 5.
654 5424 1018 5490 similitudinem
1044 5426 1389 5490 banc,dicens.
1456 5430 1502 5480 4.
1533 5442 1672 5489 oves,
1702 5439 1943 5476 nonum...
1972 5435 2021 5475 et
2042 5428 2130 5476 ibit
2236 5428 2284 5475 in
2307 5426 2572 5490 nonaginta
2597 5421 2954 5490 novemnjustis,
2977 5421 3180 5490 quinon
3206 5414 3781 5490 indigeutnpaenit‘cnti‘f'f‘:

533 5487 594 5535 ad
616 5487 764 5551 illam,
786 5501 912 5551 quae
940 5490 1137 5538 erravit.
1277 5478 1494 5541 inveniet
1514 5478 1865 5552 eam,'iinponit
1889 5492 1935 5536 in
1961 5490 2131 5536 lmine-
2254 5550 2260 5552 Α
2298 5489 2343 5537 8.
2392 5478 2613 5552 nostin...
2657 5478 3107 5552 scopishniundobit
3140 5481 3353 5552 domum.
3414 5478 3461 5527 9.
3489 5478 3784 5552 quod-infigi

535 5562 616 5598 ros
638 5538 867 5615 Suos'1'et
890 5552 1115 5600 veniens.
1168 5538 1665 5615 76.7C0ngratulamini
1690 5538 1909 5607 mecum;
1935 5556 2131 5615 inventa
2237 5550 2495 5599 dracniain.
2534 5549 2623 5615 Ita.
2669 5538 2767 5615 A101
2800 5548 2906 5597 dico
2941 5546 3078 5595 vobis
3106 5546 3198 5594 erit
3222 5555 3464 5593 coram...
3486 5538 3535 5589 in
3558 5538 3787 5600 peceatore

537 5619 617 5661 est
651 5614 755 5662 ovis
786 5626 926 5676 mea,
952 5627 1098 5677 quae.
1164 5614 1209 5665 7.
1239 5619 1287 5664 in
1313 5612 1468 5667 uno...
1495 5616 1845 5677 paenitentiam
1870 5613 2130 5662 habenti...
2238 5614 2585 5675 paenitentiam
2610 5612 2840 5662 habente.

1873 5714 2234 5775 BLANCHINI
2271 5717 2503 5775 ΝΟΤᾸΞ.

623 5808 699 5883 (a)
740 5811 878 5879 Ante
904 5830 1059 5884 unam
1082 5857 1096 5884 ,
1146 5816 1299 5877 deest
1319 5818 1618 5875 drachmam
1644 5857 1658 5883 ,
1690 5817 1847 5876 etiam
1879 5816 1933 5873 in
1961 5814 2082 5874 cod.
2112 5812 2267 5876 Cant.
