3902 6208
117 336 211 394 657

111 561 188 600 am
211 554 464 614 agentem.

114 619 192 671 11.
233 617 368 670 Dixit
395 629 554 686 ergo:

111 688 270 742 Homo
295 687 504 758 quidam

114 761 128 790 ¹
157 759 371 814 habebat
397 759 491 812 du-

113 829 190 884 η.
225 846 283 884 os
311 830 474 892 ﬁlios,
505 838 561 884 et

113 900 233 955 dixit
255 901 323 954 illi
346 900 474 955 adu-

113 973 384 1027 lescenliot'
412 989 426 1026 :

118 1044 281 1107 Pater,
304 1043 367 1096 da
396 1043 493 1097 mi-

116 1113 162 1168 hi
200 1117 494 1184 portionem

116 1186 433 1252 substantia},

114 1270 239 1326 quae
260 1273 341 1310 me
359 1271 492 1310 con-

115 1328 272 1396 tingit.
306 1327 372 1382 Et
399 1328 481 1382 di-

111 1398 224 1452 visit
251 1398 351 1453 illis
380 1400 509 1453 sub—

114 1472 365 1524 stantiam.

117 1542 192 1596 13.
233 1541 295 1596 Et
315 1557 419 1596 non
445 1551 572 1610 post

116 1612 296 1667 multos
324 1613 459 1678 dies,

116 1684 334 1738 collectis
360 1700 476 1738 om-

119 1757 279 1820 nibus,
301 1756 429 1810 adu-

117 1825 382 1882 lescentior

118 1897 240 1951 ﬁlius
264 1913 420 1968 pere-

117 1983 198 2037 gre
218 1972 415 2038 prolec-

116 2046 192 2092 tus
217 2052 290 2094 est
318 2041 369 2096 in
400 2055 494 2097 re-

123 2111 305 2179 gionem
334 2113 450 2167 lon-

121 2183 340 2252 ginquam
361 2201 376 2251 ;

119 2263 164 2326 et
183 2253 244 2308 ibi
271 2255 500 2326 dissipa-

120 2325 185 2378 vit
207 2325 440 2382 substan-

118 2395 226 2450 tiam
249 2413 416 2464 suam,

119 2468 282 2523 vivens
311 2471 465 2526 luxu-

115 2539 257 2594 riose.

117 2613 190 2664 1i.
227 2612 460 2680 Cumque
488 2625 626 2669 con-

115 2685 404 2752 sumpsisset

118 2756 295 2818 omnia,
321 2755 455 2810 facta

116 2833 184 2878 est
210 2825 354 2880 famis
374 2842 467 2882 va-

114 2895 204 2950 lida
233 2912 322 2964 per
359 2915 448 2954 re-

112 2965 304 3036 gionem
334 2970 484 3026 illam
517 2985 533 3036 ;

115 3047 167 3112 et
184 3039 289 3108 ipse
312 3043 496 3112 coepit

114 3109 188 3163 15.
225 3113 382 3182 egeri.
413 3109 486 3169 Et
521 3112 674 3179 abiit,

113 3191 159 3234 et
173 3195 260 3235 con
261 3185 382 3251 jun-

113 3251 246 3308 xitse
273 3255 362 3309 uni
381 3255 449 3312 de

116 3326 448 3396 municipibus

117 3397 326 3464 regionis
353 3399 417 3453 il-

1134 327 1582 393 EVAN‘GELIUM
1625 331 1992 391 SECUNDUM
2035 331 2289 389 LUCAM.

477 448 702 507 CODEX
743 443 1282 508 VEBCELLENSIS.

921 557 1163 600 ventrem

919 630 1074 671 suum
1098 617 1166 671 de
1181 616 1298 671 sili-

919 690 1062 757 quis,
1092 704 1226 758 quas
1256 703 1378 759 por-

921 759 970 812 ci
997 759 1263 826 edebant;

921 846 1021 886 nec
1049 829 1329 900 quisquam

922 903 1009 957 17.
1053 900 1326 958 dabatilli.
1352 900 1408 956 ln

921 987 980 1027 se
1005 983 1185 1028 autem
1215 990 1344 1029 con-

924 1060 1147 1110 versus,
1173 1045 1306 1100 dixit
1331 1064 1344 1100 :

923 1117 1118 1183 Quanti
1147 1132 1285 1172 mer-

925 1187 1130 1242 cenarﬁ

926 1259 1097 1329 patris
1125 1260 1231 1315 mei

927 1330 1208 1386 abundant

928 1417 1100 1474 pune;
1114 1418 1226 1474 ego
1246 1416 1340 1460 au-

931 1485 1038 1527 tem
1072 1472 1331 1528 liic'l‘aine

931 1546 1018 1601 18.
1065 1560 1248 1614 pereo.
1277 1544 1407 1601 Sur-

929 1632 1081 1687 gens,
1117 1617 1207 1671 ibo
1234 1615 1301 1671 ad

933 1700 1138 1756 patrem
1168 1703 1281 1743 me-

931 1776 1042 1822 um,
1075 1767 1131 1813 et
1159 1760 1333 1814 dicam

930 1831 1007 1886 illi
1039 1847 1052 1884 :
1089 1830 1278 1896 Pater,
1311 1844 1436 1898 pec-

929 1902 1047 1956 cavi
1076 1903 1130 1956 in
1155 1916 1273 1957 cae-

934 1973 1069 2039 lum,
1098 1983 1152 2028 et
1179 1989 1364 2027 coram

935 2045 1022 2100 19.
1065 2053 1151 2108 te;
1176 2044 1288 2114 jam
1318 2058 1420 2102 non

932 2131 1052 2170 sum
1081 2116 1275 2183 dignus

932 2189 1111 2242 vocari
1141 2187 1244 2241 ﬁli-

931 2274 994 2314 us
1021 2268 1144 2314 tuus
1170 2277 1184 2313 :
1212 2255 1294 2314 i'ac

933 2346 1040 2397 me,
1073 2331 1213 2384 sicut
1234 2343 1295 2384 u-

932 2413 1068 2456 num‘
1085 2417 1148 2456 ex
1172 2417 1314 2456 mer-

931 2473 1203 2527 cennarﬁs

929 2543 1020 2601 20.
1065 2545 1190 2598 tuis.
1220 2543 1288 2598 Et
1316 2559 1436 2599 sur-

930 2631 1086 2685 gens,
1110 2617 1260 2670 venit

933 2703 1101 2754 usque
1122 2687 1186 2741 ad
1213 2702 1304 2755 pa-

935 2769 1072 2813 trem
1101 2773 1279 2812 suum.

931 2826 1175 2897 Cumque
1199 2829 1294 2883 ad-

933 2899 1226 2970 buclonge

931 2979 1101 3037 esset,
1126 2971 1259 3026 vidit

937 3043 1086 3096 illum

932 3125 1083 3183 pater
1107 3115 1307 3184 ipsius;

930 3197 984 3241 et
1016 3186 1317 3240 misericor-

928 3257 1017 3312 dia
1047 3271 1224 3312 matus

927 3336 1040 3394 est,
1069 3331 1090 3360 ³
1124 3339 1179 3383 et
1209 3341 1429 3398 procur-

927 3416 1074 3461 rens,
1105 3401 1249 3454 incu-

2203 439 2433 504 CODEX
2475 445 2924 505 VERONENSIS.

1779 542 1978 610 agenﬁ.

1782 614 1867 667 11.
1912 613 1976 667 Ει
2004 612 2116 667 ait:
2149 611 2254 668 Hu-

1780 701 1871 738 IIIO
1895 684 2111 752 quidam

1783 754 1967 809 habuit
1996 755 2131 809 duos

1786 826 1870 879 12.
1914 827 2076 890 ﬁlios,
2106 836 2160 882 et
2184 823 2261 881 di-

1783 898 1862 950 xit
1883 897 1957 950 illi
1979 897 2112 952 adu-

1785 967 2078 1022 lescenlior
2102 985 2116 1020 :

1784 1038 1965 1106 Pater,
1994 1041 2060 1094 da
2083 1039 2185 1095 mi-

1787 1111 1838 1163 lii
1884 1112 2184 1179 portionem

1785 1182 2140 1248 substantiae,

1784 1269 1922 1323 quae
1957 1270 2043 1308 me
2069 1269 2197 1309 con-

1787 1325 1960 1394 tingit.
1985 1327 2051 1379 Et
2071 1326 2153 1380 di-

1786 1395 1909 1450 visit
1945 1397 2093 1451 illius
2123 1396 2249 1452 sub-

1787 1468 2061 1524 stantiam.
2179 1518 2187 1525 ,

1789 1540 1877 1593 15.
1919 1540 1986 1594 Ει
2013 1555 2116 1594 non
2146 1549 2266 1610 post

1787 1611 1985 1665 multos
2012 1611 2150 1678 dies,

1788 1681 2162 1751 congraegatis

1787 1755 2058 1816 uinnibus,

1786 1825 2182 1880 adulescentior

1789 1895 1928 1950 ﬁlius
1960 1912 2053 1966 pe-

1790 1983 1946 2038 regre
1970 1967 2149 2049 prole-

1787 2050 1904 2093 CltlS
1933 2048 2014 2092 est
2040 2048 2094 2092 in
2122 2052 2206 2093 re-

1788 2112 2004 2178 gionem
2035 2111 2148 2163 lon-

1789 2183 2041 2250 ginquam
2065 2197 2078 2246 ;
2110 2189 2165 2235 et

1791 2252 1863 2306 ibi
1893 2252 2174 2320 dissipavit

1790 2325 2149 2379 substantiam

1789 2411 1966 2457 suam,
2003 2398 2190 2448 viven-

1790 2467 1860 2522 do
1890 2467 2187 2520 luxuriose.

1794 2537 1881 2592 14.
1925 2537 1992 2592 Ει
2020 2547 2298 2608 postquam

1790 2624 1973 2666 omnia
1987 2624 2116 2663 CUI]-

1790 2698 1906 2737 sum
1916 2683 2041 2750 psit,
2071 2681 2208 2738 facta

1787 2763 1874 2809 est
1901 2755 2071 2808 fames

1789 2841 1886 2895 per
1903 2826 2082 2895 regio-

1788 2913 1909 2951 nem
1940 2897 2088 2952 illam
2111 2913 2126 2963 ;

1787 2979 1842 3023 et
1861 2968 2042 3037 coepit

1787 3053 1839 3098 et
1866 3042 1981 3111 ipse
2002 3053 2161 3110 egere

1791 3113 1874 3167 15.
1925 3113 2144 3166 victum.
2181 3111 2248 3166 Et

1791 3184 1942 3248 abiit,
1967 3191 2024 3238 et
2044 3181 2138 3236 ad-

1788 3256 1979 3326 plicuit
2007 3271 2067 3310 se
2095 3254 2206 3309 cui.

1789 3328 1912 3382 dam
1946 3328 2143 3383 civium

1788 3400 2024 3469 regionis
2057 3399 2223 3455 illius.

2610 550 2744 595 trem
2773 555 2930 595 suum

2609 613 2678 668 de
2703 611 2933 682 siliquis,

2609 700 2728 754 qum
2762 685 2907 750 porci

2611 755 3040 816 manducabant;

2612 837 2667 883 et
2694 842 2852 881 nemo
2877 826 2955 882 illi

2613 899 2794 954 dabat.

2615 971 2704 1026 17.
2752 970 2808 1024 In
2839 984 2899 1024 se
2923 976 3103 1026 autem

2613 1055 2927 1106 conversus,

2615 1113 2748 1168 dixit
2783 1131 2796 1166 :
2825 1111 3020 1180 Quanti
3047 1123 3190 1168 mer-

2615 1184 2817 1239 cenarii
2844 1185 3012 1254 patris

2616 1259 2719 1310 mei
2750 1255 3026 1310 abundant

2615 1327 2842 1400 panibus
2862 1343 2877 1391 ;
2908 1342 3009 1400 ego

2615 1412 2791 1454 autem
2822 1399 2908 1454 hic

2617 1470 2756 1524 fame
2791 1485 2971 1539 pereo.

2617 1543 2704 1597 18.
2748 1541 2972 1611 Surgam
2996 1583 3011 1608 ,
3040 1547 3097 1598 et

2615 1613 2704 1668 ibo
2729 1613 2795 1666 ad
2825 1623 3031 1683 patrem

2617 1701 2818 1751 meum,
2855 1695 2909 1740 et

2616 1757 2789 1812 dicam
2819 1757 2891 1810 illi
2928 1775 2941 1809 :

2618 1827 2799 1891 Pater,
2833 1826 3050 1896 peccavi

2619 1899 2672 1954 in
2701 1899 2929 1964 caelum,

2619 1980 2673 2024 et
2695 1985 2874 2025 coram
2902 1979 2985 2036 te;

2621 2042 2709 2097 19.
2747 2041 2856 2109 jam
2890 2059 2996 2097 non
3019 2053 3138 2098 sum

2619 2113 2814 2182 dignus
2835 2114 3012 2169 vocari

2623 2183 2760 2238 ﬁlius
2787 2193 2904 2239 tuus
2932 2203 2945 2240 :

2620 2256 2716 2310 sed
2748 2257 2829 2311 lac
2858 2271 2966 2322 me,

2622 2329 2761 2382 sicut
2785 2344 2947 2381 unum

2621 2397 2697 2470 (a)
2725 2413 3047 2454 mercenna-

2619 2472 2821 2524 riorum
2855 2480 2979 2525 tuo-

2616 2539 2710 2596 20.
2737 2557 2856 2596 rum
2879 2541 2935 2613 τ.
2963 2540 3032 2595 Et

2619 2629 2868 2682 surgens,
2895 2613 3044 2669 venit

2619 2685 2685 2739 ad
2717 2693 2924 2754 patrem

2621 2772 2800 2810 suum.

2618 2828 2753 2882 Cum
2784 2835 2964 2882 autem

2620 2900 2794 2953 adhuc
2821 2900 2981 2970 longe

2621 2970 2697 3041 (b)
2728 2965 2945 3025 abessth
2970 2965 3043 3038 -ιι,

2619 3042 2752 3096 vidit
2778 3042 2924 3096 illum

2620 3124 2772 3184 pater
2795 3112 2992 3182 ipsius;

2619 3195 2674 3240 et
2703 3183 3003 3239 misericor-

2620 3257 2706 3311 dia
2741 3265 2917 3310 motus

2620 3339 2704 3384 est
2721 3370 2734 3394 ,
2765 3338 2820 3383 et
2849 3325 3034 3380 adcur-

2621 3416 2746 3455 rens
2763 3440 2779 3464 ,
2805 3397 3004 3453 cecidit

3261 331 3364 387 638

118 3464 207 3539 lius
232 3486 243 3521 :
265 3471 350 3539 qui
380 3471 536 3524 misit

932 3473 1046 3526 buit
1071 3487 1234 3540 super

119 3535 251 3592 illum
276 3535 324 3595 in
354 3556 488 3611 agro

927 3543 1125 3597 collum
1152 3543 1283 3612 ipsi-

119 3622 221 3672 suo,
241 3621 286 3665 ut
305 3627 492 3680 pasce-
929 3629 1012 3679 us,
1043 3624 1097 3668 et
1126 3616 1336 3668 oscula-

117 3689 185 3750 ret
201 3697 401 3750 porcos.
927 3694 1016 3738 tus
1047 3695 1132 3740 est
1156 3702 1277 3740 eum
1289 3727 1302 3740 .

117 3749 289 3807 16.7Et
309 3755 572 3826 cupiebat
926 3756 1017 3810 ‘21.
1063 3757 1209 3811 Dixit
1234 3767 1414 3813 autem

113 3833 330 3882 saturare
928 3829 1004 3882 illi
1037 3829 1180 3883 ﬁlius
1214 3849 1226 3881 :
1260 3831 1361 3883 Pa-

1789 3471 1856 3524 Et
1884 3471 1932 3525 is
1962 3471 2108 3523 misit
2621 3486 2784 3540 supra
2815 3469 3017 3524 collum

1789 3543 1939 3597 illum
1979 3543 2030 3596 in
2061 3541 2187 3597 villa
2623 3545 2776 3612 ejus,
2813 3551 2869 3596 et
2895 3555 2985 3594 os-

1787 3630 1906 3679 sna,
1939 3621 2001 3668 ttt
2026 3628 2212 3681 pasce-
2621 3615 2836 3670 culatus
2857 3619 2942 3668 est

1787 3695 1872 3740 ret
1891 3700 2108 3755 porcos.
2625 3686 2796 3739 illum.

1789 3759 1875 3812 16.
1921 3757 1989 3810 Et
2013 3756 2265 3824 cupiebat
2621 3757 2712 3810 9.1.
2757 3756 2904 3810 Dixit
2926 3763 3105 3806 autem

1790 3829 2020 3899 implere
2047 3843 2180 3882 ven-
2625 3831 2672 3884 ei
2707 3829 2847 3882 ﬁlius
2882 3827 3003 3896 ejus
3031 3843 3042 3878 :

1413 3947 1646 4005 CODEX
1684 3948 2082 4008 BRIXIANUS.

110 4051 350 4106 agentem.
376 4041 463 4100 Ait
488 4051 695 4097 autem.
732 4039 905 4097 Homo
925 4041 1136 4111 quidem
1167 4041 1355 4098 habuit
1376 4043 1508 4096 duos
1540 4043 1682 4098 ﬁlios

111 4119 153 4161 et
190 4113 317 4166 dixit
356 4115 762 4169 adulescentior
792 4130 856 4168 ex
907 4115 1016 4168 illis
1052 4116 1204 4181 patri.
1260 4115 1419 4169 Pater
1446 4115 1509 4167 da
1551 4116 1682 4170 mihi

113 4185 384 4257 portiunein
419 4184 760 4257 substantiae
812 4201 948 4257 quae
983 4201 1065 4239 me
1096 4187 1360 4256 coming“
1410 4187 1474 4240 [ει
1502 4186 1684 4241 divisi;

110 4250 198 4304 illis
219 4257 576 4328 substantiam
609 4255 675 4309 Et
705 4271 810 4328 non
829 4250 966 4326 'pnst
989 4259 1184 4311 multus
1201 4250 1317 4312 dies
1338 4259 1681 4328 congregatis

110 4325 337 4402 munibus
367 4325 794 4402 adulescientior
848 4325 991 4385 ﬁlius
1021 4345 1243 4402 peregre
1271 4325 1563 4400 profectus
1598 4339 1682 4383 est

109 4399 152 4472 in
180 4400 444 4467 regionem
500 4399 870 4472 longinquam.
914 4411 968 4454 et
1005 4399 1073 4456 ibi
1107 4399 1386 4470 dissipavit
1436 4402 1686 4454 substan-

111 4474 219 4520 tiam
267 4483 412 4523 suam
444 4471 678 4524 vivendo
734 4472 1035 4526 luxuriose.
1092 4471 1156 4525 Et
1186 4481 1464 4540 postquam
1502 4473 1682 4526 omnia

113 4541 572 4615 consumsitJ'acta
613 4552 696 4615 es_t
725 4541 895 4615 fames
923 4542 1096 4615 valida
1153 4544 1205 4597 in
1235 4546 1466 4615 rvgione
1505 4544 1591 4597 illa
1630 4552 1686 4598 et

115 4613 407 4688 ipsecoepit
437 4628 621 4688 egere.
647 4613 710 4688 Et
739 4613 890 4688 abiit.
919 4627 973 4688 et
1001 4614 1214 4688 adbesit
1240 4613 1330 4669 uni
1370 4614 1566 4668 civium
1599 4630 1683 4669 re-

112 4683 264 4746 gionis
292 4685 456 4738 illius.
482 4683 560 4738 Et
592 4685 740 4739 misit
770 4687 916 4739 illum
948 4687 1000 4740 in
1025 4687 1205 4740 villam
1233 4702 1385 4741 suam
1405 4696 1463 4740 ut
1489 4700 1680 4756 pasce-

113 4760 182 4806 ret
205 4769 412 4824 parcos.
438 4756 506 4810 Et
534 4756 786 4826 cupiebat
811 4758 1042 4818 saturnri
1071 4757 1138 4816 de
1163 4759 1375 4829 siliquis
1403 4774 1538 4828 quas
1555 4772 1682 4827 por-

1789 4046 1835 4098 ci
1867 4045 2266 4099 n‘ianducaliant
2296 4054 2350 4096 ct
2376 4057 2535 4097 nemo
2580 4039 2654 4096 illi
2684 4039 2863 4094 dabnt.
2912 4035 2965 4090 ln
3009 4050 3067 4089 se
3095 4042 3271 4086 autem
3299 4045 3382 4084 rc~

1790 4131 1979 4170 versus
2000 4117 2161 4170 dixit.
2191 4115 2386 4182 Quanti
2413 4111 2770 4168 mercennarii
2793 4109 2958 4182 patris
2978 4105 3084 4161 mei
3111 4102 3384 4182 :tbtttttlztnl.

1789 4188 2039 4259 panibus.
2069 4202 2170 4257 ego
2200 4171 2377 4241 autem
2413 4187 2496 4240 hic
2527 4189 2664 4259 tante
2694 4171 2874 4252 pareo.
2911 4180 3169 4259 Surgcns.
3199 4176 3285 4259 ibo
3315 4171 3381 4254 nd

1790 4246 1994 4330 patrem
2029 4246 2289 4332 ine‘umct
2319 4259 2489 4311 dicam
2525 4257 2598 4310 illi
2628 4246 2800 4332 Pater.
2839 4246 3062 4332 peccavi.
3088 4246 3378 4332 iiiocsieinui

1789 4319 1844 4386 et
1887 4345 2068 4385 coram
2102 4341 2172 4385 Ie.
2201 4331 2308 4399 jam
2363 4347 2467 4383 nun
2497 4343 2612 4381 sum
2661 4319 2852 4399 dignus
2884 4319 3228 4399 vocari__lilins
3259 4329 3381 4369 inus

1788 4404 1872 4458 fac
1922 4418 2006 4457 me
2036 4403 2174 4455 sicut
2201 4393 2382 4454 'nnum
2416 4416 2482 4456 ex
2514 4393 2864 4454 mercenariis
2900 4395 3024 4447 tuis.
3062 4393 3124 4445 Et
3154 4401 3381 4454 surgens

1787 4475 1919 4529 abiit
1940 4471 2003 4526 ad
2035 4485 2235 4542 patrem
2260 4487 2440 4530 suum.
2464 4471 2596 4526 Cum
2627 4470 2999 4542 adlincauteu-i
3027 4465 3181 4533 longe
3211 4468 3376 4542 08ς131.

1789 4545 1921 4600 vidit
1943 4538 2090 4600 illtt'tn
2120 4554 2298 4614 putrer
2327 4543 2515 4613 ip~ius.
2556 4554 2609 4598 et
2639 4538 3011 4614 misericordia
3063 4538 3376 4614 minusest.

1787 4626 1842 4672 et
1872 4605 2166 4671 adcurrens
2195 4605 2391 4669 cecidit
2421 4630 2583 4683 supra
2615 4611 2815 4666 collum
2860 4609 2978 4680 ejus
3025 4619 3077 4662 et
3109 4605 3382 4660 osculatus

1787 4699 1871 4743 est
1892 4687 2039 4742 illum
2063 4683 2208 4742 Dixit
2234 4697 2412 4741 autem
2439 4688 2488 4740 ei
2522 4685 2683 4740 ﬁlius.

1332 4872 1559 4929 CODEX
1599 4871 2074 4931 CORBEIENSIS.

178 4961 252 5016 12.
293 4974 345 5019 et
374 4964 513 5020 dixit
544 4964 942 5020 adolescentior
975 4984 988 5018 :
1022 4966 1202 5022 Pater.

175 5033 254 5089 11.
285 5036 421 5092 facta
451 5047 535 5092 est
563 5040 729 5092 tumes
759 5053 854 5108 per
880 5038 1157 5110 regionem
1185 5037 1351 5093 illam.

1863 4965 1949 5020 17.
1982 4963 2178 5034 Quanti
2203 4964 2223 4995 ³
2255 4961 2577 5020 mercenarii
2609 4961 2781 5033 patris
2804 4959 2907 5016 mei
2945 4956 3007 5031 1'.

1329 5151 1418 5208 VA
1428 5151 1636 5208 RIANT
1642 5151 1725 5208 ES
1764 5148 2162 5207 LECTIONES.

169 5244 182 5309 ξ
217 5244 314 5296 Gat.
337 5253 381 5295 et
406 5248 524 5295 Mm.
553 5246 782 5296 trahebat.
818 5243 964 5309 Vulg.
991 5245 1181 5295 habuit.

167 5305 185 5334 ¹
215 5313 309 5356 cat.
331 5315 372 5359 et
394 5312 514 5358 Mm.
529 5322 806 5368 occurrens,
833 5303 1012 5358 cecidit
1034 5322 1197 5372 supra.
1225 5303 1372 5376 Vulg.
1393 5321 1678 5372 accurreus,

1787 5257 1954 5307 supra.
1990 5241 2133 5307 Vulg.
2166 5255 2455 5305 accurrens,
2478 5240 2662 5292 cecidit
2679 5251 2846 5303 super.

1854 5309 1876 5340 ⁸
1908 5309 1966 5357 ει
1982 5307 2050 5357 ita
2073 5307 2179 5357 Gut.
2204 5313 2250 5358 et
2279 5309 2397 5356 Mm.

767 5429 1058 5470 LBCTIONES
1083 5430 1288 5471 CODICIS
1316 5429 1725 5471 VINDEBONENSIS
1756 5429 2031 5470 ABEUNTES
2054 5430 2118 5469 AB
2141 5429 2393 5469 EDITIONB
2419 5425 2686 5467 VULGATA.

169 5523 240 5594 1?.
263 5527 612 5594 adolescentior
639 5531 824 5592 patri...
869 5531 1169 5580 substantiae
1204 5544 1365 5594 meae,
1392 5543 1536 5594 quae.
1604 5532 1682 5582 15.

117 5584 513 5656 adulescentior":
551 5593 595 5640 in
639 5584 891 5656 regionem
932 5593 1266 5656 longinquam.
1336 5584 1688 5655 fifcousump-

115 5649 222 5700 sit...
241 5649 360 5702 facta
384 5661 463 5703 est
485 5653 636 5706 fames
658 5649 935 5717 in'rcgione
958 5649 1058 5705 illa.
1120 5649 1202 5707 '15.
1224 5669 1289 5705 ex
1325 5658 1499 5708 civium
1525 5649 1690 5718 regio-

1792 5532 1886 5580 nis.
1914 5530 1974 5580 Et
1997 5528 2080 5594 ille
2124 5531 2253 5580 misit
2291 5528 2512 5594 illnmﬂin
2537 5527 2818 5594 villa__sua.___
2846 5521 2934 5594 17..
2967 5519 3380 5594 τριορτειιελρὶι...

1792 5593 2082 5656 mercenarii
2109 5597 2278 5656 patris.
2328 5588 2696 5656 18.i'icam___illi.
2763 5587 3381 5642 19.nnimerceuariorum,

1855 5655 1936 5705 20.
1972 5648 2370 5704 Dum'adltuc....
2407 5661 2549 5716 pater
2571 5648 2716 5700 illius.

1439 5763 1808 5823 BLANCHINI
1845 5762 2076 5821 NOTAE.

184 5858 252 5936 (α)
287 5861 359 5924 lla
382 5871 436 5929 et
461 5873 568 5928 tex.
595 5866 689 5926 Gr.
719 5874 821 5926 τῶν
841 5870 1056 5944 μισθίων
1080 5871 1329 5931 αὐτοῦ.-
1355 5866 1434 5945 (ὁ)
1461 5863 1538 5928 ita
1568 5873 1623 5925 et
1646 5873 1758 5925 tex.
1802 5863 1894 5932 Gr.
1921 5866 2225 5940 ἀπέχοντοςο
