1951 3104
260 134 313 164 ϐὃθ
506 147 508 149 τ
519 134 655 164 EUSEBII
673 133 846 163 VERCELL.
867 133 1066 164 EVANGELIU

1124 134 1186 163 ZUM
1207 133 1322 164 VARllS
1340 134 1421 164 COD.
1438 134 1634 164 COLLATUM.
1808 135 1818 170 ἱ
1833 135 1873 164 6m

1321 190 1438 220 CODEX
1456 191 1686 220 VERONENSIS.

458 190 573 219 CODEX
587 190 856 219 VERCELLENSIS.

263 243 323 271 ter,
338 243 448 274 peccavi
680 243 830 272 interroga-

261 275 289 303 in
301 275 418 307 caelum,
678 274 726 306 vit,
744 274 873 308 quidnam

262 315 291 339 et
303 317 395 338 coram
407 314 449 341 te;
678 315 769 336 essent
786 309 859 336 btec?

260 347 316 382 jam
328 353 383 373 non
397 352 458 373 sum
677 345 723 372 27.
744 345 847 382 Quiait
863 344 901 372 illi
914 352 922 372 ι
934 345 974 381 (a)
988 344 1059 381 ξιιυο-

263 380 362 416 dignus
375 388 421 408 νο-
678 382 751 408 niam
765 380 784 416 ’ξ
796 380 880 408 frater

263 417 321 445 cari
334 416 406 444 ﬁlius
420 420 465 444 tuo

260 452 307 481 22.
330 461 372 480 us.
385 453 394 467 ‘
404 452 477 480 Dixit

264 493 356 517 autem
371 493 448 523 paler

261 525 296 552 ad
312 531 413 560 pueros
427 532 473 551 su-

263 568 295 588 os
308 569 315 587 :
331 560 456 587 Celerius

262 603 314 631 pro
319 596 385 623 ferte

264 631 364 660 stolam
379 631 452 666 prio-

263 675 322 696 rem
333 688 341 699 .
358 672 386 694 et
402 667 478 695 indu-

264 704 302 731 ite
315 703 390 730 illum
402 724 409 735 ,
423 708 450 731 et

263 739 327 767 date
341 739 452 766 anulum

264 775 293 802 in
308 781 387 802 manu
402 774 455 801 illi—

264 818 308 843 us,
326 814 354 838 et
368 810 467 838 calcia-

265 850 358 874 menta
370 846 396 873 in
410 853 456 880 pe-

263 881 309 909 23.
327 882 406 909 dibus
419 881 478 916 ejus
487 903 495 915 ,
507 886 535 910 et

265 917 392 945 adducite
404 917 444 944 vi-

265 953 351 980 tulum
364 952 439 980 illum

265 989 418 1024 saginatum
426 1009 434 1022 ,

266 1030 295 1052 et
307 1024 433 1056 occidite.

265 1065 295 1088 et
310 1060 456 1088 manduce-

265 1103 338 1128 mus,
350 1100 376 1123 et
391 1103 474 1130 aepu—

264 1131 311 1159 24.
333 1132 437 1164 lemur;
453 1139 521 1167 quo-

265 1168 338 1195 niam
353 1168 397 1194 liic
409 1166 458 1194 lili-

267 1210 299 1231 118
310 1210 388 1230 meus
400 1210 469 1231 mor-

265 1243 329 1266 tuus
342 1238 449 1272 fuerat,

267 1280 295 1303 et
309 1275 425 1307 revixit;
441 1282 484 1309 pe-

267 1311 368 1344 rierat,
383 1316 410 1337 et
424 1310 466 1337 in-

266 1351 365 1374 ventus
379 1350 430 1373 est.

267 1381 304 1410 Et
317 1386 468 1416 coeperunt

268 1418 406 1453 aepulare.

266 1454 312 1482 25.
335 1453 400 1481 Erat
414 1457 504 1482 autem

267 1490 339 1517 Illius
354 1489 428 1517 illius

268 1526 363 1553 senior
376 1526 402 1552 in
416 1533 442 1552 a-

267 1569 317 1596 gro
328 1569 335 1589 :
351 1566 378 1588 et
390 1569 452 1588 cum

267 1597 374 1624 veniret
381 1617 389 1630 ,
405 1596 453 1624 ad-

269 1633 437 1667 propinqua-

268 1667 308 1695 vit
321 1668 431 1700 domui,
443 1672 471 1695 et

268 1703 355 1730 audiit
376 1710 449 1739 sym-

269 1739 385 1774 phonias
396 1758 403 1770 .
420 1743 449 1767 et

268 1774 316 1802 26.
337 1774 451 1802 chorum
461 1783 468 1808 ;
484 1779 512 1802 et

269 1812 377 1837 vocavit
392 1818 486 1843 unum,

270 1846 304 1873 de
319 1846 410 1881 pueris
420 1868 427 1880 ,
443 1851 471 1874 et

679 422 742 444 tuus
752 416 827 444 venit
838 438 846 449 ,

679 457 707 479 et
720 452 820 479 occidit
835 459 884 487 pa-

679 493 721 515 ter
736 493 797 516 tuus
809 488 849 514 vi-

680 523 766 551 tulum
782 523 861 551 illum

679 559 849 594 saginatum;

681 595 807 630 quoniam
823 595 864 621 in-

680 632 787 658 colume
803 630 878 658 illum

681 666 726 694 28.
750 667 860 700 recepit.
877 666 933 694 Ira-

683 708 726 730 lllS
739 707 781 729 est
795 708 884 729 autem
890 724 898 736 ,

679 743 708 765 et
721 739 731 753 ’
745 738 831 765 noluit
844 738 882 766 in-

680 779 764 801 trare.

680 810 811 846 Egressus
824 810 863 846 (b)
873 817 921 846 au-

679 850 736 873 tem
746 844 767 880 -ι-
783 844 860 880 pater
871 845 899 872 il-

680 881 750 913 lius,
765 880 856 915 coepit

680 923 778 952 rogare
788 924 862 944 eum.

680 951 727 980 29.
750 951 809 987 Ipse
825 956 915 980 autem

682 985 852 1022 respondens
861 1009 868 1021 ,

682 1025 720 1051 ait
735 1024 804 1058 patri
818 1031 868 1051 suo
885 1033 892 1051 :

683 1059 694 1075 ³
709 1060 780 1087 Ecce
796 1064 835 1087 tot
848 1068 892 1087 an-

682 1096 726 1123 nis
740 1096 831 1122 servio

682 1131 743 1164 tibi,
759 1135 788 1158 et
800 1138 880 1158 num-

702 1174 761 1194 uam
778 1174 852 1194 man-
873 1186 877 1189 -

701 1207 773 1229 atum
791 1207 828 1229 tu-

681 1246 727 1265 um
741 1243 857 1273 praeter-

682 1273 729 1305 ibi,
744 1279 772 1300 et
783 1282 856 1301 num-

682 1317 762 1344 quam
774 1309 866 1337 dedis-

682 1346 703 1373 ti
719 1346 784 1372 milti
799 1345 863 1373 hae-

682 1381 746 1409 dum
757 1402 764 1413 ,
781 1386 811 1408 ut
824 1389 884 1409 cum

683 1418 778 1444 amicis
795 1425 853 1444 me-

685 1453 707 1480 is
720 1453 873 1484 aemularer.

684 1489 728 1517 50.
750 1488 817 1516 Cum
830 1495 920 1517 autem

685 1525 756 1552 ﬁlius
771 1529 833 1552 tuus

685 1561 729 1588 hic
738 1581 747 1593 ,
759 1560 804 1596 qui
817 1568 909 1589 come-

685 1596 725 1623 dit
739 1603 847 1624 omnem

685 1631 842 1659 facultatem

685 1674 761 1694 suam
776 1668 871 1695 vivens

684 1710 746 1730 cum
763 1703 848 1730 forni-

684 1738 767 1766 cariis
775 1759 782 1768 .
796 1739 886 1772 venit,

683 1779 712 1802 et
725 1774 850 1801 occidisti

683 1810 796 1837 vitulum
812 1810 887 1838 illum

685 1846 849 1882 saginatum.

1110 238 1191 266 Pater
1201 259 1208 271 ,
1224 239 1335 274 peccavi

1109 274 1138 302 in
1153 275 1259 302 caelum
1272 296 1279 307 ,

1109 315 1137 338 et
1154 311 1180 337 in
1196 315 1240 343 te;
1254 311 1311 346 jam

1109 353 1164 373 non
1180 353 1238 373 sum
1254 347 1292 374 di-

1109 390 1179 416 gnus
1194 383 1285 410 vocari

1110 418 1183 445 ﬁlius
1197 422 1269 445 tuus.

1110 453 1157 480 '22.
1180 454 1251 480 Dixit
1263 458 1353 482 autem

1111 494 1189 525 paler
1202 489 1263 524 ejus

1110 525 1145 552 ad
1160 532 1254 552 servos
1269 533 1333 553 suos
1351 535 1357 552 :

1110 560 1171 588 Cito
1182 560 1303 595 proferte

1112 596 1179 623 mihi
1196 597 1294 623 stolam

1111 632 1186 659 illam
1201 633 1328 667 primam,

1111 672 1139 695 et
1153 668 1257 695 induite

1111 704 1188 730 illum
1198 724 1205 735 ,
1218 709 1246 731 et
1261 703 1324 731 date

1111 741 1221 766 anulum
1238 740 1266 766 in

1111 782 1192 802 manu
1207 775 1282 809 ejus,

1111 816 1139 838 et
1152 812 1311 839 calciamen-

1112 851 1138 873 ta
1154 847 1182 873 in
1199 846 1274 880 pedi-

1111 883 1158 909 ‘23.
1181 882 1231 909 bus
1246 882 1320 917 ejus,
1335 886 1363 910 et

1112 917 1239 945 adducite
1254 921 1290 945 vi-

1112 954 1198 981 tulum
1213 953 1288 981 illum

1112 990 1276 1024 saginatum,

1113 1029 1141 1053 et
1154 1025 1270 1053 occidite

1112 1069 1184 1094 eum,
1197 1066 1225 1088 et
1239 1069 1314 1088 man-

1112 1097 1244 1124 ducemus
1255 1118 1263 1129 ,
1277 1102 1305 1125 et
1318 1104 1402 1132 aepu-

1110 1132 1156 1160 26.
1178 1133 1280 1165 lemur,
1295 1133 1359 1168 quia

1113 1168 1158 1196 hic
1174 1168 1243 1195 [ilius

1113 1211 1191 1231 meus
1208 1209 1330 1232 mortuus

1112 1239 1215 1272 fuerat,
1228 1244 1257 1267 et

1113 1275 1226 1308 revixit;
1244 1283 1290 1310 pe-

1113 1311 1212 1341 rierat.
1227 1316 1256 1338 et

1112 1347 1239 1374 inventus
1252 1351 1303 1374 est.

1113 1383 1147 1410 Et
1161 1387 1309 1416 coeperunt

1113 1419 1245 1451 aepulari.

1113 1454 1158 1481 25.
1181 1454 1247 1481 Erat
1260 1458 1349 1482 autem

1116 1489 1188 1517 filius
1203 1490 1262 1522 eius

1114 1525 1206 1552 senior
1218 1525 1245 1552 in

1115 1568 1180 1596 agro
1197 1569 1203 1587 :
1219 1566 1247 1588 et
1259 1561 1358 1589 factum

1115 1602 1157 1624 est
1167 1617 1174 1629 ,
1190 1604 1250 1624 cum
1266 1605 1314 1624 ve-

1115 1633 1188 1660 niret
1197 1653 1205 1664 ,
1218 1637 1246 1660 et
1259 1633 1307 1660 ad-

1116 1668 1254 1703 propiaret

1117 1703 1226 1738 domui,
1239 1703 1324 1731 audiit

1117 1740 1305 1775 symphoniam
1313 1760 1321 1772 .

1117 1781 1145 1802 et
1160 1775 1275 1808 choros;

1117 1811 1162 1838 26.
1185 1817 1212 1838 et
1227 1812 1331 1839 vocavit

1119 1855 1201 1874 uuutn
1217 1847 1252 1874 de

1526 239 1611 267 servis
1620 260 1628 271 .
1648 243 1677 266 et
1690 239 1730 267 in-

1525 275 1676 309 terrogavit
1685 296 1693 307 .

1525 319 1656 346 quaenam

1527 347 1593 374 haec
1608 351 1709 374 essent.

1525 382 1570 409 '27.
1593 382 1672 417 Isque
1683 382 1749 410 dixit

1526 418 1550 445 ei
1568 427 1575 445 :
1592 417 1630 453 (ιι)
1643 418 1709 452 Quia
1723 417 1743 453 ’ξι

1528 454 1613 481 frater
1623 460 1685 481 tuus

1527 490 1619 522 venit,
1634 494 1661 517 et
1677 496 1723 516 oc-

1526 525 1593 553 cidit
1608 530 1686 560 pater

1526 566 1590 588 tuus
1604 561 1716 588 vitulum

1525 597 1600 624 illum
1614 597 1778 631 saginatum;

1524 633 1588 668 quia
1604 632 1710 659 salvum

1525 668 1601 695 illum
1616 668 1729 702 recepit.

1524 703 1571 731 28.
1592 703 1749 739 Indignatus

1525 744 1567 767 est
1579 745 1668 766 autem
1679 760 1686 772 ,
1702 745 1730 767 et

1526 775 1636 803 nolebat
1647 776 1687 802 in-

1525 815 1609 839 trare.
1630 810 1711 838 Pater

1526 846 1564 881 (b)
1578 854 1643 874 vero
1658 846 1678 882 -ξ-
1693 847 1728 874 il-

1527 883 1579 909 litis
1595 889 1723 917 egressus
1734 903 1743 915 .
1780 907 1784 910 .

1527 919 1617 953 coepit
1632 926 1696 953 roga
1701 926 1730 945 re

1527 953 1574 981 29.
1595 954 1682 981 illum.
1707 954 1748 981 Ad

1527 990 1573 1017 ille
1585 990 1754 1023 respondens
1765 1010 1772 1022 ,

1527 1025 1596 1053 dixit
1612 1026 1682 1060 patri

1527 1068 1578 1088 suo
1589 1070 1596 1087 :
1613 1062 1683 1088 Ecce
1699 1065 1738 1088 tot

1528 1097 1607 1124 annis
1623 1096 1715 1124 servio

1530 1133 1596 1165 tibi,
1611 1137 1639 1159 et
1652 1140 1733 1159 num-

1529 1176 1609 1202 quam
1626 1168 1741 1195 manda-

1530 1208 1586 1231 tum
1603 1209 1678 1231 tuum

1530 1239 1695 1274 praeteribi:
1709 1243 1737 1267 et

1529 1283 1676 1310 numquam

1530 1311 1626 1338 dedisti
1638 1310 1690 1338 mi-

1528 1347 1567 1374 hi.
1589 1367 1596 1373 .
1622 1366 1629 1372 .
1652 1368 1660 1374 .
1684 1367 1690 1374 .

1529 1387 1558 1410 ut
1568 1390 1629 1410 cum
1643 1382 1738 1410 amicis
1749 1380 1812 1409 meis

1529 1419 1682 1453 aepularer.

1530 1454 1575 1482 50.
1597 1454 1651 1481 Sed
1669 1458 1743 1489 post-

1531 1498 1611 1525 quam
1626 1488 1699 1517 ﬁlius

1532 1531 1594 1553 tuus
1606 1525 1650 1552 hic
1662 1546 1670 1558 ,

1532 1562 1576 1596 qui
1592 1560 1677 1588 devo-

1531 1597 1602 1624 ravit
1612 1597 1739 1624 substan-

1532 1632 1598 1660 tiam
1613 1640 1675 1660 cum
1688 1640 1744 1659 me-

1533 1668 1678 1696 retricibus
1688 1688 1697 1700 ,

1532 1705 1621 1737 venit,
1636 1708 1666 1731 et

1531 1740 1658 1767 occidisti

1532 1776 1570 1802 illi
1585 1775 1700 1802 vitulum

1532 1810 1608 1838 illum
1622 1811 1694 1846 sagi—

1535 1851 1640 1874 natum.

928 1903 1043 1932 CODEX
1062 1904 1257 1933 BRIXIANUS.

270 1953 350 1981 Pater
367 1952 474 1988 peccavi
491 1953 517 1979 in
535 1952 650 1980 caelum.
663 1957 690 1988 et
708 1959 799 1979 coram
819 1956 854 1978 te.
862 1951 918 1986 jam
936 1958 990 1988 non
1010 1959 1068 1978 sum

270 1987 373 2024 dignus
382 1988 472 2016 vocari
485 1988 554 2015 (ilius
567 1993 636 2015 tuus.
653 1987 725 2014 Dixit
737 1992 826 2015 autem
840 1991 919 2024 pater
930 1987 1070 2024 adqservos

270 2022 345 2052 suos.
357 2024 418 2052 Citu
427 2024 547 2059 proferte
558 2024 654 2050 stolam
668 2024 791 2057 primam.
803 2022 940 2050 etinduile
949 2022 1070 2059 illum.et

270 2061 333 2088 date
343 2061 470 2087 annulum
485 2059 599 2087 iumanu
613 2059 680 2093 ejus.
692 2059 901 2087 etcalciamenta
917 2059 942 2084 in
958 2058 1070 2092 pedibus

269 2097 329 2130 ejus
337 2101 364 2123 et
376 2096 500 2123 adducite
514 2096 624 2122 vitulum
638 2096 785 2129 mginutnm
795 2098 822 2121 et
832 2094 946 2121 occidte.
957 2099 984 2121 et
994 2101 1069 2120 man-

268 2132 398 2160 ducantes
404 2131 571 2165 aepulemur.
582 2131 642 2164 quia
651 2130 693 2157 hic
705 2130 773 2156 lilins
782 2137 866 2156 meus.
878 2134 999 2156 mortuus
1012 2134 1071 2156 erat

271 2173 298 2195 et
315 2168 422 2195 revixit.
434 2168 551 2201 perierat
560 2173 585 2194 et
596 2167 720 2193 inventus
729 2171 778 2192 est.
793 2165 980 2200 Etcoeperunt
989 2173 1070 2197 aepu-

270 2203 329 2231 lari.
345 2204 503 2230 Eratautam
516 2203 585 2229 illius
602 2202 759 2237 cjussenior
771 2202 795 2227 iu
809 2209 874 2237 agro
887 2206 914 2229 et
924 2209 985 2237 cum
997 2202 1071 2228 veni—

271 2244 322 2266 ret.
340 2243 368 2265 et
381 2236 720 2273 adpropinquaret'domni
737 2236 841 2264 audivit
857 2236 1029 2273 symfoniam.
1045 2241 1072 2273 et

270 2275 384 2303 chorum
391 2272 533 2302 etvocavit
541 2281 621 2301 unum
628 2273 662 2301 de
668 2273 764 2307 servis,
772 2272 990 2308 etinterrogavit.
998 2272 1072 2307 quid-

1124 1952 1250 1978 namhoc
1266 1955 1348 1978 esset.
1365 1951 1405 1978 Ad
1420 1951 1466 1979 ille
1485 1950 1553 1978 dixit
1571 1951 1621 1978 illi.
1644 1950 1741 1978 Frater
1763 1954 1820 1976 tuus
1838 1944 1896 1972 venil

1124 1992 1151 2014 et
1162 1987 1261 2014 occidit
1274 1991 1349 2020 pater
1369 1992 1429 2013 tuus
1443 1987 1557 2013 vitulum
1572 1987 1724 2018 saginatum
1739 1985 1799 2018 quia
1811 1982 1897 2020 salvutn

1124 2023 1198 2050 illum
1217 2023 1327 2055 recepit.
1344 2023 1500 2057 Indignatus
1511 2027 1553 2049 est
1565 2027 1654 2050 autem
1666 2028 1694 2049 et
1705 2020 1899 2057 uolebatinlrm—

1124 2066 1162 2085 re.
1180 2059 1260 2085 Pater
1271 2053 1308 2093 (b)
1321 2066 1384 2085 vero
1429 2058 1502 2085 illius
1517 2066 1642 2093 egressus
1652 2058 1729 2085 foris.
1741 2055 1826 2094 coepit
1838 2053 1898 2094 illuml

1123 2102 1227 2129 rogare.
1240 2087 1281 2121 Ad
1297 2087 1340 2120 ille
1355 2087 1520 2129 respondens
1532 2087 1597 2121 dixit
1615 2093 1683 2128 patri
1694 2100 1753 2120 suo.
1769 2087 1833 2119 Ecce
1842 2087 1899 2123 quod

1124 2130 1201 2156 annis
1215 2130 1305 2158 servio
1314 2129 1373 2156 tibi.
1387 2136 1413 2157 et
1429 2137 1574 2164 numquam
1585 2130 1740 2156 mandatum
1752 2133 1822 2154 luunt
1836 2130 1899 2163 prta;

1125 2166 1196 2198 terii,
1213 2170 1240 2192 et
1256 2165 1320 2192 mihi
1335 2174 1479 2199 numquam
1493 2165 1591 2192 dedisti
1607 2164 1708 2192 hedum
1734 2169 1763 2190 ut
1777 2168 1833 2191 cutn
1846 2166 1901 2199 anit-

1124 2202 1163 2228 cis
1181 2195 1248 2228 meis
1267 2195 1416 2235 aepularer.
1441 2201 1584 2234 P05tquatu
1598 2206 1689 2229 autent
1716 2200 1785 2227 ﬁlius
1800 2204 1854 2224 tuus
1868 2195 1901 2234 hic

1124 2236 1207 2264 venit.
1218 2237 1262 2271 qui
1277 2237 1417 2263 devoravit
1432 2237 1609 2264 substantiam
1622 2244 1700 2263 suam
1716 2243 1777 2263 cum
1797 2236 1901 2261 meretri-

1124 2273 1200 2300 cibus
1225 2272 1347 2299 occidisti
1368 2273 1405 2299 illi
1421 2272 1531 2300 vitulum
1544 2272 1707 2307 saginatum.
1724 2303 1727 2307 λ

921 2318 1038 2347 CODEX
1050 2318 1285 2347 COBBEIENSIS.

306 2368 352 2396 22.
369 2369 466 2396 stolam
482 2368 556 2396 illam
570 2368 696 2403 primam.

307 2404 353 2432 25.
373 2404 499 2432 adducite
512 2402 625 2431 vitulum
643 2404 718 2431 illum
732 2402 897 2438 saginatum.

307 2440 353 2468 28.
373 2440 560 2476 interrogavit,
575 2447 644 2475 quae
657 2439 768 2467 essent?

1156 2366 1202 2393 27.
1223 2366 1322 2394 occidit
1337 2366 1449 2394 vitulum
1463 2366 1537 2394 illum
1553 2366 1717 2401 saginatum.

1157 2403 1202 2431 50.
1222 2402 1364 2430 devoravit
1377 2402 1389 2418 “
1401 2402 1580 2430 substantiam
1595 2406 1670 2429 tuam
1684 2401 1718 2437 1-.

895 2485 1092 2515 VARIANTES
1111 2482 1314 2513 LECTIONES.

305 2536 313 2551 ¹
333 2535 386 2561 Gal.
399 2540 464 2565 tuus,
476 2535 512 2560 fac
531 2542 571 2560 me
588 2541 663 2560 unum
680 2535 713 2560 de
735 2535 894 2560 mercenariis
914 2534 971 2559 tuis.
992 2534 1070 2559 Dixit.

274 2568 334 2592 Mm.
347 2567 385 2592 fac
395 2574 434 2591 me
445 2568 508 2591 sicut
520 2567 695 2599 unum._t'ttlg.
709 2570 774 2591 tuus.
788 2567 864 2591 Dixit.

306 2601 315 2614 ²
325 2599 378 2624 σαι.
386 2596 724 2627 ηοιιιίινριιιι-θ....Ειῃ·θΞευε
734 2601 814 2629 est,...
824 2598 905 2628 coepit
914 2596 1072 2628 Mm.Egres-

274 2636 317 2655 sus
325 2634 394 2662 est,..
411 2631 501 2662 coepit.
513 2629 584 2662 Vulg.
593 2629 692 2655 nolebat
702 2630 834 2654 introire...
842 2629 1070 2661 Egressus,cocpit.

1157 2533 1167 2569 Ξ
1185 2531 1237 2569 Gut.
1252 2530 1315 2556 Ecce
1327 2533 1387 2562 quot
1397 2530 1453 2555 anni
1465 2531 1524 2555 Mm.
1536 2529 1600 2555 Ecce
1611 2531 1673 2561 quot
1683 2530 1750 2554 anni.
1768 2525 1837 2557 Vulg.
1849 2522 1901 2549 Ecce

1126 2567 1163 2588 tot
1174 2567 1253 2587 annis.

1157 2594 1167 2609 ’δ
1184 2595 1214 2619 Et
1226 2593 1260 2619 ita
1270 2594 1330 2618 Mm.

617 2680 764 2702 LECTIONES
775 2680 877 2708 CODICIS
890 2678 1095 2700 VINDEBO‘SENSIS
1110 2677 1247 2698 ABEUNTES
1262 2678 1296 2698 AD
1311 2677 1436 2697 EDITIONE
1452 2677 1583 2697 \‘ULGATA.

304 2733 346 2759 21.
362 2733 422 2759 etin
433 2736 459 2758 te
471 2739 477 2758 :
487 2739 537 2757 non
552 2738 616 2757 sum.
647 2731 687 2756 22.
700 2731 784 2757 stolam
804 2730 870 2756 illam
886 2732 995 2761 primam.
1028 2729 1069 2754 25.

274 2765 378 2791 vitulum
397 2764 473 2789 illum.
506 2762 827 2795 25.appropiareLdoinui.
860 2761 1071 2795 28._quae_baec

275 2796 381 2823 essent?
411 2796 450 2821 21.
462 2795 501 2821 Ad
515 2795 558 2820 ille
574 2792 642 2820 dixit
652 2795 677 2819 ei
691 2794 824 2820 :Frater...
842 2792 957 2825 quoniam
969 2792 1070 2817 salvum.

1152 2728 1192 2754 28.
1205 2730 1232 2754 et
1252 2728 1337 2754 noluit.
1370 2728 1411 2754 29.
1423 2728 1488 2760 quod
1505 2726 1753 2759 annis....praeterii,
1766 2728 1792 2750 et
1809 2728 1852 2748 non
1868 2719 1905 2744 de

1123 2759 1190 2785 disti.
1223 2760 1263 2785 50.
1276 2760 1394 2785 occidisti.

934 2847 1120 2876 BLANCHINI
1138 2848 1254 2876 NOTE.

314 2899 352 2934 (lt)
369 2899 450 2928 Addit
461 2900 540 2934 quia,
554 2898 635 2926 etiam
647 2902 713 2926 text.
727 2898 776 2926 Gr.
788 2898 836 2926 ὅτι.
852 2912 888 2918 -
901 2896 939 2934 (b)
950 2897 989 2924 Ita
998 2898 1026 2922 et
1037 2893 1099 2922 cod.
1113 2893 1192 2922 Cant.
1207 2894 1244 2922 δί.
