1951 3104
80 105 122 134 (ill

74 211 115 237 51.
136 209 193 244 Ipse
204 215 291 238 autem

73 246 136 273 dixit
149 245 187 273 illi
208 255 215 273 :
232 250 259 273 tu

72 289 170 309 mecum
182 281 222 309 fu-

71 317 110 344 isti
124 324 238 353 semper,

70 357 95 381 ct
109 360 137 381 es
149 361 156 385 ;
172 357 198 381 et
210 361 266 381 om-

70 388 108 416 nia
123 396 179 417 mea
188 409 195 422 ,
212 394 257 416 tua

68 424 108 452 52.
127 428 188 451 sunt
198 433 205 451 :
221 425 331 461 aepula-

69 460 90 488 ri
101 464 186 488 autem

69 503 114 524 nos
123 501 225 532 oporte-

68 532 109 559 bat
118 553 126 565 ,
138 537 163 560 et
175 532 275 567 gaude-

68 575 106 601 re,
123 568 131 584 ¹
143 568 268 602 quoniam

68 603 105 630 hic
116 603 197 631 frater

68 644 123 667 tuus
135 645 236 668 mortu-

67 683 95 702 us
109 675 206 710 fuerat,
220 681 248 704 et

68 711 154 738 revixit
165 732 173 745 ,
190 720 238 747 pe-

68 747 156 782 rierat,
168 753 195 775 et
208 748 250 775 in—

68 788 155 810 ventus
168 788 218 811 εει.

141 839 254 869 CAPUT
274 840 348 868 XVI.

71 885 89 911 l.
108 885 214 914 Dicebat
224 894 273 914 au-

69 927 113 949 tem
125 927 150 949 et
161 922 192 949 ad
204 922 262 950 dis-

68 957 158 992 cipulos
171 965 233 986 suos
246 967 254 985 :

68 993 142 1020 Homo
151 994 257 1028 quidam

70 1034 118 1056 erat
130 1029 201 1057 dives
210 1051 217 1063 ,

70 1065 108 1097 qui
122 1065 230 1093 habebat

72 1100 162 1128 vilicum
174 1109 181 1133 ;
195 1107 224 1130 et

71 1135 109 1163 hic
118 1136 231 1165 diffama-

69 1176 105 1199 tus
115 1171 195 1201 fuerat

68 1212 123 1242 aput
133 1208 202 1236 illum
210 1230 218 1241 ,

70 1247 180 1279 tanquam
197 1245 253 1273 dis-

71 1279 160 1313 siparct
173 1280 222 1309 bo-

69 1322 96 1341 na
109 1315 198 1344 iusius.

69 1351 91 1376 2.
109 1351 139 1379 Et
148 1352 253 1381 vocabit
263 1360 330 1382 eum

70 1386 180 1415 dominus
193 1397 240 1416 su—

70 1429 109 1453 us.
122 1429 146 1451 et
157 1423 192 1452 ait
206 1425 243 1452 illi
258 1434 266 1452 :

67 1458 125 1490 Quid
138 1459 188 1488 hoc
201 1468 248 1488 au-

65 1494 103 1521 dio
114 1495 145 1523 de
161 1497 201 1523 te?
213 1496 284 1524 red—

65 1530 94 1558 de
104 1531 228 1560 rationem

67 1566 210 1596 vilicationis

68 1606 120 1630 tuae
134 1612 140 1629 :
150 1603 202 1639 jam
213 1604 295 1632 enim

68 1646 114 1666 non
125 1640 220 1673 poteris

69 1674 168 1709 amplius
180 1684 223 1704 ac-

71 1713 117 1737 lllfll
130 1718 214 1740 meum

72 1745 227 1775 administra—

73 1780 97 1807 5.
114 1789 147 1809 re.
157 1783 227 1812 Dixit

74 1821 147 1846 autem
159 1818 202 1848 ille

73 1933 279 1965 Adilledixitilli.
287 1936 347 1963 Fili.
355 1940 384 1963 tu
391 1943 499 1971 semper
505 1943 610 1964 mecum
617 1943 656 1963 es.
667 1940 693 1963 et
701 1936 790 1963 omnia
798 1943 856 1963 mea

75 1974 110 1997 tua
116 1977 180 2000 sunt.
189 1972 293 2008 epulari
303 1977 392 2000 autem
404 1977 594 2006 nosoportetet
602 1972 727 2006 gaudere.
736 1972 795 2006 quia
804 1973 857 1998 fra-

75 2007 216 2036 tertunshic
222 2013 347 2036 mortuus
355 2013 410 2035 erat
423 2012 450 2034 et
461 2007 557 2034 revixit
568 2008 684 2043 perierat
695 2012 723 2035 et
735 2008 857 2035 inventus

74 2047 117 2069 est.
136 2044 241 2072 Dicebat
257 2049 346 2072 autem
362 2044 394 2070 ad
406 2043 551 2078 discipulos
562 2051 635 2070 suos.
652 2043 739 2071 Homo
749 2043 855 2077 quidam

74 2084 122 2105 erat
138 2078 208 2107 dives
223 2080 303 2119 valde
313 2080 357 2114 qui
373 2079 620 2119 habebat_vilicum.
633 2079 718 2119 et_liic
731 2079 856 2119 diffama-

74 2118 108 2151 ius
126 2119 164 2142 est
187 2120 253 2151 aput
276 2115 350 2142 illum
376 2114 447 2149 quod
473 2114 634 2149 dissipasset
664 2115 734 2151 bona
761 2114 855 2149 ipsius.

74 2148 146 2181 Quem
158 2148 217 2179 cum
233 2155 357 2178 vocasset
377 2148 446 2178 dixit
460 2150 508 2178 illi.
530 2148 601 2184 Quid
613 2151 663 2178 hoc.
675 2150 756 2178 audio
771 2148 805 2177 de
819 2155 855 2177 te.

76 2184 147 2214 redde
161 2188 293 2215 rationem
315 2186 477 2214 vilicationis
493 2191 564 2214 tuae.
578 2186 633 2220 jam
652 2187 724 2214 enim
739 2194 793 2213 non
811 2193 858 2220 po-

103 2338 142 2376 332.
162 2340 172 2356 ³
191 2340 310 2376 aepulari
324 2344 413 2368 autem
426 2347 486 2372 nos,
500 2345 527 2368 et
536 2340 654 2376 gaudere
665 2344 784 2375 oportet.

105 2374 174 2405 CAP.
185 2374 295 2407 XVl.—-
302 2376 330 2404 5.
345 2376 409 2413 quia
417 2374 630 2406 dominus‘meus
641 2377 755 2409 auferet,
768 2383 783 2403 a
797 2375 859 2403 me?

106 2505 112 2520 ¹
129 2504 177 2531 σαι.
188 2506 251 2538 quod
263 2505 340 2531 frater
351 2508 407 2531 tuus
418 2509 538 2537 mortuus,
547 2505 646 2538 revixit.
660 2503 795 2538 Mm._quod
807 2503 856 2528 fra-

80 2538 113 2570 ter
122 2539 172 2561 tuus
182 2535 291 2563 mortuus
303 2540 364 2567 erat,
379 2541 405 2570 et
416 2538 517 2563 revixit.
531 2535 536 2537 ’
553 2536 625 2570 Vulg.
639 2536 697 2568 quia
715 2535 790 2561 frater
800 2538 857 2560 tuus

79 2565 113 2591 hic
122 2571 225 2594 mortuus
237 2572 301 2599 erat,
311 2573 337 2594 et
344 2565 444 2594 revixit.

592 102 817 133 EVANGELIUM
837 102 1021 132 SECUNDUM
1043 103 1170 132 LUCAM.

261 162 373 191 CODEX
392 161 661 191 VERCELLENSIS.

474 209 572 237 vilicus
581 209 625 236 in-

476 250 514 272 tra
530 253 559 272 se
574 254 580 271 :
597 245 665 277 Quid
680 244 716 272 fa.

475 281 543 308 ciam
555 302 561 312 ,
577 282 671 315 quoui-

475 324 517 343 am
529 317 655 343 dominus

475 360 551 379 mens
566 353 643 378 aufe-

475 393 515 415 ret
530 388 663 415 vilicatio-

473 431 534 451 nem
549 431 636 451 meam

473 467 488 486 a
503 460 566 487 me?
579 459 672 487 fodere

472 502 527 522 non
542 496 637 528 valeo;

473 532 632 558 mendicare

475 567 639 593 confundor.

475 602 501 642 tl.
520 603 563 642 _(a)
572 602 691 637 Cognovi
703 601 724 637 -1-
735 600 800 637 quid

475 638 591 670 faciam;
609 644 652 671 ut,
668 645 729 665 cum

474 678 582 701 amotus
595 674 652 701 fue-

475 717 506 736 ro
519 709 554 737 de
564 710 657 737 vilica-

475 745 547 772 tione
557 766 563 778 ,
578 745 649 773 reci-

473 781 549 816 piant
563 788 605 809 me
618 786 628 801 ²
644 780 671 808 in

473 817 571 844 domus
580 824 653 844 suas.

473 851 500 879 5.
521 852 555 881 Et
563 873 571 886 ,
586 855 735 880 convocato

474 896 634 922 unoquoque

473 932 505 951 ex
520 924 649 951 debitori-

473 960 522 986 bus
534 960 635 986 domini
649 960 709 993 sui,

474 995 582 1023 dicebat
598 997 651 1030 pri-

473 1032 513 1058 ori
531 1041 536 1058 :
550 1032 686 1064 Quantum

473 1066 556 1094 debes
570 1068 656 1094 domi—

473 1102 500 1130 6.
522 1110 556 1130 no
570 1103 651 1131 meo?
664 1102 714 1137 Qui

473 1138 561 1166 dixit:
577 1138 691 1166 Centum

472 1180 550 1202 vaios
563 1174 601 1202 ol.
624 1194 631 1201 .
644 1175 663 1202 i.
684 1193 693 1202 .
710 1174 753 1201 Di-

474 1210 515 1237 xit
528 1216 619 1238 autem

473 1246 511 1273 illi
526 1255 531 1272 :
545 1246 646 1281 Accipe
656 1253 720 1274 cau—

474 1282 573 1309 tionem
592 1287 633 1309 tu-

473 1325 535 1350 am;
550 1324 577 1345 et
590 1318 687 1346 sedens
699 1338 708 1352 ,

473 1353 590 1381 celerius
604 1354 672 1381 scri-

471 1388 506 1416 be
518 1388 650 1425 quinqua-

470 1425 556 1460 ginta.

471 1461 498 1487 7.
520 1460 622 1489 Deinde
632 1461 679 1488 alii

471 1496 539 1524 dixit
553 1505 560 1524 :
573 1496 614 1524 Tu
627 1504 674 1524 au-

473 1537 525 1560 tem
540 1540 624 1567 quan-

473 1572 529 1596 tum
544 1568 627 1596 debes

473 1604 583 1631 domino
598 1604 677 1631 meo?

473 1639 523 1674 Qui
539 1640 626 1667 dixit:
643 1640 714 1668 Cen-

474 1681 530 1703 tum
545 1683 624 1703 COI'OS

475 1711 567 1739 tritici.
583 1711 657 1739 Dixit

474 1752 564 1783 autem
582 1747 618 1783 (ο)
630 1752 657 1775 et
668 1748 688 1783 -ἲ

475 1782 537 1810 huic
553 1792 559 1808 :
573 1782 672 1819 Accipe

473 1819 626 1847 cautionem

1646 103 1700 132 642

1118 159 1233 189 CODEX
1255 159 1482 188 VERONENSIS.

906 209 951 237 31.
974 209 1007 236 Et
1021 208 1079 242 ipse
1091 207 1133 236 di—

906 245 945 272 xit
958 245 996 272 illi
1011 253 1017 271 :
1033 244 1104 277 Fili,

906 285 935 308 Ill
949 288 1054 307 mecum

905 323 1014 351 semper
1027 315 1078 343 fui-

906 352 956 384 sti,
971 356 999 379 et
1013 359 1058 385 es;
1071 355 1099 379 et

906 388 996 415 omnia
1008 394 1067 416 mea
1078 408 1086 421 ,

907 428 952 450 tua
967 428 1029 451 sunt
1045 432 1051 450 Ζ

906 459 950 487 52.
972 458 1093 494 aepulat‘i
1114 466 1161 486 au-

906 499 960 522 tem
975 503 1025 523 nos
1033 516 1041 528 .
1057 498 1085 522 et

905 530 1023 565 gaudere
1036 537 1119 566 opor‘

907 571 946 594 tet
958 587 965 598 ,
981 567 1054 602 quod

907 602 989 630 frater
1004 606 1067 630 tuus

906 637 952 665 hic
966 643 1088 666 mortuus

906 673 995 701 fuerat
1004 694 1012 707 ,
1028 680 1055 702 et

906 709 1004 737 revixit
1015 731 1023 744 ,
1038 717 1087 745 pe-

906 746 990 773 rierat
1001 766 1009 779 ,
1026 750 1054 773 et

906 781 1032 809 inventus
1046 785 1096 809 est.

990 838 1103 867 CAPUT
1119 838 1198 873 |XV].

907 886 931 913 1.
954 885 1064 914 Dicebat
1076 892 1121 912 au-

908 927 961 949 tem
982 922 1016 950 ad
1027 921 1067 949 di-

905 958 1024 992 scipulos

904 1001 969 1021 suos
984 1002 990 1020 :
1006 993 1061 1021 Ho-

903 1037 950 1056 mo
964 1030 1073 1065 quidam

904 1070 964 1093 erat
977 1065 1054 1093 dives
1064 1085 1071 1096 .

905 1101 950 1135 qui
965 1101 1082 1129 habebat

904 1136 1030 1170 vilicum;
1048 1140 1077 1165 et

904 1172 950 1200 hic
970 1172 1124 1200 diffamatus

904 1213 964 1235 erat
978 1212 1043 1244 aput

904 1244 981 1271 illum
990 1265 997 1277 ,
1011 1244 1088 1280 quasi

905 1280 1067 1315 dissipasset

904 1316 975 1344 bona
988 1316 1057 1351 ejus.
1069 1325 1072 1336 τ

904 1351 932 1380 2.
953 1352 987 1379 Ει
1002 1352 1109 1380 vocavit

904 1388 981 1416 illum
993 1388 1027 1415 ad
1039 1395 1086 1422 se,

904 1429 932 1451 et
943 1424 980 1450 ait
994 1423 1033 1451 illi
1050 1432 1056 1450 :

905 1459 975 1494 Quid
992 1460 1044 1487 hoc

904 1496 986 1522 audio
996 1495 1030 1522 de
1043 1494 1088 1522 te?

905 1531 990 1559 redde
1002 1531 1136 1558 rationem

905 1566 1070 1594 vilicationis

906 1607 968 1630 tuae
984 1612 990 1629 :
1005 1602 1061 1636 jam

905 1639 977 1667 enim
993 1645 1047 1666 non

905 1675 1008 1710 poteris
1021 1673 1081 1702 vili-

906 1718 980 1738 care.

906 1747 933 1774 5.
954 1746 999 1774 Ait
1012 1751 1103 1774 autem

906 1783 1003 1810 vilicus
1017 1783 1086 1810 intra

907 1826 938 1846 se
950 1827 958 1847 :
970 1818 1039 1852 Quid
1049 1819 1089 1846 fa-

715 1887 832 1917 CODEX
850 1887 1045 1916 BRIXIANUS.

909 1935 970 1970 quia
985 1935 1109 1962 dominus
1120 1942 1206 1963 meus.
1218 1935 1306 1964 aufert
1316 1944 1330 1963 a
1345 1944 1389 1965 me
1403 1937 1595 1966 vilicationem.
1611 1939 1705 1969 fodere

909 1979 962 1997 non
973 1973 1060 1998 valeo.
1074 1971 1228 2010 mendicare
1239 1973 1380 2010 erubesco.
1391 1972 1510 2009 Cogilavi
1520 1975 1583 2010 quid
1596 1976 1703 2005 faciam.

908 2014 1002 2034 utcum
1009 2011 1113 2033 amotus
1121 2006 1216 2034 lueroa
1225 2006 1520 2043 vilicatimiemecipianl
1528 2006 1571 2038 ine
1578 2011 1602 2037 in
1611 2011 1705 2040 domos

908 2043 1016 2070 suas.Et
1025 2043 1180 2070 Convocatis
1191 2044 1303 2078 singulis
1315 2044 1483 2072 debitoribus
1495 2045 1596 2073 domini
1608 2048 1648 2074 sui
1663 2048 1704 2075 di-

909 2079 985 2106 cabat
996 2079 1091 2113 primo.
1105 2084 1232 2112 quantum
1249 2079 1331 2107 debes
1346 2080 1457 2107 domino
1471 2089 1543 2108 meo.
1556 2081 1595 2108 Ad
1611 2082 1655 2110 ille
1664 2083 1706 2111 di-

910 2115 957 2152 xit.
973 2114 1087 2142 Centum
1102 2114 1185 2141 cadus
1198 2113 1261 2152 olei.
1278 2114 1349 2152 Dixit
1362 2119 1451 2142 autem
1469 2117 1517 2143 illi.
1535 2117 1634 2152 Accipe
1647 2126 1707 2146 cau-

911 2150 1013 2189 tionem
1034 2154 1161 2189 t_u_am_._e_t
1184 2150 1249 2189 sede
1272 2149 1326 2178 cito
1348 2155 1375 2178 et
1397 2152 1485 2179 scribe
1504 2149 1706 2189 quinquaginta.

911 2185 1014 2213 Deinde
1028 2186 1081 2213 alio
1095 2185 1172 2213 dixit.
1188 2185 1227 2213 Tu
1242 2191 1333 2214 autem
1352 2193 1482 2218 quantum
1498 2185 1591 2216 debes.
1608 2185 1649 2217 A'd
1663 2190 1708 2218 ille

75 2221 130 2249 teris
144 2223 262 2251 vilicare.
286 2221 331 2251 Ait
341 2227 430 2250 autem
441 2221 537 2250 vilicus
547 2222 618 2250 intra
631 2229 671 2250 se.
682 2221 750 2257 Quid
764 2222 858 2249 iaciam
911 2221 1109 2249 dixit.Centum
1122 2221 1350 2251 corostritici.Ait
1359 2221 1397 2250 illi
1409 2223 1509 2259 Accipe
1519 2224 1623 2254 litteras
1634 2231 1706 2255 tuas.

704 2278 823 2308 CODEX
834 2277 1070 2307 COBBEIENSIS.

1322 207 1391 234 ciam
1405 228 1412 239 ,
1428 207 1489 242 quia

1324 242 1451 270 dominus

1323 286 1400 306 meus
1413 277 1517 306 auferet

1322 321 1338 341 a
1353 323 1397 342 me
1412 314 1472 341 vili-

1322 350 1470 378 cationem.

1322 385 1416 414 fodere
1428 393 1482 413 non

1321 423 1400 449 valeo
1413 430 1420 455 ;
1435 429 1521 449 mem-

1322 457 1416 485 dicare
1429 465 1492 485 eru-

1322 492 1350 520 4.
1371 493 1465 522 besco.
1481 494 1520 529 (a)
1541 494 1595 523 Co—

1341 529 1402 557 novi
1417 529 1438 565 -1-
1450 529 1514 565 quid

1333 566 1417 593 aciam
1430 574 1437 598 ;
1451 569 1480 593 ut
1491 585 1499 598 ,

1320 608 1381 628 cum
1397 607 1504 629 amotus

1322 636 1400 665 fuero
1414 645 1428 664 a
1449 636 1510 665 vili-

1322 672 1446 706 catione,
1464 680 1508 700 re-

1322 709 1423 744 cipiant
1436 717 1481 737 me

1324 744 1351 771 in
1366 744 1463 773 domos

1322 787 1398 807 suas.

1322 816 1351 844 5.
1371 815 1535 845 Convocatis

1322 851 1413 888 itaque
1427 853 1482 880 sin-

1322 888 1393 922 gulis
1405 888 1511 917 debito-

1323 924 1397 951 ribus
1411 924 1514 952 domini

1324 960 1381 993 sui,
1405 960 1513 989 dicebat

1328 996 1416 1029 primo
1428 1005 1436 1023 :
1450 997 1542 1030 Quan-

1325 1035 1381 1058 tum
1395 1031 1478 1060 debes

1323 1066 1435 1095 domino

1324 1102 1350 1130 6.
1372 1103 1454 1131 meo?
1467 1104 1509 1132 Ad

1323 1138 1369 1166 ille
1382 1138 1452 1167 dixit
1467 1148 1474 1168 :

1323 1174 1437 1202 Centum

1323 1211 1420 1238 vatlios

1322 1245 1387 1274 olei.

1322 1281 1395 1310 Dixit
1414 1287 1505 1311 autem
1559 1304 1561 1307 .

1322 1317 1361 1354 illi
1377 1326 1384 1345 ε
1399 1317 1500 1354 Accipe

1322 1352 1360 1389 (ό)
1375 1352 1480 1382 litteras

1322 1395 1382 1417 tuas
1395 1390 1429 1425 1',
1442 1395 1470 1418 et

1321 1425 1404 1458 sede;
1419 1426 1475 1454 cito

1321 1460 1412 1489 scribe
1423 1462 1502 1497 quin-

1320 1497 1457 1531 quaginta.

1320 1532 1347 1559 7.
1370 1532 1472 1561 Deinde
1491 1533 1545 1562 alio

1322 1568 1390 1596 dixit
1401 1577 1407 1595 :
1424 1569 1464 1596 Tu

1322 1609 1451 1638 quantum
1468 1605 1515 1633 de-

1280 1642 1283 1643 ⁷
1321 1639 1392 1667 bes?
1403 1640 1468 1668 Ait:

1322 1676 1436 1703 Centum
1452 1676 1518 1705 clio-

1322 1719 1368 1739 ros
1385 1711 1476 1740 tritici.

1322 1746 1368 1784 Αίι
1379 1747 1417 1784 (ο)
1433 1753 1460 1776 ει
1472 1748 1491 1784 ῒ

1322 1783 1361 1819 illi
1373 1791 1380 1810 :
1398 1785 1497 1819 Accipe

1322 1818 1427 1848 litteras
1442 1818 1518 1855 tuas,

947 2338 974 2365 4.
996 2338 1115 2374 Cognovi
1129 2338 1194 2374 quid
1211 2339 1318 2367 faciam.

947 2375 973 2402 6.
994 2374 1109 2402 Centum
1119 2374 1130 2390 ⁵
1146 2374 1225 2404 batos
1236 2375 1290 2404 olei
1355 2377 1455 2413 Accipe
1473 2377 1579 2409 litteras
1602 2384 1671 2409 tuas.
1687 2380 1706 2418 -ἒ

668 2444 867 2473 VARIANTES
886 2443 1089 2473 LECTlONES.

909 2509 913 2532 ;
942 2504 952 2536 ξ
969 2502 1023 2536 (gat.
1034 2505 1057 2528 et
1067 2502 1127 2536 Min.
1140 2502 1166 2527 in
1176 2502 1271 2528 domus.
1282 2504 1361 2536 Vulg.
1374 2506 1399 2531 in
1410 2506 1503 2533 domos.

942 2534 953 2573 τ
969 2533 1146 2573 £91,.‘gautl‘el‘e
1155 2538 1180 2559 te
1193 2533 1406 2566 oportebathm.
1416 2539 1527 2570 gaudere
1537 2543 1643 2573 oportet.

106 2678 140 2715 ἒξ.
151 2686 244 2715 oportet
255 2690 314 2713 nos,
327 2684 384 2715 quia
395 2686 454 2715 tuus
464 2682 541 2708 frater
553 2684 664 2715 mortuus
676 2685 737 2715 erat.

107 2711 156 2738 CAP-
167 2711 294 2741 XVl.——l.
305 2711 352 2741 Hii:
360 2713 458 2741 delatus
468 2718 522 2740 erat
533 2717 591 2746 aput
606 2714 683 2758 illum.
718 2713 742 2739 2.
755 2712 858 2744 vocavit,

73 2871 111 2900 Gr.

940 2565 1110 2591 δΕΗιαϐαι.

401 2630 547 2651 ιεατιοηεε
558 2630 661 2651 CODlClS
675 2627 880 2650 VINDEBONENSIS
890 2627 1029 2648 ABEUNTES
1043 2627 1076 2647 AB
1091 2627 1217 2649 EDITIONE
1231 2629 1365 2651 VULGATA.

911 2675 998 2705 omisso
1009 2680 1043 2705 et.
1076 2678 1100 2704 4.
1115 2676 1225 2712 Cogitavi
1241 2680 1300 2713 quid
1315 2681 1410 2708 faciam.
1432 2683 1523 2710 Desunt
1542 2684 1674 2717 aequantia.

724 2777 907 2807 BLANCHINI
926 2776 1042 2807 ΝΟΤΛΕ.

104 2837 140 2874 (ιι)
152 2836 233 2880 quta
247 2845 311 2871 text.
326 2840 374 2870 Gr.
391 2839 517 2880 ἴγνων.-
527 2839 564 2876 (b)
579 2839 616 2868 Ita
630 2843 658 2868 et
674 2838 737 2867 cod.
751 2838 829 2867 Cant.
841 2836 901 2867 Lat.
915 2841 942 2866 ct
955 2836 1003 2866 Gr.
1014 2840 1062 2866 σοῦ
1075 2837 1108 2866 τὰ
1116 2838 1269 2875 γράμματα.
1282 2850 1318 2858 -
1331 2835 1368 2872 (ι)
1382 2836 1474 2865 Addit.
1486 2842 1519 2870 et,
1532 2837 1612 2866 etiam
1637 2843 1704 2869 text.
