3902 6208
544 142 651 197 (ὶιῦ
1095 140 1369 200 EUSEBII
1395 140 1737 200 VERCELL.
1781 136 2228 199 ενΑΝςειιυκ
2268 139 2409 203 ουκ
2440 140 2667 200 νΑιιιιε
2691 139 2847 198 COD.
2885 141 3279 203 COLLATUIL
3692 154 3763 209 iiii

937 256 1170 314 CODEX
1212 257 1756 315 VERCELLENSIS.
2670 254 2901 315 CODEX
2941 258 3393 319 VERONENSIS.

540 360 684 404 tuam
708 392 722 416 ,
747 357 801 405 et
844 351 860 381 ¹
907 352 1042 407 scri-
1367 351 1518 417 istis,
1547 350 1693 421 quod
2238 361 2293 404 et
2324 351 2502 406 scribe
3078 353 3164 408 15.
3208 354 3327 407 bis?
3349 352 3510 411 Nemo

536 422 607 477 be
629 422 871 488 octogin-
949 491 953 492 7
1035 491 1038 492 7
1364 432 1601 475 vestrum
1631 429 1747 485 est,
2240 423 2293 476 8.
2338 439 2502 478 Lxxx.
2538 422 2607 492 Et
2631 423 2741 480 ιλιι-
3072 442 3264 480 servus
3290 440 3378 492 po-

536 492 591 547 8.
634 503 706 547 ta.
754 496 815 548 Et
836 491 1073 548 laudavit
1364 494 1485 564 quis
1518 492 1702 548 credet
2235 492 2384 548 davit
2412 490 2584 550 domi-
3072 509 3175 551 test
3206 490 3416 553 duobus

534 564 785 619 dominus
813 565 1030 619 vilicum
1364 566 1558 618 vobis?
2238 582 2337 619 nns
2366 568 2584 620 vilicum
3069 568 3306 623 dominis

533 636 860 707 iniquitatis,
959 705 969 707 7
1368 637 1455 690 15.
1498 635 1666 690 Νειηο
1700 641 1885 705 potest
2234 636 2531 707 iniquitatis
2555 680 2571 700 ,
3073 642 3299 695 servire.
3333 642 3437 701 Aut

534 705 643 777 qui
675 749 687 760 .
734 749 747 762 .
794 747 806 759 .
841 705 1071 775 pruden-
1362 723 1556 763 servus
1583 708 1716 759 duo—
2234 724 2299 759 eo
2320 705 2461 778 quod
2498 726 2623 777 pru-
3073 728 3236 765 unum
3267 711 3452 779 odiet,

531 788 613 832 ter
642 782 661 809 ²
685 778 894 840 fecerit.
1360 779 1463 833 bus
1498 778 1733 832 dominis
2234 781 2427 834 denter
2467 782 2675 836 fecerit.
3073 792 3129 837 et
3153 784 3380 838 alterum

527 850 675 904 Dixit
694 862 873 905 autem
1362 854 1588 905 servire.
1634 852 1744 905 Aut
2238 850 2379 905 Dixit
2406 862 2589 907 autem
3073 856 3311 917 amavit;
3344 861 3439 908 aut

526 922 616 975 ad.
660 962 675 976 .
720 960 736 976 .
794 962 807 976 .
849 936 939 995 p_u.
985 961 1000 975 .
1363 923 1506 995 enim
1534 936 1739 995 unum__
2231 924 2296 975 ad
2334 923 2629 993 discipulos
3072 941 3237 979 unum
3274 941 3368 995 pa-

525 1006 577 1069 s.
615 1027 633 1046 .
677 1034 690 1048 .
738 1035 750 1047 .
797 1036 809 1046 .
834 991 958 1069 dico
988 1006 1082 1048 vo-
1363 994 1629 1069 odiet_.__et
1671 991 1774 1046 ali-
2230 1010 2397 1069 suos:
2430 991 2692 1069 (d)Fi_li-;-
3073 991 3355 1069 ti7etur,_et

526 1062 629 1135 bis.
675 1105 690 1119 .
735 1105 749 1118 .
795 1106 809 1117 .
844 1065 881 1118 li
909 1064 1006 1121 hu—
1366 1080 1452 1118 um
1480 1064 1699 1133 diliget;
2230 1064 2391 1135 hujus
2416 1062 2619 1121 saeculi
2670 1062 2684 1069 ⁷
3070 1068 3296 1123 alterum

523 1134 613 1204 jus
642 1138 849 1207 saeculi
1362 1144 1457 1189 aut
1486 1152 1649 1189 unum
2230 1134 2609 1207 prudentiores
3070 1150 3401 1194 contemnet.

527 1222 651 1276 pru.
699 1250 711 1261 .
746 1206 924 1263 entio-
1365 1210 1632 1276 patietur,
1661 1215 1716 1260 et
2229 1206 2355 1261 sunt
2393 1222 2554 1279 quam
3066 1209 3183 1265 Non
3216 1221 3370 1280 pote-

524 1294 613 1334 res
636 1291 760 1333 sunt
785 1294 875 1333 su—
1361 1280 1528 1334 alium
1556 1293 1687 1332 con—
2231 1279 2305 1332 ﬁli
2340 1280 2477 1334 lucis
3065 1283 3164 1335 stis
3196 1279 3305 1338 Deo

525 1366 621 1419 per
647 1351 785 1405 filios
810 1353 888 1404 lu-
1360 1359 1587 1405 temnet.
1615 1349 1729 1403 Non
2229 1350 2282 1403 in
2311 1351 2409 1404 hac
2438 1366 2603 1421 geue-
3065 1354 3268 1409 servire
3288 1396 3304 1419 ,
3333 1364 3388 1409 et

522 1424 602 1494 cis
632 1424 682 1475 in
712 1435 873 1494 gente
1361 1423 1590 1490 potestis
1623 1422 1733 1475 Deo
2228 1423 2459 1494 ratione.
3065 1440 3371 1479 mamonae.

524 1493 646 1547 hac.
722 1493 730 1494 '
1358 1495 1604 1559 servire,
1645 1501 1701 1547 et
2228 1493 2282 1548 9.
2327 1493 2395 1547 Et
2421 1509 2521 1563 ego
2550 1509 2643 1549 νο-
3070 1496 3153 1549 H.
3197 1497 3503 1553 Audiebant

520 1564 574 1637 _9.
622 1566 815 1637 Etego
845 1563 969 1620 dico
999 1576 1091 1618 vo—
1358 1579 1665 1637 mamonae.
1786 1631 1799 1637 7
2226 1564 2310 1637 bis
2340 1566 2505 1637 dico:
2538 1565 2644 1619 Fa-
3062 1578 3242 1623 autem
3276 1570 3409 1623 haec

519 1635 604 1690 bis
640 1655 654 1690 :
686 1631 867 1691 Fa'cite
897 1650 997 1687 vo-
1360 1635 1445 1689 M.
1491 1636 1634 1690 Haec
1655 1631 1835 1687 omnia
2224 1635 2331 1689 cite
2359 1636 2516 1691 vobis
3064 1642 3247 1694 omnia
3275 1640 3416 1695 Pha-

518 1706 837 1781 bisamicos
1356 1721 1477 1760 cum
1505 1705 1692 1781 audis-
2224 1709 2433 1781 amicos
2461 1706 2530 1760 de
2623 1776 2633 1781 7
3065 1709 3223 1764 risaei
3244 1753 3259 1776 ,
3291 1713 3384 1781 qui

519 1778 586 1831 de
614 1780 796 1848 iniquo
1356 1788 1479 1832 seut
1504 1776 1692 1832 Phari-
2226 1778 2301 1847 (ὁ)
2335 1791 2582 1831 mamona
2608 1776 2646 1847 ᾖ
3060 1794 3216 1835 erant
3245 1776 3372 1836 ava-

522 1848 599 1920 (b)
628 1864 878 1905 mamona
903 1848 977 1919 νὴ
1353 1850 1463 1904 saei
1489 1890 1505 1914 ,
1535 1848 1627 1918 qui
1665 1862 1721 1901 e-
2222 1848 2555 1918 iniquitatis;
3062 1854 3145 1918 ri,
3172 1863 3227 1908 et
3250 1854 3397 1908 deri-

518 1930 605 1986 ut,
637 1937 760 1976 cum
782 1921 932 1977 defeo
1354 1928 1478 1974 rant
1509 1935 1657 1973 ama-
2224 1932 2310 1983 ut,
2342 1938 2461 1974 cum
2494 1920 2647 1976 defe-
3060 1923 3262 1978 debant
3296 1926 3360 1979 il-

516 1993 653 2047 cerit
676 1994 844 2060 vobis,
1353 2000 1501 2046 tores
1530 2004 1693 2061 pecu-
2220 1992 2434 2057 ceritis,
2469 1992 2606 2047 reci-
3063 1996 3151 2051 15.
3193 1997 3324 2051 lum.
3350 1997 3419 2051 Et

515 2065 782 2136 recipiant
1353 2064 1476 2136 niae
1498 2104 1511 2125 .
1548 2061 1752 2116 inride-
2222 2064 2369 2130 piant
2398 2079 2497 2118 vos
2521 2067 2571 2116 in
3056 2068 3134 2121 ait
3158 2068 3305 2126 illis:

515 2150 612 2189 vos
633 2135 687 2191 in
720 2147 903 2193 aeter-
1351 2135 1482 2189 bant
1503 2151 1647 2188 eum.
1778 2201 1787 2203 _
2220 2144 2440 2189 aeterna
2478 2136 2659 2190 labere
3057 2137 3168 2193 Vos
3196 2141 3359 2203 estis,

517 2209 860 2280 nataberna-
1352 2206 1443 2280 15.
1484 2205 1552 2260 Et
1579 2205 1718 2280 dixit
1742 2201 1821 2262 eis
1851 2221 1864 2257 :
2219 2207 2409 2280 uacula
2449 2222 2567 2280 sua.
2600 2276 2632 2280 77
3055 2209 3149 2279 qui
3170 2201 3369 2280 justifi-

513 2279 671 2336 cula.
1351 2278 1463 2331 Vos
1490 2278 1622 2332 estis
1643 2318 1657 2340 ,
2220 2277 2307 2330 10.
2350 2280 2453 2345 Qui
2489 2274 2665 2333 lidelis
3055 2274 3193 2336 catis
3225 2297 3323 2335 vos

516 2349 602 2406 10.
645 2352 745 2418 Qui
775 2349 954 2405 fidelis
1350 2350 1439 2418 qui
1464 2348 1666 2418 justili-
2216 2358 2300 2403 est
2328 2349 2382 2403 in
2415 2348 2520 2403 mi-
3055 2367 3241 2407 coram
3276 2353 3375 2407 ho-

513 2432 598 2476 est
627 2422 648 2453 ³
677 2425 729 2477 in
753 2422 915 2476 mini-
1346 2419 1481 2474 catis
1504 2435 1599 2473 vos
1627 2433 1721 2473 co-
2216 2420 2398 2483 nimo,
2430 2432 2488 2475 et
3056 2425 3291 2479 minibus
3315 2443 3329 2477 :

514 2509 603 2546 nio
626 2538 639 2557 ,
668 2505 723 2549 et
750 2496 802 2549 in
827 2495 957 2547 mul-
1346 2505 1462 2544 ram
1494 2490 1670 2544 homi-
2216 2491 2271 2545 in
2303 2494 2475 2561 majus
2506 2490 2568 2544 ft-
3056 2495 3198 2549 Deus
3223 2505 3405 2552 autem

517 2575 570 2617 to
597 2565 771 2620 ﬁdelis
800 2572 885 2619 est
913 2583 925 2617 :
1348 2562 1505 2617 nibus
1529 2580 1543 2614 :
1574 2562 1718 2615 Deus
1744 2576 1839 2614 au-
2214 2564 2354 2618 delis
2384 2574 2469 2618 est
2495 2582 2509 2617 :
3053 2568 3203 2621 novit
3229 2568 3396 2621 corda

513 2645 569 2691 et
588 2637 679 2706 qui
720 2638 771 2691 in
798 2635 955 2689 mini-
1348 2641 1455 2709 tem
1486 2636 1588 2687 scit
1616 2647 1737 2687 coro
2215 2643 2269 2688 et
2292 2638 2378 2709 qui
2408 2636 2467 2709 in
2517 2705 2529 2709 7
3052 2649 3263 2705 vestra;
3294 2638 3464 2709 quia,

513 2704 847 2783 mit—iniquus
1348 2704 1415 2759 da
1442 2715 1657 2783 vestra;
2215 2708 2428 2760 modico
2459 2705 2581 2783 ini-7
3053 2710 3193 2783 quod
3226 2704 3387 2781 (diu
3416 2709 3459 2783 -ί-

510 2789 628 2842 est,
663 2790 718 2834 et
741 2782 792 2833 in
816 2794 967 2850 mag-
1348 2778 1604 2850 quoniam
1628 2819 1645 2843 ,
2214 2792 2311 2832 cus
2336 2788 2448 2844 est,
2482 2788 2535 2833 et
2568 2779 2622 2833 in
3050 2778 3365 2836 hominibus

512 2850 824 2922 noiniquus
914 2848 929 2850 ⁷
1347 2848 1493 2922 quod
1522 2856 1652 2917 aput
1696 2919 1707 2922 7
2212 2850 2389 2922 majus
3051 2853 3284 2908 sublime

511 2935 617 2978 est.
701 2919 716 2922 “
1348 2920 1599 2974 homines
1630 2919 1754 2973 sub-
2215 2920 2389 2976 inicus
3050 2933 3169 2988 est,
3200 2924 3331 2980 abo-

511 2996 599 3049 11.
644 2994 699 3049 Si
726 3008 858 3063 ergo
878 2994 928 3048 in
958 2992 1058 3048 ini-
1348 2992 1473 3046 lime
1510 3004 1627 3055 est,
1661 2991 1792 3046 abo—
2213 3005 2317 3047 est.
3050 2995 3278 3051 minatio

508 3082 617 3136 quo
649 3080 855 3121 mamo-
1348 3064 1573 3137 minatio
1598 3070 1683 3118 est.
2215 3065 2304 3137 7H.
2345 3066 2403 3121 Si
2430 3080 2559 3137 ergo
2601 3065 2653 3120 in
3048 3066 3169 3134 ejus
3187 3077 3317 3122 ante

509 3134 577 3191 na
612 3137 800 3192 ﬁdeles
1348 3134 1368 3164 ⁸
1391 3145 1517 3188 ante
1538 3150 1697 3207 cons-
2212 3134 2396 3207 iniquo
2425 3134 2538 3191 mal
3051 3138 3240 3192 Deum.

510 3224 617 3262 non
650 3207 852 3274 fuistis,
1328 3216 1562 3275 'pectum
1598 3206 1717 3260 Dei.
2213 3206 2375 3261 mona
3049 3209 3138 3265 16.
3179 3209 3319 3274 Lex,
3349 3218 3410 3265 et

509 3280 653 3349 quod
681 3280 960 3350 vobiscum
1352 3280 1436 3331 l6.
1478 3277 1588 3332 Lex
1606 3318 1619 3340 ,
1648 3284 1705 3330 et
1728 3275 2002 3346 Propltae-
2213 3278 2403 3334 ﬁdeles
3047 3280 3349 3350 Prophetae

509 3360 624 3422 est,
658 3349 778 3419 quis
806 3350 955 3422 dabit
999 3417 1008 3422 _
1045 3419 1053 3422 _
1352 3359 1632 3422 meusque
2214 3366 2321 3404 non
2352 3351 2527 3405 fuistis
2547 3393 2561 3415 ,
3048 3349 3220 3422 usque
3250 3353 3317 3407 ad

510 3421 581 3475 12
621 3417 804 3475 vobis?
834 3420 901 3474 Et
920 3462 936 3487 ,
966 3417 1013 3475 si
1043 3419 1094 3476 in
1345 3419 1413 3473 ad
1438 3420 1459 3450 ³
1488 3419 1805 3485 Johannen;
2213 3423 2355 3492 quod
2387 3438 2573 3480 verum
3048 3417 3367 3489 Joliannen;

505 3493 685 3566 alieno
716 3492 849 3566 ἤιξε·
1344 3505 1412 3545 ex
1441 3506 1547 3566 quo
1578 3505 1700 3566 τες·
2213 3502 2327 3566 est,
2356 3494 2477 3563 quis
3050 3511 3117 3551 ει
3142 3512 3251 3566 quo
3279 3512 3367 3550 re-

508 3565 590 3619 lcs
622 3578 730 3619 non
761 3562 842 3617 fu-
1349 3579 1474 3616 num
1506 3562 1600 3617 Dei
1624 3577 1790 3619 evan-
2214 3562 2487 3621 dabit’vo-
3050 3562 3213 3636 gnum
3241 3568 3337 3623 Dei

1813 3675 2045 3733 CODEX
2078 3676 2470 3735 BRIXIANUS.

506 3787 562 3833 et
610 3776 787 3831 scribe
836 3772 1104 3843 octoginta
1162 3772 1229 3825 Et
1270 3771 1506 3827 laudavit
1555 3771 1808 3824 dominus
1875 3771 2091 3825 viliCum
2202 3786 2441 3827 vestrum
2483 3780 2568 3827 est
2611 3773 2733 3842 quis
2770 3771 2918 3826 dabit
2964 3773 3141 3827 vobis.
3175 3773 3346 3827 Nemo
3401 3787 3595 3828 servus
3638 3774 3788 3839 polesl

505 3850 805 3919 iniquitatis
857 3842 1003 3919 quod
1050 3845 1341 3914 prudenter
1396 3842 1616 3919 fecerit.
1658 3846 1796 3919 quia
1846 3844 1938 3895 ﬁlii
1993 3844 2092 3895 liu-
2203 3846 2414 3919 duobus
2458 3844 2695 3919 dominis
2738 3846 2947 3899 servire
2989 3846 3098 3919 Aut
3136 3845 3278 3919 enim
3330 3862 3503 3900 ultum
3548 3845 3709 3898 odiet.
3747 3846 3790 3891 et

503 3915 1575 3991 jus'saeculiprudentiores7sutit_liliis
1606 3916 1743 3991 lucis
1786 3916 1835 3967 in
1867 3930 2093 3991 genera-
2204 3918 2436 3969 alterum
2474 3916 2669 3991 diligit.
2702 3928 2789 3969 aut
2815 3919 2923 3991 uni
2976 3917 3277 3991 adherebit.
3306 3929 3359 3971 et
3416 3919 3648 3971 alterum
3677 3926 3787 3991 coll-

503 3983 649 4045 tione
675 4007 790 4043 sua.
826 3983 890 4044 Et
929 4005 1027 4057 ego
1059 3989 1210 4041 Vobis
1249 3986 1369 4041 dico
1404 3985 1585 4042 Facite
1618 3986 1770 4038 Vobis
1798 3985 1999 4039 amicos
2030 3986 2097 4039 de
2208 3995 2435 4042 temnet.
2484 3988 2598 4040 Non
2634 3988 2857 4056 pntvslis
2888 3989 2998 4042 Deo
3023 3990 3227 4041 servire
3258 3999 3313 4043 et
3359 4002 3670 4042 mammae.
3700 3983 3789 4036 All-

503 4064 579 4133 (b)
605 4078 849 4116 mamona
869 4061 909 4132 οξ·
935 4061 1248 4130 iniquitatis.
1276 4070 1467 4133 nicum
1496 4058 1802 4133 defeceritis
1832 4059 2096 4127 rccipiunt
2201 4060 2632 4133 dicbantautem
2667 4061 2799 4112 haec
2828 4061 3009 4133 omnia
3042 4060 3338 4133 Pharisaei.
3373 4061 3471 4129 qui
3500 4067 3654 4113 erant
3681 4070 3787 4129 uva-7

502 4128 597 4187 vos
640 4136 690 4187 in
720 4128 937 4187 aeterna
1002 4128 1367 4185 tabernacula.
1407 4131 1507 4195 Qui
1552 4128 1723 4183 fidelis
1754 4141 1835 4182 est
1883 4132 1934 4183 in
1983 4147 2095 4181 ino-
2200 4132 2265 4184 ri.
2319 4143 2372 4184 et
2420 4132 2733 4185 deridebnnt
2777 4145 2899 4183 cuin
2954 4132 3017 4185 Et
3078 4133 3151 4183 ait
3188 4131 3317 4185 illis.
3388 4133 3500 4184 Vos
3550 4142 3677 4183 estis
3712 4128 3784 4193 qui

502 4207 641 4261 (Ιίευ.
676 4218 728 4260 ει
758 4205 809 4259 in
844 4206 1013 4258 multo
1040 4202 1216 4257 ﬁdelis
1239 4214 1341 4256 est.
1370 4214 1423 4255 et
1448 4203 1536 4273 qui
1578 4204 1629 4253 in
1664 4201 1876 4253 modico
1906 4201 2097 4255 inﬁde—
2195 4202 2501 4269 jnstilicatis
2520 4201 2896 4271 vosmetipsos.
2919 4203 3450 4257 coramhominibus.
3475 4206 3614 4258 lleus
3633 4212 3787 4253 autem

502 4278 569 4332 lis
596 4287 699 4332 est.
731 4291 786 4332 et
836 4278 889 4329 in
936 4278 1103 4330 multo
1136 4275 1365 4345 inﬁdelis
1404 4286 1505 4326 est.
1540 4273 1595 4327 Si
1648 4288 1777 4341 ergo
1811 4274 1860 4325 in
1913 4275 2095 4341 iniquo
2200 4275 2348 4327 novit
2391 4274 2551 4327 Corda
2584 4284 2781 4327 vestra.
2809 4276 2929 4343 quia
2969 4278 3112 4345 quod
3161 4274 3483 4329 hominibus
3530 4276 3693 4327 altum
3720 4277 3789 4321 est

500 4364 748 4403 mamona
780 4348 965 4402 fideles
1010 4361 1112 4400 non
1144 4344 1487 4417 fuistisquod
1517 4360 1702 4398 verum
1725 4355 1811 4417 est
1841 4346 1959 4413 quis
2002 4360 2095 4417 νοτ
2199 4346 2529 4417 abominatio
2558 4355 2640 4399 est
2682 4346 3029 4417 anteDeum.
3064 4346 3169 4400 Lex
3213 4356 3268 4399 et
3298 4346 3615 4415 Proplietae
3643 4353 3789 4410 usque

501 4421 585 4476 bis
624 4419 826 4475 credet.
866 4418 929 4473 Et
973 4419 1016 4473 si
1065 4419 1118 4472 in
1164 4418 1271 4471 alio
1320 4414 1512 4471 ﬁdeles
1561 4431 1665 4470 non
1716 4414 1915 4470 fuistis.
1950 4416 2093 4485 quod
2200 4417 2268 4470 ad
2310 4416 2616 4471 Johanuen.
2664 4416 2866 4473 deinde
2912 4432 3137 4488 regnum
3167 4417 3262 4472 Dei
3283 4433 3464 4473 evan-

1780 4527 2017 4585 GODEX
2050 4528 2517 4585 CORBElENSlS.

570 4627 624 4683 8.
667 4628 687 4658 ⁸
718 4626 1096 4698 prudentiores
1124 4633 1440 4696 suntquam
1487 4622 1584 4680 lilii
1613 4622 1751 4678 lucis
1787 4623 1841 4678 in
1893 4621 1997 4679 hac
2027 4624 2398 4694 generatione.

1707 4736 2101 4793 VABIANTES
2130 4724 2531 4795 LECTIONES.

563 4841 579 4871 ¹
622 4842 735 4889 Mm.
766 4839 929 4889 scribe
951 4838 1047 4902 c_ito7
1069 4848 1233 4902 ωαιᾷ
1250 4833 1395 4902 Vulg.
1420 4834 1581 4883 scribe
1606 4833 1869 4902 octoginta.
2203 4834 2275 4902 __‘
2311 4832 2419 4902 Gut.
2448 4832 2718 4885 Jobannem
2735 4846 2837 4902 ;_ex
2878 4847 2977 4897 quo
3002 4848 3211 4897 regnum
3234 4836 3326 4886 Dei
3372 4839 3786 4902 evangeliuntur,

557 4904 578 4934 ²
613 4904 720 4951 Gut.
747 4908 791 4951 et
819 4903 936 4950 Mm.
957 4899 1173 4963 fecisset.
1202 4893 1527 4963 Dixit'autem
1565 4896 1623 4945 ad
1648 4893 1912 4957 discipulos
1934 4906 2047 4943 suos
2075 4908 2086 4943 :
2195 4896 2313 4963 Mitt.
2345 4894 2616 4963 JobamLem
2635 4893 3044 4963 prophetav'erunt
3062 4893 3087 4959 ξ
3095 4911 3156 4947 ex
3175 4913 3273 4961 quo
3289 4893 3631 4963 regnuvaei
3655 4893 3787 4963 evan;

495 4964 621 5015 Filii.
656 4964 798 5029 γαίᾳ.
821 4964 1024 5029 fecisset
1050 4978 1061 5012 ς
1085 4962 1197 5029 quia
1221 4960 1322 5010 ﬂlll.
1366 5028 1370 5029 7
1414 5024 1423 5029 _
1565 5023 1576 5029 7
1829 5022 1838 5029 _
1991 5021 2003 5029 _
2192 4957 2481 5029 gelizautur.
2514 4957 2659 5023 Vulg.
2688 4958 2962 5023 Joannem;
2987 4957 3140 5012 exeo
3164 4957 3381 5023 riguum
3419 4964 3526 5023 Dei
3548 4962 3787 5027 evangeli-

561 5030 582 5060 ³
618 5029 723 5076 σαι.
749 5021 796 5078 ét
819 5028 938 5076 Mm.
978 5025 1027 5074 in
1062 5021 1249 5073 modico
1270 5059 1284 5082 ,
1328 5028 1382 5071 et
1413 5024 1461 5071 In
1487 5023 1699 5084 majus...
1742 5030 1796 5073 et
1828 5022 1879 5069 in
1912 5021 2082 5084 majus.
2189 5027 2346 5084 zatur.

504 5090 649 5156 Vulg.
671 5091 719 5139 in
744 5090 959 5156 minimo,
988 5094 1038 5136 et
1063 5085 1363 5156 lfIJll:tjt)l‘l._._-
1390 5092 1441 5156 et
1465 5085 1514 5131 in
1538 5082 1724 5156 majori.
1990 5082 1998 5084 “
2257 5082 2277 5112 ⁶
2313 5082 2419 5133 Gal.
2440 5088 2484 5133 et
2509 5085 2629 5132 Mm.
2655 5082 2999 5146 prudentiores
3020 5094 3133 5138 sunt
3149 5084 3261 5139 ﬁliis
3283 5087 3414 5140 lucis
3434 5091 3488 5140 in
3510 5092 3614 5142 vim
3632 5102 3729 5141 sua.

556 5159 577 5185 ⁸
599 5145 719 5203 "Gal.
743 5160 789 5202 et
813 5154 933 5201 Mm.
962 5149 1087 5211 apud
1107 5145 1283 5196 Deum.
1316 5145 1461 5211 Vulg.
1489 5155 1603 5195 ante
1625 5147 1802 5197 Deum.

1178 5266 1470 5308 LECTIONES
1498 5268 1701 5310 CODlClS
1729 5268 2132 5309 VINDEBONENSIS
2154 5269 2428 5309 ABEUNTES
2452 5271 2517 5309 ΑΒ
2542 5270 2788 5311 EDITIONE
2824 5271 3090 5313 VULGATA.

556 5358 629 5407 12.
656 5356 767 5419 quis
812 5351 1002 5403 credet.
1055 5351 1197 5401 Deest
1245 5348 1392 5399 vobis.
1460 5348 1539 5399 H.
1586 5350 1865 5402 Audiebant
1915 5357 2081 5402 autem
2188 5353 2313 5402 haec
2338 5352 2603 5406 Pharisaei.
2674 5353 2827 5407 16.ex
2848 5368 2946 5420 quo
2971 5360 3519 5421 regnum...omnesja
3542 5358 3679 5415 mum
3700 5360 3782 5411 vim

489 5422 687 5474 faciunt.

1822 5500 1951 5563 314A
1961 5500 2191 5562 NCHIN!
2234 5506 2465 5566 ΝΟΤΑΞ.

488 5600 906 5733 uiuit???
932 5598 1075 5723 $1088
1105 5596 1226 5675 ﬁlii)
1259 5596 1411 5657 deest
1434 5598 1590 5668 quia.
1625 5596 1679 5653 in
1724 5596 1844 5654 cod.
1888 5612 2108 5668 quoque
2144 5598 2300 5657 Cant.
2328 5603 2495 5676 -—-(b)
2529 5604 2601 5662 Ita
2641 5615 2697 5663 et
2726 5616 2862 5665 text.
2897 5608 2990 5677 Gr.
3018 5618 3264 5683 Μᾳμωνᾶ.
3288 5643 3365 5654 -
3390 5614 3469 5688 (ε)
3501 5615 3666 5677 Addi;
3705 5616 3779 5679 ίη,

547 5696 628 5731 l3“
778 5714 790 5726 .
894 5710 906 5724 ο
992 5709 1004 5722 ο

547 5696 646 5731 tam
679 5696 790 5731 tex.
810 5696 906 5727 ur.
937 5696 1004 5723 ιν.
