1951 3104
93 108 141 138 6όὸ

620 104 845 141 Ενωεθωωι
864 103 1049 135 SECUNDUM
1068 100 1197 140 LUCAH.

260 162 377 198 CODEX
398 162 668 198 VERCELLENSIS.

90 212 222 248 gelizantur
229 232 236 244 ,

92 253 116 275 et
129 255 214 277 omnes
225 248 250 276 in

90 284 157 310 illum
171 283 240 310 festi-

89 319 127 346 17.
146 324 213 345 nant.
230 316 341 350 Facilius

87 359 123 382 est
140 360 221 382 autem

87 390 178 417 caelum
187 411 194 423 ,
208 394 233 418 et

89 430 175 453 terram
187 431 253 453 trau-

86 462 133 488 sire
141 482 148 493 ,
163 469 238 496 quam

86 497 115 524 de
129 497 181 532 lege
194 505 271 527 unum

86 533 176 567 apicem
193 540 240 560 ex—

87 568 181 595 cedere.

87 603 124 630 l8.
140 603 243 640 Omnis,
259 603 303 640 qui
317 603 359 631 di-

86 639 156 666 mittit
170 648 231 667 uxo-

86 682 134 702 rem
148 683 217 702 suam
227 697 235 708 ,

86 715 107 737 et
120 711 189 738 nubit
200 711 249 739 ali-

85 754 120 773 am
130 766 136 778 ,
148 747 246 774 adulte-

86 783 143 808 rium
156 782 216 809 facit
229 792 235 810 :

85 823 107 844 et
119 818 169 852 quit
179 818 218 845 di-

85 861 180 880 missam
193 862 207 881 3
222 861 276 881 ma-

85 890 128 916 rito
141 889 222 923 ducit,

85 931 216 952 moecalur.

86 960 121 987 l9.
139 960 218 988 Homo
229 961 338 996 quidam

87 1000 134 1022 erat
146 997 230 1028 dives,

87 1031 124 1066 qui
136 1032 260 1060 vestieba-

88 1071 123 1093 tur
134 1075 223 1103 purpu-

86 1110 146 1135 ram,
160 1108 185 1131 et
198 1105 260 1139 bys-

85 1145 150 1171 sum;
165 1145 190 1167 et
201 1148 246 1170 ac.

84 1174 224 1208 palabantur

84 1210 167 1247 cotidie
180 1212 268 1247 splen-

84 1245 144 1273 dide.

83 1281 120 1321 20.
130 1283 237 1321 _Pauper
247 1283 285 1320 (α)
298 1287 395 1312 autem
406 1282 425 1321 -ἲ

84 1317 176 1351 quidam
185 1317 199 1353 ,⁷
208 1317 256 1348 ηοέ

84 1354 144 1381 mine
157 1355 236 1382 Laza-

84 1395 122 1425 rus
129 1410 136 1422 ,
145 1389 246 1425 jacebat

85 1424 111 1451 ad
120 1425 221 1458 januatn

84 1460 161 1489 divitis
175 1462 226 1489 illi-

85 1502 110 1522 us
118 1517 125 1528 ,
139 1497 233 1525 ulceri-

83 1530 125 1559 bus
137 1534 225 1568 plenus
237 1543 243 1567 ;

83 1567 120 1593 2i.
138 1567 162 1596 et
174 1570 296 1604 cupiebat

84 1604 161 1631 satiari
174 1605 206 1633 de

84 1639 164 1676 micis,
178 1648 244 1676 quae

85 1674 200 1704 cadebant

85 1709 113 1736 de
126 1719 211 1740 mensa

88 1744 136 1779 (ὒν
151 1747 235 1786 divitis
249 1749 270 1786 -ί-
284 1759 292 1778 ;
310 1750 359 1779 sed
373 1754 400 1779 et

88 1787 155 1809 canes
167 1785 238 1812 veni-

87 1822 165 1851 entes,
179 1819 243 1847 lam-

86 1851 170 1882 bebant
182 1857 238 1883 vui-

84 1959 208 1992 gclizatur.
236 1967 261 1989 el
294 1961 384 1989 omnis
418 1962 443 1988 in
470 1961 535 1989 illud
563 1962 617 1990 vim
651 1961 725 1989 facit.
751 1961 869 1989 Facilius

83 1999 230 2033 gslrautem
265 1998 372 2025 caelum
400 2003 427 2025 et
461 2002 558 2025 terram
577 2032 580 2033 ν
601 1999 748 2033 praeterire
789 2005 869 2032 quam

84 2029 110 2057 dc
124 2032 177 2067 lege
197 2042 280 2060 unum
302 2034 405 2065 apicem
431 2034 537 2061 cadere.
566 2029 660 2061 Omnis
689 2034 734 2069 qui
761 2029 871 2060 dimittit

85 2072 182 2103 utoreui
197 2077 286 2096 suam.
313 2075 339 2095 et
364 2070 442 2095 aliam
459 2069 532 2096 ducit
549 2075 697 2095 iuuet-amr.
715 2076 739 2095 et
766 2069 810 2103 qui
831 2069 871 2096 di—

84 2102 180 2139 utis-am
196 2113 209 2130 a
236 2105 297 2131 \‘irn
314 2105 387 2131 ducit
411 2111 559 2131 uincentur.
580 2106 664 2131 Iluuio
690 2105 797 2139 quidam
813 2109 872 2132 erat

84 2136 158 2175 dives.
174 2146 199 2167 et
211 2140 374 2167 induebatur
391 2149 544 2174 purpurati).
567 2146 592 2166 (ιι
617 2136 706 2167 Iussu:
724 2146 749 2167 et
763 2140 871 2175 aepula-

86 2172 153 2217 batur
165 2177 280 2217 cultithL
293 2172 602 2217 splendichilutttlicus
617 2176 653 2217 tu.)
675 2182 763 2203 autem
778 2172 869 2217 f'qui-

85 2207 137 2246 dum
149 2212 254 2239 nomine
270 2207 396 2239 Lazarus.
414 2212 457 2246 qui
472 2213 577 2246 jaccbat
592 2213 623 2238 :ul
638 2207 747 2246 jauualu
764 2207 873 2246 ejus-ul-

86 2245 182 2282 ceribus
195 2248 303 2281 plenus.
321 2245 432 2282 cupiens
446 2245 562 2275 satur-uri
575 2248 607 2274 de
621 2245 696 2274 uiicis
710 2245 873 2282 quaeeade-

87 2278 141 2309 bant
155 2282 188 2310 de
195 2278 296 2311 'mensa
310 2282 347 2319 (b)
357 2278 451 2311 divitis
466 2283 497 2319 in
515 2283 562 2312 sed
575 2289 603 2311 et
622 2291 703 2311 canes
717 2278 872 2311 veniebant.

483 218 548 237 nera
568 210 635 245 ejus.

482 245 528 272 22.
550 246 660 273 Factum
676 248 718 273 est
732 251 780 275 au-

483 285 536 309 tem
552 285 580 308 ut
594 289 654 308 mo-

483 323 588 345 reretur
603 325 671 352 pau-

484 361 546 388 per,
562 358 590 380 et
605 357 696 388 porta-

484 394 559 417 retur
573 390 607 418 ab
620 389 673 417 An-

483 426 552 461 gelis
565 426 591 453 iu
605 427 665 453 sinu

483 462 619 490 Abrahae.

484 498 606 526 Mortuus
619 502 662 525 est

484 539 574 561 autem
590 537 617 561 et
631 533 672 561 di-

484 577 532 597 ves
542 590 549 601 ,
563 574 590 597 et
604 568 696 604 sepul-

485 609 527 632 tus
541 610 583 632 est
597 608 662 640 aput

484 640 596 668 inferos.

485 676 531 704 25.
554 676 587 703 Et
599 676 633 703 de
646 675 752 709 inferno

486 713 596 740 elevans
611 720 675 739 ocu-

486 748 527 776 los
539 754 618 781 suos,
634 755 696 777 cum

486 787 560 811 esset
575 784 601 811 in
622 788 678 810 tor-

485 820 602 852 mentis,
616 819 690 847 videt

486 854 623 882 Abraham

486 898 501 918 a
518 891 614 932 longe,
630 895 656 918 et
669 888 719 919 La-

486 934 578 953 zarum
594 935 621 954 In

486 962 547 989 sinu
562 962 638 997 ejus;

485 997 533 1024 24.
552 1003 580 1025 et
593 999 650 1032 ipse
665 997 753 1026 excla-

487 1041 578 1067 mans,
595 1034 680 1061 dixit:

486 1069 566 1097 Pater
580 1070 663 1097 Abra-

487 1105 565 1138 ham,
583 1104 665 1132 mise-

487 1148 549 1168 rere
561 1141 626 1168 mihi
634 1162 642 1173 ,

487 1181 515 1204 et
528 1177 604 1204 mitte
617 1177 668 1204 La-

487 1220 594 1246 zarum,
611 1218 640 1240 ut

487 1248 601 1284 intingat
611 1256 658 1276 ex-

487 1288 604 1311 tremum

488 1320 564 1354 digiti
579 1320 618 1347 sui
634 1320 661 1348 in

488 1363 584 1392 aquam
595 1376 602 1388 .
615 1355 651 1392 (ε)
662 1360 689 1383 ει
703 1355 724 1391 1·

489 1391 632 1427 refrigeret

489 1428 607 1463 linguam

490 1471 592 1497 meum;
608 1471 675 1499 quo—

489 1499 561 1526 niam
575 1507 638 1527 cru—

489 1535 546 1562 cior
564 1534 591 1563 iu
607 1535 657 1562 hac

489 1570 536 1598 25.
556 1570 673 1598 ﬂamma.
690 1570 733 1600 Di-

490 1607 528 1633 xit
543 1612 633 1635 autem

490 1642 528 1669 illi
544 1642 700 1670 Abraham:

490 1677 557 1712 Fili,
572 1686 676 1708 memor

490 1719 548 1741 esto

489 1750 615 1784 quoniam
629 1757 706 1779 rece-

492 1786 552 1819 pisti
570 1786 640 1813 bona

491 1821 517 1848 iu
536 1822 589 1848 vita
605 1827 649 1849 tua
659 1842 667 1855 ,

491 1860 518 1884 et
531 1857 648 1885 Lazarus

1661 104 1714 137 6:6

1129 162 1245 199 CODEX
1265 162 1488 195 VERONENSIS.

917 210 1117 251 evangelizatur
1126 230 1133 243 ,

918 251 945 272 et
957 254 1044 273 omnis

916 280 944 308 in
958 281 1019 308 illut
1031 281 1085 311 vim

916 316 989 344 facit.

918 352 961 380 ‘17.
984 352 1102 381 Facilius

916 395 958 416 est
970 394 1060 417 autem

916 426 1021 452 caelum
1035 446 1042 458 ,

916 465 944 488 et
960 467 1058 488 terram

918 497 1064 531 praeterire
1073 517 1081 529 ,

916 540 997 566 quam

916 568 950 595 dc
965 568 1023 603 lege
1035 575 1117 595 unum

917 604 1019 639 apicem
1036 611 1082 631 ca-

917 640 994 666 dere.

920 674 964 702 18.
986 675 1079 702 Omnis
1088 696 1095 707 ,
1110 675 1155 710 qui

918 710 1030 738 dimittit
1044 718 1108 739 uxo-

919 754 976 774 rem
991 755 1065 774 suam
1078 768 1086 780 ,

920 787 947 809 et
965 782 1040 810 ducit
1058 783 1097 809 al-

921 822 1006 845 teram
1014 840 1021 852 ,
1038 826 1112 846 moe-

920 853 1017 881 chatur
1033 864 1040 882 :
1061 858 1088 881 et

920 889 966 924 qui
981 890 1119 919 dimissam

920 933 935 952 a
950 927 1007 952 viro
1021 927 1072 954 du-

920 960 971 994 cit,
986 962 1152 990 moechatur.

922 997 965 1024 19.
988 997 1075 1024 Homo
1089 1002 1178 1026 autem

921 1033 1028 1067 quidam
1044 1039 1101 1060 erat

920 1068 1010 1104 dives,
1025 1070 1069 1104 qui

920 1103 1082 1131 induebatur

922 1148 1067 1175 purpuram
1078 1161 1086 1172 ,

921 1181 948 1203 et
967 1176 1111 1210 aepulaba-

922 1216 965 1239 tur
977 1213 1088 1239 cottidie

920 1248 1071 1281 splendide.

919 1280 965 1311 20.
977 1284 1051 1320 rErat
1067 1283 1105 1320 (a)
1123 1286 1213 1315 autem
1227 1280 1247 1317 -ι-

920 1319 1028 1354 quidam
1044 1328 1119 1348 men-

919 1356 996 1382 dicus
1004 1377 1011 1388 ,
1030 1356 1138 1383 nomine

919 1391 1037 1420 Lazarus
1045 1413 1052 1424 ,
1068 1391 1114 1428 qui

918 1427 1024 1460 iacebat
1038 1428 1073 1458 ad

918 1463 1028 1497 januam
1043 1463 1101 1497 ejus
1111 1483 1119 1496 ,

922 1499 1058 1527 ulceribus
1072 1499 1128 1534 ple-

921 1534 965 1562 ‘21.
989 1542 1053 1576 nus,
1066 1533 1177 1571 cupiens

922 1577 1039 1598 saturarl
1052 1578 1085 1599 ex

921 1606 962 1633 his
974 1628 982 1640 ,
1002 1614 1070 1641 quae
1085 1613 1129 1634 ca-

921 1642 1022 1670 debant
1036 1642 1070 1669 de

921 1685 1014 1706 mensa
1031 1678 1069 1713 (b)
1082 1677 1124 1706 di-

921 1714 984 1741 vitis
996 1713 1015 1749 ῒ
1029 1723 1035 1740 :
1050 1714 1097 1741 sed

922 1754 949 1777 Cl.
964 1757 1045 1777 canes
1058 1757 1104 1777 V8-

922 1785 1032 1813 niebant
1041 1805 1049 1818 ,
1065 1792 1092 1812 et

921 1821 1060 1862 lingebaut
1073 1821 1114 1848 ul-

923 1865 986 1884 cera
1001 1865 1070 1891 ejus.

733 1913 849 1941 CODEX
869 1913 1065 1942 BRIXIANUS.
1086 1921 1092 1928 '

921 1966 948 1988 et
964 1961 1102 1996 lingebant
1118 1961 1209 1989 ulcera
1224 1961 1296 1996 ejus.
1311 1961 1424 1990 Factum
1438 1966 1481 1990 est
1495 1967 1585 1990 autem
1601 1967 1628 1990 ut
1638 1971 1724 1991 more—

921 2002 997 2024 retur
1023 1996 1174 2033 mendicus.
1194 2002 1221 2024 et
1245 2003 1397 2032 pur-taretur
1416 1999 1448 2025 ab
1462 1998 1571 2033 Angelis
1594 1998 1618 2024 iu
1634 1999 1721 2026 siuum

922 2033 1058 2070 Abrahae.
1076 2032 1197 2070 iilurtuus
1208 2038 1249 2060 est
1264 2037 1354 2070 autem
1371 2039 1398 2060 et
1410 2033 1485 2061 dives
1501 2032 1537 2070 (ε)
1555 2037 1582 2060 et
1603 2034 1724 2068 sepultus

924 2074 975 2095 est.
992 2069 1024 2096 Et
1049 2068 1153 2095 inferno
1168 2069 1277 2095 elevans
1293 2068 1313 2103 ’Ξ-
1335 2069 1429 2096 oculos
1447 2068 1510 2096 suus
1532 2078 1590 2096 cum
1613 2075 1683 2096 rs~et
1698 2070 1724 2097 in

924 2104 1068 2132 tormentis
1081 2104 1148 2131 vidit
1167 2104 1301 2131 Abraham
1317 2112 1330 2130 a
1347 2105 1424 2132 luch
1440 2111 1466 2131 ct
1491 2105 1619 2131 Lazarum
1636 2106 1661 2131 iu
1685 2105 1723 2132 si-

926 2148 989 2167 num
1014 2139 1072 2175 ejus
1095 2145 1122 2167 et
1141 2140 1198 2174 ipse
1222 2141 1375 2167 exclamans
1391 2139 1458 2168 dixit
1484 2141 1561 2167 Palcr
1588 2140 1722 2168 Abraham

925 2176 1055 2204 miserere
1068 2176 1129 2203 mei.
1140 2182 1167 2203 et
1176 2176 1252 2203 mitte
1266 2175 1394 2204 Lazarum
1407 2181 1434 2202 ut
1448 2177 1723 2210 intiuguutsumuium

925 2211 1056 2245 digiti_sui
1074 2212 1099 2240 in
1113 2219 1192 2247 aqua.
1206 2210 1245 2247 (α)
1266 2215 1292 2238 et
1307 2210 1327 2247 ῒ
1343 2210 1485 2247 refrigeret
1503 2212 1617 2245 liuguaui
1637 2219 1722 2247 meum

926 2246 986 2282 quia
1001 2247 1107 2274 crucior
1123 2248 1150 2273 in
1163 2246 1214 2274 hac
1222 2246 1381 2274 ﬂamminEt
1391 2246 1456 2274 dixit
1474 2247 1511 2274 illi
1522 2248 1655 2275 Abraham
1674 2246 1725 2275 Fili

925 2283 1081 2310 recordare.
1097 2283 1159 2318 quia
1177 2282 1302 2318 recepisti
1317 2283 1387 2311 bona
1401 2282 1428 2310 in
1442 2283 1496 2310 vita
1510 2289 1555 2311 tua
1569 2289 1596 2312 et
1609 2284 1726 2312 Lazarus

718 2341 839 2370 CODEX
851 2341 1087 2370 CORBEIENSIS.

962 2388 1007 2416 22.
1030 2393 1059 2416 ut
1074 2393 1225 2416 moreretur
1237 2388 1357 2417 Lazarus
1370 2389 1520 2418 mendicus.

118 2389 157 2417 l6.
177 2398 272 2420 omnes
285 2392 311 2419 in
327 2391 392 2419 illud
407 2392 460 2419 vim
474 2391 586 2419 faciunt.

118 2610 151 2634 18.
161 2610 280 2637 dimiserit
291 2617 394 2636 uxorem
405 2617 482 2642 suam,
491 2613 517 2634 et
526 2609 626 2634 duxerit
636 2608 727 2637 aliam.
749 2609 788 2634 19.
798 2608 874 2634 Homo

90 2644 195 2674 autem...
216 2644 258 2674 qui
270 2644 415 2674 induebatur
436 2647 565 2673 purpuram
577 2659 584 2670 ,
596 2644 623 2666 et
635 2643 745 2674 byssum,
760 2645 785 2665 et
797 2646 876 2674 aepu-

88 2670 178 2704 l_ebatur
202 2670 299 2699 cotidie.
332 2674 372 2701 20.
392 2670 489 2704 Pauper
512 2676 594 2704 autem

88 2702 121 2727 Ex
134 2703 180 2736 his,
190 2711 261 2737 quae.
270 2704 369 2731 Ibidem
378 2702 453 2735 deest;
462 2708 488 2730 et
497 2711 570 2734 nemo
579 2703 613 2729 illi

681 2448 880 2480 VARIANTES
898 2446 1100 2475 LECTIONES.

116 2496 123 2511 ι
140 2496 190 2522 Gut.
202 2501 225 2523 et
237 2498 294 2524 Mm.
307 2498 388 2523 divitis
400 2506 405 2524 :
415 2498 458 2523 sed
472 2501 507 2523 et.
525 2496 597 2529 Vulg.
610 2496 704 2528 divitis,
718 2500 743 2522 et
755 2502 829 2523 nemo
846 2494 881 2519 illi
890 2494 963 2519 dabat
979 2493 1041 2520 :sed
1054 2498 1091 2519 et.

419 2559 564 2580 LECTIONES
575 2559 676 2580 CODICIS
689 2557 893 2579 VINDEBONENSIS
903 2557 1041 2578 ABEUNTES
1056 2558 1089 2577 ΔΒ
1101 2549 1226 2577 ΕΒΠΪΟΝΕ
1238 2557 1371 2578 νυιαΑτΑ.

639 2672 721 2697 uidem
740 2676 801 2697 erat.
834 2672 876 2696 2|.

653 2704 703 2729 bat.
733 2703 773 2728 29.
786 2707 813 2728 ut
824 2709 877 2729 m0-

1334 210 1379 237 22.
1403 212 1512 240 Factum
1528 219 1569 241 est

1335 253 1424 274 autem
1441 252 1470 275 ut

1336 288 1487 310 moreretur

1335 318 1454 347 Lazarus
1469 327 1545 348 men-

1334 354 1409 382 dicus
1419 376 1426 388 ,
1441 360 1469 383 et

1335 396 1488 425 portaretur

1335 426 1369 468 ab
1384 427 1494 468 Angelis

1335 469 1659 495 Insmum.......

1334 497 1455 526 Mortuus
1469 505 1509 527 est

1334 538 1426 561 autem
1438 534 1529 568 dives,

1335 569 1371 605 (ε)
1382 575 1409 597 et
1423 571 1544 605 sepultus

1335 610 1387 632 est.
1402 606 1434 633 Et
1445 607 1471 633 in

1335 640 1381 668 23.
1402 642 1507 669 inferno
1519 642 1578 672 ele-

1335 684 1401 713 vans
1417 678 1438 713 -ι-
1457 685 1521 705 ocu-

1335 712 1378 740 los
1393 712 1457 740 suhs
1464 733 1472 747 ,
1493 721 1554 744 cum

1336 754 1408 776 esset
1423 749 1449 776 in
1464 754 1519 776 tor-

1336 785 1446 818 mentis,
1459 786 1498 813 vi-

1336 819 1377 847 dit
1386 821 1472 848 Abra-

1337 855 1400 883 ham
1414 864 1428 883 a
1446 857 1504 884 lon-

1337 899 1381 926 ge,
1396 897 1423 919 et
1438 892 1521 920 Laza-

1339 935 1398 954 rum
1413 928 1439 955 iu
1453 929 1513 957 sinu

1339 963 1398 998 ejus
1409 963 1449 1000 (d)
1466 972 1510 992 re-

1338 1000 1521 1034 quiescentem
1535 999 1556 1035 -ί-
1568 1008 1576 1026 :

1337 1035 1383 1062 24.
1403 1040 1430 1062 et
1443 1036 1500 1070 ipse
1518 1035 1609 1070 excla-

1338 1078 1415 1097 mans
1424 1092 1431 1102 ,
1446 1071 1514 1098 dixit
1527 1079 1534 1098 :

1339 1106 1419 1133 Pater
1434 1106 1520 1138 Abra-

1340 1142 1401 1169 ham
1409 1163 1417 1175 ,
1431 1141 1515 1169 mise-

1338 1185 1401 1205 rere
1414 1179 1466 1205 mei
1471 1199 1479 1209 ,

1339 1218 1367 1241 et
1380 1214 1457 1241 mitte
1469 1213 1523 1243 La.

1339 1257 1431 1276 zarum
1444 1270 1452 1283 ,
1468 1255 1497 1277 ut

1337 1285 1452 1320 intingat
1466 1293 1513 1313 ex-

1339 1327 1455 1349 tremum

1338 1357 1414 1392 digiti
1429 1357 1470 1384 sui

1338 1393 1365 1420 in
1379 1400 1491 1427 aquam,

1339 1427 1375 1464 (ε)
1390 1433 1415 1455 ει
1431 1428 1452 1464 1'
1466 1436 1509 1462 re-

1337 1463 1447 1499 frigeret
1457 1463 1509 1491 lin-

1337 1507 1418 1535 gnam
1433 1507 1539 1532 meam;

1338 1535 1400 1570 quia
1415 1535 1522 1565 crucior

1340 1571 1366 1598 in
1382 1570 1431 1597 hac
1446 1570 1563 1599 ﬂamma.

1337 1606 1383 1633 25.
1405 1607 1439 1634 Et
1454 1607 1523 1636 dixit
1538 1607 1578 1639 illi

1338 1642 1474 1669 Abraham
1491 1651 1497 1669 :

1338 1678 1406 1710 Fili,
1424 1678 1550 1707 recorda-

1339 1722 1369 1741 re
1381 1713 1442 1755 quia
1454 1719 1497 1755 re-

1339 1749 1434 1785 cepisti
1455 1750 1488 1785 (ι’)
1502 1754 1530 1777 tu
1540 1749 1560 1786 ’ᾖ

1341 1786 1412 1812 bona
1425 1787 1451 1812 iu
1466 1786 1506 1812 vi-

1343 1826 1371 1848 tu
1391 1825 1436 1848 tua
1444 1841 1452 1854 ,
1464 1827 1492 1848 et

1343 1857 1460 1884 Lazarus
1473 1856 1509 1885 si-

927 2611 1027 2632 rr-retur
1036 2606 1140 2631 Lazarus
1150 2612 1254 2638 pauper,
1269 2609 1294 2631 ct
1304 2609 1502 2638 portaretur.....
1514 2612 1625 2633 mortuus
1637 2614 1676 2636 est
1687 2618 1729 2636 au-

929 2643 980 2664 tem
993 2642 1018 2663 et
1029 2639 1107 2667 dives,
1129 2642 1154 2663 et
1165 2638 1286 2670 sepultus
1299 2642 1339 2664 est
1359 2645 1419 2670 aput
1439 2638 1538 2664 inferos.
1572 2639 1611 2665 23.
1625 2640 1732 2668 Elevaus

929 2670 1065 2705 oculos"...
1076 2670 1135 2694 vidit
1144 2668 1403 2705 Abraham_longe,_et
1411 2669 1527 2705 Lazarum
1536 2671 1562 2705 in
1574 2672 1653 2696 sinum
1667 2675 1729 2705 ejus.

961 2701 1001 2727 24.
1011 2702 1132 2727 miserere
1141 2700 1210 2726 mihi.
1245 2701 1284 2727 25.
1296 2700 1413 2732 quoniam
1425 2702 1552 2733 recepisti.

737 2755 921 2784 BLANCHINI
936 2755 1051 2784 NOT/E.

125 2802 160 2840 (ιε)
180 2803 267 2831 Addit.
288 2811 384 2838 autem,
407 2805 487 2832 etiam
515 2808 568 2831 tex.
592 2804 639 2831 Gr.
719 2819 754 2824 --
768 2803 806 2840 (b)
827 2803 890 2830 Post
902 2803 997 2840 divitis,
1013 2802 1129 2840 deestret
1143 2810 1217 2829 nemo
1231 2801 1498 2840 illi‘dabatnpariter
1520 2801 1545 2840 in
1562 2804 1616 2828 tex.
1632 2802 1678 2840 Gr.
1696 2819 1731 2825 —

94 2836 185 2878 (ιλιεθ.
193 2843 222 2866 et
236 2844 286 2868 lex.
297 2841 343 2870 Gr.
359 2836 498 2878 ξὰίὶτάφη.
517 2842 563 2878 Ruf.
575 2839 708 2878 began
722 2836 1234 2878 temp—(dLAdditmutuantem,
1252 2836 1332 2866 etiam
1347 2836 1407 2864 cod.
1428 2836 1508 2864 Cant.
1529 2837 1729 2875 ἀναπκνόμινον,

94 2872 161 2909 -ίι)
175 2873 214 2902 Ita
234 2879 259 2904 et
276 2881 330 2906 lex.
354 2877 401 2905 Gr.
423 2872 474 2905 κάξ.
499 2891 532 2896 —
546 2875 580 2911 (Γ)
592 2872 672 2903 Addii
696 2872 736 2909 iu,
756 2872 836 2903 ciiam
855 2872 968 2902 tex.'Gr.
987 2875 1031 2900 σύ.
