3902 6208
563 210 667 266 647
1095 205 1373 267 EUSEBII
1408 206 1750 266 VERCELL.
1796 206 2243 267 EVANGELIUM
2271 204 2418 267 CUM
2456 208 2685 269 VARllS
2713 208 2871 269 COD.
2904 209 3296 271 COLLATUM.
3711 213 3789 271 6i8

954 328 1185 387 CODEX
1226 328 1765 386 VERCELLENSIS.
2691 327 2926 387 CODEX
2963 328 3421 388 VERONENSIS.

560 419 811 477 similiter
1393 426 1620 479 tentiam
1647 439 1705 479 a-
2259 426 2459 481 militer
2484 440 2597 480 ma-
3086 425 3335 481 suadebit
3363 423 3489 479 illis.

561 494 701 548 mala
739 510 753 547 :
1391 507 1540 564 gent.
2257 498 2341 564 la;
2378 513 2519 554 nunc
3017 536 3022 541 ι
3086 499 3176 554 '51.
3217 498 3307 553 Ait
3336 504 3509 552 autem

562 580 706 638 nunc
732 572 909 620 autem
1393 568 1482 622 51.
1528 568 1669 623 Dixit
1692 574 1886 624 :autem
2256 578 2435 625 autem
2468 571 2557 626 hic
3087 570 3163 625 illi
3192 588 3204 625 :
3236 570 3291 627 Si
3325 568 3472 638 Moy-

561 634 654 711 liic
677 650 871 692 conso-
1393 640 1471 694 illi
1504 659 1516 693 :
1546 640 1603 696 Si
1632 640 1875 711 Moysen,
2255 642 2587 709 consolatur,
3086 655 3203 708 sen,
3235 651 3291 697 et
3323 634 3455 695 Pro-

560 708 725 773 latur,
756 717 810 762 tu
827 724 933 783 _au—
1393 720 1449 767 et
1474 708 1772 783 Prophetas
2256 723 2311 766 tu
2341 729 2468 767 vero
2498 708 2621 770 cru-
3088 713 3280 783 phetas
3308 726 3415 766 non

563 790 672 852 tem
694 780 903 852 crucia-
1394 799 1503 837 non
1532 780 1791 852 audiunt;
1816 840 1827 845 Α
2254 784 2346 838 26.
2387 787 2570 841 ciaris.
2601 785 2669 841 Et
3089 780 3351 849 audiunt;

559 850 652 906 26.
694 852 788 926 ris.
824 851 893 926 Et
918 867 1080 925 super
1394 870 1496 910 nec
1529 855 1575 909 si
1605 855 1726 924 quis
1778 850 1783 852 ⁷
2257 856 2311 926 in
2345 856 2426 910 bis
2454 858 2633 913 omni-
3090 870 3266 926 neque
3289 857 3332 909 si
3361 854 3482 924 quis

561 924 812 978 omnibus
834 924 908 979 is-
988 924 999 925 ί
1394 941 1461 981 ex
1500 926 1731 981 mortuis
2256 925 2359 982 bus
2387 930 2531 985 inter
3091 942 3159 982 ex
3182 924 3418 983 'mortuis

563 995 632 1050 tis
667 995 806 1049 inter
837 1012 935 1052 nos
956 1038 971 1062 ,
1399 998 1464 1052 ad
1492 998 1614 1051 illos
1641 997 1796 1065 ierit,
2257 1013 2381 1065 vos,
2412 1008 2467 1054 et
2495 1017 2593 1059 nos
3091 997 3158 1053 ad
3190 997 3312 1053 illos
3341 998 3491 1054 abie-

561 1075 616 1153 et
645 1082 741 1122 vos
769 1067 948 1125 hiatus
1394 1070 1641 1126 credent.
2258 1070 2434 1153 Chaos
2474 1088 2699 1143 magnus
3093 1068 3225 1134 rint,
3249 1070 3489 1126 credent.

560 1145 913 1266 ἶιῗξ²εθὸῖι¹ἶῗῖ
1562 1181 1787 1239 CAPUT
1828 1178 1991 1236 xvu.

2258 1142 2673 1286 :?ii',i'§3i°s“
3106 1281 3119 1286 _
3194 1279 3225 1286 _
3243 1184 3485 1286 caput
3521 1182 3665 1240 xvu.

561 1289 740 1336 matus
769 1292 883 1347 est;
916 1293 975 1340 ut
1398 1280 1458 1352 1-,
1497 1278 1639 1352 Dixit
1673 1274 1747 1352 (α)
1777 1284 1955 1332 autem
1986 1274 2023 1346 ’ξ’
2258 1274 2490 1341 νειιῑθίιί
2512 1289 2642 1352 hoc,
3098 1281 3149 1335 i.
3193 1279 3339 1335 Dixit
3363 1280 3444 1352 (α)
3472 1294 3560 1335 au-

562 1352 657 1418 hi,
687 1354 779 1425 qui
812 1357 959 1411 veni-
1398 1351 1465 1406 ad
1487 1351 1779 1425 discipulos
2260 1358 2491 1413 transire
2519 1351 2635 1415 non
3098 1362 3203 1408 lem
3236 1352 3277 1425 ἦ·
3309 1351 3377 1407 ad
3398 1353 3478 1408 di-

561 1435 661 1499 unt
684 1422 813 1493 hoc,
838 1434 987 1483 tran-
1396 1437 1526 1499 suos
1556 1440 1569 1476 :
1608 1422 1814 1477 Dil‘lici-
2261 1430 2471 1499 possint
2490 1431 2557 1486 ad
3096 1422 3338 1499 scipulos
3360 1439 3485 1499 suos
3512 1440 3525 1478 :

560 1496 671 1573 sire
701 1512 808 1573 non
844 1514 970 1569 pos-
1396 1495 1449 1551 le
1476 1505 1583 1573 est,
1616 1505 1674 1549 ut
1703 1509 1811 1549 non
2262 1494 2393 1573 vos,
2426 1518 2599 1573 neque
3096 1494 3436 1566 lmpossibile

560 1569 672 1624 sint
709 1569 775 1623 ad
808 1568 935 1638 ves,
1397 1568 1617 1638 veniant
1645 1581 1803 1621 scan-
2260 1570 2389 1627 inde
2420 1568 2526 1629 huc
3096 1578 3200 1635 est,
3231 1578 3288 1622 ut
3318 1583 3426 1624 non

562 1655 740 1711 neque
767 1642 893 1698 inde
923 1637 926 1638 ⁷
1396 1637 1517 1693 dala
1553 1656 1566 1692 :
1599 1653 1817 1693 verum-
2261 1651 2617 1701 transmeare.
3094 1642 3317 1695 veniant
3341 1655 3496 1696 scan-

561 1710 669 1768 hoc
699 1721 878 1769 trans-
1396 1718 1579 1764 tamen
1610 1711 1630 1740 ⁸
1661 1724 1761 1764 vae
2259 1714 2351 1771 27.
2396 1717 2538 1772 Dixit
2568 1724 2753 1773 autem
2786 1732 2800 1768 :
3095 1710 3214 1766 dala
3241 1729 3253 1766 :
3287 1727 3502 1768 verum-

563 1798 770 1860 meare.
800 1856 810 1860 _
1395 1781 1475 1860 illi
1495 1822 1510 1845 ,
1535 1796 1630 1860 per
1650 1795 1830 1860 quem
2260 1785 2414 1860 Rogo
2446 1803 2577 1860 ergo
3096 1793 3273 1839 tamen
3309 1800 3410 1839 vae
3440 1785 3537 1849 illi,

562 1854 652 1908 27.
698 1854 841 1911 Dixit
866 1864 1048 1914 autem
1396 1852 1450 1926 2.
1494 1848 1733 1908 veniunt.
1762 1849 1837 1922 (b)
1866 1848 1987 1905 Uli-
2258 1865 2312 1912 te
2343 1848 2537 1926 Pater:
2556 1871 2614 1915 ut
3097 1871 3194 1925 per
3222 1870 3387 1926 quem
3415 1872 3507 1912 ve-

561 1926 643 1981 illi
681 1944 696 1980 :
726 1927 877 2000 Rogo
915 1944 996 1986 er-
1398 1924 1505 2000 lius
1533 1934 1617 1979 est
1639 1934 1822 1978 autem
2261 1929 2445 2000 mittas
2471 1924 2524 1985 in
3097 1924 3271 2000 nient.

559 2013 630 2069 go
659 2008 712 2071 te
742 1996 921 2069 Paier,
1394 1996 1473 2052 illi
1504 2009 1787 2071 nenasce-
2260 1999 2479 2056 domum
2504 2003 2605 2058 Pa-
3095 1998 3151 2071 2.
3194 1998 3271 2071 (b)
3308 2000 3502 2056 Utilius
3528 2007 3676 2055 autem

559 2068 622 2126 ut
644 2070 821 2127 mittas
849 2068 913 2127 in
1395 2080 1547 2123 retur
1565 2068 1625 2139 1-,
1653 2076 1746 2122 aut
2264 2072 2361 2127 tris
2390 2076 2515 2129 mei.
3096 2068 3275 2125 fuerat
3299 2072 3378 2128 illi
3410 2088 3477 2128 ne

561 2141 780 2215 domum
811 2142 912 2199 Pa-
1013 2214 1023 2215 ί
1396 2140 1533 2215 lapis
1556 2139 1775 2215 molaris
2260 2143 2352 2201 28.
2398 2147 2578 2202 llabeo
2608 2144 2753 2201 enim
3095 2154 3420 2199 nasceretur
3445 2144 3502 2215 τ,

559 2213 653 2289 _28.
697 2215 794 2289 tris
821 2216 945 2271 mei.
980 2214 1087 2271 Ha—
1396 2212 1713 2289 inpositus__
2261 2217 2499 2287 quinque
2528 2217 2637 2273 l‘ra-
3094 2224 3191 2289 aut
3221 2215 3362 2289 lapis
3391 2212 3504 2271 mo-

559 2284 664 2358 beo
694 2283 837 2341 enim
1397 2284 1589 2358 fuisset
1611 2283 1753 2339 collo
2264 2283 2374 2343 {res
2388 2283 2495 2356 ,'ut
3093 2284 3223 2341 laris
3257 2287 3561 2358 imponatur

558 2357 803 2428 quinque
835 2358 941 2414 lra-
1395 2356 1572 2429 illius,
1610 2365 1665 2410 et
1696 2368 1823 2425 pro-
2262 2368 2491 2415 testetur
2521 2360 2663 2429 illis,
3093 2359 3241 2429 circa
3269 2356 3472 2414 collum

558 2426 796 2501 (res,’ut
818 2431 835 2461 ¹
868 2430 1020 2487 testi-
1389 2426 1566 2501 jectus
1592 2435 1739 2482 esset
2258 2446 2329 2486 ne
2352 2442 2407 2486 et
2437 2432 2540 2501 ipsi
2648 2426 2656 2429 ⁷
3093 2427 3262 2501 illius,
3294 2440 3353 2485 et
3383 2430 3522 2501 proi-

559 2499 753 2556 ﬁcetur
790 2502 927 2569 illis,
1394 2500 1448 2553 in
1480 2514 1719 2564 marem;
2256 2499 2481 2557 veniant
2509 2504 2566 2557 in
3093 2500 3270 2556 ciatur
3304 2502 3359 2557 in
3383 2499 3504 2558 'ma-

558 2587 628 2645 ne
653 2582 707 2628 et
738 2571 841 2645 ipsi
864 2588 965 2629 γε·
1394 2585 1555 2645 quam
1588 2579 1647 2624 ut
1674 2584 1834 2625 scan-
2257 2574 2436 2629 locum
2462 2574 2605 2630 hunc
3095 2586 3190 2639 re;
3230 2589 3397 2645 quam

558 2641 714 2699 niant
746 2641 801 2700 in
830 2645 976 2700 hunc
1394 2641 1593 2697 dalizet
1621 2656 1786 2695 unum
2259 2654 2555 2702 tormento-
3096 2651 3160 2697 ut
3186 2641 3520 2701 scandalizet

558 2715 738 2773 locum
767 2731 894 2773 cru-
1348 2739 1353 2745 ι
1393 2712 1703 2786 de_pusillis
2257 2733 2400 2772 rum.
3097 2729 3262 2770 unum
3294 2716 3367 2772 de
3396 2731 3490 2786 pu-

557 2788 753 2844 ciatus.
1392 2784 1534 2841 istis.
2258 2788 2351 2845 ‘29.
2396 2788 2463 2843 Et
2489 2790 2567 2845 ait
2593 2789 2660 2844 il-
3093 2786 3233 2842 sillis
3260 2784 3406 2844 istis.

558 2859 649 2915 29.
697 2860 837 2917 Dixit
868 2867 1048 2916 autem
1078 2857 1144 2914 il-
1390 2856 1446 2912 '5.
1488 2854 1767 2913 Attendite
1796 2869 1894 2910 νο·
2258 2859 2297 2914 li
2323 2861 2595 2916 Abraham
2630 2878 2644 2913 :
3092 2857 3146 2912 3.
3188 2859 3470 2915 Attendite
3504 2854 3682 2914 vobis:

558 2930 602 3004 li
627 2932 935 2987 Habrabam
966 2948 981 2985 :
1391 2928 1477 3004 bis
1500 2946 1514 3004 _:
1540 2929 1584 3004 si
1598 2942 1867 3004 peccave-
2258 2931 2470 2987 Habent
2496 2932 2647 3004 Moy-
3092 2930 3486 3004 sipeccaverit

557 3002 769 3060 Habent
799 3004 963 3076 Moy:
1393 3001 1465 3055 rit
1490 3000 1561 3072 (c)
1592 2999 1826 3076 fraterj
1854 3006 1931 3053 tu-
2257 3017 2353 3076 sen
2374 3045 2389 3067 ,
2418 3014 2473 3059 et
2503 2999 2635 3059 Pro-
3092 2999 3180 3072 (c),
3199 3001 3370 3076 frater
3396 3003 3435 3073 -ξ-

558 3090 690 3143 sen,
721 3090 774 3130 et
805 3071 1046 3147 Prophe-
1393 3086 1489 3147 us,
1520 3073 1735 3147 corripe
1765 3071 1833 3126 il-
2257 3075 2482 3147 phetas:
2516 3090 2616 3131 au—
3095 3071 3220 3147 tuus
3245 3071 3468 3147 increpa

559 3155 643 3202 tas
674 3142 687 3200 ἑ
721 3142 944 3202 audiant
1392 3142 1503 3198 lum
1534 3161 1547 3197 :
1588 3153 1642 3199 et
1669 3143 1715 3199 si
1749 3158 1874 3214 pae-
2258 3142 2411 3201 diaut
2451 3148 2593 3203 illos.
3092 3144 3283 3200 illum:

691 3219 836 3273 illos.
863 3218 967 3285 Qui
995 3217 1170 3274 dixit:
1392 3215 1674 3269 nitentiam
1749 3286 1759 3288 _
2259 3218 2349 3273 30.
2392 3219 2476 3274 Ad
2508 3218 2600 3274 ille
2624 3216 2762 3273 dixit
2791 3233 2803 3269 :
3091 3218 3217 3288 etsi
3244 3216 3619 3288 paenitentiam

556 3287 678 3343 Non
697 3331 710 3355 ,
733 3289 893 3344 Pater
1391 3288 1596 3357 egerit,
1627 3286 1814 3341 remit—
2258 3289 2376 3344 Non
2395 3332 2409 3355 ,
2440 3290 2600 3345 Pater
3094 3286 3371 3357 habuerit,
3396 3289 3570 3344 dimit-

557 3358 868 3425 Abraham;
900 3360 1031 3428 sed,
1391 3356 1449 3413 4.
1492 3368 1545 3413 te
1573 3358 1672 3411 illi.
1706 3357 1775 3412 Et
1800 3357 1846 3412 si
1877 3370 1992 3426 sep—
2258 3360 2533 3417 Abraham
2565 3378 2579 3414 :
2612 3360 2709 3417 sed
3093 3360 3148 3414 4.
3193 3370 3245 3415 te
3276 3362 3378 3417 illi.
3404 3362 3473 3417 Et
3496 3360 3542 3415 si

559 3433 604 3502 si
628 3431 749 3502 quis
780 3447 844 3486 ex
870 3445 1014 3486 mor-
1392 3429 1535 3503 tiens
1563 3443 1757 3503 pecca-
2258 3434 2307 3487 si
2333 3433 2454 3503 quis
2480 3449 2546 3488 ex
2572 3448 2718 3488 mor—
3092 3433 3297 3501 septies
3331 3434 3383 3487 in
3413 3432 3501 3488 die

557 3498 667 3557 tuis
692 3518 875 3559 surre-
1392 3500 1535 3574 verit
1563 3499 1615 3555 iu
1638 3498 1727 3555 die
1816 3573 1821 3574 γ
2260 3498 2367 3558 tuis
2395 3518 2643 3561 resurre-
3092 3498 3402 3574 peccaverit
3424 3504 3477 3559 in

558 3574 728 3643 xerit,
762 3575 949 3645 paeni-
1394 3571 1449 3627 in
1480 3580 1563 3641 te,
1593 3580 1650 3627 et
1687 3573 1853 3643 septi-
2260 3575 2421 3643 xerit,
2451 3591 2576 3647 per-
3093 3571 3171 3643 te,
3201 3584 3259 3631 et
3287 3576 3336 3633 si
3362 3576 3567 3647 septies

1875 3684 2108 3743 CODEX
2146 3687 2541 3747 BRIXIANUS.
2557 3704 2565 3749 ‘1

556 3784 807 3843 similiter
852 3784 993 3858 mala
1024 3797 1181 3858 nunc
1213 3789 1435 3858 autem._
1466 3780 1553 3835 hic
1591 3780 1911 3858 consolatur
1933 3790 1987 3837 tu
2017 3798 2149 3838 vero
2261 3785 2385 3838 tiam
2410 3794 2590 3856 agent.
2619 3785 2766 3841 Dixit
2793 3794 2971 3841 autem
2986 3785 3089 3858 illi.
3123 3784 3177 3842 Si
3207 3784 3447 3858 Moysen.
3475 3793 3529 3841 et
3549 3779 3791 3858 Prophetas

556 3858 833 3915 cruciaris.
893 3855 961 3910 Et
1021 3856 1072 3911 in
1135 3856 1216 3909 his
1272 3852 1523 3908 omnibus
1591 3853 1890 3927 inter_nos
1942 3863 1997 3908 et
2030 3870 2151 3927 vos
2258 3873 2363 3911 non
2396 3852 2617 3911 audiunt
2639 3874 2813 3927 neque
2842 3860 2884 3913 si
2907 3856 3029 3927 quis
3056 3873 3119 3912 ex
3148 3852 3373 3912 mortuis
3409 3856 3683 3927 surrexerit
3703 3864 3791 3904 cre-

556 3930 734 3986 Chaos
765 3944 1015 4002 maguum
1050 3928 1320 3981 ﬁrmatum
1353 3935 1471 4002 _est.
1504 3933 1561 3978 ut
1592 3924 1769 4002 hiqui
1810 3925 2008 4002 volunt
2027 3926 2150 3981 hinc
2257 3928 2409 4002 dunt.
2439 3928 2583 3984 Dixit
2610 3928 2686 4001 (α)
2717 3924 2894 3984 autem
2996 3929 3130 3984 etad
3160 3930 3452 3999 discipulos
3476 3944 3613 3983 suos.
3646 3924 3792 4002 Ιιῳρε·

555 4002 790 4056 transire
816 3992 881 4054 ad
928 4015 1047 4071 vos.
1078 4014 1183 4053 non
1225 3998 1429 4067 possint
1459 4011 1632 4071 neque
1662 3992 1785 4050 inde
1814 3996 1915 4051 huc
1944 3996 2011 4050 {Ili
2054 4013 2151 4052 uos
2258 3999 2417 4055 sibile
2445 4012 2549 4055 est.
2598 3992 2799 4055 ut'non
2833 3992 3053 4055 veniant
3083 3992 3355 4053 scandala.
3397 4016 3495 4056 vae
3540 4010 3701 4071 antem
3723 3992 3793 4071 hq-

555 4083 912 4128 trausmeare.
938 4070 1080 4125 Dixit
1107 4080 1286 4143 autem
1311 4084 1441 4143 rogo
1472 4078 1522 4143 te
1550 4068 1708 4143 Pater
1736 4079 1793 4121 ut
1818 4076 1995 4143 mittas
2026 4085 2147 4124 eum
2260 4072 2390 4124 mini
2423 4073 2518 4143 illi.
2554 4088 2651 4143 per
2690 4090 2848 4143 quem
2881 4071 3119 4127 veniunt.
3153 4071 3349 4127 Utilius
3383 4082 3462 4128 est
3491 4070 3581 4125 illi.
3615 4069 3652 4121 si
3692 4068 3792 4141 lapis

553 4146 609 4200 in
636 4145 852 4200 domum
879 4143 1055 4197 Patris
1084 4143 1206 4195 mei.
1237 4140 1368 4215 Quia
1404 4141 1575 4215 habeo
1604 4140 1840 4215 quinque
1871 4138 2065 4195 fratres
2096 4151 2152 4195 ut
2255 4142 2480 4197 molaris
2505 4138 2795 4213 inponatur
2819 4144 2961 4199 circa
2988 4144 3188 4198 collum
3215 4146 3354 4212 ejus.
3384 4156 3450 4215 et
3472 4142 3729 4215 proiciatur
3744 4138 3793 4214 εἰη

555 4216 919 4271 testeturillis.
937 4229 1004 4269 ne
1026 4225 1075 4268 et
1102 4216 1198 4283 ipsi
1221 4212 1512 4286 veniantin
1539 4211 1715 4286 locum
1742 4211 1882 4265 hunc
1906 4223 2146 4286 tortueu-
2256 4229 2427 4286 mare.
2481 4209 2641 4286 quam
2683 4224 2741 4269 ut
2783 4215 3112 4270 scandalizet
3155 4209 3317 4270 unum
3361 4214 3429 4271 de
3472 4209 3662 4286 pusillis
3686 4209 3790 4285 istis.

556 4296 752 4343 torum.
782 4286 954 4363 Etait
981 4281 1375 4363 illiuA‘braltam.
1414 4281 1877 4363 l_l_abent_'llluy§‘eu
1911 4291 1965 4336 et
1990 4284 2145 4363 _l’ro-
2255 4281 2545 4363 Adtendite
2576 4288 2767 4363 vobis._
2789 4287 2832 4341 si
2875 4288 3181 4363 peccaverit
3225 4286 3299 4357 (c)
3333 4281 3494 4363 frater
3517 4285 3555 4363 j-
3578 4293 3704 4363 tuglus
3734 4281 3793 4363 ig:

554 4362 745 4428 phetas
773 4357 994 4414 audiant
1022 4358 1172 4429 illos.
1192 4356 1275 4410 ‘At
1300 4355 1390 4429 ille
1415 4355 1572 4429 dixit.
1618 4346 1764 4429 Noui
1784 4354 1944 4407 Pater
1974 4355 2148 4409 Abra—
2256 4372 2418 4423 crepa
2449 4360 2618 4413 illum.
2653 4361 2771 4414 etsi
2805 4346 3187 4427 paenitentiam
3215 4346 3386 4429 egerit
3421 4346 3619 4413 dimitte
3642 4350 3722 4407 illi.
3742 4346 3791 4401 Et

553 4424 701 4487 ham.
736 4429 832 4487 sed
874 4430 919 4484 si
943 4428 1063 4499 quis
1090 4444 1157 4484 ex
1188 4427 1417 4482 mortuis
1449 4427 1572 4481 ierit
1594 4424 1661 4480 ad
1691 4426 1835 4480 illos.
1868 4428 2149 4495 paeniten-
2261 4430 2306 4483 si
2337 4430 2540 4497 septies
2563 4433 2614 4485 in
2640 4430 2728 4486 die
2750 4424 3052 4501 peccaverit
3076 4430 3131 4485 in
3160 4440 3214 4486 te
3238 4424 3292 4486 ἐι
3318 4431 3513 4501 septies

1804 4542 2035 4599 CODEX
2071 4542 2543 4603 CORBEIENSIS.

623 4638 755 4696 CAP.
778 4637 943 4715 XVli.
968 4669 1042 4715 _—
1065 4639 1120 4693 2.
1143 4637 1352 4715 _Utilius
1379 4645 1462 4693 est
1496 4644 1677 4693 autem
1716 4636 1817 4706 illi,
1858 4653 1927 4694 ne
1956 4654 2147 4694 nasce-
2289 4711 2300 4715 _
2325 4639 2380 4694 5.
2411 4639 2432 4671 ³
2459 4641 2505 4695 si
2533 4642 2835 4715 peccaverit
2867 4641 3035 4699 frater
3054 4642 3103 4715 Α-ι·
3128 4651 3253 4699 tuus
3278 4643 3494 4714 increpa
3516 4639 3723 4696 illumun
3751 4635 3792 4684 ει

554 4720 722 4782 retur,
751 4720 844 4767 aut
877 4711 1014 4783 lapis
1046 4712 1225 4768 molae
1251 4752 1265 4778 ,
1307 4718 1412 4766 etc.
2257 4711 2304 4766 si
2332 4711 2723 4784 poenitentiam
2752 4714 3021 4784 habuerit,
3050 4711 3307 4772 "dimitte
3326 4716 3423 4771 illi.

1104 4888 1116 4899 ν
1794 4823 2192 4881 VARIANTES
2230 4822 2636 4883 LECTIONES.

615 4922 633 4954 ι
670 4920 776 4973 Gal.
801 4925 849 4971 et
872 4922 989 4971 Mm.
1036 4917 1349 4971 testiﬁcetur.
1381 4915 1529 4982 Vulg.
1555 4922 1788 4967 testetur.
1866 4978 1877 4982 _
1911 4978 1924 4982 _
2086 4979 2095 4982 _
2318 4916 2339 4982 ἓ
2372 4919 2431 4967 Et
2453 4914 2521 4968 ita
2544 4919 2651 4969 Gaz.

611 4985 632 5016 ²
668 4985 785 5033 Mm.
810 4983 1091 5047 vaehomini
1116 4982 1205 5039 illi.
1227 4994 1317 5043 per
1343 4978 1499 5047 queui
1513 4982 1717 5030 veniunt
1734 4978 1976 5030 scandala.
2000 4979 2146 5047 Vulg.
2317 4979 2339 5010 ἰ
2373 4983 2495 5031 Mm.
2520 4982 2801 5035 dimittetur
2825 4983 2915 5034 illi.

550 5058 641 5098 vae
666 5053 833 5098 autem
858 5045 955 5109 illi,
980 5058 1069 5109 per
1090 5058 1241 5106 quem
1267 5043 1492 5097 veniunt.

1227 5167 1515 5208 LECTIONES
1544 5166 1747 5207 CODICIS
1769 5166 2184 5210 VINDEBONENSIS
2209 5169 2488 5211 ABEUNTES
2511 5171 2575 5211 AB
2606 5172 2855 5215 EDITIONE
2884 5173 3150 5217 VULGATA.

608 5269 689 5339 26.
707 5271 792 5339 qui
812 5269 1021 5339 _veniunt
1060 5267 1153 5317 hoc
1173 5306 1187 5331 ,
1213 5270 1555 5339 transirennon
1597 5269 1780 5339 possint
1804 5268 1863 5317 ad
1888 5282 2019 5339 vos).
2051 5284 2142 5321 ne-
2312 5272 2603 5339 (ΙΑρηΧνΙΙ.
2628 5299 2688 5310 -—
2709 5276 2753 5325 l.
2778 5276 3083 5339 Impossibile
3106 5286 3362 5329 estnon...
3382 5281 3694 5327 verumtamen
3713 5274 3781 5339 vat?

545 5346 645 5398 que
666 5331 777 5398 inde
812 5333 904 5398 hoc
928 5340 1248 5398 transmeare.
1314 5331 1782 5398 27:_Pater,’omisso
1827 5340 1914 5398 te.‘
1956 5333 2038 5398 28.
2076 5348 2141 5383 ne
2339 5336 2559 5387 venient.
2627 5340 2674 5387 2.
2704 5331 2870 5388 utilius
2890 5348 2967 5390 est
2989 5352 3153 5390 autem
3180 5343 3247 5391 illi
3273 5355 3334 5391 ne
3360 5347 3646 5396 nasceretur,
3665 5336 3729 5381 aut
3749 5331 3781 5398 ξι

544 5392 639 5465 ipsi
663 5396 863 5465 veniant
886 5395 933 5465 in
959 5392 1116 5465 locum
1150 5396 1319 5465 hunc._
1364 5395 1443 5443 30.
1476 5394 2025 5465 surreaerit,suadebit
2048 5399 2136 5445 eis.
2245 5397 2803 5465 lapis...supercollum.
2870 5404 3496 5465 5.sipercaveritfrater...
3522 5392 3780 5465 etsi'paeni-

543 5456 622 5511 31.
654 5472 722 5509 ex
743 5461 944 5511 mortuis
966 5456 1028 5507 ad
1047 5456 1155 5507 illos
1179 5457 1346 5519 ierint,
1370 5456 1577 5507 credent
1600 5458 1666 5507 ei.
2263 5456 2467 5515 tentiam
2484 5456 2729 5515 habuerit.
2793 5465 2844 5515 4.
2868 5472 2921 5516 et
2941 5456 3130 5530 septies
3152 5479 3413 5518 conversus
3435 5463 3589 5522 fuerit,
3606 5456 3783 5510 dicens,-

1864 5564 2226 5622 BLANCHINI
2258 5566 2488 5625 NOTAE.

618 5667 695 5747 (α)
722 5665 799 5747 Ita
829 5673 886 5722 et
929 5673 1037 5747 lex.
1067 5661 1167 5746 Gr.
1196 5660 1282 5747 δέ..⁷
1312 5689 1386 5703 --
1430 5659 1627 5747 (‘13)§ic
1656 5659 1784 5732 legit
1824 5670 1882 5718 et
1908 5660 1989 5732 με.
2019 5658 2273 5721 Clemens
2305 5682 2318 5719 :
2350 5667 2500 5725 καλὸν
2523 5666 2583 5729 ἦν
2601 5670 2737 5743 αὐτῷ
2764 5673 2808 5727 εἰ
2833 5674 2920 5728 οὐκ
2949 5674 3201 5747 ἐγεννήθη.
3249 5698 3320 5712 --
3365 5670 3433 5743 (c)
3476 5668 3603 5723 Ante
3625 5661 3775 5731 [ναιετι

549 5731 705 5794 deest
747 5738 803 5793 in
849 5747 918 5807 te,
964 5737 1128 5793 etiam
1155 5735 1210 5792 in
1242 5732 1398 5791 Vers.
1442 5731 1609 5789 Goth.
