3902 6208
620 169 718 222 651
1154 164 1424 225 EUSEBII
1463 163 1800 222 VERCELL.
1842 164 2288 226 EVANGELIUM
2325 164 2467 223 CUM
2509 162 2737 224 VARUS
2773 159 2930 221 COD.
2969 159 3361 220 COLLATUM.
3739 171 3803 226 liii

1015 279 1243 337 CODEX
1282 281 1824 337 VERCELLENSIS.

621 373 732 428 dite
759 388 856 427 vos
883 373 1076 430 Sacer-
1452 372 1568 437 Dei,
1603 374 1746 429 Dixit
1765 373 1844 429 eis
1870 391 1884 427 :

620 445 863 499 d0tibus.
1450 445 1565 500 Non
1599 447 1746 502 venit

621 515 693 570 Et
722 516 920 572 factum
951 527 1054 583 est,
1451 533 1677 587 regnum
1705 533 1828 572 cum

621 587 748 641 dum
773 588 913 643 irent
931 631 946 655 ,
1450 589 1786 645 observatio-

1449 660 1540 714 21.
1569 677 1638 717 ne
1663 680 1675 716 :
1701 661 1796 717 sed
1825 672 1925 714 nec

1450 732 1634 787 dicent
1661 751 1673 786 :
1710 733 1850 788 Ecce

1452 803 1469 834 ¹
1504 805 1608 870 hic,
1642 815 1732 858 aut
1757 817 1887 860 ecce

1448 874 1576 930 illic.
1611 877 1751 931 Ecce
1779 875 1922 929 enim

1448 961 1674 1028 regnum
1698 948 1793 1002 Dei

1447 1028 1586 1073 intra
1613 1035 1706 1072 VOS
1728 1031 1830 1075 est.

1445 1088 1534 1142 22.
1569 1091 1709 1146 Dixit
1739 1100 1920 1146 autem

1445 1161 1512 1214 ad
1553 1161 1849 1229 discipulos

1445 1247 1575 1287 suos
1609 1251 1621 1286 :
1654 1233 1888 1290 Venient

1447 1303 1589 1370 dies,
1620 1314 1677 1358 ut
1699 1321 1900 1362 concu-

1449 1375 1668 1442 piscatis
1700 1377 1852 1432 vide—

1448 1460 1506 1500 re
1538 1463 1699 1501 unum
1730 1449 1815 1502 di-

1446 1531 1534 1572 em
1563 1518 1684 1572 Filii
1709 1519 1884 1574 homi-

1445 1589 1549 1654 nis,
1581 1599 1634 1644 et
1663 1607 1770 1644 non
1800 1591 1950 1646 vide-

1444 1658 1535 1713 23.
1578 1661 1725 1715 bitia.
1756 1661 1826 1717 Et
1851 1661 2037 1718 dicent

1445 1730 1597 1784 vobis
1622 1751 1634 1784 :
1671 1734 1810 1787 Ecce

1444 1800 1554 1868 bic,
1587 1813 1677 1856 aut
1699 1818 1826 1858 ecce

1443 1873 1571 1927 illic.
1603 1876 1624 1905 ³
1650 1874 1830 1930 Nolite

1442 1943 1538 2016 ire,
1570 1961 1667 2016 nec
1692 1947 1866 2016 sequi.

1440 2015 1532 2070 24.
1573 2015 1724 2072 Sicut
1752 2015 1897 2073 cui
1931 2017 2034 2074 ful-

1438 2091 1527 2158 gul
1558 2104 1747 2143 corus-

1441 2175 1568 2213 cans
1585 2202 1598 2224 ,
1633 2162 1710 2214 sic
1736 2161 1841 2216 erit

1441 2229 1608 2302 Filius
1635 2231 1717 2302 (Δ)
1748 2232 1916 2296 homi-
2051 2266 2057 2273 -

1440 2301 1532 2357 25.
1577 2301 1658 2357 nis
1685 2301 1746 2360 -1·.
1779 2303 1937 2360 Prius
1961 2319 2058 2360 au-

1443 2383 1551 2428 tem
1575 2373 1792 2444 oportet

1441 2445 1592 2499 illum
1623 2449 1789 2501 multa

1442 2517 1591 2588 pati,
1619 2527 1672 2571 et
1703 2531 1884 2588 repro-

1439 2586 1556 2642 bari
1585 2604 1611 2640 a
1635 2586 1800 2659 gene-
1836 2627 1842 2632 -

1438 2661 1648 2715 ratione
1679 2660 1799 2717 hac.

1437 2730 1528 2785 26.
1565 2732 1632 2786 Et
1661 2733 1800 2788 sicut
1823 2731 2027 2787 factum

1439 2812 1524 2855 est
1551 2803 1603 2857 in
1634 2803 1826 2858 diebus

1437 2872 1582 2936 Noe,
1613 2876 1691 2928 sic
1717 2877 1823 2930 erit

1439 2953 1460 2984 ³
1480 2953 1534 2998 et
1565 2947 1615 2999 in
1646 2946 1837 3001 diebus

1441 3014 1561 3070 Filii
1595 3017 1854 3074 hominis.

1441 3088 1533 3141 27.
1578 3088 1856 3155 Edebant,
1887 3091 1971 3146 bi-

1442 3159 1664 3225 bebant,
1700 3163 1871 3217 nube-

1444 3230 1594 3295 bant,
1625 3233 1902 3288 nubeban-

1447 3310 1554 3368 tur,
1581 3318 1752 3372 usque
1781 3305 1834 3358 in

1446 3372 1590 3428 diem
1616 3389 1725 3444 quo
1753 3375 1835 3429 in-

619 658 899 714 emundati

622 730 711 785 15.
751 740 898 785 sunt.
939 729 1090 788 Unus

617 811 798 857 autem
826 818 892 857 ex
918 819 949 858 c
962 833 978 842 ·

619 871 688 938 is,
716 888 838 930 cum
874 874 1039 929 vidis-

614 954 700 998 set
720 946 844 1015 quia
874 962 1037 1001 sanus

616 1027 723 1084 est,
749 1032 933 1071 rever-

615 1101 708 1141 sus
739 1095 842 1153 est,
872 1103 993 1143 cum

612 1173 746 1230 voce
776 1174 926 1230 mag-

617 1244 683 1284 na
719 1229 988 1285 honorifi-

613 1313 745 1355 cans
777 1303 940 1357 Deum
962 1320 976 1367 ;

615 1371 705 1427 16.
747 1381 802 1428 et
832 1373 1059 1441 procidit

613 1441 666 1496 in
700 1443 891 1500 faciem

613 1515 681 1568 ad
711 1517 874 1583 pedes
903 1517 1011 1572 illi-

612 1600 698 1652 us,
729 1587 868 1658 grati
902 1629 914 1642 .
963 1629 976 1641 .

610 1671 807 1728 agens;
839 1669 893 1712 et
919 1660 998 1726 ip-

609 1741 671 1783 se
696 1740 815 1784 erat
844 1729 1032 1785 Sama-

611 1801 766 1854 rites.

611 1869 701 1924 17.
743 1870 1099 1942 Respondeas

611 1952 789 1996 autem
816 1942 998 2006 Jesus,

609 2013 750 2068 dixit
779 2013 985 2087 :(b)l|i
1016 2014 1058 2085 τ
1091 2012 1187 2070 de-

607 2100 724 2139 cem
759 2086 984 2140 munda-

606 2157 646 2210 ti
677 2166 841 2211 sunt:
875 2174 970 2211 no-

605 2243 725 2282 vem
760 2229 847 2282 ubi
878 2239 1004 2284 sunt
1035 2234 1058 2286 ?

610 2299 697 2353 18.
743 2299 823 2354 Ex
849 2299 934 2355 bis
963 2318 1070 2359 non

607 2381 692 2424 est
722 2371 908 2425 inven-

607 2450 715 2506 tus,
747 2442 836 2512 qui
866 2459 1046 2500 rever-

607 2527 702 2567 sus
727 2515 990 2570 honorem

604 2583 759 2638 daret
788 2586 918 2653 Deo,
946 2587 1026 2642 tti-

602 2657 647 2709 si
678 2657 764 2710 hic
791 2657 985 2714 alieni-

603 2727 692 2798 19.
731 2743 888 2798 gena.
925 2730 990 2784 Et
1017 2730 1160 2786 dixit
1185 2731 1256 2786 il-

599 2797 636 2852 li
664 2816 677 2851 :
701 2797 892 2870 Surge,
921 2812 976 2856 et

603 2871 772 2936 vade;
807 2873 1062 2940 quoniam

600 2941 740 2997 fides
771 2952 860 2997 tua
885 2951 938 3000 te
965 2946 1075 3002 sal-

600 3029 725 3068 vum
761 3014 905 3069 fecit.

601 3085 694 3140 20.
718 3086 1091 3158 Interrogatus

600 3167 786 3212 autem
816 3174 845 3210 a
875 3160 1018 3212 Plia-

601 3229 826 3295 risaeis,
856 3245 1028 3298 quan.

603 3299 675 3355 do
708 3309 994 3355 venturum

606 3407 619 3423 ο
669 3412 681 3425 .
726 3410 739 3423 .
783 3379 1062 3450 tregnum

2733 278 2963 337 CODEX
2986 278 3429 338 VERONENSIS.

2310 374 2848 448 vosSacerdotibus.
3133 371 3226 448 21.
3268 372 3478 448 vatio_ne
3507 389 3519 425 :
3549 388 3698 448 neque

2308 447 2376 502 Et
2407 447 2605 502 factum
2627 457 2749 515 est,
3136 443 3316 498 dicent
3348 461 3361 498 :
3397 443 3528 500 Ecce

2307 519 2436 573 dum
2467 519 2704 583 vadunt,
3138 515 3245 580 bic,
3280 523 3371 567 aut
3397 531 3484 569 ec-

2307 591 2547 644 mundati
2577 595 2726 645 sunt.
3137 601 3200 640 ce
3228 586 3355 640 illic.
3385 586 3484 642 Ec-

2311 663 2397 717 15.
2439 661 2589 718 Unus
2617 671 2798 717 autem
3138 671 3201 712 ce
3229 659 3371 713 enim
3401 673 3606 726 regnum
3629 657 3704 718 Del

2308 749 2374 789 ex
2409 735 2535 792 illis.
2568 741 2627 788 ut
3142 731 3281 784 intra
3311 745 3403 784 vos
3431 739 3530 784 est.

3140 800 3232 856 22.
3263 801 3331 855 Et
3359 802 3429 854 ait
3451 800 3513 856 ad
3537 800 3615 859 di-

3141 872 3375 943 scipulos
3395 887 3520 928 suos
3547 889 3562 926 :

3141 942 3371 999 Venient
3399 944 3544 1010 dies,

3139 1025 3197 1069 ut
3218 1014 3533 1078 desideretis

3140 1086 3323 1142 videre
3352 1102 3514 1141 unum

3139 1158 3281 1212 diem
3313 1158 3434 1212 Filii

3141 1229 3376 1283 hominis
3394 1271 3408 1294 ,
3439 1237 3492 1282 et

3140 1317 3245 1354 non
3271 1299 3541 1356 idebitis.

3137 1371 3228 1426 25.
3271 1372 3339 1426 Et
3367 1371 3542 1427 dicent
3571 1385 3654 1426 vo-

3139 1443 3221 1498 bis
3257 1460 3270 1495 :
3306 1443 3443 1498 Ecce
3471 1442 3588 1507 hic,

3139 1524 3195 1568 et
3215 1529 3345 1569 ecce
3371 1514 3496 1568 illic.

3137 1585 3318 1640 Nolite
3349 1586 3457 1650 ire,
3491 1597 3577 1642 ne-

3136 1673 3240 1726 que
3268 1657 3564 1712 sectemini.

3136 1728 3228 1782 24.
3270 1729 3404 1783 Nam
3428 1770 3442 1794 ,
3471 1729 3600 1784 sicut

2310 804 2441 858 vidit
2463 805 2587 875 quia

2309 878 2599 932 mundatus
2628 883 2744 938 est,

2310 964 2588 1020 regressus
2613 957 2720 1013 est,

2309 1035 2430 1074 cum
2469 1033 2662 1089 magna

2309 1107 2442 1146 voce
2476 1088 2721 1160 magniﬁ-

2310 1177 2442 1217 cans
2475 1162 2670 1224 Deum;

2313 1236 2338 1288 1
2351 1233 2404 1288 6.
2450 1234 2514 1288 Et
2533 1231 2728 1288 cecidit

2313 1305 2368 1360 in
2400 1304 2588 1359 faciem

2315 1387 2439 1431 ante
2469 1377 2633 1446 pedes

2314 1449 2452 1517 ejus.
2485 1447 2686 1517 gratias

2315 1515 2480 1589 agens
2509 1516 2585 1590 (a)
2609 1519 2661 1573 ei
2691 1515 2735 1587 τ
2766 1533 2780 1570 ε

2307 1602 2364 1644 et
2394 1590 2480 1644 ltic
2502 1597 2619 1644 erat

2308 1660 2703 1716 Samaritanus.

2311 1735 2398 1786 17.
2441 1731 2796 1801 Responde

2307 1813 2510 1858 autem.
2556 1799 2570 1855 .
2616 1843 2629 1855 .
2675 1844 2688 1856 .
2735 1844 2746 1857 .
3139 1799 3320 1868 fulgur
3351 1801 3524 1868 fulgu-

2307 1874 2448 1929 dixit
2478 1892 2492 1927 :
2519 1873 2595 1942 (ὁ)
2629 1874 2690 1927 Ηὶ
2715 1872 2758 1946 -ι-
3139 1886 3267 1946 rans
3299 1871 3368 1927 de
3397 1885 3513 1946 cae-

2307 1961 2362 2000 x.
2397 1946 2638 2000 mundnti
2732 1942 2743 1946 ⁷
3141 1944 3192 1997 lo
3219 1943 3368 1998 Iacet
3399 1942 3451 1998 in

2308 2029 2433 2072 sunt
2468 2037 2480 2070 :
2517 2030 2712 2086 novent
3139 2013 3224 2069 his
3249 2030 3374 2084 quae

2307 2090 2397 2143 ubi
2424 2087 2585 2144 sunt?
3137 2086 3238 2140 Sub
3262 2087 3418 2142 caelo
3448 2094 3565 2142 sunt
3584 2127 3599 2151 ,

2307 2160 2397 2242 18ἶ
2440 2159 2655 2242 Exillis
2679 2174 2791 2214 non
2819 2168 2906 2216 est
3139 2157 3450 2281 ita.erit(5c)
3488 2169 3538 2212 et
3566 2157 3602 2228 1-

2307 2248 2399 2281 am
2433 2232 2633 2281 rediret
2657 2272 2670 2281 .
3133 2228 3308 2281 Filius
3342 2229 3360 2281 f
3408 2234 3422 2281 l
3454 2229 3602 2281 homit

2307 2234 2399 2301 qui
2433 2230 2633 2311 rediret
2657 2272 2670 2297 ,
3133 2228 3313 2311 Filius
3342 2226 3438 2311 (d)
3454 2226 3721 2311 hominist.

2307 2299 2360 2358 et
2393 2304 2594 2373 gratias
2620 2317 2746 2371 agan
3133 2299 3225 2354 25.
3273 2299 3511 2355 Primum
3533 2301 3695 2366 autem

2642 2373 2704 2427 isi
3136 2383 3362 2443 Oportet
3383 2373 3526 2426 illum

3137 2445 3311 2498 multa
3348 2444 3475 2514 pati,
3501 2450 3553 2497 et

3137 2516 3422 2586 reprobari
3447 2532 3475 2586 a
3503 2528 3595 2584 ge-

3138 2583 3425 2641 neratione
3457 2583 3571 2640 hac.

3135 2657 3229 2714 26.
3274 2661 3343 2713 Et
3364 2700 3379 2722 ,
3412 2658 3545 2712 sicut
3574 2653 3643 2710 fa-

3143 2739 3293 2784 ctum
3323 2737 3404 2784 est
3432 2729 3483 2782 in

3142 2801 3340 2857 diebus
3360 2801 3469 2856 Noe
3489 2842 3504 2865 ,

3141 2871 3214 2926 ita
3244 2874 3356 2928 erit
3382 2875 3431 2926 in
3459 2871 3576 2925 die-

3142 2943 3243 2999 bus
3272 2944 3395 2999 Filii
3426 2943 3516 2998 ho-

3143 3013 3213 3069 27
3255 3015 3433 3070 minis.
3467 3012 3598 3069 Ede-

3143 3086 3295 3155 bant,
3329 3096 3382 3142 et
3412 3086 3557 3140 bibe-

3141 3161 3304 3224 bant,
3331 3171 3525 3212 uxores

2306 2385 2390 2429 ret
2418 2374 2530 2428 Deo
2553 2415 2567 2436 ,
2603 2374 2704 2427 nisi

2308 2445 2394 2499 hic
2426 2445 2748 2512 alienigena.

2307 2518 2395 2572 19.
2442 2519 2505 2570 Et
2537 2519 2610 2569 ait
2645 2516 2721 2569 illi
2765 2533 2778 2569 :

2306 2590 2510 2656 Surge,
2543 2586 2712 2652 vade;

2307 2660 2431 2728 quia
2467 2659 2600 2712 fides

2309 2741 2397 2784 tua
2427 2740 2478 2784 te
2507 2729 2714 2784 salvum
2741 2728 2894 2784 fecit.

2306 2801 2399 2856 20.
2444 2799 2808 2872 Interrogatus

2308 2884 2486 2927 autem
2513 2889 2541 2925 a
2573 2871 2713 2925 Pha—

2309 2945 2504 3000 risaeis
2536 2962 2549 2996 :
2577 2943 2807 3014 Quando
2827 2941 2981 2998 venit

2309 3031 2536 3087 regnum
2563 3017 2661 3070 De)
2685 3017 2709 3069 ‘i

2311 3128 2562 3214 itte’dix'n
2585 3161 2668 3214 eis
2687 3177 2706 3212 .-

2310 3230 2426 3286 Non
2459 3230 2607 3286 venit
3141 3229 3448 3293 ducebant,
3479 3243 3572 3281 nu-

2311 3317 2537 3373 regnum
2563 3302 2658 3357 Dei
3142 3300 3344 3373 hebant
3367 3314 3530 3370 usque

2310 3371 2436 3434 cuin
2463 3375 2656 3436 obser-
3143 3373 3199 3428 in
3227 3371 3370 3432 diem
3389 3412 3406 3440 ,
3441 3384 3540 3442 qua

1925 3512 2161 3578 COltEX
2199 3512 2598 3570 BRIXIANUS.

603 3607 715 3662 dite
737 3621 834 3662 vos
850 3601 1234 3661 Sacerdotibus
1254 3605 1527 3664 Etfactum
1543 3617 1627 3662 est
1641 3608 1767 3664 dum
1787 3609 1929 3666 irent
1951 3609 2193 3664 mundati

606 3691 750 3736 sunt.
769 3677 920 3735 Unus
932 3689 1108 3732 autem
1125 3694 1194 3733 ex
1209 3678 1331 3734 illis.
1351 3689 1405 3732 ut
1420 3696 1441 3728 κ
1455 3677 1682 3748 iditquiu
1699 3680 2099 3736 mttudatusest.
2118 3697 2195 3734 rc-

605 3759 888 3832 vcrsuses}
909 3767 1026 3804 cunt
1045 3765 1173 3804 voce
1197 3749 1761 3832 magnamagnificans
1781 3753 1966 3806 Deum.
1985 3763 2037 3807 et
2064 3753 2195 3832 ccci-

604 3823 683 3876 dit
702 3824 752 3876 in
774 3821 962 3878 faciem
982 3838 1132 3876 suam
1152 3833 1276 3877 ante
1294 3821 1456 3888 pedes
1479 3821 1612 3892 ejus.
1627 3823 1827 3892 gratias
1842 3839 2027 3893 agens.
2043 3823 2194 3880 ethic

602 3905 714 3949 erat
736 3893 1127 3950 Samaritanus.
1144 3893 1500 3960 Respondens
1515 3904 1693 3954 autem
1707 3893 1863 3952 lesus
1880 3894 2033 3950 dixit.
2052 3895 2196 3950 Non-

605 3983 673 4024 ne
690 3965 874 4022 dcccm
899 3965 1298 4020 mundatisuut.
1318 3976 1368 4019 et
1386 3980 1577 4021 novem
1595 3964 1686 4020 ubi
1703 3977 1845 4020 sunt.
1872 3967 1985 4022 Non
2009 3978 2090 4022 est
2113 3967 2197 4021 in-

604 4053 793 4091 ven'us
821 4041 908 4107 qui
942 4043 1303 4091 reverteretur
1325 4046 1378 4092 et
1407 4038 1559 4092 daret
1589 4039 1813 4106 gloriam
1842 4038 1950 4094 Deo
1980 4039 2080 4092 nisi
2109 4039 2195 4091 hic

602 4109 921 4179 alienigena.
957 4110 1020 4162 Et
1043 4108 1115 4162 ait
1147 4109 1254 4162 ille.
1287 4107 1456 4180 Surge
1477 4119 1530 4162 et
1554 4109 1684 4163 vade
1705 4111 1827 4179 quia
1859 4111 1986 4164 fides
2018 4120 2103 4162 tua
2149 4120 2197 4162 te

605 4182 810 4234 salvum
884 4180 1028 4234 fecit.
1104 4179 1471 4248 Interrogatus
1527 4193 1706 4235 autem
1773 4199 1799 4233 a
1870 4181 2193 4235 Pbarisacis.

603 4252 829 4320 Quando
857 4253 1001 4306 venit
1045 4268 1267 4322 regnum
1301 4252 1414 4306 Dci.
1443 4251 1756 4322 Respondet
1784 4253 1882 4316 eis.
1935 4263 1991 4308 et
2041 4255 2195 4307 dixit.

603 4323 723 4380 Non
745 4324 894 4380 venit
922 4339 1144 4396 regnum
1193 4325 1288 4382 Dei
1335 4339 1456 4382 cum
1488 4325 1884 4386 observatione.
1909 4340 2084 4395 neque
2113 4324 2198 4378 di-

2302 3619 2427 3665 cent
2456 3607 2597 3662 Ecce
2619 3607 2726 3664 hic.
2749 3615 2844 3661 aut
2871 3621 3000 3664 cccc
3039 3607 3170 3664 illic.
3201 3608 3344 3668 Ecce
3369 3607 3509 3670 enim
3539 3612 3726 3673 regnum
3751 3594 3814 3673 ρεί

2301 3681 2442 3735 intra
2498 3696 2588 3732 vos
2633 3689 2737 3734 est.
2800 3679 2867 3734 Et
2909 3682 2982 3732 ait
3028 3679 3094 3736 ad
3147 3665 3710 3749 discinntnsfyeriiant
3740 3665 3816 3749 dies

2301 3750 2516 3822 quando
2545 3749 2874 3822 desideretis
2893 3752 3078 3806 videre
3121 3745 3303 3806 unum'
3331 3753 3470 3808 diem
3498 3747 3610 3822 Filii
3645 3745 3817 3822 homin}?

2303 3819 2357 3878 et
2391 3840 2493 3876 non
2525 3822 2796 3878 videbitis.
2838 3821 2905 3878 Et
2949 3822 3132 3878 dicent
3168 3824 3341 3879 vobis.
3374 3822 3510 3882 Ecce
3551 3819 3629 3874 hic
3665 3824 3708 3869 et
3731 3820 3818 3882 βία

2302 3895 2432 3949 illic.
2473 3883 2646 3967 Nolite
2692 3893 2774 3967 ire
2820 3910 2990 3962 neque
3023 3893 3322 3950 secteruini.
3351 3880 3818 3967 εἱειειβηίωβιιιεξξζ

2303 3979 2597 4020 Coruscatts
2628 3965 2681 4020 in
2719 3965 2801 4019 his
2841 3954 2976 4033 utine
3005 3967 3104 4021 sub
3129 3968 3281 4021 caelo
3311 3976 3434 4020 sunt
3459 3962 3636 4032 fulget.
3659 3959 3719 4011 ita
3749 3954 3819 4033 mi

2304 4037 2566 4092 adventus
2611 4035 2734 4092 Filii
2785 4031 3018 4092 hominis
3049 4039 3101 4090 in
3139 4037 3227 4093 die
3269 4053 3386 4091 sua.
3434 4031 3652 4090 Primum
3691 4031 3818 4103 alii”?

2303 4118 2520 4176 Oportet
2555 4107 2705 4161 illum
2741 4109 2904 4160 multa
2937 4109 3066 4177 puti.
3097 4120 3150 4161 et
3194 4108 3470 4179 reprobari
3497 4123 3522 4179 a
3547 4101 3818 4179 generalitth

2303 4174 2421 4233 hac.
2461 4181 2517 4233 Et
2565 4181 2706 4233 sicut
2733 4174 3038 4233 factum—est
3073 4181 3122 4232 in
3152 4174 3343 4234 diebus
3369 4178 3476 4233 Noe
3510 4177 3572 4230 ita
3599 4174 3686 4227 erit
3709 4174 3749 4219 et
3784 4174 3818 4209 ιη

2303 4252 2494 4312 diebus
2521 4250 2642 4308 Filii
2693 4251 2946 4306 hominis.
2997 4250 3247 4307 Edebant
3282 4261 3335 4304 et
3373 4248 3632 4304 bibebant.
3675 4243 3819 4320 uxores

2303 4324 2569 4378 ducebant
2593 4324 2900 4387 etnubtum
2925 4322 3124 4378 dabant
3152 4337 3320 4392 usque
3345 4323 3398 4376 in
3423 4320 3558 4376 diem
3583 4327 3675 4386 qua
3699 4316 3818 4364 intra-

1877 4436 2114 4496 CODEX
2150 4434 2614 4492 COBBEIENSIS.

677 4527 764 4584 14.
797 4529 937 4599 quod
972 4538 1028 4584 ut
1053 4530 1280 4585 vidit....
1311 4529 1438 4584 dum
1473 4529 1696 4595 vadunt,
1737 4527 1981 4584 mundati
2015 4535 2161 4582 sunt.

2379 4523 2465 4578 18.
2503 4523 2579 4578 Ex
2612 4523 2718 4578 illis
2741 4540 2846 4579 non
2877 4534 2993 4580 erat
3021 4523 3114 4595 qui
3140 4523 3368 4590 rediret,
3399 4532 3451 4578 et
3471 4517 3650 4592 gratias
3679 4513 3818 4581 38"“

683 4602 768 4656 17.
801 4597 979 4657 dixit:
1037 4602 1102 4658 Hi
1130 4603 1316 4658 decem
1369 4602 1612 4657 mundati
1665 4613 1834 4660 sunt:
1884 4616 2080 4655 novem
2111 4597 2204 4656 ubi
2309 4598 2444 4657 Deo.
2475 4597 2670 4650 nisi....

607 4674 772 4736 sunt?

2497 4649 2650 4735 Natu,
2680 4667 2818 4726 sicut
2857 4667 3033 4742 fulgur
3062 4681 3352 4726 coruscans
3376 4665 3444 4724 de
3468 4661 3628 4728 coelo,
3652 4649 3814 4712 itaerit.

1857 4791 1943 4846 VA
1952 4787 2248 4846 RIA‘NTES
2286 4784 2680 4848 LECTIONES.

644 4886 687 4959 _*
725 4885 830 4960 Gut.
853 4887 931 4960 hic
944 4885 1182 4960 Christus,
1200 4894 1339 4939 aut...
1358 4889 1482 4937 intra
1501 4901 1602 4939 vos.
1627 4889 1746 4942 Hm.
1769 4889 1899 4938 inter
1921 4899 2023 4938 vos.
2046 4885 2194 4951 Vulg.

607 4949 703 5008 hic,
729 4959 867 5000 aut...
890 4951 1018 4998 intra
1041 4964 1140 5000 vos.
1170 4949 1176 4950 ⁷
1459 4967 1462 4970 '

670 5012 690 5044 ³
726 5012 830 5062 Gut.
857 5020 901 5063 et
926 5015 1043 5064 Mm.
1071 5013 1235 5064 Nolite
1263 5015 1424 5064 exire.
1453 5013 1606 5077 ταις).
1629 5011 1793 5065 Nolite
1818 5015 1910 5064 ire.

2365 4882 2387 4914 ³
2420 4882 2527 4951 ἔξζζζτ
2553 4888 2597 4951 9t
2621 4884 2741 4951 Mm.
2759 4889 2812 4932 et
2831 4882 3072 4934 adventus
3085 4882 3204 4932 Filii
3221 4881 3448 4931 hominis.
3476 4870 3606 4938 Vulg.
3623 4861 3816 4921 etindie-

2303 4945 2397 5000 bus
2422 4943 2533 4994 Filii
2553 4944 2776 5002 hominis.

1278 5136 1572 5178 LECTIONES
1594 5137 1798 5178 εθωειε
1829 5136 2238 5178 γιωυιιωεωῑιε
2259 5138 2534 5180 ΔΒΕυΝτΕΘ
2563 5139 2625 5178 ΑΒ
2648 5137 2896 5178 ευιτιοδε
2929 5137 3194 5178 γυιςΑτΑ.

673 5238 746 5286 li.
774 5235 1106 5298 dumivadunt.
1176 5234 1248 5287 l3.
1276 5238 1385 5298 quia
1408 5244 1608 5290 sanatus
1786 5235 2126 5298 magniﬁcavit.

609 5299 687 5348 17.
709 5300 835 5348 dixit
858 5314 868 5348 :
889 5296 949 5346 Hi
975 5297 1146 5346 decem
1171 5296 1385 5347 muniati
1411 5308 1521 5348 sunt
1547 5316 1558 5350 :
1585 5313 1758 5348 novem
1793 5296 2048 5351 ubi—sunt?
2116 5301 2193 5350 18.

2299 5251 2448 5288 unum
2470 5239 2600 5287 diem
2626 5237 2814 5288 Videre.
2877 5236 2956 5286 2t.
2995 5234 3131 5286 lucet.
3167 5234 3264 5295 bis,
3285 5245 3410 5296 quae
3430 5231 3519 5282 sub
3534 5218 3808 5296 (218291959

2304 5275 2415 5348 Si}?
2435 5275 2515 5348 lein
2537 5275 2688 5348 lr‘iliu's
2710 5275 2952 5348 vinnium-is.
3018 5275 3355 5349 25T-Prin’tuin
3393 5302 3565 5343 autem.
3623 5285 3686 5338 27.
3713 5275 3808 5330 Ede'

604 5361 708 5410 Non
731 5371 810 5426 est
830 5363 874 5410 in
901 5361 998 5426 illis
1021 5362 1118 5426 qui
1134 5364 1338 5426 rediret,
1368 5370 1418 5411 et
1441 5364 1621 5426 gratias
1646 5371 1823 5426 ageret
1844 5362 1970 5413 Deo.
2037 5364 2114 5426 19.
2139 5362 2201 5412 Et
2303 5363 2502 5420 bant,...
2527 5371 2578 5411 et
2604 5363 2853 5412 nubs-bant
2875 5399 2888 5426 ,
2913 5373 3098 5411 uxores
3119 5361 3380 5419 ducebant,
3404 5367 3564 5419 usque.

605 5429 671 5474 ait
710 5423 840 5474 illi...
881 5421 1201 5486 vadeﬂides.
1263 5421 1342 5478 21'.
1371 5421 1463 5475 aut
1499 5424 1629 5475 illuc.
1682 5421 1775 5473 '22.
1821 5433 1874 5475 ut
1908 5425 2203 5476 desidia-etis

1927 5531 2296 5588 BLANGHINI
2332 5531 2562 5590 NOTAE.

676 5629 754 5712 (α)
778 5628 940 5712 {addit
967 5630 1034 5712 ei,
1059 5627 1220 5712 etiam
1243 5637 1352 5684 tex.
1379 5627 1472 5710 ρι’.
1689 5624 2033 5712 -ίὸῌιε-ει
2060 5625 2182 5683 cod.
2209 5609 2367 5692 Cant.
2403 5626 2714 5700 micon—fc)
2740 5628 2903 5692 Addit
2932 5638 2997 5698 α,
3023 5628 3188 5704 etiam
3219 5635 3322 5686 lex.
3351 5623 3439 5684 Gr.
3467 5608 3692 5692 peior-iw
3710 5599 3809 5672 P0“

605 5686 845 5768 hominis,
879 5686 1032 5758 deest
1061 5701 1113 5754 in
1140 5697 1223 5756 die
1247 5715 1362 5771 uta,
1388 5699 1440 5754 in
1467 5696 1591 5768 cod.
1613 5686 2010 5774 quoqne'Cant.
