3902 6208
644 199 751 255 655

1034 312 1264 371 CODEX
1305 312 1842 371 VERCELLENSIS.

1475 408 1651 473 vobis,
1681 409 1805 478 quia

1476 480 1637 535 faciet
1659 480 1951 534 vmdictam

1478 551 1694 606 illurttm
1718 567 1808 607 ce-

1480 623 1547 678 let
1564 623 1687 678 iter.
1716 625 1731 653 ¹
1768 627 1917 678 Atta-

648 408 921 464 hominem

646 481 930 537 revereba-

644 553 699 609 3.
745 564 847 607 tur.
879 550 1046 606 Vidua
1076 566 1171 607 au-

644 634 753 680 tem
781 624 1045 691 quaedam

642 705 757 750 erat
784 694 837 748 in
863 710 955 749 ea-
1475 711 1597 749 men
1632 694 1795 749 Filius

641 767 765 822 dem
790 769 972 820 civita-
1478 766 1711 821 hominis
1736 783 1829 822 ve—

642 847 729 900 te,
761 851 813 891 et
847 839 1023 895 venie-
1476 840 1654 897 niens.
1688 840 1841 894 inve—

639 910 732 965 bat
757 909 823 962 ad
853 910 1039 979 illum,

634 982 825 1036 dicens
849 999 861 1033 :
899 981 1029 1035 Vin-

1482 910 1595 965 niet
1626 921 1779 976 putas

1472 981 1632 1035 ﬁdem
1656 996 1819 1053 super

635 1052 755 1107 dira
780 1068 865 1106 me
895 1053 965 1108 de
1472 1055 1711 1107 terram?

635 1124 953 1179 adversario
1470 1124 1524 1179 9.
1570 1126 1709 1178 Dixit
1742 1134 1920 1181 autem

632 1199 687 1252 4.
732 1212 873 1250 meo.
917 1196 982 1251 Et
1008 1212 1105 1251 no-
1472 1204 1528 1251 et
1554 1197 1620 1249 ad
1644 1214 1808 1265 quos-

1471 1267 1595 1323 dam
1622 1270 1641 1300 ⁸
1673 1268 1842 1325 liden-

1472 1348 1554 1393 tes
1582 1340 1705 1403 sibi,
1739 1357 1876 1407 qua-

1467 1412 1513 1465 si
1546 1409 1618 1482 (c)
1647 1412 1752 1466 sint
1782 1412 1824 1484 τ
1844 1411 1997 1483 justi,

1468 1491 1524 1538 et
1550 1498 1813 1552 spernen-

1469 1564 1549 1609 tes
1578 1566 1810 1623 ceteros,

631 1267 777 1323 lebat
805 1282 901 1338 per
929 1278 1059 1323 tem-

631 1355 753 1405 ptis.

629 1408 761 1467 Post
784 1416 916 1473 haec
932 1433 1032 1474 au-

628 1492 738 1538 tem
766 1489 904 1544 dixit
931 1491 1015 1544 in-

628 1562 708 1609 ira
739 1572 799 1615 se
830 1578 843 1613 :
877 1561 934 1617 Si
971 1561 1138 1618 Deum

622 1644 733 1682 non
768 1632 932 1687 timeo
948 1675 963 1699 ,
1464 1626 1780 1699 parobolam

622 1714 726 1754 nec
757 1703 929 1757 honti-
1464 1703 1605 1751 hanc
1644 1714 1658 1751 :

625 1786 749 1825 nem
782 1789 1081 1831 revereor:
1463 1769 1552 1823 10.
1595 1768 1711 1823 Duo
1740 1768 1986 1825 homines

623 1840 679 1896 5.
720 1854 955 1918 attamen
983 1847 1107 1918 quia
1462 1839 1483 1868 ³
1513 1841 1775 1918 δεοςηάεί

623 1912 859 1971 molesta
884 1927 968 1973 est
1002 1912 1015 1918 ’
1461 1924 1588 1967 runt
1621 1915 1671 1965 in
1704 1923 1840 1969 tem-

620 1985 755 2042 mihi
788 1988 947 2044 vidua
1460 1984 1551 2051 plu
1578 1999 1765 2049 orare.

619 2056 777 2126 haec,
809 2060 986 2115 vindi-
1462 2071 1599 2112 unus
1627 2055 1807 2111 Publi-

619 2130 756 2184 cabo
797 2132 943 2186 illam
961 2175 977 2199 ,
1460 2139 1738 2199 canus.et
1764 2144 1825 2182 a—

619 2215 687 2255 ne
721 2217 815 2268 per
840 2197 975 2267 tem;
1458 2197 1587 2264 lius,
1619 2198 1808 2254 Phari«

616 2287 751 2341 pore
780 2277 929 2328 veni-
1461 2272 1549 2323 11.
1590 2285 1769 2325 Saens.
1796 2270 1958 2327 Stans

616 2358 719 2417 ens
736 2388 751 2412 ,
787 2346 986 2417 suggil-
1458 2342 1642 2417 itaque
1670 2342 1809 2417 Plia-

614 2414 693 2470 let
720 2432 825 2471 tne.
858 2414 876 2416 “
891 2414 910 2417 ⁷
1457 2414 1689 2477 risaens,
1715 2414 1798 2468 itt-

1459 2492 1541 2537 tra
1571 2500 1629 2538 se
1658 2486 1792 2540 haec

1459 2554 1481 2583 ’⁵
1510 2555 1699 2611 orabat
1732 2575 1745 2611 :
1777 2557 1941 2625 Deus,

616 2488 671 2540 6.
716 2487 857 2543 Dixit
888 2497 1071 2544 autem

613 2558 878 2613 Dominus
904 2579 916 2614 :
951 2562 1145 2616 Audite

612 2630 740 2698 quid
771 2631 939 2702 judex
1455 2629 1658 2702 gratias
1686 2643 1787 2697 ago

612 2699 919 2771 iniquitatis
1457 2699 1577 2763 tibi,
1604 2701 1725 2771 quia
1756 2716 1864 2755 non

612 2774 667 2827 7.
708 2770 852 2829 dicet
887 2793 902 2830 :
937 2776 1076 2832 Deus
1106 2790 1193 2831 au-
1454 2785 1598 2834 sum,
1628 2770 1768 2825 sicut

610 2854 720 2899 tem
750 2862 855 2899 non
889 2846 967 2901 l'a-
1454 2843 1617 2897 ceteri
1652 2843 1828 2898 humi—

1455 2929 1607 2978 num,
1637 2927 1823 2983 rapto-

1455 3001 1567 3050 res,
1600 2986 1779 3053 injltsti
1802 3026 1817 3050 ,

1456 3058 1711 3119 adulteri,
1746 3058 1861 3113 vel—

1456 3140 1515 3184 ut
1547 3131 1635 3183 hic
1664 3128 1845 3183 Publi-

611 2915 718 2973 ciet
752 2918 961 2974 vindic-

608 2999 719 3043 tam
747 2989 1047 3047 electorum

607 3075 830 3115 SlIOI'UIII

604 3133 955 3188 clamantium

604 3203 715 3267 die,
747 3220 809 3258 ac
835 3220 964 3259 noc-

602 3284 680 3340 te,
710 3274 785 3344 (a)
821 3275 1077 3342 patienti-

601 3347 929 3417 amnabeus
954 3350 990 3417 1-

603 3417 658 3473 8.
698 3416 752 3471 in
780 3416 931 3473 illis?
966 3416 1096 3473 Dico

1456 3202 1547 3255 12.
1586 3215 1759 3255 canus
1794 3218 1806 3253 :
1834 3199 1975 3271 jeju-

1453 3288 1527 3327 no
1556 3272 1638 3326 bis
1670 3278 1721 3325 iit
1749 3272 1873 3327 sab-

1452 3342 1582 3397 bato
1618 3361 1629 3395 :
1661 3342 1808 3398 deci-

1453 3429 1573 3469 mas
1598 3414 1745 3469 dono

2288 1018 2295 1023 ν
2333 996 2421 1035 me
2452 980 2521 1036 de
2548 983 2643 1037 ad-

1182 196 1445 256 EUSEBII
1486 194 1821 254 VERCELL.
1861 192 2307 254 EVANGELIUM
2343 193 2487 253 CUM
2528 194 2754 253 VARUS
2789 194 2943 254 COD.
2986 195 3375 255 COLLATUM.
3759 206 3824 263 55¢

2755 312 2988 370 CODEX
3029 312 3466 371 VERONENSIS.

3164 408 3236 477 (ὁ)
3263 408 3421 463 faciet
3444 409 3481 479 τί·

3162 482 3269 535 cito
3300 481 3466 534 vindi-

3162 564 3301 607 ctam
3334 552 3557 608 illorum.

3164 623 3365 677 Tamen
3392 622 3551 680 Filius

3163 693 3395 749 hominis
3425 710 3511 750 ve-

3164 767 3341 829 niens,
3370 782 3520 822 num-

3163 838 3286 906 qnid
3314 838 3545 895 inveniet

3158 909 3321 964 ﬁdem
3351 925 3508 981 super

3162 989 3360 1035 terram
3376 983 3399 1035 ?

2334 409 2618 463 hominem

2335 482 2704 535 revcrchatur.

2333 551 2386 605 3.
2431 551 2600 606 Vielna
2630 563 2812 607 autem

2333 623 2596 684 quaedam
2626 635 2747 679 erat

2332 694 2386 747 in
2415 694 2654 761 civitate,

2332 780 2473 835 quae
2500 768 2646 822 venit

2334 837 2402 891 ad
2436 838 2608 901 illum,
2639 839 2715 893 di-

2332 924 2462 964 cens
2496 928 2509 963 :
2549 910 2769 968 Vindica

2332 1054 2573 1107 versario
2602 1070 2743 1110 meo.
3161 1051 3216 1106 9.
3258 1053 3402 1109 Dixit
3428 1063 3593 1110 autem

2333 1123 2387 1177 4.
2430 1124 2498 1179 Ει
2525 1127 2741 1182 nolebat
3161 1124 3227 1178 ad
3258 1128 3535 1194 quosdam,

2334 1212 2431 1262 per
2462 1199 2686 1252 multum
3162 1196 3252 1260 qui
3280 1197 3381 1250 sibi
3408 1213 3533 1254 con-

2336 1277 2567 1336 temptis.
2606 1268 2734 1325 Post
3166 1266 3423 1329 ﬁdebant.
3455 1280 3579 1325 tam-

2333 1338 2469 1395 haec
2495 1342 2632 1395 dixit
3165 1354 3325 1409 quam
3355 1341 3487 1408 juSIi

2334 1412 2495 1467 intra.
2541 1454 2553 1465 .
2599 1453 2614 1466 .
3164 1410 3240 1483 (c)
3270 1411 3548 1483 essent-lg

2334 1483 2393 1538 Si
2424 1485 2614 1540 Deum.
2658 1522 2673 1537 .
2718 1527 2730 1537 .
3162 1493 3218 1538 et
3238 1485 3560 1552 spernebant

2335 1556 2524 1617 timeo.
2856 1558 2857 1561 “
3161 1568 3397 1622 ceteros,
3427 1557 3573 1611 simi-

2332 1642 2435 1682 nec
2459 1627 2733 1683 hominem
3159 1625 3448 1683 iitudincm

2244 1701 2252 1707 ’
2332 1699 2387 1753 5.
2431 1713 2681 1755 revereor
2713 1714 2727 1749 :
2762 1706 2841 1753 ta-
3160 1698 3341 1753 istam.

2329 1786 2477 1832 men.
2506 1772 2628 1835 quia
3158 1770 3247 1825 10.
3290 1770 3409 1825 Duo
3437 1769 3657 1827 homines

2327 1842 2557 1895 molesta
2586 1850 2670 1897 est
3156 1843 3522 1897 ascenderunt

2325 1913 2456 1967 mibi
2483 1915 2616 1969 haec
3156 1913 3210 1968 in
3243 1914 3529 1984 templum,

2325 1984 2505 2047 vidua,
2537 1986 2652 2039 vin-
3157 1995 3217 2039 ut
3241 1996 3504 2050 orarent,

2324 2056 2516 2110 dicabo
2550 2056 2715 2121 illam,
3158 2055 3245 2111 11.
3286 2073 3430 2114 unus
3456 2056 3621 2113 Publi-

2322 2142 2392 2182 ne
2421 2129 2472 2181 in
2510 2128 2693 2182 novis-
3154 2142 3325 2183 canus
3347 2172 3363 2197 ,

2322 2198 2463 2254 simo
2491 2197 2757 2254 veniendo
3152 2211 3207 2254 et
3230 2202 3370 2255 alter

2323 2272 2659 2341 constringat
3150 2270 3505 2328 Pharisaeus.

2324 2357 2433 2415 me.
2478 2414 2483 2415 ν
3154 2341 3315 2415 Stans
3352 2346 3528 2415 itaque

2326 2413 2381 2468 6.
2426 2414 2514 2467 Ait
2542 2421 2724 2469 autem
3157 2413 3489 2470 Pharisaens
3508 2456 3524 2481 ,

2329 2484 2589 2539 Dominus
2624 2503 2635 2538 :
3154 2488 3235 2541 sic
3264 2488 3463 2542 orabat
3496 2505 3508 2539 :

2324 2555 2543 2620 Audite,
2575 2555 2699 2627 quid

2320 2627 2491 2697 judex
2527 2628 2723 2697 iniqui-

2327 2701 2449 2753 tatis
2480 2700 2697 2754 dixerit.

2325 2771 2379 2823 7.
2425 2772 2563 2826 Deits
2589 2781 2768 2827 autem

3161 2559 3298 2613 Deus
3325 2602 3341 2620 ,
3373 2558 3570 2630 gratias

3157 2644 3258 2701 ago
3289 2630 3391 2685 tibi
3414 2672 3429 2697 ,
3461 2630 3581 2697 quia

3157 2717 3263 2756 non
3294 2717 3441 2763 sum,
3472 2706 3603 2756 sicut

3157 2776 3329 2829 ceteri
3360 2773 3534 2828 homi-

2325 2858 2433 2897 non
2465 2846 2623 2898 laciet
3158 2860 3257 2899 nes
3274 2886 3290 2909 ,
3319 2853 3584 2915 raptores,

2324 2915 2618 2969 vindictam
3154 2915 3229 2984 in]
3239 2920 3345 2971 usti
3366 2957 3383 2983 ,
3415 2915 3565 2972 adul-

2326 2986 2627 3040 elt-ctomm
3156 2988 3279 3054 teri,
3316 2991 3465 3043 velut

2325 3073 2545 3111 suorum
2572 3058 2687 3113 cla-
3152 3065 3317 3114 etiam
3349 3058 3432 3129 (ά)
3460 3058 3536 3112 si-

3152 3142 3241 3185 cut
3269 3130 3313 3202 ’ξ-
3342 3128 3430 3185 hic
3456 3128 3631 3202 Publi-

2325 3215 2389 3254 ac
2418 3214 2597 3266 nocte,
2632 3203 2708 3273 (α)
2743 3216 2833 3271 pa-
3153 3202 3242 3258 12.
3286 3200 3493 3258 canus:
3522 3200 3650 3272 jeju-

2326 3273 2573 3326 tientiam
2604 3275 2697 3325 lia-
3155 3288 3228 3328 no
3258 3274 3344 3327 bis
3376 3274 3427 3327 in

2328 3343 2462 3398 hens
2489 3342 2529 3414 ’ί-
2558 3348 2607 3398 in
2633 3344 2779 3398 illis?
3154 3345 3389 3400 sabbato
3419 3344 3545 3401 :de-

2328 3414 2383 3469 8.
2427 3417 2555 3470 Dico
2580 3416 2733 3471 vobis
2758 3433 2771 3469 :
3158 3417 3331 3472 cimas
3356 3416 3429 3473 do

2324 3131 2585 3183 mantittm
2607 3130 2715 3195 die,

1931 3527 2166 3584 CODEX
2207 3526 2604 3585 BRIXIANUS.

598 3630 878 3687 hominem
951 3644 1061 3685 non
1131 3626 1507 3683 reverebatnr.
1577 3624 1751 3697 Vidua
1799 3632 1977 3697 autem
2033 3641 2202 3697 qu:te-

601 3704 727 3758 dam
760 3713 876 3758 erat
902 3701 957 3755 in
984 3700 1203 3755 civitate
1238 3700 1350 3752 illa.
1390 3705 1447 3751 et
1474 3696 1723 3751 venit-hat
1764 3696 1831 3751 ad
1868 3712 1989 3751 eum
2019 3696 2208 3752 dicens

598 3772 828 3831 Vindica
868 3790 955 3827 tne
985 3773 1053 3827 de
1081 3772 1395 3825 adversnrio
1440 3783 1582 3822 meo.
1619 3770 1688 3822 At
1730 3768 1823 3822 ille
1867 3771 2074 3824 nolebat
2112 3786 2208 3839 per

599 3848 832 3902 multum
875 3857 1110 3913 tempus.
1162 3843 1288 3896 l’ost
1320 3841 1453 3895 haec
1490 3854 1670 3894 autent
1700 3841 1837 3894 dixit
1880 3842 2016 3895 intra
2048 3856 2107 3895 se
2142 3841 2210 3895 Et

599 3920 644 3974 si
682 3920 847 3973 Deum
884 3912 1209 3970 imiitinteo.
1258 3929 1355 3967 nec
1385 3912 1657 3967 hominem
1692 3927 1967 3967 retereur.
2002 3924 2202 3967 tamen.

598 3988 723 4061 quia
759 3989 984 4043 molesta
1019 3997 1101 4041 est
1122 3985 1261 4061 milii
1297 3984 1615 4061 liaeervidua
1647 3983 1937 4061 vindicabo
1966 3985 2108 4061 illam
2138 3999 2207 4061 ne

600 4057 654 4118 in
688 4062 983 4116 novissimo
1012 4059 1237 4112 veniens
1266 4058 1515 4127 suggillet
1547 4072 1651 4109 me.
1686 4058 1774 4108 Ait
1810 4066 1990 4109 autem
2029 4057 2209 4107 Domi-

599 4152 721 4190 nus.
755 4133 951 4189 Audite
991 4132 1116 4199 quid
1142 4131 1305 4197 jndex
1346 4129 1644 4194 iniquitatis
1674 4127 1823 4180 dicit.
1862 4128 1998 4199 Deus
2021 4134 2206 4199 autem

597 4222 708 4261 non
742 4205 905 4259 faciet
938 4198 1224 4255 vindictam
1255 4202 1554 4253 electorum
1580 4214 1800 4251 Sttnrunt
1826 4198 2199 4252 cinnamimn.

598 4278 663 4331 ad
690 4293 749 4336 se
769 4277 859 4333 die
879 4291 943 4330 ac
968 4284 1151 4329 nocte.
1175 4282 1229 4328 et
1256 4272 1570 4341 patientiam
1592 4269 1813 4324 habebit
1839 4272 1892 4323 in
1917 4270 2042 4323 illis.
2071 4268 2204 4323 Dico

2316 3628 2460 3682 enim
2504 3626 2656 3682 vobis
2683 3627 2806 3698 quia
2838 3629 2947 3683 cito
2990 3628 3154 3684 faciet
3196 3626 3495 3684 vindictam
3529 3626 3741 3698 illorum.
3774 3616 3842 3698 \ief

2316 3711 2645 3774 rumtanien.
2704 3695 2869 3774 Filius
2915 3701 3149 3774 hominis
3196 3703 3425 3774 veniens
3480 3711 3626 3774 putas
3667 3695 3841 3774 inveniet

2318 3770 2477 3825 ﬁdem
2517 3773 2566 3823 in
2601 3782 2763 3827 terra.
2810 3772 2953 3826 Dixit
2982 3783 3159 3826 autem
3189 3783 3243 3827 et
3266 3773 3334 3827 ad
3368 3770 3623 3843 quasdam
3643 3770 3721 3837 qui
3748 3770 3841 3843 ius";

2315 3843 2658 3897 conﬁdebant
2708 3846 2849 3911 quod
2882 3843 2953 3915 (c)
2992 3852 3175 3899 essent
3206 3842 3248 3914 -ι-
3294 3835 3450 3914 jusii.
3488 3852 3543 3898 et
3583 3835 3843 3915 sperum"!

2316 3928 2530 3969 celeros
2564 3908 3067 3983 parabolatn'i'stam
3105 3908 3233 3969 Duo-
3257 3908 3514 3970 homines
3554 3908 3842 3983 ascetlderjjm

2316 3987 2370 4039 in
2402 3973 2659 4053 templum
2694 4000 2745 4039 ut
2778 3997 2998 4042 orarent
3030 4003 3168 4041 unus
3195 3987 3539 4042 PhariSaens.
3572 3994 3624 4039 et
3646 3973 3843 4053 alter?“-

2317 4048 2582 4111 blicanus.
2628 4057 2789 4113 Stans
2830 4059 3011 4127 itaque
3048 4058 3377 4114 Pharisaeus
3406 4063 3487 4113 sic
3528 4056 3718 4127 orabat.
3743 4048 3843 4102 Deus

2315 4139 2517 4197 gratas
2548 4130 2643 4205 tibi
2678 4145 2804 4205 ago.
2838 4124 3095 4205 quianon
3127 4147 3243 4205 sum
3275 4132 3419 4205 sicut
3455 4124 3843 4205 σειρῇ-ωηιῄῇ

2315 4188 2585 4272 ξιφίου-εδ.
2619 4188 2823 4272 ἰιῲῗδιὶ.
2857 4188 3087 4256 adulteri
3124 4202 3267 4258 velut
3303 4203 3467 4255 etiam
3495 4199 3571 4269 (ἁ)
3602 4188 3844 4272 ξὶευιῒιιίε

2314 4269 2684 4328 PublicanusJ
2693 4273 2876 4344 jejuno
2896 4274 2981 4329 bis
3010 4274 3064 4328 in
3087 4273 3317 4330 Sabbato
3333 4273 3572 4329 decimas
3590 4269 3655 4324 do

1897 4383 2130 4441 CODEX
2169 4384 2639 4447 CORBEIENSIS.

670 4488 725 4543 5.
768 4504 837 4543 ne
860 4486 914 4541 in
945 4482 1241 4539 novissimo
1267 4479 1467 4547 veniat,
1499 4489 1555 4533 et
1577 4479 1912 4549 constringat
1942 4495 2048 4534 me.

674 4561 727 4616 9.
769 4558 791 4591 ³
818 4553 1232 4625 lamqnamjusti
1259 4562 1464 4620 essent,
1492 4562 1546 4606 et
1573 4553 1907 4622 spernebant
1926 4564 2192 4620 caeteros,

598 4630 1014 4693 similitudinem
1052 4628 1231 4681 istam.

2383 4484 2469 4539 10.
2513 4502 2649 4540 unus
2680 4486 3025 4553 Publicanus,
3050 4496 3106 4543 et
3135 4502 3274 4543 unus
3302 4487 3647 4544 Pharisaens.

2382 4557 2467 4611 11.
2513 4558 2597 4612 vel
2628 4558 2791 4614 etiam
2818 4562 2960 4616 sicut
2983 4560 3069 4616 hic
3096 4559 3454 4616 Publicanus.

1852 4740 2247 4800 VARIANTES
2286 4743 2691 4803 LECTIONES.

664 4846 681 4875 ³
718 4842 836 4892 Mm.
862 4841 1199 4901 verumtamen
1215 4835 1443 4901 quoniam
1462 4832 1616 4901 Filius
1634 4836 1843 4885 hominis
1865 4837 2087 4901 veniens,
2111 4852 2195 4901 puc

600 4913 677 4957 tas
699 4903 923 4954 invenire
946 4898 1089 4947 ﬁdem
1114 4900 1163 4947 in
1189 4896 1360 4947 terra?
1393 4900 1534 4962 Vytg.
1564 4896 1913 4947 Verumtamen
1942 4896 2095 4949 Filius
2112 4896 2197 4950 ho-

601 4970 745 5019 minis
765 4966 991 5026 venicns,
1014 4962 1395 5026 putasinveniet
1417 4957 1562 5026 βάξει]
1592 4963 1640 5009 in
1666 4962 1831 5011 terra?

662 5033 684 5062 ³
719 5032 837 5079 Mm.
862 5027 945 5089 qui
970 5021 1027 5089 se
1050 5022 1373 5089 cuntidobaut.
1406 5021 1554 5089 Vulg.
1592 5026 1671 5085 qni
1700 5028 1745 5071 in
1786 5024 2192 5089 seyconﬁdebant.

663 5095 685 5125 ³
720 5093 825 5141 Gat.
855 5084 1192 5138 ascendebant
1215 5087 1282 5133 in.
1321 5084 1465 5150 Vulg.
1492 5084 1819 5136 ascenderunt
1842 5087 1912 5135 iu.

2368 4841 2389 4871 ⁸
2426 4841 2531 4890 ϐαι.
2557 4842 2783 4892 dicebat:
2806 4841 3045 4895 Deus.....
3071 4846 3241 4896 caeteri
3260 4847 3507 4897 homines.
3534 4834 3842 4907 νειφοηωιε

2304 4902 2441 4953 Deus
2568 4908 2752 4954 caeteri
2777 4907 3041 4956 hominum.

2368 4967 2390 4997 ⁵
2423 4969 2540 5034 Mm.
2567 4967 2694 5029 quod
2729 4977 2898 5018 essent
2922 4970 3070 5031 iusti,
3115 4976 3167 5021 et
3187 4971 3501 5034 spernebant
3524 4975 3739 5022 caetu'os.
3763 4956 3840 5009 σαι

2307 5031 2648 5092 aspernabaut.

1274 5184 1568 5225 LECTIONES
1588 5186 1790 5227 CODICIS
1814 5188 2224 5229 VINDEBONENSIS
2244 5191 2524 5231 ABEUNTES
2553 5193 2618 5231 ΑΒ
2658 5192 2911 5233 EDITIONE
2942 5194 3202 5236 νυιωτλ.

657 5275 705 5323 5.
733 5270 911 5320 eratin
934 5268 1229 5322 Civitate,...
1254 5274 1305 5313 et
1322 5266 1485 5326 coepit
1505 5264 1559 5311 ad
1582 5264 1715 5313 illum
1737 5265 1833 5313 dicv
1852 5280 1905 5314 re
1930 5281 1941 5314 :
1964 5266 2181 5317 Vindica.

656 5334 702 5382 4.
726 5336 777 5383 Si
800 5332 971 5380 Deum.
1036 5332 1085 5380 5.
1112 5327 1355 5389 veniendo
1377 5326 1612 5389 siicgillut
1636 5342 1732 5376 me.
1762 5330 1841 5376 Ait
1865 5337 2026 5378 autem
2053 5343 2064 5375 .'
2089 5329 2187 5377 Au-

591 5398 714 5446 dite.
781 5397 827 5445 7.
854 5394 983 5443 deest
1024 5393 1081 5440 ad
1114 5404 1187 5439 se.
1232 5386 1365 5438 Ibid.
1392 5386 1550 5452 hub'el,
1591 5392 1869 5452 patientiam
1909 5393 2096 5439 lubens
2136 5394 2185 5440 in

582 5458 724 5510 illis?
787 5462 833 5506 8.
876 5455 1007 5506 deest
1069 5456 1181 5516 quia
1244 5454 1356 5503 cito.
1418 5450 1551 5502 Ibid.
1592 5450 1829 5514 numquid
1886 5455 2120 5502 inveniet.

2295 5269 2515 5343 9...Dee§t
2542 5278 2655 5343 tanq
2691 5286 2765 5319 am
2784 5272 2926 5343 justi;
2951 5270 3086 5323 Ibid.
3121 5279 3173 5343 et
3196 5274 3525 5343 spernebant
3546 5270 3839 5343 caeterg‘sktfgj

2294 5323 2802 5396 ntilitudinemistam:
2871 5333 2948 5383 10.
2975 5350 3100 5385 unus
3124 5323 3444 5396 Publicanus,
3484 5341 3535 5385 et
3571 5332 3683 5384 alius
3706 5323 3840 5396 Ρῒιπβ·

2296 5406 2459 5462 saens‘.
2527 5395 2577 5462 il
2593 5433 2603 5443 .
2623 5395 2767 5445 Stans
2781 5399 2946 5460 itaque
2960 5397 3273 5462 Pharisaeus,
3298 5402 3372 5449 sic
3391 5394 3612 5449 orabat...
3631 5396 3732 5444 sicut
3749 5394 3839 5434 me“

2298 5457 2395 5505 teri
2423 5457 2649 5506 homines
2673 5473 2685 5507 :
2707 5457 2989 5522 raptores...
3015 5461 3095 5511 vel
3121 5457 3293 5523 etiam,
3316 5464 3461 5513 sicut.

1914 5555 2286 5615 BLANCiIlM
2326 5561 2560 5617 NOTAE.

663 5659 750 5732 (ai
766 5657 837 5732 Ita
855 5666 911 5732 et
936 5651 1138 5732 tex._Gr
1154 5647 1685 5732 μακροθρμξῖαγο-ςψ)
1704 5650 2045 5732 Αηξςίίισὶει,
2066 5652 2229 5732 deest
2254 5657 2399 5725 quia,
2424 5667 2585 5712 etiam
2610 5657 2663 5713 in
2686 5659 2808 5715 cod.
2833 5659 3145 5732 (ἰωήν-(ε)
3178 5659 3344 5719 Addit
3373 5656 3825 5731 mannparitertex

590 5722 685 5784 (ἓν.
714 5730 830 5782 εἰσί.
855 5724 1091 5782 Vercell.
1110 5722 1325 5792 quodue
1350 5722 1516 5779 habet
1539 5723 1661 5777 sint.
1688 5751 1758 5763 —-
1784 5723 1863 5795 (ά)
1897 5722 2054 5794 Legit
2079 5724 2230 5794 sicut,
2264 5722 2443 5784 textus
2462 5745 2675 5801 quoque
2700 5732 2793 5790 Gr.
2826 5735 2913 5795 ὥς.
