3902 6208
558 210 663 264 M3
1082 210 1356 271 E13588“
1372 210 1715 270 νηαιι.
1759 212 2099 271 EVANGFJJ

2268 211 2387 269 Σῐῖὶ(
2418 209 2642 267 \‘ARIIS
2669 208 2822 268 COD.
2842 208 3235 271 COLLATUI.
3726 210 3809 267 εδι

939 334 1168 391 CODEX
1213 334 1745 393 VERCELLENSIS.
2684 327 2915 385 CODEX
2949 327 3403 385 VEBONEXSIS.

563 426 711 480 mine
733 424 975 481 Iacche-
1391 441 1521 496 aput
1546 432 1724 484 virum
2252 427 2401 480 mine
3074 431 3296 496 centes;
3326 422 3449 489 quia

562 512 627 570 t_)s
647 515 673 570 γε
704 510 756 551 et
782 498 867 552 hic
898 508 1013 551 erat
1394 495 1735 570 peccatorem
2251 496 2566 552 Zaccheus:
3075 495 3142 548 ad
3172 495 3443 548 hominem

565 568 828 635 Princeps
862 570 963 623 Pu-
1393 568 1673 628 introisset
2251 583 2307 623 et
2337 570 2419 622 hic
2449 577 2566 622 erat
3078 576 3417 635 peccatorem

561 640 899 693 blicannrum
923 658 936 692 :
1394 661 1633 699 manere.
2252 641 2515 705 Princeps
3079 638 3329 691 devertit.

564 721 620 764 et
652 711 766 779 ipse
787 721 906 764 erat
1392 717 1448 770 8.
1486 717 1648 771 Stans
1676 726 1855 770 autem
2253 711 2690 775 Puhlicannrum,
3079 710 3131 763 8.
3166 708 3329 763 Stans
3355 719 3538 762 autem

566 782 620 835 3.
667 782 937 848 locuples,
966 796 1020 837 et
1392 786 1694 850 Zacchens,
1722 789 1803 841 di-
2253 796 2308 837 et
2335 784 2449 852 ipse
2472 783 2653 843 dives;
3082 780 3372 852 laccheus.
3402 781 3487 833 di-

608 822 620 832 .
667 798 937 848 locuples,
966 798 1020 837 et
1392 798 1694 850 laccheus,
1722 798 1803 841 dt-

2253 798 2308 837 et
2335 798 2449 850 Ipse
2472 798 2653 843 dives;
3084 798 3372 841 Laccneus,
3402 798 3486 833 ut-

559 852 859 920 quaerebat
1393 866 1473 911 xit
1502 859 1567 912 ad
1601 862 1887 913 Dominum
1917 878 1930 911 :
2254 856 2308 907 5.
2350 851 2402 907 et
2431 870 2655 919 quaere-
3084 852 3157 905 xit
3181 852 3247 903 ad
3282 851 3383 904 Do-

562 924 743 977 videre
774 923 958 978 Jesum
981 968 995 989 ,
1394 930 1534 983 Ecce
1562 930 1721 984 dimi-
2256 930 2349 979 bat
2370 927 2555 980 videre
3084 924 3285 976 minum
3322 942 3335 973 :
3362 923 3509 978 Ecce

558 1000 651 1062 qui
681 1006 861 1055 es-et;
888 1009 943 1048 et
1391 1002 1534 1054 diam
1569 1014 1777 1069 partem
2254 997 2470 1059 Jesuni,
2502 997 2624 1064 quis
3083 996 3364 1047 dimidium

564 1081 669 1119 non
705 1076 827 1133 pote
837 1080 917 1120 rat
1397 1068 1661 1127 bonorum
2255 1078 2401 1123 esset
2421 1084 2435 1129 ;
2464 1078 2519 1121 et
3086 1068 3346 1120 bonorum

563 1153 693 1207 prae
722 1140 898 1204 turba,
1396 1160 1665 1207 meorum,
2257 1156 2363 1194 non
2398 1149 2605 1209 poterat
3086 1152 3330 1191 meorum

561 1214 821 1290 quoniam
1398 1214 1647 1290 Domine,
1674 1216 1743 1269 do
1773 1231 1902 1287 pau-
2259 1227 2387 1290 prae
2427 1212 2613 1275 turba,
3087 1208 3157 1290 do
3182 1211 3530 1290 pauperibus,

562 1291 769 1354 statura
798 1284 918 1335 bre-
1396 1280 1650 1354 peribus;
1681 1299 1733 1341 et
1754 1280 1789 1354 ,’
2255 1288 2381 1353 quia
2408 1294 2608 1335 statura
3088 1280 3343 1354 Domine;
3366 1292 3423 1336 et

565 1353 619 1405 4.
660 1351 710 1403 vi
741 1368 878 1405 erat.
912 1354 975 1407 Et
1008 1372 1131 1423 pro-
1396 1351 1439 1409 Si
1463 1360 1547 1411 cui
1576 1360 1703 1428 quid
1757 1351 1764 1354 ’
2258 1351 2483 1428 pusillus
2509 1363 2645 1405 erat.
3082 1354 3128 1405 si
3158 1352 3284 1421 qutd
3312 1355 3469 1407 alicui

563 1438 808 1478 currens.
840 1442 925 1475 τις.
1395 1426 1636 1482 fraudavi
1664 1474 1677 1490 .

2255 1428 2309 1480 4.
2356 1426 2827 1490 Etpraecurrcns.
3086 1464 3100 1475 .
3180 1462 3194 1474 .
3276 1466 3289 1476 .
3370 1465 3383 1477 .
3466 1465 3479 1476 .
3564 1461 3577 1474 .
3654 1461 3666 1471 .

563 1495 745 1569 cendit
772 1512 929 1569 inAar-
1395 1503 1750 1569 quadruplum
2259 1497 2499 1550 ascendit
2528 1499 2580 1547 in
3083 1495 3117 1547 li
3148 1492 3357 1569 fraude,

564 1566 750 1639 borctn
778 1568 792 1595 ¹
823 1566 989 1637 Syco—
1398 1564 1641 1626 reddam.
2257 1572 2510 1622 arborem
2536 1569 2635 1639 Sy‘
3083 1564 3250 1639 reddo
3274 1565 3653 1639 quadruplum.

564 1638 700 1691 mori
722 1649 824 1711 ,Ant
853 1635 933 1689 vi-
1398 1643 1454 1695 9.
1505 1644 1643 1697 Dixit
1681 1644 1755 1709 (ὁ)
1786 1655 1966 1698 autem
1996 1643 2036 1711 ει-

2259 1635 2589 1701 ροιιιοτιιιη,’
3176 1639 3261 1691 Ait
3291 1640 3367 1709 (ὁ)
3389 1650 3573 1691 autem
3598 1635 3635 1705 1·

564 1710 719 1761 deret
746 1709 894 1763 illum
919 1728 933 1772 ;
1396 1713 1554 1768 Jesns
1582 1716 1645 1766 ad
1677 1708 1799 1768 illo;
1836 1735 1847 1768 :
2014 1708 2023 1711 ⁷
2260 1722 2317 1764 ut
2343 1711 2550 1764 videret
3090 1708 3253 1762 Jesus
3277 1708 3342 1762 ad

563 1781 816 1852 quoniam
1399 1785 1533 1852 Quia
1569 1786 1729 1840 hodie
2261 1783 2443 1841 illum;
2474 1780 2596 1849 quia
3092 1781 3216 1833 illos
3245 1800 3258 1833 :
3292 1780 3445 1848 Quod

568 1867 661 1921 per
690 1851 777 1905 illa
809 1869 932 1923 paro
1399 1851 1547 1909 salus
1573 1858 1755 1911 domui
2261 1855 2350 1908 illa
2380 1863 2530 1921 parte
3093 1852 3255 1905 hodie
3286 1855 3434 1905 salus

567 1934 621 1977 te
652 1933 909 1978 tranSttu-
1399 1927 1525 1981 huic
1556 1927 1693 1981 facta
2262 1936 2377 1978 eral
2404 1924 2599 1977 transi-
3093 1923 3272 1976 domui
3298 1926 3421 1978 huic

569 2011 663 2047 "IS
694 2006 831 2049 973i».

570 2069 623 2121 5.
670 2065 733 2119 Et
763 2067 957 2121 factum
990 2081 1077 2123 est

568 2136 645 2209 (α)
668 2141 793 2191 dum
827 2142 1024 2193 transi-

569 2222 651 2263 ret
685 2209 725 2278 ’ί-
755 2210 934 2277 Iesus,
967 2211 1103 2265 vidit

568 2282 753 2343 illuni;
777 2295 825 2335 et
854 2298 969 2337 res-

569 2355 796 2421 piciens.
824 2354 963 2407 dixit

570 2425 621 2478 ei
656 2442 667 2475 :
695 2424 969 2479 Zacchaee
988 2470 1002 2489 ,

568 2496 835 2550 festinans

1397 2010 1509 2059 est;
1543 2002 1797 2069 quoniam

1397 2071 1614 2140 quidem
1639 2082 1695 2126 et

1397 2145 1487 2195 hic
1516 2142 1658 2196 ﬁlius
1686 2154 1769 2199 est

1401 2214 1487 2266 11).
1533 2217 1801 2269 Abrahae.
1830 2212 1932 2267 Ve-

1399 2288 1482 2339 nit
1507 2287 1650 2340 enim
1684 2285 1768 2340 Fi-

1402 2357 1508 2410 lius
1538 2358 1712 2409 hullti-

1404 2430 1489 2481 nis
1516 2430 1723 2482 salvum

1403 2499 1605 2565 facere,
1637 2513 1689 2554 et
1719 2516 1884 2570 quae-

2261 1998 2314 2049 5.
2358 2005 2530 2049 turus.
2566 1994 2634 2047 Et

2263 2068 2463 2122 {aetum
2490 2077 2574 2121 est

2268 2139 2345 2211 (α)
2374 2154 2494 2211 cum
2523 2136 2719 2191 transi—

2264 2210 2347 2264 ret
2367 2210 2406 2280 -ί-
2426 2210 2585 2264 Jesus
2610 2249 2626 2273 ,

2262 2283 2396 2334 Vidll
2422 2283 2570 2335 illum

2262 2355 2639 2422 respicientem
2659 2392 2676 2416 ,

2262 2435 2315 2479 et
2339 2423 2472 2477 dixit
2501 2422 2569 2475 ad

2259 2511 2383 2550 eum
2419 2515 2431 2547 :
2459 2493 2759 2559 Zaccbaee,

3091 1994 3232 2048 faeta
3263 2006 3345 2048 est
3373 2012 3388 2059 ;

3094 2080 3162 2119 eo
3191 2068 3332 2135 quod
3356 2076 3409 2119 et

3095 2139 3210 2204 ipse
3241 2138 3315 2192 sit
3343 2138 3484 2192 lilius

3095 2209 3367 2263 Abrahae.

3095 2279 3184 2334 10.
3216 2279 3375 2334 Venit
3405 2282 3549 2336 enim

3092 2352 3263 2406 Filius
3292 2353 3526 2407 hominis

3092 2439 3374 2490 quaerere,
3407 2434 3460 2478 et

3091 2496 3296 2549 salvum
3323 2498 3519 2557 facere.

570 2568 874 2634 descende,
1402 2586 1526 2625 rere
1555 2565 1751 2641 perdi?
2261 2568 2523 2641 festinans
2546 2565 2643 2641 de-
3090 2567 3517 2641 quod_peri_er_at.

570 2643 824 2709 quooiam
1402 2637 1568 2696 tumf
2258 2639 2480 2703 scende,
2513 2637 2637 2708 quia
3091 2639 3179 2691 11.
3213 2637 3355 2692 Haec
3380 2639 3488 2693 illis

570 2712 734 2764 hodie
762 2712 813 2765 in
842 2710 941 2764 do.
1403 2718 1493 2768 11.
1533 2716 1554 2745 ¹
1589 2714 1946 2771 Andientibus
2262 2710 2422 2763 hodie
2447 2712 2499 2763 in
3088 2710 3432 2763 audientibus

571 2800 661 2836 mu
689 2791 774 2835 tua
804 2798 968 2851 opor-
1401 2795 1583 2840 autem
1613 2786 1745 2840 haec
2258 2782 2422 2837 domo
2455 2794 2545 2835 tua
3093 2822 3108 2835 .
3147 2822 3161 2833 .
3198 2822 3212 2834 .
3248 2822 3262 2835 .
3299 2822 3313 2833 .
3342 2796 3461 2843 ens,

572 2865 648 2909 tet
671 2870 757 2909 me
783 2871 896 2909 ma-
1401 2856 1529 2916 illis.
1555 2857 1791 2921 addidit,
2259 2864 2476 2923 oportet
2505 2868 2591 2905 me
2630 2922 2661 2923 ί
3086 2852 3222 2905 dixit
3244 2852 3426 2905 simili-

572 2942 724 2999 nere.
766 2998 771 2999 γ
868 2997 876 2999 Α
1401 2928 1592 2983 dicens
1624 2945 1781 2999 para-
2260 2922 2313 2999 6.
2358 2922 2693 2999 rnanere._Et
3087 2923 3325 2999 tudinem
3360 2940 3466 2979 :eo

570 2997 625 3072 6.
668 2999 733 3052 Et
757 2997 1020 3053 festinans
1402 3001 1582 3055 bolain
1605 2995 1715 3067 {eo
1738 3001 1881 3072 quod
2260 2997 2551 3072 festinans,
2586 2995 2679 3049 de-
3089 2996 3232 3064 quod
3256 3003 3405 3072 e_s_s_ct

570 3070 887 3134 descendit,
1404 3082 1551 3126 esset
1566 3065 1720 3143 juxta
1755 3065 1768 3072 ’
2260 3070 2474 3143 scendit
2492 3077 2589 3143 ;_et
3088 3080 3257 3143 prope
3282 3065 3414 3121 Hie-

569 3150 627 3197 et
656 3146 869 3210 excepit
900 3142 955 3195 il-
1405 3138 1765 3207 Hierusalem,
2259 3138 2472 3209 excepit
2496 3139 2645 3193 illum
3090 3141 3346 3210 rusalem.
3373 3147 3431 3191 et

566 3213 678 3265 lunt
708 3214 970 3280 gaudens.

1402 3225 1457 3269 et
1480 3218 1620 3283 quod
1651 3227 1800 3283 puta-

2258 3214 2519 3278 gaudens.

3090 3211 3216 3278 quia
3246 3209 3433 3263 existi-

570 3285 626 3337 7.
668 3282 734 3337 Et
756 3298 877 3336 cum
910 3284 1072 3338 vidis-
1403 3280 1565 3351 bant,
1588 3280 1713 3352 quia
2260 3284 2315 3337 7.
2360 3285 2442 3347 Et,
2472 3296 2592 3335 cum
3091 3292 3326 3352 marem,
3352 3280 3493 3348 quod

568 3365 693 3407 sent
716 3369 909 3409 omnes
925 3396 940 3419 ,
974 3410 979 3413 ν
1404 3350 1692 3411 confestim

2260 3355 2508 3409 viderent
2527 3367 2715 3408 omnes
2735 3395 2749 3419 ,
3092 3350 3378 3407 confestim
3408 3368 3492 3406 re-

567 3440 871 3479 murmura-
958 3496 967 3498 _
1404 3444 1629 3498 regnum
1665 3430 1759 3485 Dei
2259 3442 2505 3481 murmn-
2603 3496 2634 3498 Η
3090 3438 3266 3498 gnum
3292 3423 3384 3479 Dei

566 3498 607 3551 ti
638 3506 802 3562 sunt,
828 3496 972 3566 quod
1404 3494 1714 3555 inanil’esta-
2260 3506 2549 3563 raverunt,
2583 3496 2665 3552 di-
3094 3494 3403 3549 manifesta-

1879 3642 2108 3699 CODEX
2145 3640 2536 3698 BRIXIANUS.

573 3735 717 3789 mine
739 3734 1033 3790 Zaccheus.
1073 3735 1159 3791 hic
1190 3747 1307 3791 crat
1349 3737 1604 3807 Princeps
1630 3738 2068 3793 Pohlicanoroni.
2103 3749 2155 3791 et
2266 3738 2484 3792 intravit
2511 3752 2749 3793 manere.
2790 3736 2951 3793 Stans
2974 3746 3153 3791 autem
3178 3736 3451 3791 Zacchcns
3480 3735 3616 3791 dixit
3638 3733 3698 3789 ad
3730 3732 3814 3786 Do-

568 3806 2158 3879 isteeratdives.etquaerebatvidereJesumqnisesset.et
2264 3812 2490 3863 minum.
2527 3810 2665 3865 Ecce
2705 3809 2985 3863 dimidium
3030 3809 3291 3863 bonorum
3339 3824 3580 3862 meorum
3624 3806 3815 3879 Domine

568 3894 677 3931 non
708 3888 915 3945 poterat
946 3895 1073 3947 prae
1098 3876 1274 3933 turha.
1302 3884 1426 3949 quia
1447 3892 1651 3935 statura
1678 3876 1898 3949 pusillus
1920 3892 2055 3935 erat.
2093 3882 2157 3934 Et
2262 3883 2333 3934 do
2357 3883 2700 3949 pauperibus.
2734 3892 2788 3934 et
2814 3882 2858 3934 si
2889 3880 3016 3948 quid
3048 3881 3285 3949 aliquem
3318 3880 3579 3946 frandavi,
3611 3876 3815 3949 quadril-

566 3964 927 4024 praecurrens
957 3952 1200 4005 ascendit
1239 3954 1290 4005 in
1322 3947 1573 4006 arborem
1605 3947 1956 4024 Sycntnnrntn
1992 3962 2048 4005 ut
2078 3953 2156 4006 vi-
2266 3947 2409 4019 plnin
2458 3947 2645 4008 reddo.
2693 3953 2785 4006 Ait
2832 3951 2906 4024 (li)
2937 3963 3113 4024 autem
3139 3947 3177 4021 {-
3221 3952 3285 4003 ad
3316 3966 3438 4004 eum
3484 3947 3656 4005 Jesus.
3704 3947 3811 4024 Quia

564 4021 720 4075 deret
749 4022 895 4074 illntn
924 4024 1047 4091 quia
1074 4024 1197 4077 imle
1221 4033 1339 4077 erat
1367 4021 1709 4079 transiturus.
1746 4026 1809 4079 Et
1831 4043 1949 4076 cum
1982 4027 2157 4077 venis-
2264 4026 2424 4078 hodie
2454 4027 2600 4077 salus
2643 4024 2823 4077 domui
2870 4023 2995 4076 huic
3026 4023 3163 4075 facta
3195 4032 3297 4076 est.
3348 4038 3415 4077 eo
3459 4026 3600 4091 quod
3630 4028 3679 4075 et
3722 4021 3813 4086 ipse

564 4104 648 4147 set
690 4094 754 4144 ad
787 4095 960 4147 Im'uut
990 4096 1289 4162 ςιιεείνιεηε
1317 4096 1472 4150 JeSus
1498 4100 1628 4150 vidit
1662 4098 1809 4151 illum
1840 4109 1892 4149 et
1921 4096 2057 4149 dixit
2091 4097 2156 4149 ad
2260 4097 2400 4149 ﬁlius
2430 4096 2495 4149 sit
2540 4096 2814 4150 Abrahae.
2846 4095 3006 4147 Venit
3039 4110 3180 4148 enim
3215 4094 3385 4147 Filius
3416 4093 3645 4147 hominis
3668 4106 3810 4160 quae'

565 4179 710 4219 eum.
734 4164 773 4217 Z
794 4165 973 4217 .cchee
996 4167 1253 4219 festinans
1273 4167 1560 4221 descende.
1593 4174 1712 4238 quia
1732 4169 1888 4221 hodie
1918 4172 1968 4219 in
1996 4174 2155 4220 domo
2260 4184 2380 4221 rere
2420 4178 2474 4220 et
2504 4170 2708 4219 salvum
2739 4169 2915 4220 facere
2952 4165 3093 4235 quod
3130 4176 3384 4235 perierat.
3436 4165 3577 4219 Haec
3618 4164 3712 4238 illis
3734 4176 3811 4212 au-

565 4246 651 4288 tua
684 4246 894 4301 Oportet
938 4254 1023 4290 ulc
1075 4254 1311 4291 manere.
1361 4241 1423 4293 Et
1474 4236 1734 4294 festinans
1776 4240 2059 4293 desveudit
2100 4248 2156 4292 et
2256 4239 2533 4293 dientilms
2578 4239 2817 4291 adiciens
2863 4238 3007 4291 dixit
3050 4240 3359 4305 pat'altolam
3400 4253 3467 4291 eo
3514 4236 3648 4305 quod
3689 4242 3809 4305 esset

564 4309 776 4375 cxi-epit
806 4309 952 4379 illum
977 4310 1235 4375 gaudens.
1268 4310 1335 4363 Et
1361 4326 1481 4364 cunt
1513 4312 1761 4366 vrderent
1790 4327 1977 4365 Omnes
2004 4326 2151 4364 tnnr-
2257 4326 2421 4379 prone
2452 4310 2804 4364 Hierusalem.
2840 4320 2894 4363 et
2925 4301 3453 4377 qttia'existituarent
3484 4301 3623 4378 quod
3651 4301 3808 4360 ccide-

563 4383 848 4433 muraliant
874 4378 1139 4434 dicentes.
1188 4382 1330 4449 quod
1379 4382 1445 4435 ad
1490 4384 1757 4437 hominem
1810 4394 2149 4453 peccatorem
2254 4378 2377 4436 Stin:
2409 4397 2633 4451 regnum
2667 4382 2761 4434 Dei
2807 4380 3113 4435 manifesta-

1835 4519 2065 4576 CODEX
2105 4517 2568 4575 CORBEIENSIS.

2251 4624 2490 4667 calorem
2520 4612 2739 4667 divertit
2766 4628 3004 4669 manere.

2323 4686 2377 4739 8.
2418 4695 2494 4748 et.
2526 4687 2569 4738 si
2601 4685 2727 4753 quid
2758 4686 2917 4739 alicui
2951 4684 3211 4739 fraudavi.

558 4768 771 4833 sursum
804 4758 1069 4833 aspiciens
1101 4800 1111 4810 .
1147 4801 1159 4812 .
1194 4798 1208 4811 .
1243 4801 1254 4811 .
1286 4761 1412 4828 quia
1439 4761 1489 4814 in
1513 4760 1677 4814 domo
1705 4770 1791 4813 tua
1819 4769 2033 4829 oportet
2063 4774 2148 4812 nte
2320 4758 2380 4833 9.
2418 4755 2505 4833 Ait
2535 4766 2711 4833 autem
2741 4755 2898 4833 Jesns
2927 4757 3144 4833 ad‘illos
3168 4773 3182 4809 :
3206 4755 3367 4833 Quod
3398 4756 3589 4833 hodie.
3671 4826 3682 4833 _

558 4826 829 4899 prandere
861 4820 1038 4881 hodie.
1307 4820 1318 4828 ’
1858 4820 1870 4829 ’
2324 4829 2409 4882 ll.
2456 4828 2597 4882 Haec
2625 4827 2728 4881 illis
2756 4827 3126 4887 audientibus.
3153 4820 3449 4899 adficiens,
3484 4827 3616 4883 dixit
3642 4820 3803 4881 simili-

631 4898 683 4952 7.
726 4914 936 4966 omnes,
964 4911 1455 4969 murmuraverunt,
1474 4901 1617 4973 quod
1642 4902 1707 4956 ad
1726 4902 1999 4957 hominem
2025 4916 2148 4973 pec-
2254 4899 2525 4964 tudinem;
2557 4914 2623 4954 eo
2647 4899 2809 4968 quod.

1801 5016 2191 5073 VARIANTES
2228 5014 2631 5072 LECTIONES.

619 5109 633 5138 ¹
672 5108 778 5159 ϐαι.
805 5115 850 5159 ει
872 5112 990 5160 Mm.
1016 5110 1334 5174 Sycimorum.
1370 5113 1514 5178 Vulg.
1538 5116 1870 5177 Sycontorum.
2313 5112 2333 5142 '
2369 5112 2491 5159 Mm.
2517 5110 2811 5161 dicentibus.
2846 5109 2994 5176 Vulg.
3018 5110 3355 5163 Audientibus.

1250 5232 1538 5272 LECTIONES
1564 5233 1764 5273 CODICIS
1786 5232 2193 5273 VINDEBONENSIS
2214 5232 2490 5272 ABEUNTBS
2523 5233 2587 5272 ΑΒ
2618 5234 2868 5275 EDITIONE
2892 5235 3152 5275 VULGA'I'A.

610 5325 723 5393 Cn.
752 5324 874 5393 XIX.
906 5354 964 5361 ——
986 5329 1031 5378 2.
1066 5327 1155 5377 Hic
1180 5337 1286 5380 erat
1314 5329 1563 5393 Princeps.
1632 5334 1661 5381 4
1706 5340 1761 5379 ut
1782 5334 1975 5382 videret
2002 5333 2136 5381 illum
2243 5329 2381 5381 Ibid.
2417 5334 2459 5381 si
2496 5332 2611 5393 quid
2645 5332 2787 5383 alicui
2821 5333 2990 5385 fraude
3018 5334 3221 5393 abstuli.
3248 5336 3419 5387 reddo.
3484 5338 3533 5386 9.
3558 5338 3634 5385 Ait
3654 5338 3788 5382 autem

610 5346 723 5376 μιν.
752 5346 874 5375 AIA.
906 5354 964 5361 —-
986 5346 1031 5378 z.
1066 5346 1155 5377 mc
1180 5346 1286 5380 erat
1316 5346 1563 5393 t'rtnceps.
1632 5346 1661 5381 4
1706 5346 1761 5379 ut
1782 5346 1975 5382 ποθι-ει
2002 5346 2136 5381 illum
2243 5346 2381 5381 Ima.
2417 5346 2459 5381 St
2532 5346 2611 5382 mu
2645 5346 2787 5383 aIIcut
2821 5346 2990 5385 trauue
3018 5346 3221 5393 aDSluli,
3248 5346 3419 5387 reddo.
3484 5346 3533 5386 9.
3558 5346 3634 5385 Att
3654 5346 3788 5382 autem

549 5423 601 5462 τ..
628 5390 846 5462 quia-illa
872 5399 1141 5462 parti-“crat
1166 5394 1480 5462 transiturus.
1540 5396 1585 5443 ὅ.
1627 5394 1687 5443 lit
1711 5397 2002 5462 l_'actunt_est
2024 5397 2137 5443 dum
2243 5394 2470 5462 Jesusad
2492 5346 2598 5444 iilos
2618 5411 2630 5443 :
2654 5397 2789 5462 Quod
2814 5397 2980 5447 hodie.
3008 5397 3142 5449 Ibid.
3168 5397 3296 5448 ﬁlius
3316 5406 3407 5448 est.
3478 5399 3551 5450 10.
3574 5397 3703 5445 Venit
3723 5406 3789 5462 stl'

547 5455 720 5523 transit
742 5452 908 5508 Jesus,
937 5455 1112 5502 vidit...
1140 5466 1303 5523 susum
1338 5456 1603 5523 aspiciens,
1629 5466 1680 5523 et
1701 5459 1825 5523 dixit
1856 5458 2074 5523 δάκρυα).
2245 5466 2345 5508 tem
2364 5452 2866 5523 Filius...etsalvare,
2886 5463 3033 5523 quod.
3100 5462 3577 5520 ll.siuti|itudinem,
3599 5455 3787 5519 ecquod-

544 5515 594 5562 7.
621 5523 1018 5577 murnturaruut,
1061 5516 1208 5579 quod.
1276 5516 1325 5567 7.
1370 5518 1589 5568 divertit.
1654 5521 1702 5567 8.
1729 5521 1868 5571 Deest
1908 5519 2137 5571 Domine.

1858 5624 2223 5683 BLANClilNl
2254 5629 2485 5686 ΝΟΤᾸΞ.

620 5736 697 5805 (a)
720 5736 793 5792 Ita
823 5748 879 5793 et
919 5739 1041 5796 cod.
1081 5738 1239 5797 Cant.
1278 5742 1330 5795 ἓν
1356 5750 1431 5814 τῷ
1459 5738 1781 5817 διέρχισθσιι.
1808 5772 1878 5785 -
1901 5740 1977 5812 (b)
2007 5741 2192 5810 Addit,
2220 5754 2409 5811 autem,
2437 5746 2600 5804 etiam
2632 5757 2741 5805 lex.
2779 5749 2873 5805 Gr.
2902 5748 2976 5803 δέ.

628 4611 684 4664 4.
728 4611 853 4681 quia
883 4611 969 4666 illa
1002 4623 1155 4681 parte
1186 4624 1300 4670 erat
1334 4615 1677 4669 transiturus.

630 4683 684 4737 5.
730 4684 794 4739 lit
836 4685 1027 4739 factum
1072 4699 1157 4741 est
1184 4688 1310 4741 dum
1344 4688 1535 4741 transit
1576 4686 1767 4753 Jesus,
1816 4687 1951 4741 vidit
1997 4686 2146 4740 illum
