1951 3104
97 136 142 164 675

91 242 216 269 Johannen

90 278 236 312 Proplietam

90 314 111 340 7.
132 313 214 341 fuisse.
226 312 258 342 Et
269 320 323 342 res-

88 349 238 383 ponderunt,

87 393 112 412 se
123 384 218 412 nescire
243 411 245 414 .

87 421 109 448 8.
128 419 201 447 unde.
214 420 245 447 Et
259 419 298 447 di-

86 456 118 483 xit
127 456 178 484 illis
188 455 262 483 Jcsus
275 464 282 483 :

85 491 132 519 Nec
143 499 188 527 ego
202 492 260 519 dico

85 528 150 555 vobis
159 548 166 560 .
182 527 206 554 in
217 534 267 562 qua

84 567 202 597 potestale
214 563 277 590 haec

83 600 106 626 τ).
123 598 196 626 facio.
207 597 299 633 Coepit

83 639 159 662 autem
169 634 238 662 dice-

82 678 106 698 re
117 670 220 705 parabo-

82 706 125 733 lam
136 706 198 733 hanc
209 715 216 732 :
230 705 275 733 Vi-

80 749 147 769 neam
159 742 257 775 planta-

79 778 111 804 vit
124 777 208 812 homo,

79 818 101 840 et
114 813 202 841 locavit

78 849 139 876 illam
152 850 221 877 colo-

78 885 121 918 nis,
132 890 156 912 et
168 886 221 921 ipse

78 922 215 955 peregrina-

77 961 113 983 luS
121 962 158 984 εει
171 962 236 984 tem-

77 992 171 1026 poribus
185 992 250 1021 mul-

79 1028 116 1054 10.
134 1027 171 1055 tis.
187 1028 218 1056 Ει
228 1033 335 1064 tempo-

77 1071 102 1090 re
111 1064 212 1098 quodam

77 1099 139 1126 misit
149 1100 178 1127 ad
191 1100 253 1128 illos

75 1135 171 1162 colonos
182 1143 240 1164 ser-

74 1177 140 1204 vum,
153 1176 179 1198 ut
190 1179 223 1199 ex

75 1205 194 1234 fructuum

73 1242 155 1270 vineae
166 1244 174 1259 ¹
188 1243 234 1271 da-

73 1283 123 1304 mnt
135 1279 179 1305 illi.
192 1279 225 1306 Et

73 1321 166 1341 caesum
176 1314 260 1347 illum,

72 1349 216 1378 dimiserunt

75 1385 110 1411 il.
128 1393 246 1414 vacuum.
258 1385 298 1414 Et

72 1421 182 1455 adposuit
192 1422 239 1449 ali-

71 1463 108 1484 um
122 1458 206 1486 mitte-

70 1499 96 1519 re
107 1500 217 1521 servum.

70 1527 169 1563 Quoque
179 1534 205 1557 et
239 1554 242 1557 .

69 1563 134 1591 illum
148 1572 205 1592 cae-

69 1605 120 1627 sum
128 1621 136 1634 ,
147 1601 254 1629 dimise-

69 1641 123 1662 runt
137 1644 212 1664 vacu-

70 1670 109 1712 l’z.
128 1679 182 1712 um.
194 1672 227 1700 Et
239 1673 327 1709 adpo-

71 1708 115 1734 suit
128 1708 230 1736 tertium

72 1742 171 1770 mittere.
185 1744 222 1772 Et

74 1776 139 1805 illmn
149 1779 202 1807 vul-

596 133 821 163 EVANGELIUM
839 134 1026 164 SECUNDUM
1044 135 1173 165 LUCAM.

265 192 373 222 CODEX
394 192 664 222 VERCELLENSIS.

481 241 610 270 Dominus

481 277 575 304 vineae
590 286 595 302 :
614 275 681 309 Quid

480 313 596 339 faciam?
611 312 672 339 Mit-

481 353 533 375 tam
548 348 629 375 lilium

480 392 568 411 meum
585 384 669 411 caris-

480 421 576 447 simum
596 429 601 445 ε
617 420 670 446 [οτι

479 456 549 483 sitan
567 456 637 483 hunc

478 492 642 519 reverebuu-
729 517 731 519 τ

479 527 523 555 M.
546 533 599 555 tur.
615 528 626 542 ¹
640 526 726 560 Quem
742 529 771 554 ut

479 563 609 591 viderunt.

478 599 580 631 coloni,
595 599 668 634 cogi-

479 639 609 664 laverunt.

477 670 549 698 inter
563 678 602 704 se,
622 670 662 697 di-

478 712 570 734 centes
582 716 589 734 :
606 705 654 733 Hic

478 748 517 770 est
535 742 616 770 heres
628 749 636 774 ;
652 747 697 769 oc-

477 778 598 805 cidamus

477 822 549 843 eum.
567 819 597 840 ut
610 820 672 841 nos-

476 854 516 877 tra
533 849 580 877 fiat
592 847 698 876 heredi-

476 885 521 913 15.
543 891 593 913 tas.
610 885 643 912 Et
656 883 806 919 projectum

476 921 552 948 illum
569 926 644 949 extra

475 957 582 984 vineam
593 978 601 990 ,
616 963 664 984 oc-

475 992 611 1021 ciderunt.
654 1018 658 1021 .

475 1028 544 1062 Quid
561 1036 627 1064 ergo
641 1027 682 1055 fa—

475 1065 530 1092 ciet
542 1064 670 1091 Dominus
682 1063 725 1090 vi-

475 1099 520 1127 16.
543 1100 629 1127 neae?
643 1098 724 1127 Veni-

475 1140 511 1165 et.
527 1140 554 1163 et
569 1135 663 1169 perdet

475 1171 587 1199 colonos
603 1171 640 1199 is-

475 1211 528 1241 tos,
544 1212 571 1235 et
586 1213 640 1234 tra—

475 1242 521 1270 det
538 1243 643 1270 vineam

475 1279 545 1305 aliis.
561 1278 625 1311 Qui,
638 1286 700 1307 cum

475 1315 625 1347 audissem,

474 1349 601 1377 dixerunt
615 1359 622 1377 :

474 1385 561 1413 Absit.
703 1411 707 1414 .

475 1421 508 1448 17
529 1421 631 1456 Quique
644 1420 717 1448 intu-

474 1464 523 1484 ens
535 1464 593 1489 eos,
606 1456 673 1484 dixit
687 1465 695 1483 :

474 1492 543 1526 Quid
559 1500 624 1528 ergo

475 1528 606 1562 scriptum

474 1565 533 1592 est?
548 1564 692 1599 Lapidem,

474 1608 554 1635 quem
570 1607 666 1635 repro-

474 1635 610 1663 baverunt

474 1671 619 1699 aediﬁcan-

474 1712 515 1735 tes
525 1729 533 1742 ,
550 1708 592 1735 hic
606 1707 665 1735 fac~

473 1747 517 1770 tus
530 1749 571 1771 est
586 1743 612 1770 in
628 1751 675 1771 ca-

474 1779 530 1813 pite
545 1781 639 1813 angu-'

1126 191 1242 221 CODEX
1264 191 1488 221 VERONENSIS.

1007 475 1014 481 -
1054 474 1062 482 ο
1102 475 1110 483 .
1149 475 1156 481 υ
1197 475 1204 482 ο
1244 475 1251 481 .

910 581 918 588 ί
958 582 966 590 ο
1006 582 1013 589 ο
1053 582 1060 589 ι
1100 583 1107 590 ι
1149 583 1155 589 ι
1196 581 1203 588 ι
1244 582 1251 589 .

911 903 918 910 ι
958 904 965 911 ο
1005 904 1013 912 ο
1052 903 1060 911 ι
1100 903 1108 910 ι
1148 904 1155 911 ο
1197 905 1202 911 -
1244 902 1250 909 ι

910 1012 917 1019 ο
957 1012 965 1018 ο
1005 1012 1013 1019 ι
1053 1013 1059 1019 .
1101 1012 1107 1018 η
1147 1011 1154 1018 α
1197 1012 1203 1019 .
1245 1009 1251 1016 ι

910 1191 917 1199 ο
958 1191 964 1197 ι
1003 1191 1011 1198 ι
1052 1190 1059 1197 ι
1101 1191 1108 1197 .
1149 1190 1157 1198 ο
1195 1192 1202 1197 .
1244 1189 1251 1197 ι

910 1297 918 1305 ι
958 1298 965 1305 ι
1006 1297 1014 1305 ο
1053 1298 1060 1304 -
1100 1297 1107 1305 ι
1147 1298 1154 1305 α
1196 1299 1202 1305 ι
1244 1297 1250 1303 -

910 1369 917 1376 ι
956 1367 966 1377 ο
1006 1369 1013 1376 ο
1053 1368 1061 1376 ο
1101 1371 1107 1378 .
1148 1369 1155 1376 ι
1196 1370 1204 1378 .
1244 1368 1251 1376 ο

910 1405 917 1413 ι
958 1404 966 1412 ο
1005 1404 1013 1413 ο
1054 1405 1062 1413 ι
1100 1406 1107 1412 ι
1148 1405 1155 1412 ο
1195 1406 1203 1413 .
1244 1404 1250 1411 -

909 1476 917 1483 ι
957 1475 964 1483 ι
1004 1476 1012 1484 ο
1053 1476 1061 1484 ι
1100 1477 1108 1484 ο
1148 1477 1154 1483 .
1195 1477 1202 1483 .
1243 1475 1250 1482 ο

910 1620 917 1627 .
958 1619 965 1626 ι
1004 1618 1013 1626 ι
1051 1620 1058 1626 .
1100 1620 1106 1626 ι
1148 1620 1154 1626 ι
1195 1619 1202 1626 .
1243 1618 1249 1624 -

909 1800 917 1806 .
958 1797 965 1804 ι
1005 1798 1013 1806 ρ
1052 1799 1059 1806 .
1101 1798 1108 1804 .
1149 1800 1157 1806 .
1195 1798 1202 1804 .
1243 1797 1250 1804 ι

1328 475 1334 481 .
1375 473 1383 481 ο
1423 474 1429 481 ι
1470 472 1478 481 ο
1518 473 1526 481 ο
1567 473 1574 480 ι
1614 473 1621 480 ι
1661 471 1670 479 ι

1327 510 1334 517 .
1374 509 1382 516 ι
1422 510 1429 516 .
1469 510 1476 516 .
1517 509 1524 516 -
1565 509 1572 517 ο
1613 510 1620 517 ι
1662 508 1667 514 -

1328 582 1334 588 .
1375 582 1382 587 -
1423 582 1429 588 ι
1470 582 1477 588 υ
1518 581 1525 588 ο
1565 579 1573 587 ο
1613 581 1620 588 ,
1661 581 1667 587 .

1328 831 1335 839 ι
1374 832 1381 839 ο
1421 832 1429 840 .
1468 832 1476 839 ι
1516 832 1523 838 ι
1564 832 1571 840 ι
1612 833 1619 839 .
1658 831 1666 838 ο

1327 975 1334 982 ι
1374 976 1382 983 ,
1421 974 1429 982 ο
1469 975 1475 982 -
1516 975 1523 983 ι
1564 975 1570 982 ο
1612 975 1619 982 ι
1659 973 1666 981 ι

1326 1010 1334 1017 ι
1373 1010 1381 1017 .
1421 1011 1428 1018 ι
1468 1011 1476 1019 ο
1517 1010 1524 1017 ο
1566 1011 1573 1019 ο
1613 1010 1619 1018 o
1659 1010 1666 1017 ι

1326 1047 1333 1053 .
1373 1046 1381 1054 ο
1421 1046 1429 1055 ο
1469 1047 1476 1055 .
1517 1047 1524 1054 ι
1564 1046 1572 1052 -
1612 1046 1619 1054 ο
1659 1046 1666 1053 ο

1326 1153 1333 1161 ο
1374 1154 1382 1161 -
1421 1152 1430 1161 ο
1470 1153 1477 1162 ο
1517 1156 1525 1164 ,
1565 1153 1573 1161 .
1612 1154 1619 1161 -
1658 1154 1667 1161 .

1327 1189 1334 1196 ι
1373 1190 1382 1198 υ
1421 1190 1429 1197 ι
1469 1190 1476 1196 .
1516 1190 1524 1197 .
1565 1190 1571 1195 -
1612 1190 1619 1196 .
1659 1190 1666 1196 .

1327 1367 1665 1377 ...οι-οι

1325 1475 1333 1483 ο
1372 1474 1380 1482 ο
1420 1475 1427 1483 α
1467 1474 1475 1482 α
1515 1475 1523 1483 ο
1563 1475 1570 1482 ι
1610 1476 1617 1483 ι
1657 1476 1665 1483 ι

1326 1618 1333 1627 ι
1374 1618 1380 1625 ι
1420 1618 1427 1625 .
1469 1618 1478 1627 ι
1518 1619 1525 1626 .
1564 1618 1572 1625 ι
1613 1618 1619 1625 ι
1659 1619 1666 1626 .

1326 1655 1333 1662 ο
1374 1655 1381 1662 ι
1420 1655 1428 1662 ι
1468 1654 1476 1662 ε
1515 1655 1523 1662 ο
1563 1656 1571 1663 ι
1611 1654 1618 1661 ι
1659 1655 1666 1663 ι

1325 1797 1333 1805 .
1374 1797 1382 1805 .
1422 1797 1429 1805 ι
1469 1798 1476 1805 .
1516 1797 1524 1805 ο
1564 1799 1571 1806 .
1612 1798 1619 1805 .
1660 1796 1668 1805 ο

73 1819 179 1856 peratum
475 1814 521 1856 18:
543 1814 574 1856 li:
586 1814 692 1849 Omnis,

910 1834 917 1841 α
957 1834 964 1840 ι
1006 1834 1013 1841 ο
1052 1834 1061 1841 ο
1101 1834 1108 1840 ι
1150 1834 1156 1840 ι
1198 1834 1203 1840 .
1243 1834 1249 1841 .
1327 1834 1333 1840 ι
1374 1832 1382 1840 ι
1422 1833 1430 1841 ο
1469 1835 1476 1841 .
1517 1835 1524 1842 .
1564 1834 1572 1842 ι
1612 1835 1620 1842 ι
1659 1833 1667 1842 ι

71 1850 237 1892 proiecerunt.
474 1851 519 1891 qui
535 1850 621 1891 offen-

70 1884 108 1912 15.
126 1887 193 1915 Dixit
207 1891 302 1916 autem
475 1886 574 1914 dident
588 1893 633 1914 su-

696 1943 700 1961 ῖ
714 1942 828 1971 CODEX
845 1942 1044 1971 BRIXIANUS.

68 1987 205 2019 Joliannem
230 1990 397 2024 Prophetam
419 1990 511 2018 fuisse.
530 1990 565 2017 Et
585 1990 784 2024 responderunt
809 1998 855 2018 ne-
909 1991 1005 2018 vineae
1030 1990 1100 2025 Quid
1129 1991 1234 2018 faciam.
1258 1990 1361 2019 Mittam
1379 1991 1461 2019 filium
1476 2000 1564 2019 meum
1576 1992 1704 2021 dilectum

67 2028 166 2055 scimus.
193 2029 226 2055 Et
242 2028 323 2055 Jesus
348 2028 386 2054 ait
401 2026 465 2054 illis.
490 2026 584 2060 Neque
597 2034 647 2061 ego
661 2026 722 2053 dico
736 2026 812 2054 vobis
828 2027 854 2053 in
909 2026 1020 2054 forsitan
1034 2035 1095 2054 cum
1118 2027 1189 2054 hunc
1201 2027 1318 2054 viderim
1339 2027 1514 2055 verebuntur.
1537 2028 1621 2061 Quem
1642 2037 1702 2056 cum

67 2069 109 2095 quo
126 2069 258 2097 potestate
282 2063 350 2090 haec
377 2062 457 2090 facio.
485 2063 581 2097 Coepit
602 2069 692 2089 autem
712 2062 804 2089 dicere
821 2063 853 2089 ad
909 2062 1039 2090 vidissent
1061 2063 1149 2090 coloni
1176 2063 1364 2097 cogitaverunt
1380 2063 1450 2090 inter
1467 2072 1497 2091 se
1511 2064 1632 2092 dicentes
1657 2065 1705 2093 llic

67 2098 161 2134 plebem
179 2099 336 2134 parubolam
360 2098 430 2126 lianc
458 2098 543 2125 Homo
558 2098 688 2133 plantavit
709 2097 815 2124 vineam
827 2102 854 2125 et
908 2102 949 2134 est
963 2098 1054 2126 heres.
1071 2098 1226 2126 nccidznnus
1241 2098 1327 2125 illum.
1341 2103 1370 2125 ut
1389 2104 1479 2125 nostra
1496 2100 1541 2126 fiat
1556 2099 1703 2127 hereditas.

68 2133 157 2171 locum
165 2144 223 2162 eam
240 2135 357 2171 colonis.
371 2139 398 2161 et
413 2137 470 2169 ipse
482 2141 594 2169 peregre
608 2134 655 2160 luit
665 2134 743 2171 annis
754 2134 856 2171 multis.
911 2133 946 2171 Et
956 2134 1165 2171 ejectumiillum
1178 2140 1251 2161 extra
1265 2135 1369 2171 vineam
1384 2134 1543 2162 acciderunt
1557 2135 1625 2169 Quid
1640 2144 1705 2171 ergo

67 2167 94 2195 Et
106 2171 130 2197 in
146 2175 279 2205 tempore.
294 2170 366 2197 misit
380 2170 412 2196 ad
424 2167 537 2197 colonos
549 2167 666 2197 servum.
681 2173 710 2196 ut
721 2169 755 2196 de
771 2168 860 2196 fructu
914 2168 993 2196 faciet
1006 2170 1058 2197 illis
1073 2170 1203 2197 Dominus
1215 2171 1322 2197 vineae.
1338 2169 1432 2197 Veniet
1445 2175 1471 2197 et
1485 2167 1579 2205 perdet
1592 2167 1705 2200 colonos

66 2205 154 2234 Vineae
175 2206 274 2233 durent
288 2206 338 2233 illi.
355 2205 449 2233 Coloni
473 2210 562 2232 autem
577 2213 684 2233 caesum
700 2205 861 2232 dimiserunt
912 2205 983 2232 illos.
1000 2210 1027 2233 et
1049 2205 1240 2233 davitvineam
1256 2214 1332 2233 suam
1352 2206 1423 2233 aliis.
1443 2205 1591 2234 Audientes
1613 2212 1705 2236 autem

67 2240 174 2269 inanem.
184 2243 218 2269 Et
226 2242 326 2276 adjecit
338 2242 452 2269 alterum
464 2249 571 2268 servum
584 2243 699 2268 mittere.
707 2240 746 2268 llli
758 2246 859 2267 autem.
912 2240 980 2268 haec
994 2241 1122 2268 dixerunt
1137 2241 1223 2269 Absit.
1249 2242 1308 2275 Ipse
1327 2246 1416 2268 autem
1432 2242 1565 2277 aspiciens
1587 2251 1634 2272 eos
1655 2245 1705 2271 ait.

67 2280 161 2304 ethunc
172 2279 318 2305 caedentes.
331 2283 357 2305 et
371 2277 732 2313 inhonorantesdimiserunt
743 2277 860 2304 inanem.
913 2277 981 2310 Quid
995 2282 1037 2304 est
1047 2284 1112 2309 ergo
1126 2277 1177 2304 hoc
1191 2277 1262 2313 quod
1276 2277 1405 2305 scribtum
1419 2282 1469 2304 est.
1488 2278 1614 2313 Lapidem
1624 2287 1704 2313 quem

67 2319 131 2339 eum.
148 2313 181 2341 Et
209 2313 312 2352 addidit
324 2314 432 2352 tertium
457 2313 628 2352 mittereQui
655 2318 682 2339 et
707 2312 779 2352 illum
797 2312 862 2352 _vul—
914 2313 1126 2352 reprolmveruut
1150 2312 1333 2352 aediﬁcantes.
1356 2314 1399 2341 hic
1418 2314 1504 2342 factus
1519 2312 1561 2342 est
1583 2315 1610 2342 in
1625 2319 1706 2352 caput

66 2354 183 2377 nerantes
208 2350 347 2384 ejeceruut
374 2350 492 2377 inanem.
516 2348 589 2376 Dixit
615 2353 704 2376 autem
729 2348 856 2375 Dominus
911 2348 1015 2383 anguli.
1031 2348 1125 2376 Omnis
1141 2347 1187 2384 qui
1207 2348 1337 2377 ceciderit

702 2394 818 2422 CODEX
837 2393 1073 2423 CORBEIENSIS.

101 2443 127 2469 8.
147 2442 241 2478 Neque
256 2450 307 2478 ego
321 2442 393 2474 dico,
411 2442 438 2469 in
452 2450 503 2476 qua
519 2446 662 2477 potestate,
674 2446 727 2469 etc.
940 2441 983 2469 12.
1006 2441 1038 2469 Et
1051 2441 1156 2469 addidit
1179 2442 1288 2470 tertium
1304 2442 1421 2472 mittere.
1442 2443 1477 2472 Et
1493 2444 1567 2472 illum
1581 2445 1706 2474 vulnera-

98 2478 137 2505 10.
146 2477 241 2506 Coloni
251 2477 341 2506 autem
351 2478 426 2505 illum
435 2478 722 2510 caesmn,dimiserunt
741 2478 860 2506 inanem.
917 2482 985 2507 tum.
1002 2479 1151 2512 ejecerunt.

97 2516 138 2541 tt.
161 2513 201 2541 llli
214 2519 303 2542 autem
319 2520 346 2542 et
360 2515 431 2542 lmnc
442 2522 550 2550 quoque
564 2521 683 2548 caesum,
699 2519 726 2542 et
742 2515 801 2543 sine
813 2514 862 2542 lio-
954 2514 994 2541 15.
1017 2513 1099 2541 lilium
1112 2521 1202 2542 meum
1215 2514 1384 2544 carissimum
1397 2524 1404 2544 :
1419 2515 1531 2545 forsitan
1544 2517 1617 2546 hunc
1631 2525 1705 2547 vere‘

66 2555 126 2577 nore
140 2550 304 2578 dimiserunt
316 2550 326 2565 ³
342 2550 459 2578 inanem.
916 2551 1022 2578 buntur.

673 2599 872 2628 VARIANTES
891 2599 1092 2628 LECTIONES.

96 2644 103 2658 ¹
122 2645 180 2669 Mm.
194 2646 217 2670 ei
230 2645 327 2671 darent.
341 2644 414 2672 Vala.
426 2646 522 2672 darent.
906 2652 944 2671 se-

94 2676 104 2690 '
120 2676 169 2701 Gal.
183 2677 230 2706 Qui
242 2684 304 2703 cum.
318 2679 379 2703 Mm.
390 2676 453 2704 intra
466 2685 502 2703 se.
519 2677 592 2710 Vulg.
605 2679 683 2707 Quem
694 2683 781 2702 cum...
793 2678 855 2702 intra
939 2677 950 2693 ⁸
967 2677 999 2702 In
1012 2678 1070 2703 Mm.
1084 2677 1149 2703 deest
1161 2678 1268 2704 inanem.

406 2728 550 2749 LECTIONES
564 2728 664 2748 CODICIS
678 2727 881 2748 VINDEBONENSIS
890 2728 1028 2748 ABEUNTES
1043 2729 1075 2748 ΑΒ
1089 2729 1214 2750 EDITIONE
1228 2730 1360 2751 VULGA'I'A.

908 2771 934 2792 et
955 2768 1091 2798 eiecerunt.
1124 2767 1162 2794 15.
1185 2768 1390 2794 dilectissimum:
1409 2769 1509 2796 forsitan
1523 2770 1587 2795 hunc
1604 2778 1706 2796 revere-

909 2799 1007 2823 buntur.
1043 2798 1079 2824 tt.
1104 2800 1182 2829 Quem
1198 2806 1253 2824 cum
1276 2799 1417 2825 viderunt...
1434 2802 1499 2826 inter
1509 2808 1568 2826 se...
1588 2806 1612 2826 et
1625 2807 1706 2826 nostra

908 2829 950 2859 fiat
970 2830 1115 2855 baereditas.
1152 2831 1189 2856 15.
1213 2831 1241 2855 Et
1254 2832 1420 2859 eiecerunt....
1444 2835 1470 2856 et
1481 2832 1630 2856 occiderunt.
1666 2833 1705 2857 17.

908 2858 966 2892 Ipse
978 2866 1089 2886 autem...
1102 2862 1164 2887 dixit
1181 2861 1228 2886 illis
1240 2867 1246 2885 :
1259 2858 1380 2892 Scriptum
1399 2865 1466 2887 est...
1480 2862 1519 2888 hic
1539 2866 1579 2888 est
1597 2862 1684 2889 factus.

94 2762 116 2789 7.
129 2765 380 2797 undc.omimesset.
411 2767 436 2792 8.
458 2767 527 2793 Deest
548 2767 624 2792 vobis.
657 2767 695 2792 10.
709 2765 739 2790 Et
750 2766 853 2798 quodam

67 2799 172 2832 tempore
185 2799 279 2832 misit...
291 2805 388 2832 Servum
410 2805 509 2832 suum...
524 2798 630 2832 cultores
643 2802 726 2832 autem
738 2804 836 2823 caesum
847 2818 854 2828 .

67 2827 206 2854 dimiserunt
223 2831 327 2855 inanem.
364 2829 400 2855 11.
420 2834 444 2855 et
461 2830 551 2854 addidit
571 2831 674 2854 alterum
692 2831 789 2854 mittere
801 2837 855 2854 scr—

69 2865 128 2894 V__uui.
143 2860 180 2885 llli
200 2865 281 2894 autem
293 2865 319 2887 et
336 2861 401 2894 hunc
418 2868 515 2893 quoque
528 2867 636 2894 caesuin.
650 2865 673 2885 et
687 2861 740 2894 sine
753 2859 856 2890 honore,

69 2890 211 2918 diluiserunt
223 2892 328 2919 inanem.
362 2893 400 2919 12.
412 2890 512 2919 mitvére
523 2900 530 2918 :
543 2896 569 2919 et
579 2892 647 2919 illum
656 2892 857 2923 vulneravoruut,
