3902 6208
540 254 643 311 687

949 367 1184 425 CODEX
1224 364 1763 424 VERCELLE‘NSIS.

547 478 633 515 mn
668 463 721 518 in
746 472 881 517 tem-

549 537 656 601 plo,
684 534 870 589 audire
897 533 963 587 il-

547 607 677 661 lum.

710 720 938 777 CAPUT
969 717 1135 775 XXII.

544 818 595 869 l.
630 812 1046 884 Adproiiiaqua—

542 888 636 941 bat
662 896 840 940 autent

542 958 657 1013 dies
688 958 859 1013 l'esuts

539 1030 929 1094 Adzymorum,

540 1100 629 1171 qui
653 1102 853 1155 dicitur

540 1173 596 1225 2.
631 1171 839 1229 Pascha
871 1188 883 1223 :
915 1180 971 1225 et

540 1245 875 1312 quaerebant

542 1315 859 1375 Pontifices.

539 1396 593 1442 et
621 1387 845 1443 Scribae

538 1456 813 1528 quomodo

538 1530 810 1585 interfice-

538 1610 662 1657 rent
685 1601 759 1673 (b)
789 1600 941 1655 illum
967 1599 1038 1669 1-;

537 1673 803 1729 timebam

539 1745 685 1798 enim
726 1758 897 1814 popu-

534 1815 666 1869 lum.

535 1886 587 1941 '5.
621 1886 844 1939 Intravit
872 1900 966 1939 au-

536 1964 643 2012 tem
675 1956 925 2021 Satanas,

534 2029 587 2083 in
618 2027 837 2095 ludam,

532 2098 625 2168 qui
654 2115 855 2170 cogno-

535 2169 773 2225 minatur
806 2169 880 2241 (e)
905 2173 919 2201 ¹
956 2170 1032 2225 ls-

530 2241 743 2296 carioth
770 2242 830 2312 1-,
864 2258 1030 2297 unum

534 2313 602 2368 de
634 2328 861 2369 numero

535 2385 588 2439 4.
630 2400 725 2439 xu.
757 2394 813 2440 et
850 2385 1005 2451 abiit,

532 2464 587 2511 et
615 2456 876 2511 conlocu-

532 2535 620 2581 tus
651 2538 734 2582 est
761 2528 905 2583 Pon-

534 2598 793 2665 tilicibus,
824 2608 880 2653 et

530 2669 759 2731 Scribis,
791 2686 979 2741 quem-

530 2741 824 2795 admodum

530 2812 770 2868 traderet
797 2814 861 2867 il-

529 2882 582 2956 5.
619 2884 747 2939 lum.
779 2884 849 2939 Et
874 2886 1019 2956 gavi-

530 2955 576 3027 si
604 2966 751 3027 sunt,
785 2965 841 3011 et
864 2955 984 3027 pol-

529 3024 663 3082 liciti
703 3038 831 3083 sunt

527 3111 589 3151 se
631 3101 852 3167 pecuni-

533 3183 620 3220 am
649 3168 897 3226 daturos.

527 3238 582 3291 ti.
617 3237 683 3293 Et
710 3254 938 3309 quaere-

532 3309 622 3363 bat
648 3320 914 3381 opportu-

528 3538 651 3578 eum
735 3521 787 3575 in
880 3522 1139 3591 templum
1218 3531 1277 3576 ut
1357 3521 1607 3575 audirent
1684 3536 1832 3576 eum.

532 3592 825 3663 pinquabat
874 3603 1054 3647 autem
1108 3593 1225 3648 dies
1272 3592 1441 3646 festus
1490 3594 1814 3663 Azymorum
1857 3592 1949 3661 qni
1999 3594 2133 3647 dici-

532 3675 618 3718 tur
650 3662 876 3717 Pascha.
922 3673 977 3718 et
1005 3664 1336 3727 quaerebant
1378 3662 1657 3731 Principes
1686 3662 2041 3718 Sacerdotum
2073 3673 2127 3718 et

531 3735 756 3809 Scribae
784 3736 1055 3809 quomodo
1086 3735 1162 3809 (ὁ)
1211 3750 1333 3789 eum
1370 3735 1407 3803 σίν
1437 3733 1840 3809 in_terliccrent._
1862 3736 2127 3809 timebant

531 3806 674 3860 enim
706 3806 983 3877 populum.
1019 3805 1244 3861 Intravit
1274 3818 1456 3877 autem
1478 3806 1703 3860 Satanas
1733 3808 1783 3860 in
1815 3805 2006 3860 Judam
2032 3806 2122 3877 qui

529 3876 1012 3948 cognominabatur
1042 3878 1114 3946 (ε)
1146 3876 1396 3933 Scarioth
1429 3877 1487 3947 οἵ.
1538 3893 1674 3931 unus
1717 3877 1785 3932 de
1831 3876 2121 3932 duodecim

524 3957 579 4001 et
609 3947 740 4002 abiit
770 3958 824 4003 et
850 3950 1063 4003 locutus
1087 3958 1172 4003 est
1199 3964 1320 4002 cum
1356 3948 1698 4017 Principibus
1737 3948 2114 4005 Sacerdotum.

523 4029 577 4090 et
624 4019 1045 4090 Magistratibus.
1078 4019 1535 4090 quemadmodum
1569 4019 1717 4073 illum
1749 4020 1985 4074 traderet
2011 4020 2113 4077 eis.

711 4061 740 4102 ἒ

524 4089 595 4144 Ει
618 4089 786 4160 gavisi
835 4101 959 4146 sunt
1010 4101 1062 4146 et
1093 4089 1233 4161 pacti
1280 4102 1406 4145 sunt
1439 4091 1721 4161 pecuniam
1767 4091 1845 4145 illi
1888 4092 2019 4145 dare
2048 4091 2117 4146 Et

521 4162 829 4232 spopondit.
883 4162 954 4218 Et
1004 4163 1297 4234 quaerebat
1325 4162 1521 4219 exinde
1548 4163 2011 4233 Opportunitatem
2058 4171 2117 4217 ut

597 4372 726 4427 Car.
757 4368 1006 4425 XXII.—
1024 4370 1080 4426 4.
1109 4370 1453 4437 Principibus
1473 4368 1830 4427 Sacerdotum
1850 4410 1866 4437 ,
1892 4378 1947 4426 et
1967 4369 2119 4426 Scri-

1389 460 1609 515 nitatent
1643 471 1751 514 tra-
1834 528 1837 529 ν

1387 531 1550 586 dendi
1581 532 1730 585 illum

1380 604 1496 656 sine
1526 603 1703 657 turba.

1384 675 1436 727 7.
1473 672 1631 729 Venit
1658 682 1840 727 autem

1383 745 1499 800 dies
1540 743 1609 817 (e)
1636 743 1875 818 Pascltac
1969 762 1981 794 :
2026 812 2029 815 _
2114 738 2121 745 ’

1384 818 1437 871 8.
1465 824 1521 869 et
1548 814 1693 870 misit
1725 814 1823 870 I’e-

1386 892 1610 942 trum‘et
1636 886 1729 942 Jo-

1385 957 1643 1019 hanncm,
1677 958 1756 1012 di-

1384 1045 1554 1085 cens:
1588 1030 1814 1097 Euntes,

1382 1112 1568 1167 parate
1597 1118 1696 1157 no-

1378 1173 1462 1229 bis
1493 1172 1698 1228 Pascha

1378 1245 1674 1300 manduca-
1734 1244 1737 1245 ⁷

1376 1315 1429 1370 9.
1458 1332 1535 1371 re.
1571 1317 1671 1385 oui

1378 1387 1636 1443 dixerunt
1671 1388 1721 1443 ei
1748 1405 1761 1442 :

1378 1458 1481 1514 Ubi
1522 1460 1605 1514 vis
1634 1463 1653 1491 ²
1692 1476 1783 1527 pa-

1379 1531 1469 1595 10,
1495 1533 1713 1585 remus?
1745 1531 1892 1586 Dixit

1376 1612 1558 1657 autem
1590 1604 1655 1657 ad
1687 1619 1745 1657 e-

1375 1688 1438 1727 os
1468 1692 1479 1726 :
1510 1675 1669 1740 Ecce,
1706 1673 1787 1727 in-

1377 1746 1647 1799 trantibus

1375 1817 1531 1871 vobis
1560 1817 1613 1870 in
1643 1815 1720 1870 ci-

1375 1887 1620 1953 vitatem,
1650 1901 1744 1943 oc-

1373 1969 1556 2014 curret
1586 1973 1680 2012 νο-

1372 2029 1456 2083 bis
1483 2030 1551 2101 (f)
1584 2034 1745 2084 homo
1774 2028 1813 2099 ’ἒ
1844 2045 1957 2083 δηι-

1372 2115 1561 2170 poram
1588 2115 1761 2169 aquae

1375 2180 1599 2241 portans
1629 2192 1643 2228 :
1675 2188 1761 2228 se-

1373 2245 1601 2313 quimini
1633 2244 1696 2299 il-

1374 2314 1485 2368 lum
1511 2318 1572 2398 .in
1605 2316 1791 2381 domo,

1373 2401 1685 2510 ira“?
1831 2457 1841 2466 -

1539 2467 1681 2538 Ltur,
1704 2467 1761 2512 et
1790 2456 1869 2512 dt-

1372 2528 1507 2581 cetis
1540 2528 1713 2582 Patri-

1370 2597 1610 2653 l'amiliae
1639 2598 1737 2652 do-

1372 2671 1482 2723 mui
1510 2686 1525 2728 :
1560 2670 1707 2725 Dicit
1735 2670 1803 2725 ti-

1370 2740 1424 2794 bi
1456 2741 1737 2810 Magister:

1374 2810 1476 2867 Ubi
1504 2824 1587 2867 est
1616 2813 1790 2869 refec-

1374 2884 1448 2937 tio
1470 2926 1483 2947 ,
1508 2885 1597 2939 ubi
1624 2884 1754 2939 Pas-

1370 2956 1471 3009 cha
1494 2971 1617 3009 cum
1639 2956 1742 3010 dis-

1370 3027 1565 3095 cipulis
1591 3028 1726 3081 meis

1372 3099 1460 3153 12.
1503 3098 1709 3154 edam?
1740 3098 1807 3153 Et
1830 3098 1919 3154 ille

1368 3169 1526 3225 vobis
1555 3178 1739 3225 osten-

1368 3242 1461 3297 det
1488 3243 1569 3311 (g)
1601 3241 1838 3297 maedia-

1367 3328 1496 3367 num
1511 3314 1704 3385 tstra-

1071 251 1340 309 EUSEBII
1380 248 1718 307 VERCELL.
1761 248 2214 307 EVANGELIUM
2256 248 2398 307 CUM
2442 249 2675 308 VARUS
2709 248 2864 306 COD.
2905 246 3295 306 COLLATUM.
3702 246 3781 304 688

2681 363 2914 421 CODEX
2952 359 3408 419 VERONENSIS.

2251 460 2407 515 cabat
2439 461 2488 514 in
2522 468 2657 514 tem-

2252 531 2361 601 plo,
2402 532 2589 586 audire
2617 546 2762 585 eum.

2411 643 2638 700 CAPUT
2682 643 2845 699 XXII.

2255 742 2304 795 I.
2337 738 2411 811 (α)
2441 738 2797 821 Adpropiavit
2826 738 2867 807 ἰ-

2249 823 2431 866 aulcln
2465 812 2581 865 dies

2250 884 2586 945 Azimorum,

2249 969 2389 1025 quae
2412 954 2608 1007 dicitur

2251 1025 2460 1079 Pascha
2494 1042 2506 1076 :

2249 1097 2285 1150 2
2322 1107 2376 1152 et
2401 1095 2735 1162 quaerebant

2251 1168 2529 1236 Principes
2552 1167 2648 1222 Sa-

2250 1243 2528 1296 cerdomm
2550 1280 2564 1301 ,
2598 1247 2653 1291 et

2251 1314 2475 1368 Scribae
2498 1352 2509 1375 τ
2543 1324 2679 1378 quo-

2250 1385 2411 1439 modo
2447 1382 2520 1453 (b)
2552 1396 2675 1436 eum
2698 1378 2738 1448 -ι-

2250 1456 2621 1511 interlicercnt
2651 1468 2665 1516 ;

2251 1528 2512 1584 timebant
2541 1539 2668 1578 vero

2251 1600 2487 1665 plebem.

2252 1670 2305 1724 5.
2348 1668 2571 1725 Intravit
2600 1675 2724 1720 autc

2251 1741 2481 1797 Satanas
2510 1742 2563 1796 in

2249 1811 2440 1868 Judam
2464 1856 2477 1877 ,
2507 1815 2599 1881 qni

2247 1887 2727 1953 cognominabatur

2248 1956 2321 2026 (ε)
2356 1955 2602 2012 Scarioth
2633 1956 2696 2022 ’ἴς

2246 2043 2385 2082 unus
2410 2028 2477 2082 de
2505 2045 2599 2083 xu.

2244 2098 2299 2152 4.
2342 2108 2396 2153 et
2425 2100 2595 2165 abiit,
2624 2108 2678 2153 et

2244 2170 2456 2225 locutus
2486 2182 2570 2226 est

2244 2256 2366 2295 cum
2396 2242 2662 2309 Principi-

2244 2314 2345 2367 bus
2379 2314 2645 2369 Sacerdo-

2245 2392 2357 2438 tum
2381 2426 2394 2449 ,
2427 2396 2481 2439 et
2508 2384 2656 2440 Scri-

2243 2456 2326 2510 bis
2344 2497 2359 2521 ,
2393 2455 2649 2524 quemad-

2242 2526 2462 2581 modum
2498 2572 2512 2583 .
2561 2568 2573 2579 .
2622 2566 2635 2579 .
2682 2567 2693 2578 .
2742 2567 2753 2577 .

2244 2597 2482 2653 traderet
2511 2598 2612 2653 eis.

2242 2668 2295 2721 5.
2340 2670 2406 2724 Ει
2433 2671 2572 2740 pacti
2601 2678 2729 2725 sunt

2245 2756 2525 2806 pecuniam

2242 2811 2318 2867 illi
2349 2812 2498 2868 dare.

2241 2883 2293 2937 6.
2338 2883 2716 2954 thuaerebat

2241 2959 2615 3025 Opportunita-

2242 3035 2347 3081 tem
2374 3067 2387 3092 ,
2422 3038 2479 3081 ut
2510 3036 2619 3082 tra-

2238 3097 2393 3153 deret
2420 3099 2569 3153 illum

2239 3166 2319 3239 (ιι)
2350 3170 2471 3225 sine
2502 3180 2614 3224 tur-

2236 3240 2305 3294 ba
2332 3242 2412 3296 eis
2438 3240 2502 3312 1-.

2238 3312 2291 3365 7.
2336 3312 2491 3368 Venit
2511 3322 2691 3369 autem

1883 3424 2115 3484 CODEX
2153 3425 2548 3485 BRIXIANUS.

2243 3521 2479 3576 traderet
2501 3537 2624 3596 eum
2658 3524 2765 3578 illis
2795 3524 2915 3580 sine
2944 3522 3138 3596 turbis.
3166 3522 3327 3596 Venit
3348 3531 3528 3596 autem
3554 3520 3662 3576 dies
3682 3518 3787 3596 Alg-

2241 3608 2475 3666 morum.
2504 3594 2557 3647 in
2591 3610 2699 3662 quo
2721 3595 3042 3665 opportebat
3075 3595 3344 3649 immolari
3393 3595 3614 3649 Pascha.
3642 3599 3689 3645 et
3712 3594 3787 3666 lni-

2236 3664 2307 3734 sit
2340 3664 2558 3718 Petrum
2592 3658 2647 3721 et
2673 3658 2977 3721 Iohannem
3002 3666 3209 3721 dicens.
3244 3667 3447 3720 Euntes
3471 3658 3789 3734 paralehnobis

1918 3522 2129 3592 adpro-

1805 4273 2038 4331 CODEX
2076 4274 2553 4332 CORBEIENSIS.

2302 4371 2355 4426 7.
2398 4386 2628 4427 necesse
2659 4380 2778 4427 erat
2805 4372 3075 4428 immolari
3103 4373 3155 4428 in
3180 4371 3414 4428 Pascha.

2304 4442 2392 4498 II.
2436 4451 2490 4498 et
2516 4442 2712 4499 dicetis
2746 4462 2759 4498 :
2794 4445 2954 4501 Pater
2980 4444 3234 4507 familias,
3261 4445 3397 4498 dicit
3426 4442 3519 4497 tibi
3556 4435 3784 4508 Magister-

526 4441 629 4505 bis,
663 4441 936 4512 quomodo
963 4441 1115 4496 illum
1146 4443 1408 4498 traderet.

597 4514 652 4568 5.
697 4514 763 4568 Et
792 4515 931 4582 pacti
960 4523 1118 4579 sunt,
1153 4523 1211 4568 ut
1239 4514 1522 4583 pecuniam
1549 4513 1626 4569 illi
1654 4515 1869 4570 darent.

594 4586 648 4640 6.
694 4585 761 4640 Et
787 4586 1127 4657 quaerebant
1161 4587 1588 4655 oportunitatem
1614 4587 1896 4657 temporis,
1926 4593 1985 4641 ut
2014 4593 2122 4640 tra-

523 4657 681 4713 deret
709 4672 832 4712 cum
863 4655 968 4713 illis
998 4656 1117 4713 sine
1144 4658 1318 4713 turba.

589 4870 604 4900 ι
643 4868 750 4919 Gal.
771 4869 1144 4931 cognominatur
1166 4867 1410 4925 Scarioth,
1434 4879 1562 4916 unus
1594 4865 1675 4915 de.
1711 4867 1829 4931 Mm.
1872 4865 2122 4926 Scarioth,

3084 457 3198 511 dies
3232 453 3302 525 (e)
3344 453 3443 508 Pa-

3084 528 3247 582 schae
3272 526 3336 589 1',
3372 526 3421 579 in

3084 616 3186 670 qua
3220 611 3435 670 necesse

3086 668 3202 725 erat
3228 668 3398 723 occidi

3084 742 3137 797 8.
3180 740 3383 795 Pascha
3403 757 3417 794 :
3446 748 3500 795 et

3087 814 3233 866 misit
3266 812 3475 866 Petrum
3498 852 3510 875 ,

3086 883 3410 940 etJoannen

3090 1028 3315 1091 Euntes,
3350 1033 3530 1093 parate

3088 1100 3243 1153 nobis
3273 1098 3474 1151 Pascha
3501 1138 3514 1164 ,

3087 1178 3146 1224 ut
3171 1169 3462 1226 manduce-

3086 1258 3229 1297 mus.

3087 1313 3141 1369 9.
3185 1313 3265 1367 Ad
3293 1313 3373 1367 illi
3397 1313 3483 1368 di-

3085 1396 3277 1440 xerunt
3300 1403 3312 1437 :
3347 1385 3448 1441 Ubi

3085 1457 3167 1511 bis
3192 1457 3486 1527 paremus?

3087 1528 3173 1582 10.
3217 1528 3284 1582 Et
3307 1527 3443 1581 dixit
3468 1528 3534 1583 ad

3086 1600 3205 1653 illos
3231 1615 3245 1665 ;
3281 1598 3424 1654 Ecce
3450 1640 3464 1665 ,

3087 1671 3489 1725 introeuntibus

3085 1742 3241 1796 vobis
3263 1744 3316 1796 in
3339 1742 3420 1797 ci-

3087 1815 3250 1868 vitate
3271 1854 3286 1879 ,
3324 1824 3574 1870 occurret

3084 1885 3235 1940 vobis
3259 1884 3331 1956 (f)
3360 1883 3458 1938 ho-

3086 1973 3177 2011 tno
3206 1956 3245 2025 ’ᾗ
3271 1957 3480 2025 aupho-

3084 2043 3198 2083 ram
3232 2043 3408 2097 aquae

3084 2112 3307 2170 portans
3342 2117 3353 2152 :
3400 2113 3483 2155 se-

3081 2170 3307 2240 quimini
3341 2186 3466 2226 cum

3082 2242 3134 2295 in
3162 2242 3386 2296 domum
3410 2284 3424 2308 ,

3081 2313 3135 2367 in
3166 2328 3326 2383 quam
3354 2313 3440 2367 in-

3081 2386 3170 2439 Il.
3212 2394 3357 2450 trat;
3392 2394 3446 2440 et
3473 2383 3609 2439 dice-

3084 2456 3151 2510 tis
3172 2455 3481 2510 Patrilami-

3080 2529 3183 2582 liae
3202 2545 3215 2580 :
3251 2528 3404 2583 Dicet
3436 2527 3501 2582 ti-

3077 2598 3135 2655 bi
3156 2597 3412 2669 Magister
3446 2617 3459 2653 :

3083 2670 3181 2726 Ubi
3213 2680 3298 2725 est
3326 2670 3513 2725 diver-

3078 2741 3307 2807 sorium,
3344 2741 3437 2797 ubi

3078 2812 3283 2868 Pascha
3309 2827 3436 2868 cum

3073 2883 3357 2953 discipulis
3386 2883 3524 2939 meis

3077 2955 3441 3010 manducem?

3076 3028 3166 3082 I2.
3210 3026 3280 3081 Et
3306 3026 3405 3082 ille
3431 3023 3579 3081 vobis

3071 3098 3327 3155 ostendet
3360 3099 3441 3169 (g)
3469 3112 3561 3167 pe-

3071 3169 3140 3225 de
3170 3169 3331 3239 plano

3076 3240 3259 3296 locum

3073 3321 3303 3368 stratum

2233 3733 2466 3789 Pascha.
2501 3746 2573 3811 ut
2589 3738 2998 3811 manducemus.
3020 3736 3115 3811 iAd
3142 3738 3216 3811 illi
3266 3727 3521 3811 dixerunt
3550 3735 3597 3789 ei
3729 3727 3788 3807 iis

2232 3822 2507 3874 paremus.
2538 3809 2604 3862 Et
2627 3808 2763 3862 dixit
2784 3809 2849 3861 ad
2871 3824 2990 3863 eos.
3018 3809 3156 3863 Ecce
3174 3807 3575 3863 introeuntibus
3601 3803 3731 3857 vobis
3750 3803 3787 3849 in

2227 3878 2522 3934 civitatem.
2539 3890 2793 3935 occurret
2807 3882 2958 3933 vobis
2975 3881 3044 3951 (Ι)
3059 3881 3219 3933 homo
3232 3879 3293 3949 ’ξπ
3312 3879 3642 3951 amphoram.
3656 3884 3789 3951 aqua?

2227 3960 2469 4023 portans.
2495 3951 2782 4023 sequimini
2815 3968 2939 4023 eum
2971 3948 3022 4004 in
3051 3948 3357 4023 domumin
3378 3948 3536 4023 quam
3568 3948 3726 4023 intrat.
3749 3948 3789 4023 et

2224 4015 2417 4075 dicetis
2434 4015 2818 4075 Patri-familias
2836 4022 3049 4076 donius.
3074 4022 3212 4078 Dicit
3235 4022 3327 4076 tibi
3344 4015 3611 4092 Magister.
3627 4015 3713 4073 Ubi
3725 4019 3789 4092 ρει

2224 4093 2482 4161 ospitium
2537 4094 2628 4148 ubi
2669 4092 2873 4147 Pascha
2926 4108 3047 4147 cum
3087 4094 3371 4162 diseipnlis
3415 4084 3550 4147 meis
3599 4084 3787 4143 mandu-

2224 4177 2363 4219 cem.
2386 4165 2452 4218 Et
2468 4164 2585 4235 ipse
2604 4164 2758 4220 vobis
2779 4165 3030 4220 ostendet
3047 4164 3403 4220 caenaculum
3424 4174 3662 4233 magnum
3682 4166 3788 4213 stra-

2304 4516 2390 4571 12.
2433 4515 2588 4587 vobis
2612 4517 2875 4587 ostendet
2902 4518 2956 4571 in
2986 4515 3367 4587 superioribus
3398 4516 3572 4571 locum
3593 4514 3784 4565 stratum

2230 4601 2482 4657 magnum
2512 4604 2525 4640 :
2552 4586 2625 4641 ibi
2659 4600 2869 4658 parate.

1804 4769 2203 4827 VARIANTES
2242 4763 2644 4825 LECTIONES.

2296 4867 2315 4896 ³
2351 4864 2457 4913 Gal.
2481 4875 2709 4923 paremus
2724 4861 2813 4911 tibi
2826 4862 2851 4912 Ῡ
2870 4858 2947 4911 Et.
2964 4862 3085 4910 Mm.
3104 4872 3337 4924 paremus
3354 4854 3573 4909 Pascha?
3587 4843 3781 4907 ειγυις-

524 4944 651 4982 uuus
671 4931 753 4979 de.
785 4929 928 4995 Vitlg.
954 4931 1324 4993 cognominatur
1347 4931 1600 4991 Isariotes,
1620 4942 1771 4978 unum
1790 4930 1875 4979 de.

522 5233 570 5280 4.
597 5247 705 5298 cum
726 5231 1034 5298 Prinridnus
1050 5231 1459 5298 Sacerdotumfet
1483 5237 1689 5297 Scrinis,
1716 5234 2123 5298 quemadmodum

522 5294 761 5360 t_ra}l_i:r_et.
830 5296 876 5345 5.
905 5294 1046 5360 Dies!
1073 5303 1125 5345 et
1148 5297 1299 5357 gavisi
1324 5305 1454 5360 sunt.
1520 5300 1567 5346 6.
1592 5294 1745 5347 Deest
1761 5305 1813 5346 et
1846 5298 2120 5360 SpOpondit.

524 5354 656 5405 Ibid.
683 5356 1116 5419 thuaerebat....
1146 5354 1197 5408 ut
1245 5358 1522 5408 traderet...
1569 5360 1681 5408 sine
1728 5354 1886 5408 turba'
1916 5354 2006 5407 eis.
2075 5357 2120 5405 7.

522 5639 593 5689 ita
625 5641 778 5690 (Iunt.
824 5638 941 5692 Lat.
975 5637 1284 5704 Iscariothf
1307 5637 1361 5693 at
1385 5640 1541 5693 Cant.

2228 5108 2339 5155 dies
2364 5106 2602 5161 Paschac.
2628 5107 2673 5152 in

2234 4926 2489 4990 paremus?

1204 5028 1495 5069 LECTIONES
1522 5029 1724 5071 CODICIS
1756 5027 2164 5069 VINDEBONENSIS
2194 5026 2461 5067 ABEUNTES
2492 5027 2556 5064 ΑΒ
2580 5025 2829 5066 EDITIONE
2857 5024 3126 5066 VULGA'I‘A.

584 5108 699 5158 CAP.
724 5104 867 5156 XXII.
887 5134 947 5141 —
978 5106 1019 5155 ι.
1046 5109 1376 5171 AnprOpiavit.
1444 5112 1490 5159 2.
1519 5110 1767 5168 Quomodo
1799 5123 1909 5159 eum
1936 5108 2123 5157 interﬁ-

524 5171 997 5233 cerent;_tiinebant
1039 5185 1175 5221 vero.
1242 5176 1288 5222 ὅ.
1335 5174 1770 5233 cognominabatur
1815 5172 2059 5220 Scarioth.

2709 5119 2865 5168 quo...
2891 5117 3101 5155 necesse
3122 5110 3253 5168 _erat
3290 5101 3523 5168 immolari
3559 5093 3731 5168 Ριξξειιξο

2228 5170 2276 5219 9.
2318 5169 2389 5216 Ad
2434 5166 2521 5217 illi.
2590 5156 2665 5217 io.
2692 5156 2817 5216 dixit
2842 5168 2901 5215 ad
2926 5168 3094 5216 illos...
3122 5166 3291 5223 hoino,
3328 5156 3727 5223 omisso.quidgm_-

2230 5209 2255 5280 ἴ
2267 5210 2281 5279 i
2298 5209 2678 5279 Γῐέέιιιῖίἰζιῆιιιῖλὲ
2695 5209 2737 5279 ’Ξ
2746 5209 2901 5279 ’δίξῆ
2928 5209 3094 5279 tibi:
3122 5209 3495 5277 scissas:
3507 5209 3521 5222 '
3552 5209 3620 5272 1'2.
3646 5216 3694 5267 Et
3711 5209 3774 5283 ille

2229 5276 2367 5343 vobis
2378 5276 2621 5343 ostendet
2646 5276 2694 5341 in
2718 5276 3118 5355 superioribus...
3146 5276 3348 5341 stratum
3370 5298 3591 5350 magnum
3612 5296 3622 5331 :
3649 5285 3692 5329 et
3709 5276 3773 5323 ibi-

1839 5472 2207 5528 BLANCHINI
2245 5471 2476 5528 ΝΟΤᾹΞ.

595 5566 669 5644 ψ)
704 5566 787 5621 Ila
824 5568 1026 5644 etcod.
1053 5567 1463 5644 Caunii/7mg).
1499 5599 1568 5607 —
1595 5568 1681 5644 μι)
1718 5566 1805 5644 Διδεμ
1836 5576 2041 5644 ex_tex.
2070 5565 2166 5644 Gr.
2214 5566 2563 5644 ab:_ci~..-_—(c)
2612 5566 2876 5644 Origenes
2899 5565 3039 5644 legit
3070 5575 3126 5644 ut
3155 5554 3775 5644 Verr_e|l.,_‘tazapié{5‘§“jf

1637 5624 1876 5714 r:__liahct
1906 5638 2192 5713 ’1σκαριὼδ.
2212 5670 2282 5679 -
2305 5640 2479 5714 (dilla
2498 5624 2558 5694 ‘ei
2587 5624 2821 5714 tex.UGr_.
2854 5624 3045 5714 «suit;
3061 5635 3183 5714 ἄτερ
3213 5624 3421 5714 ὄχλου-ξ
3440 5624 3772 5714 “vehi?”

522 5708 756 5783 Vergell.
785 5718 841 5783 et
872 5710 1018 5783 Brix.
1058 5740 1127 5752 —
1162 5696 1363 5783 (e)]ta.
1407 5721 1471 5783 et
1500 5711 1623 5765 cod.
1673 5710 1827 5765 Cant.
1875 5718 1964 5766 τοῦ
2000 5696 2215 5783 πᾶσχα.
2351 5696 2579 5783 (“Post
2603 5710 2754 5783 homo
2783 5710 2934 5783 deest
2961 5696 3197 5783 quimini,
3224 5696 3384 5783 etiam
3409 5705 3457 5758 in
3488 5716 3586 5783 lex.
3613 5696 3693 5749 Gr.
3723 5717 3776 5730 —-

526 5776 600 5843 (Π)
629 5776 764 5828 Τωί·
793 5779 889 5832 Gr.
920 5782 1137 5853 ἀνὼγεον
1161 5775 1311 5853 μγα.
1343 5781 1497 5851 (cod.
1530 5782 1788 5854 Cant.pro
1823 5784 1954 5854 μέγα
1974 5824 1990 5852 ,
2034 5775 2195 5841 Italici
2229 5775 2579 5850 οἷκονξϐίιιιι.
2614 5780 2733 5836 Lat.
2754 5782 3070 5851 superiorem
3100 5780 3331 5847 domum)
3360 5775 3670 5850 ἔστρωμένθνι
