3902 6208
179 269 277 330 689

540 378 767 435 CODEX
815 377 1351 437 VERCELLENSIS.

171 488 277 534 tum
305 491 543 547 magnum
578 493 590 527 :
983 484 1038 530 tu
1064 476 1260 531 vineae
1287 517 1302 541 ,

166 551 232 606 ibi
257 558 459 621 parate.
981 547 1161 621 donec
1184 563 1305 621 reg-

167 620 270 677 15ζ
291 621 488 675 Euntes
515 627 690 674 autem
718 660 734 686 ,
981 635 1110 673 num
1141 620 1233 675 Dei

166 695 512 757 invenerunt,
983 690 1183 745 veniat.

164 766 298 820 sicut
322 763 475 818 dixe-

162 846 242 891 rat
267 834 373 890 illis
399 875 414 900 ,
443 840 498 888 et
519 846 616 903 pa-

162 916 407 962 raverunt

163 977 380 1034 Pascha.

164 1050 245 1104 M.
283 1048 352 1103 Et
373 1089 387 1113 ,
417 1063 539 1104 cum
571 1045 713 1101 facta

162 1130 240 1177 est
263 1121 386 1175 hora
407 1161 422 1186 ,
445 1119 555 1174 dis-

161 1191 328 1247 cubuit
354 1209 370 1258 ;
399 1202 455 1247 et
479 1190 552 1244 A-

162 1263 346 1332 postoli
372 1277 494 1318 cum

165 1335 245 1391 15.
283 1333 394 1389 illo.
427 1333 496 1388 Et
520 1332 658 1389 dixit

162 1408 221 1461 ad
243 1421 365 1462 eos:
397 1405 548 1460 Desi-

161 1477 302 1532 derio
323 1478 470 1547 cupi-

986 762 1074 816 19.
1116 762 1220 826 Et,
1252 769 1476 832 accepto
1499 776 1592 833 pa-

983 849 1050 887 ne
1079 875 1093 898 ,
1127 836 1325 904 gratias

979 905 1088 973 egit
1115 945 1129 970 ,
1156 915 1210 959 et
1237 919 1369 959 con-

979 974 1141 1045 fregit
1166 988 1220 1031 et
1243 977 1339 1031 de-

981 1047 1056 1101 dit
1088 1047 1191 1101 illis
1218 1089 1234 1114 ,
1265 1047 1349 1101 di-

984 1133 1113 1190 cens
1133 1137 1153 1190 _:,
1187 1118 1258 1190 (ε)
1284 1119 1397 1173 Hoc
1425 1128 1510 1174 est

982 1189 1045 1244 2|
1060 1229 1073 1242 .
1117 1187 1326 1260 Corpus
1351 1205 1460 1246 me-

984 1276 1072 1314 um
1103 1260 1144 1331 -ι-
1173 1262 1187 1291 ¹
1213 1265 1464 1317 Attamen

982 1346 1110 1387 ecce
1141 1347 1338 1387 manus

980 1404 1001 1433 ²
1043 1405 1334 1473 proditoris

984 1477 1090 1529 mei
1117 1475 1200 1545 (ά)
1224 1490 1435 1531 mecum
1465 1474 1503 1546 ’ξ’

161 1549 206 1603 vi
231 1549 328 1605 hoc
353 1548 562 1604 Pascha
983 1560 1149 1616 super
1176 1561 1329 1601 men-

159 1621 436 1676 manduca-
981 1633 1119 1672 sam.

160 1707 214 1746 re
237 1693 509 1747 vobiscum
539 1731 556 1758 ,
978 1687 1068 1760 22.
1112 1688 1281 1745 Filius
1310 1690 1527 1760 quidem

157 1772 430 1834 antequam
985 1759 1224 1834 hominis
1248 1760 1267 1790 ³
1299 1759 1383 1817 se-

159 1835 239 1890 16.
260 1831 473 1906 patiar.
512 1835 648 1890 Dico
980 1831 1218 1906 cundum

158 1903 295 1962 enim
327 1906 476 1962 vobis
503 1948 519 1974 ,
980 1903 1123 1974 quod
1155 1903 1290 1959 deﬁ—

157 1978 393 2046 quoniam
622 2010 626 2014 -
681 2009 683 2012 ‹
982 1976 1154 2030 nitum
1181 1984 1264 2030 est
1280 2017 1297 2043 ,

157 2064 254 2104 non
289 2049 440 2106 edam
981 2047 1148 2101 vadit.

158 2120 278 2176 illud
305 2164 319 2187 ,
351 2121 526 2177 donec
981 2117 1182 2173 Verum
1212 2131 1312 2173 vae

159 2192 413 2262 inpleatur
982 2187 1190 2243 homini
1223 2188 1299 2244 illi
1320 2233 1334 2257 ,

159 2263 205 2317 in
233 2279 392 2327 regno
416 2263 540 2319 Dei.

162 2335 241 2406 17.
279 2335 374 2404 Et,
404 2345 634 2406 accepto
667 2349 758 2390 ca-

160 2405 250 2462 lice
272 2448 286 2473 ,
317 2407 514 2478 gratias

159 2479 254 2547 egit
281 2521 294 2544 ,
331 2480 516 2534 dicens
542 2497 558 2531 :

161 2549 350 2605 Sumite
379 2550 455 2623 (a)
487 2550 596 2606 hoc
618 2549 658 2621 ’ξο
692 2589 706 2615 ,

160 2630 208 2673 ct
228 2623 458 2690 partimi-

162 2693 207 2745 ni
232 2692 281 2747 in
311 2693 478 2748 vobis.

162 2764 238 2818 18.
281 2764 404 2819 Dico
431 2766 582 2821 enim

983 2277 1079 2330 per
1107 2275 1267 2332 quem

978 2332 1069 2386 25.
1116 2331 1363 2388 traditur.
1395 2331 1463 2387 Et

981 2405 1080 2473 ipsi
1100 2403 1121 2434 ’δ
1143 2404 1382 2474 inquire-

983 2475 1113 2530 bant
1142 2477 1284 2530 inter

981 2563 1064 2610 se,
1093 2546 1344 2618 quisnam

981 2618 1056 2692 (ε)
1087 2616 1231 2674 esset
1252 2618 1290 2689 λγ
1309 2659 1325 2686 ,
1354 2618 1444 2689 qui
1475 2616 1577 2674 hoc

981 2693 1221 2745 facturus

981 2771 1146 2816 esset.

163 2835 324 2902 vobis,
351 2839 545 2907 quoni-
979 2831 1068 2887 24.
1115 2835 1136 2864 ⁸
1167 2834 1330 2907 Facta
1363 2842 1448 2891 est
1475 2843 1652 2890 autem

163 2919 238 2958 am
263 2906 378 2962 non
392 2909 472 2962 bi—
979 2906 1261 2961 contentio

163 2975 270 3032 bam
297 2977 360 3034 de
384 2978 529 3034 fruc-
983 2977 1124 3032 ini-er
1156 2977 1279 3032 illos
1303 3020 1317 3041 ν

1213 267 1667 328 EVANGELIUM
1708 266 2082 326 SECUNDUM
2121 267 2380 325 LUCAM.

3355 267 3412 323 bs“
3428 271 3461 322 0

2285 383 2522 440 CODEX
2567 383 3020 444 VERONENSIS.

1847 494 2102 552 magnum
2132 479 2174 550 -ι-
2206 496 2219 532 :
2693 479 2941 552 Accipite
2975 479 3054 552 (a)
3081 479 3186 536 hoc
3215 481 3287 551 1'.

1845 551 1920 607 ibi
1949 550 2163 622 parate.
2687 561 2741 606 et
2761 550 2988 607 dividite

1845 623 1936 678 15.
1981 624 2186 677 Euntes
2207 631 2407 689 autem,
2685 623 2829 677 inter
2853 639 2969 677 vos.

1846 694 2192 761 invenerunt,
2689 693 2775 748 18.
2823 694 2950 748 Dico
2979 695 3125 750 enim

1847 765 1987 820 sicut
2013 765 2151 820 dixit
2687 763 2864 831 vobis,
2897 766 3043 835 quod

1848 837 1978 902 illis,
2011 846 2066 892 et
2096 851 2251 906 para.
2687 851 2795 890 non
2818 835 2997 890 bibam

1848 918 2037 962 verunt
2063 908 2287 963 Pascha.
2686 906 2762 977 (ὁ)
2797 909 2865 962 de
2887 923 3116 978 genera-

2685 980 2835 1032 tione
2868 981 2968 1035 hac

2683 1051 2813 1124 vitis
2843 1049 3002 1120 hujus
3030 1053 3096 1124 τ,

2686 1121 2861 1194 donec
2891 1121 3118 1194 regnum

2686 1191 2782 1246 Dei
2812 1191 3013 1248 veniat.

2685 1263 2751 1316 ‘21
2764 1303 2778 1318 .
2819 1263 3208 1322 Verumtamen

2686 1349 2818 1391 ecce
2850 1351 3043 1393 manus

2686 1407 2947 1463 tradentis
2977 1423 3064 1462 me

2686 1477 2767 1550 (ά)
2797 1493 3007 1535 mecum
3038 1479 3079 1551 τ
3108 1480 3164 1535 in

2685 1551 2777 1605 22.
2820 1565 3030 1623 mensa.
3057 1555 3122 1608 Et
3143 1552 3262 1623 qui-

1848 979 1940 1034 M.
1987 979 2074 1044 Et,
2107 994 2229 1034 cum
2260 978 2339 1033 fa-

1846 1059 1929 1105 cta
1959 1059 2105 1106 esset
2133 1050 2229 1104 ho-

1847 1137 1931 1186 ra,
1958 1121 2259 1188 discubuit;

1847 1200 1903 1247 et
1931 1193 2177 1260 Apostoli

1846 1279 1968 1318 cum
1999 1264 2116 1319 illo.

1847 1336 1938 1391 15.
1985 1336 2050 1390 Et
2074 1335 2151 1389 ait
2181 1335 2289 1390 illis
2325 1353 2339 1390 :

1847 1405 2130 1462 Desiderio
2159 1408 2303 1463 desi-

1847 1477 2031 1532 deravi
2066 1478 2168 1533 hoc

1846 1547 2052 1604 Pascha
2086 1565 2240 1605 man-

1847 1621 2049 1676 ducare
2065 1621 2250 1676 vobis-
2686 1623 2810 1677 dem
2839 1619 3009 1679 Filius

1848 1705 1970 1746 cum
1993 1734 2007 1756 ,
2039 1703 2328 1764 antequam
2686 1693 2944 1759 hominis.
2978 1709 3068 1750 se—

1849 1764 2045 1832 patiar.
2687 1769 2945 1824 cumdum

1850 1833 1940 1911 i6.
1961 1835 2116 1911 Dico
2144 1837 2291 1911 enim
2688 1840 2830 1911 quod
2856 1839 2990 1894 scri-

1849 1907 2004 1983 vob_is
2021 1947 2034 1969 ,
2067 1909 2191 1977 quia
2687 1907 2854 1983 ptum
2870 1920 2975 1977 est,
3008 1923 3106 1964 va-

1850 1991 1917 2032 ex
1947 1977 2052 2032 hoc
2083 1995 2192 2034 non
2687 1977 2786 2039 dit.
2814 1982 3044 2038 Verum-

1851 2050 2190 2105 manducabo
2689 2065 2871 2109 tamen
2899 2067 3000 2108 vae

1852 2118 1982 2174 illud
2001 2161 2016 2186 ,
2048 2119 2224 2177 donec
2689 2125 2899 2181 homini

1851 2229 2060 2273 ε..
2139 2233 2254 2273 ελ..
2334 2235 2348 2250 .
2433 2237 2445 2249 .
2527 2231 2541 2248 .
2691 2197 2932 2273 illi,pe_r

1850 2264 1910 2338 in
1936 2277 2106 2338 regno
2137 2264 2254 2320 Dei.
2689 2264 2850 2338 quem
2879 2267 2972 2323 Fi—

1852 2335 1940 2392 19.
1984 2333 2072 2399 Et,
2105 2348 2331 2408 accepto
2693 2333 2797 2394 lius
2825 2338 3061 2393 hominis

1853 2421 2014 2476 pane,
2044 2408 2248 2477 gratias
2695 2411 2947 2465 traditur.

1850 2478 1980 2550 egit,
2009 2489 2064 2532 et
2089 2478 2282 2550 fregit,

1850 2558 1906 2604 et
1931 2549 2082 2604 dedit
2105 2549 2235 2617 illis,

1853 2620 1941 2675 17.
1983 2621 2171 2676 dicens
2198 2641 2210 2675 :
2243 2621 2358 2677 Hoc

1850 2702 1933 2748 est
1964 2693 2038 2765 (ο)
2064 2692 2276 2765 Corpus

1851 2764 2032 2820 meum
2061 2764 2124 2836 1-.
2155 2766 2253 2832 Et,

1852 2845 2077 2905 accepto
2103 2850 2199 2891 ca-

1855 2906 1981 2971 lice,
2012 2907 2216 2976 gratias

1853 2977 1984 3047 egit,
2016 2986 2072 3032 et
2098 2977 2233 3032 dixit
2264 2998 2276 3032 :

2693 2481 2784 2536 25.
2827 2481 2898 2536 Et
2924 2480 3030 2551 ipsi
3061 2495 3196 2536 con-

2696 2553 3087 2621 quirebant-in-

2695 2634 2777 2679 ter
2801 2638 2861 2679 se
2879 2666 2894 2690 ,
2926 2623 3047 2694 quis

2692 2695 2764 2768 (ε)
2793 2705 2940 2768 esset
2961 2695 3001 2766 ’ξ’

2691 2766 2797 2821 hoc
2828 2766 3090 2821 facturus.

2690 2837 2782 2891 24.
2826 2835 2988 2891 Facta
3011 2844 3097 2891 est
3123 2850 3219 2890 au-

2693 2918 2801 2962 tem
2833 2907 3113 2963 contentio

2692 2980 2837 3034 inter
2866 2979 3012 3045 illos,

1468 3091 1702 3149 connx
1739 3074 2136 3147 BRIXIANUS.

166 3194 290 3259 tum.
330 3198 384 3244 et
425 3189 496 3244 ibi
557 3197 760 3259 parate.
794 3189 1002 3244 Euntes
1055 3194 1234 3259 autem
1284 3187 1641 3259 invenerunt.
1680 3184 1754 3239 si-

166 3267 245 3311 cut
267 3258 395 3315 dixit
427 3255 573 3327 illis,
617 3272 672 3315 et
701 3268 1026 3328 paraverunt
1068 3258 1296 3312 Pascha.
1345 3267 1398 3313 et
1447 3273 1579 3328 cum
1619 3255 1754 3310 facta

165 3342 291 3384 esset
343 3332 493 3386 hora.
539 3332 832 3387 discubuit.
876 3331 946 3385 Et
993 3329 1276 3384 duodecim
1336 3327 1586 3399 Apostoli
1630 3341 1754 3381 cum

166 3415 238 3452 co.
297 3402 360 3456 Et
410 3405 484 3457 ait
530 3404 665 3457 illis.
717 3402 996 3457 Desiderio
1053 3402 1355 3455 desideravi
1401 3402 1504 3453 hoc
1545 3399 1755 3452 Pascha

169 3474 475 3529 manducare
522 3474 808 3529 vobiscum
857 3481 1143 3542 antequam
1199 3473 1390 3540 patiar.
1430 3469 1572 3542 Dico
1604 3470 1754 3542 enim

169 3543 305 3616 vobis
357 3547 478 3616 quia
530 3549 674 3600 ultra
741 3561 848 3598 non
908 3541 1248 3616 manducabo
1305 3558 1369 3598 ex
1399 3541 1532 3616 _hoc
1582 3541 1757 3616 donec

172 3612 437 3682 impleatur
485 3621 538 3670 in
594 3631 764 3686 regno
809 3616 927 3670 Dei.
970 3615 1035 3669 Et
1064 3622 1284 3684 accepto
1331 3613 1499 3686 calice
1547 3613 1750 3682 gratias

170 3685 268 3758 egit
287 3697 338 3740 et
364 3689 515 3742 dixit.
549 3685 792 3756 Accipite
816 3685 894 3758 (a)
921 3688 1023 3739 hoc
1043 3685 1105 3757 ἰη
1135 3685 1433 3758 etdividite
1465 3685 1608 3738 inter
1628 3699 1746 3758 vos.

172 3754 288 3828 Dico
315 3760 456 3828 enim
489 3759 648 3813 vobis
676 3754 958 3828 quodnon
991 3754 1166 3811 bibant
1192 3755 1268 3828 (ὁ)
1298 3761 1365 3811 de
1396 3756 1752 3825 generatione

171 3827 284 3881 vitis
313 3827 466 3899 hujus
508 3831 550 3901 ἦ·
579 3830 754 3884 doliec
787 3843 1007 3901 regnum
1058 3829 1166 3901 Dei
1196 3827 1395 3901 veniat.
1432 3835 1497 3901 ‘et
1525 3836 1750 3901 accepto

173 3911 296 3965 pane
328 3897 535 3971 gratias
558 3902 671 3971 egit
717 3908 770 3954 et
798 3897 979 3970 fregit.
1034 3909 1091 3955 et
1138 3899 1287 3954 dedit
1311 3897 1593 3967 discipulis
1639 3897 1752 3952 suis

1863 3185 2048 3240 dicens
2078 3185 2192 3240 Hoc
2219 3194 2303 3241 est
2329 3199 2526 3256 corpus
2555 3201 2734 3241 meum
2765 3185 2907 3256 quod
2960 3199 3057 3254 pro
3094 3184 3248 3240 vobis
3275 3184 3459 3240 datur.

1862 3258 1964 3312 hoc
1993 3257 2150 3312 facite
2199 3258 2251 3310 in
2280 3273 2458 3312 meam
2489 3259 3086 3312 commemorationem.
3117 3256 3382 3312 Similiter
3407 3266 3462 3311 et

1861 3328 2088 3384 calicem
2128 3338 2413 3398 postquam
2443 3338 2794 3383 cenaverunt.
2845 3329 3032 3383 dicens
3065 3329 3162 3382 llic
3190 3327 3330 3382 calix
3364 3343 3462 3380 no-

1861 3416 1984 3453 vum
2015 3409 2397 3454 testamentum
2425 3409 2510 3455 est
2536 3402 2586 3454 in
2609 3402 2872 3470 sanguine
2895 3415 3039 3454 meo.
3067 3400 3158 3470 qni
3188 3413 3284 3468 pro
3305 3398 3460 3453 vobis

1860 3470 2192 3526 eli'undetur.
2227 3471 2635 3526 Verumtamen.
2686 3487 2814 3526 ecce
2844 3487 3038 3525 manus
3080 3470 3342 3525 tradentis
3373 3485 3460 3524 me

1862 3558 2074 3597 mecum
2102 3552 2185 3597 est
2217 3543 2267 3596 in
2300 3558 2504 3597 mensa.
2539 3542 2610 3597 Et
2632 3544 2850 3613 quidem
2883 3542 3055 3597 Filius
3093 3541 3330 3596 hominis
3370 3555 3463 3594 va-

1861 3614 1938 3668 dit
1979 3613 2278 3668 secundum
2311 3615 2452 3684 quod
2496 3615 2756 3669 scribtum
2798 3622 2901 3669 est.
2949 3613 3332 3668 Verumtamen
3362 3627 3461 3665 vae

1860 3685 2065 3740 homini
2112 3685 2186 3738 illi
2217 3701 2314 3756 per
2357 3700 2514 3754 quem
2560 3687 2820 3740 tradetur.
2855 3685 2934 3740 Illi
2964 3698 3144 3756 autem
3173 3684 3458 3754 conquire-

1862 3756 1991 3828 bant
2019 3758 2158 3810 inter
2188 3755 2248 3810 se
2273 3759 2396 3824 quis
2421 3764 2564 3811 esset
2593 3773 2657 3811 ex
2691 3757 2772 3812 eis
2796 3757 2886 3828 qui
2916 3756 3019 3810 hoc
3039 3755 3275 3811 facturus
3291 3763 3458 3811 esset.

1859 3827 2020 3881 Facta
2063 3839 2149 3882 est
2176 3837 2358 3883 autem
2390 3839 2444 3884 et
2474 3829 2751 3884 contentio
2784 3827 2926 3884 inter
2954 3841 3049 3882 eos

1407 4005 1635 4062 CODEX
1675 4005 2143 4066 CORBEIENSIS.

241 4126 325 4180 15.
369 4128 649 4183 Desiderio
677 4127 980 4182 desideravi
1026 4127 1128 4180 hoc
1165 4115 1372 4180 Pascha
1418 4123 1748 4180 manducare

177 4197 453 4262 vobiscum,
489 4210 780 4269 antequam
813 4201 914 4252 hoc
945 4200 1138 4268 patiar.

240 4269 322 4322 17.
365 4271 607 4339 Accipite
639 4274 768 4334 hoc,
799 4281 850 4324 et
882 4271 1106 4323 dividite
1146 4269 1290 4323 inter
1320 4283 1436 4322 vos.

246 4341 323 4393 i9.
368 4345 475 4394 lloc
525 4355 606 4396 est
655 4343 863 4410 Corpus
923 4356 1121 4394 meum.
1179 4340 1566 4395 Verumtamen
1622 4352 1750 4410 ecce

181 4425 351 4467 manus
376 4422 481 4470 etc.
521 4413 747 4477 Omittit,
768 4409 921 4482 quod
955 4427 1050 4483 pro
1075 4411 1226 4466 vobis
1258 4411 1518 4476 tradetur,
1548 4409 1751 4480 etquod

1853 4128 2105 4194 sequitur,
2137 4144 2295 4199 usque
2317 4128 2386 4181 ad
2415 4144 2548 4182 vers.
2590 4128 2682 4183 21.
2738 4130 3014 4186 exclusive.
3052 4129 3419 4187 Veruntamen

1853 4209 1962 4254 etc.

1892 4270 2020 4396 t2'5.
2068 4271 2465 4343 conquirebant
2515 4272 2659 4327 inter
2711 4287 2808 4339 se,
2867 4273 2990 4342 quis
3037 4283 3182 4329 esset
3237 4274 3340 4329 hoc
3380 4273 3462 4328 fa-

1914 4356 2062 4396 urus.

1858 4356 2062 4396 Cllll‘lls.

1368 4523 1668 4578 VARIANT
1676 4521 1761 4576 ES
1813 4515 2218 4575 LECTIONES.

235 4645 248 4674 ¹
284 4646 416 4696 Deest
439 4659 564 4696 vers.
592 4646 672 4703 20,
698 4656 839 4709 quem
859 4643 964 4709 Gut.
1006 4640 1195 4709 habet";
1223 4637 1450 4709 similiter
1478 4641 1529 4686 et
1551 4635 1755 4709 calicem

181 4713 422 4774 postquam
445 4700 722 4774 coenatum'
749 4713 827 4756 est
848 4740 863 4764 ,
901 4707 1073 4774 dicens
1095 4718 1109 4752 :
1134 4702 1228 4774 Hic
1253 4708 1341 4774 est,
1362 4700 1485 4774 calix
1528 4700 1754 4774 navite-

181 4757 386 4818 slanmuti
412 4757 461 4819 iii
483 4770 723 4830 sanguine
742 4757 874 4826 meo,
891 4766 1021 4830 quod
1047 4779 1132 4828 pro
1157 4757 1752 4830 vobisfunditurfrulg...

182 4840 414 4893 postquam
459 4826 687 4880 coenavit
707 4871 720 4891 ,
743 4826 922 4878 dicens
944 4826 1074 4893 :Hic
1115 4837 1191 4893 est
1219 4826 1349 4893 calix
1373 4837 1552 4893 novum
1599 4829 1752 4872 testa-

183 4888 378 4955 mentum
398 4897 444 4941 in
469 4888 862 4955 sanguine'meo,
898 4892 982 4954 qui
1009 4902 1094 4955 pro
1119 4890 1256 4955 vobis
1270 4888 1520 4955 tondetur.

238 4954 254 4982 ¹
288 4956 398 5005 Mm.
435 4951 674 5005 tradentis
693 4951 1086 5016 mecum.'Vulg.
1112 4951 1352 5016 tradentis
1375 4963 1454 4998 me
1479 4961 1692 5016 mecum.

240 5015 258 5044 ³
289 5017 388 5066 Cat.
413 5021 536 5066 sicut
570 5017 698 5080 qttod
733 5016 993 5066 diiﬁnitnm
1025 5010 1160 5065 e'st...
1204 5013 1426 5063 traditur.
1470 5013 1591 5060 Mm.
1628 5010 1758 5059 sicut

1864 4631 2137 4742 deignlitt'tm
2196 4638 2290 4680 est.
2356 4628 2504 4695 Vulg.
2552 4631 2820 4681 secundum
2859 4635 2991 4695 quod
3022 4633 3278 4686 deﬁnitum
3322 4647 3462 4690 est...

1887 4706 1936 4740 ra
1975 4708 2002 4738 e
2029 4706 2056 4741 u
2091 4727 2104 4740 .

1887 4706 2104 4741 rauetur.

1927 4755 1955 4809 δ,
1983 4755 2093 4804 Gal.
2118 4762 2392 4825 coeperunt
2422 4768 2676 4825 quaerere,
2724 4770 2790 4805 ex
2831 4759 2906 4806 eis
2943 4760 3075 4809 inter
3096 4773 3153 4810 se
3175 4800 3190 4825 ,
3213 4765 3315 4825 qui.
3341 4765 3464 4816 Mm.

1866 4829 2117 4879 quaerere
2127 4829 2202 4879 ex
2231 4816 2326 4877 eis,
2351 4816 2454 4879 qui.

1930 4880 1948 4909 ⁵
1985 4878 2091 4928 Gal.
2126 4877 2274 4928 Facta
2296 4877 2560 4929 est’autem
2583 4879 2706 4930 haec
2729 4884 3000 4933 contentio.
3037 4888 3153 4935 Mm.
3198 4885 3344 4938 Facta
3387 4901 3467 4938 att-

1865 4950 1981 5004 tem_
1994 4940 2117 4991 haec
2141 4941 2410 4991 contentio.
2441 4941 2590 5007 Vulg.
2611 4941 2758 4994 Facta
2784 4953 2862 4995 est
2886 4954 3052 4997 autem
3079 4957 3132 4998 et
3162 4954 3432 5000 contentio.

840 5136 1134 5179 LECTIONES
1171 5135 1375 5177 CODICIS
1396 5129 1808 5174 VINDEBONENSIS
1833 5128 2112 5169 ABEUNTES
2151 5129 2216 5167 ΑΒ
2242 5128 2493 5170 ΕΒῙΊΊΟΝΕ
2509 5130 2774 5172 νοωΑτΑ.

243 5235 315 5302 11.
338 5245 387 5302 et
410 5238 622 5302 Apostoli
647 5253 756 5302 cum
782 5239 884 5302 illo,
955 5239 1027 5288 16.
1057 5237 1182 5302 illut.
1254 5236 1592 5302 l7._Aceipite
1639 5234 1752 5282 hoc.

242 5298 314 5363 19.
338 5297 468 5363 dedit
489 5301 604 5363 illis.
626 5299 760 5352 Ibid.
785 5299 957 5352 omittit
981 5341 994 5363 ,
1015 5300 1144 5363 quod
1164 5312 1252 5362 pro
1276 5299 1412 5363 vobis
1441 5297 1586 5363 datur
1607 5307 1758 5360 usque

187 5341 468 5412 αίίῦὲνὲῖέἷ
487 5341 760 5414 ὲξὲὲὶὶιὲξιῖἔί
786 5341 1409 5427 ”ἔὲἶ’ἓξῖίῖἶὲ,νῖςὲἒιῖηδῖἷιὲῐ
1434 5341 1575 5422 assa
1609 5341 1757 5422 ᾖῐτῖιέζ

1863 5235 2098 5316 ἕῑὶιξίιὲὶη
2139 5235 2418 5316 ἓξὲςλοηῐέξ
2437 5231 2777 5316 ῘᾸἾῘἮἚῘΡῘξ-
2804 5237 2964 5316 εδέι
2981 5238 3474 5316 uehementem

1863 5294 1996 5407 inter
2027 5305 2084 5342 se
2108 5330 2121 5355 ,
2149 5294 2262 5355 quis
2285 5302 2423 5343 esset
2443 5294 2538 5344 hoc
2563 5295 2795 5349 facturus.
2863 5300 2939 5348 24.
2978 5294 3122 5350 Facta
3159 5294 3242 5350 est
3269 5311 3477 5354 conten-

1885 5371 1948 5408 ιο.

1459 5463 1826 5521 BLANCIIINI
1863 5465 2096 5523 NOTAE.

253 5571 327 5644 (ᾳ)
355 5571 513 5626 Addit
550 5573 641 5626 Itoc
664 5615 678 5640 ,
725 5573 788 5628 Et
819 5573 887 5627 ita
933 5581 1016 5626 lex
1042 5571 1135 5644 Gr.
1157 5578 1342 5644 392310.
1383 5600 1454 5610 —
1587 5569 1720 5624 Tex.
1747 5567 1842 5644 Gr.
1876 5569 2070 5635 habet,
2106 5573 2324 5627 ἀπὸτοῦ
2345 5577 2650 5644 γεννήματος
2674 5577 2764 5629 τῆς
2795 5567 3058 5638 ἀμπέλους
3090 5567 3290 5644 Veron.
3311 5572 3472 5644 etiam

188 5637 306 5714 alibi
329 5655 466 5708 saepe
497 5637 974 5699 vertit'articulos.
1002 5673 1061 5682 —
1102 5640 1177 5714 (ε)
1204 5642 1331 5696 Post
1368 5637 1556 5714 corpus
1588 5656 1777 5707 meum,
1802 5639 1968 5714 deest
1992 5644 2130 5710 quod
2157 5660 2250 5713 pro
2285 5637 2425 5695 vobis
2467 5637 2748 5714 eadem,
2766 5637 2870 5692 etc.
2913 5639 3177 5714 usquead
3204 5655 3344 5694 \‘ers.
3379 5642 3472 5714 21,

190 5713 375 5786 inflict?
410 5707 466 5782 ill
511 5716 628 5786 90d.
670 5716 824 5782 Cant.
851 5745 922 5754 -—
947 5714 1029 5786 (ά)
1065 5707 1194 5768 Post
1221 5707 1626 5778 vitecunt,'deest
1657 5720 1767 5775 est,
1800 5712 1854 5766 in
1894 5707 2017 5769 cod.
2060 5707 2274 5781 quoque
2315 5713 2469 5766 Cant.
2501 5739 2570 5749 -—-
2600 5708 2668 5777 (ε)
2717 5709 2844 5759 Post
2886 5715 3051 5770 esset,
3081 5707 3232 5764 deest
3277 5726 3340 5764 ex
3379 5711 3471 5771 eis.

194 5781 337 5835 ’etiam
364 5785 414 5837 iii
441 5783 560 5838 cod.
587 5783 737 5840 Catil.
