1951 3104
237 126 302 152 ϐθῧπ
508 121 646 151 EL'SEBII
667 119 834 148 VERCELL.
858 116 1084 146 EVANGELIU.“
1105 116 1173 143 (TlTll
1196 115 1311 145 VARIIS
1329 117 1406 146 COD.
1425 114 1621 146 (ΞΟΠ-ΔΝΜ.
1832 110 1879 137 696

1308 173 1424 201 CODEX
1445 169 1672 201 VEROX‘ENSIS.

436 177 553 207 CODEX
572 174 842 205 VERCELLESSIS.

660 223 707 251 50.
726 222 839 264 gladio?
855 221 889 248 Et
903 228 966 255 pcr—

661 263 746 285 ςυεςη
761 265 831 284 unus

659 294 768 329 quidam
782 300 815 321 ex
831 293 864 320 il-

661 330 694 357 lis
710 336 819 356 servum

240 229 314 255 illius
325 247 332 259 ,
348 227 425 262 quasi

238 270 332 299 guttae
346 270 409 299 san-

239 298 330 340 guinis
347 300 355 314 ‘
371 298 467 325 decur—

245 342 305 363 rent
310 343 332 361 ιε
347 342 393 361 511-

243 379 293 406 per
306 375 418 406 terram.
661 364 813 406 Pontiﬁcis.

241 400 287 434 15.
305 405 338 432 Et
347 426 354 436 .
367 411 481 440 surgens
661 406 688 428 et
702 400 819 440 abscidit

241 442 277 468 ab
289 441 390 468 oratio-
417 437 429 440 ⁷
660 444 754 464 aurem
770 437 843 463 illius

242 485 291 509 ne,
308 476 380 503 vt-nit
394 475 427 501 ad
661 473 706 499 5|.
720 471 874 498 dextram.“
886 470 930 497 Di-

242 512 391 546 discipulos
661 509 701 546 xit
717 513 807 546 autem

240 542 321 577 suos:
335 552 362 574 ct
377 546 481 573 invenit
663 543 701 570 illi
716 543 795 570 Iesus
809 551 815 568 :
831 544 840 557 ⁵
855 542 920 568 Sino

243 583 305 610 illos
319 582 422 609 dormi-
661 586 746 613 usque
762 578 823 606 hoc.

662 615 696 642 Et
707 614 859 642 extendens

661 658 769 677 manum
784 658 831 676 511-

661 694 716 719 am,
736 686 824 721 tetigit

661 730 722 749 eum
737 730 744 754 ;
765 727 792 748 et
807 728 849 748 re-

662 758 794 792 integrata

661 797 704 820 est
721 793 794 819 auris
809 792 877 827 ejus.

661 828 707 856 52.
729 828 801 854 Dixit
815 832 904 854 autem

661 864 741 891 Jesus
755 863 789 890 ad
805 870 864 896 eos,
878 863 922 897 qui

662 903 793 927 venerant

662 936 695 962 ad
712 942 753 967 se,
770 934 863 961 Ponti-

243 624 321 645 σξηιος
336 626 350 644 :I
367 625 443 644 mae-

241 654 287 681 46.
311 661 382 680 rore.
406 654 437 679 Et
451 652 519 679 dixit

243 690 253 704 ²
268 691 308 716 eis
322 698 328 715 ε
346 688 414 722 Quid
431 688 493 715 dor-

243 725 339 752 mitis?
358 724 444 758 Surgi-

244 766 281 792 te,
296 765 385 792 orate,
401 768 435 786 ne

244 796 351 823 intretis
367 796 393 823 in

244 832 399 865 temptatio-

241 868 286 895 Π.
309 874 381 893 nem.
404 866 447 897 Et,
462 865 509 892 ad—

245 903 299 930 huc
313 909 346 929 eo
360 902 473 936 loquen-

244 943 282 971 te,
298 945 362 965 ecce
377 941 433 964 tur-

245 969 291 1003 lia.
308 978 336 1000 ct
349 973 396 1008 qui
409 980 458 1000 vo-
663 971 738 1008 lices,
752 974 781 998 et
794 969 885 1008 Antis-

246 1005 419 1036 cabatur'Ju-
663 1007 725 1033 tites
740 1005 847 1039 templi,

248 1045 307 1076 das,
324 1052 394 1071 unus
663 1046 692 1069 et
703 1042 832 1069 Seniores
844 1049 851 1067 :

246 1081 280 1107 dc
296 1080 452 1112 duodecim,
664 1078 675 1092 ⁶
690 1077 838 1112 Tamquam
854 1076 887 1103 ad

250 1115 395 1150 praecede-
666 1114 799 1150 latronem

665 1149 761 1176 existis
774 1155 836 1176 cum

666 1184 776 1219 gladiis,
792 1189 821 1212 et
835 1183 892 1210 fus-

666 1220 710 1247 53.
734 1219 829 1246 tibus?
848 1219 916 1247 Cum

666 1255 779 1283 cottidie
793 1262 837 1282 es-

667 1298 724 1318 sem
740 1290 832 1318 vobis—

664 1334 726 1353 cum
742 1326 768 1353 in
783 1330 848 1353 tem-

249 1152 294 1178 bat
309 1151 370 1177 illos
385 1159 392 1177 :
409 1155 436 1178 et
449 1158 493 1177 ae-

250 1187 362 1219 cedens,
378 1193 423 1212 os-

248 1222 356 1249 culatus
370 1226 413 1249 est

249 1257 294 1285 48.
315 1257 418 1284 Jesum.
443 1256 515 1283 Dixit

249 1298 340 1320 autem
354 1292 434 1320 Jesus
446 1301 453 1318 :

248 1329 329 1360 .luda.
344 1328 438 1355 osculo

250 1364 346 1392 Filium
362 1364 450 1391 homi-
665 1363 719 1397 plo,
737 1369 789 1389 non
805 1369 854 1389 ex—

250 1400 294 1427 nis
309 1400 394 1427 tradis
406 1401 418 1426 'l
669 1397 822 1425 lendebatis

250 1436 297 1463 49.
318 1434 449 1463 Videntes
463 1441 513 1462 au-
667 1440 764 1461 manus
777 1440 824 1460 su-

250 1476 305 1499 tem
319 1471 364 1506 qui
378 1475 457 1498 erant
667 1476 715 1505 per
728 1476 784 1496 me:
800 1468 848 1506 sed
861 1468 927 1496 haec

251 1504 426 1539 circa‘illum,
667 1509 708 1533 est
719 1509 810 1532 vestra
825 1504 873 1531 ho-

250 1543 324 1578 quod
338 1542 458 1569 futurum
669 1549 710 1573 ra,
722 1545 749 1568 et
770 1544 860 1575 potes-

251 1583 336 1609 esset.
349 1578 477 1605 dixerunt
669 1581 711 1604 tas
730 1580 805 1603 tene-

251 1613 290 1640 illi
306 1621 313 1639 :
330 1613 455 1645 Domine,
471 1612 494 1640 si
506 1612 517 1627 '
531 1619 596 1648 per-
669 1613 790 1648 brorum.

252 1648 390 1676 cuticmus
405 1649 431 1675 in
533 1647 538 1648 ⁷
669 1648 714 1675 δι.
734 1647 909 1685 Conprehen-

1091 221 1143 249 dor
1157 222 1227 256 ejus.
1244 222 1313 248 sicut

1090 263 1183 292 guttae
1198 264 1338 292 sanguinis

1091 294 1270 320 decurrentes

1092 329 1119 356 in
1135 335 1247 356 terram.

1091 364 1136 391 45.
1159 364 1192 391 Et
1206 364 1305 391 factum

1091 404 1133 427 est
1139 421 1144 430 ,
1160 407 1221 426 cum
1236 407 1296 427 Sllf-

1091 436 1209 463 rexisset
1224 435 1257 462 ab

1091 472 1226 502 oratione,
1240 475 1268 497 et

1092 508 1212 533 venisset
1224 507 1258 533 ad

1090 542 1240 575 discipulos

1091 585 1163 609 suos,
1182 577 1283 604 invenit

1092 613 1153 640 illos
1165 613 1302 640 dormien-

1092 653 1133 675 tes
1149 657 1211 682 prae
1226 649 1312 675 tristi-

1091 684 1137 710 46.
1159 684 1205 711 tia.
1223 685 1254 711 Et
1269 684 1306 710 ait

1092 720 1161 747 illis:
1176 719 1245 753 Quid
1260 719 1325 746 dor-

1093 755 1184 782 mitis?
1198 755 1316 790 Surgite,

1092 796 1179 823 orate,
1194 798 1228 818 ne
1242 790 1348 817 intretis

1094 827 1121 853 iu
1138 826 1353 859 temptationem.

1094 861 1139 888 47.
1160 861 1256 889 Adhuc
1271 861 1310 897 (α)
1325 869 1375 888 au-

1095 902 1148 924 tem
1165 897 1184 932 ἦ-
1200 897 1246 924 illo
1258 897 1297 924 lo-

1094 938 1206 967 quente,
1219 940 1282 960 ecce

1097 969 1203 999 turbae,
1217 974 1244 995 et
1254 969 1299 1002 qui

1095 1004 1241 1031 vocibatur
1254 1003 1300 1030 Ju-

1095 1040 1156 1071 das,
1171 1047 1240 1067 unus
1252 1039 1285 1067 de
1296 1048 1342 1067 xu.

1095 1074 1274 1102 antecedebat
1285 1083 1342 1102 eos.

1097 1110 1136 1146 (ὁ)
1151 1110 1184 1137 Et
1199 1110 1372 1146 adpropiaus,

1096 1146 1237 1173 osculatus
1249 1151 1291 1173 est

1097 1182 1205 1209 Jesum:
1227 1182 1279 1209 hoc

1098 1217 1170 1245 cnim
1184 1218 1290 1253 signum

1101 1273 1107 1279 .
1149 1273 1157 1280 ο
1196 1273 1204 1280 ι
1247 1273 1254 1281 ι
1293 1273 1300 1280 ι
1340 1272 1349 1281 o
1389 1273 1395 1279 -

1099 1288 1139 1317 eis
1147 1310 1154 1321 ,
1171 1288 1265 1316 dicens
1275 1297 1282 1315 :
1297 1289 1397 1322 Quem-

1100 1331 1217 1359 cumque
1228 1332 1307 1352 oscu-

1101 1360 1172 1387 latus
1191 1359 1279 1392 l’uero,
1294 1360 1338 1388 hic

1101 1400 1152 1429 cst,
1170 1400 1261 1424 tenete
1274 1403 1337 1423 eum
1351 1396 1383 1431 1-.

1101 1431 1147 1458 48.
1169 1431 1244 1458 Dixit
1267 1437 1358 1459 autem

1103 1467 1142 1493 illi
1155 1466 1252 1494 Jesus:
1268 1467 1349 1500 Juda,

1103 1502 1197 1529 osculo
1212 1502 1310 1530 Filium

1104 1537 1223 1565 hominis
1238 1538 1341 1566 tradis?

1105 1573 1151 1601 49.
1171 1573 1249 1607 Quod
1264 1582 1325 1602 cum
1338 1574 1378 1601 vi-

1105 1609 1203 1637 derent
1217 1617 1279 1637 eum

1107 1645 1146 1678 lii,
1160 1646 1205 1681 qui
1220 1645 1292 1674 circa

909 1703 1026 1733 CODEX
1045 1702 1245 1732 BRIXIANUS.

1113 1758 1172 1778 mus
1179 1750 1280 1785 gladio.
1288 1751 1320 1778 Et
1331 1751 1463 1785 percussit
1473 1759 1542 1778 unus
1550 1758 1582 1778 ex
1595 1751 1647 1778 illis
1659 1758 1768 1779 servum
1778 1748 1888 1784 Principis

1110 1786 1299 1814 Sacerdotum.
1314 1787 1502 1821 etamputavit
1521 1787 1670 1814 auriculam
1691 1787 1751 1822 ejus
1772 1786 1886 1822 dextram.

1113 1822 1291 1857 Respondens
1306 1819 1490 1850 autem'Jesus
1509 1822 1558 1849 ait.
1581 1823 1669 1850 Sinite
1684 1819 1771 1858 usque
1791 1822 1845 1848 huc.
1864 1819 1887 1847 Et

1112 1858 1261 1886 extendens
1275 1866 1396 1885 manum.
1410 1863 1436 1885 et
1454 1862 1566 1893 tangens
1578 1859 1731 1886 auriculam
1746 1858 1812 1892 ejus.
1826 1863 1888 1893 sana:

1114 1894 1151 1921 vit
1164 1902 1236 1921 cum.
1255 1894 1327 1921 Dixit
1348 1899 1439 1921 autem
1454 1889 1533 1920 Jcsus
1547 1894 1580 1921 ad
1595 1901 1652 1921 eos.
1668 1894 1716 1927 qui
1732 1889 1851 1921 vc'nerant
1863 1889 1887 1917 ad

1114 1937 1176 1957 eum
1196 1937 1211 1956 a
1224 1929 1397 1963 Principibus
1411 1929 1598 1957 Sacerdotum.
1625 1933 1652 1956 et
1674 1926 1793 1957 Scriliae.
1810 1932 1833 1955 et
1847 1926 1888 1954 lla-

255 1752 450 1779 Verumtamen
479 1758 533 1778 non
551 1758 611 1778 mea
633 1750 769 1777 voluntas.
798 1750 846 1778 sed
871 1754 917 1777 tua
946 1750 1003 1778 liat.
1027 1749 1062 1777 Et

254 1793 372 1821 surgens
393 1787 426 1813 ab
446 1787 581 1814 oratione.
596 1790 624 1813 et
645 1786 758 1813 veniens
782 1786 814 1813 ad
836 1785 997 1820 discipulos.
1018 1786 1061 1813 in-

255 1823 331 1850 venit
341 1828 388 1849 eos
399 1822 575 1849 dormientes.
591 1829 656 1857 prae
671 1822 790 1848 tristitia.
806 1821 840 1848 Et
857 1822 895 1848 ait
912 1821 976 1849 illis.
992 1821 1061 1855 Quid

256 1857 392 1884 dormitis.
418 1857 526 1890 Surgite
548 1861 671 1884 etorate.
697 1864 730 1885 ne
759 1857 866 1885 intretis
893 1857 918 1884 in
945 1862 1062 1892 tempta-

256 1893 371 1920 tiOnem.
393 1893 424 1921 Et
448 1892 537 1920 adhuc
559 1900 592 1920 eo
617 1892 757 1927 loquente.
778 1900 844 1928 ecce
864 1893 951 1920 turba.
967 1897 995 1920 et
1017 1893 1062 1928 qui

257 1928 407 1956 vocabatur
432 1928 526 1956 Judas.
553 1935 625 1955 unus
650 1928 685 1955 de
712 1927 854 1956 duodecim
884 1929 1062 1956 antecedebat

255 1971 314 1991 eos.
340 1969 367 1991 ct
391 1964 619 1999 adpropinquavit
644 1964 678 1990 ad
702 1964 806 1991 Jesum.
834 1968 863 1991 ut
893 1965 1063 1992 oscularetur

257 2007 331 2027 eum.
348 1999 428 2027 Jesus
443 2005 535 2027 autem
550 2000 618 2027 dixit
640 2000 675 2026 ei.
694 1999 765 2027 Juda
787 2000 880 2027 osculo
895 1999 992 2027 Filium
1015 2001 1063 2027 lio—

256 2036 337 2062 minis
352 2035 448 2063 tradis.
464 2035 593 2063 Videntes
608 2039 698 2063 autem
714 2035 742 2062 hi
758 2035 803 2069 qui
817 2043 878 2062 cum
896 2036 954 2069 ipso
973 2041 1061 2063 crant.

257 2070 329 2106 quod
344 2070 463 2098 futurum
478 2076 547 2099 erat.
564 2071 691 2098 dixerunt
710 2071 745 2098 ei.
764 2071 886 2098 Domine.
904 2071 926 2098 si
947 2071 1063 2105 percuti-

293 2180 340 2208 47.
361 2180 538 2216 appropians,
552 2180 692 2208 osculatus
706 2185 748 2208 est
762 2180 866 2208 .lcsum.

293 2215 340 2243 49.
360 2215 437 2250 Quod
453 2223 514 2243 cum
528 2215 651 2243 viderent
666 2216 729 2244 hi...
751 2216 822 2251 quod
838 2215 943 2243 sciebat
954 2236 962 2248 ,
982 2215 1058 2244 dixe-

258 2255 323 2278 runt
340 2259 347 2278 :
363 2251 488 2284 Domine,
504 2251 526 2278 si
542 2252 725 2285 percutiemus
738 2251 758 2286 -ι-
771 2252 797 2278 in
809 2251 919 2286 gladio?

293 2286 339 2314 5L
358 2286 425 2316 Sine
436 2294 522 2322 usque
534 2287 597 2315 hoc.
614 2287 649 2315 Et
662 2287 785 2315 extendit
795 2294 903 2316 manum
920 2294 998 2314 suam
1011 2286 1057 2314 Je-

1113 1966 1243 2000 gistratus
1258 1966 1360 2000 templi.
1383 1970 1411 1992 et
1431 1965 1601 1992 Senioribus.

1507 220 1593 252 ipsum
1604 222 1691 249 erant,

1507 256 1633 282 dixerunt
1643 253 1667 280 ei
1678 262 1685 278 :

1508 291 1632 320 Domine,
1648 288 1699 320 vis,

1507 326 1687 361 percutietnus
1701 331 1766 361 eum

1507 359 1553 389 50.
1574 362 1603 388 in
1611 360 1721 396 gladio?
1738 359 1773 386 Et

1507 397 1665 434 percussit.
1688 416 1695 421 .
1721 415 1727 420 .

1510 454 1517 460 .
1539 454 1546 459 .
1568 439 1663 460 SIIIIIIS
1677 438 1713 458 ρι

1508 470 1561 496 illis
1572 475 1678 495 servum

1507 504 1638 539 Principis
1652 502 1703 530 Sa-

1506 540 1657 570 cerdotum,
1671 543 1700 565 et

1511 575 1662 610 amputavit
1677 573 1787 601 auricu-

1511 612 1564 638 lam
1579 612 1638 645 ejus
1651 610 1789 645 dextram.

1510 648 1555 674 51.
1577 644 1758 680 llespondens
1776 650 1821 670 at:-

1512 688 1565 709 tem
1581 682 1671 712 .lesus,
1684 680 1774 707 dixit:

1514 718 1622 745 Dimitte
1633 724 1708 744 eum.

1512 754 1547 781 Et
1558 754 1646 788 tetigit
1660 759 1757 779 aurem

1513 790 1584 822 eius,
1599 794 1626 816 ct
1638 795 1722 815 sana-

1516 826 1555 852 vit
1570 832 1642 852 eum.

1515 862 1560 888 52.
1582 862 1626 888 Ait
1638 864 1731 887 autem
1751 858 1839 885 Jesus:

1515 896 1581 924 Sine
1596 903 1680 930 usque
1696 896 1759 922 hoc.

1517 933 1549 960 Et
1564 932 1597 959 ad
1609 939 1668 963 eos,
1677 930 1724 964 qui

1515 969 1549 995 ad
1564 975 1593 994 se
1607 970 1751 995 venerant,

1515 1004 1594 1033 dixit.
1611 1001 1747 1036 Principi-

1517 1039 1567 1067 bus
1582 1037 1774 1067 Sacerdotum,

1516 1080 1542 1102 et
1557 1073 1756 1109 Slagistratibus

1518 1111 1622 1144 templi,
1637 1114 1664 1137 et
1677 1109 1728 1137 Se-

1519 1147 1654 1174 nioribus:
1669 1144 1754 1178 Quasi

1519 1182 1552 1209 ad
1568 1182 1703 1208 latronem

1520 1217 1615 1245 existis
1628 1223 1692 1244 cum
1717 1215 1774 1250 gla-

1519 1254 1582 1285 diis,
1598 1257 1624 1280 et
1646 1250 1781 1278 fustibus?

1519 1290 1564 1316 55.
1584 1289 1652 1316 Cum
1668 1285 1771 1314 cotidie

1520 1324 1660 1352 vobisutm
1677 1322 1738 1350 fue-

1521 1361 1572 1388 rim
1586 1361 1613 1387 in
1629 1364 1698 1386 tem-

1521 1397 1582 1431 plo.
1595 1403 1650 1423 non
1664 1398 1764 1422 exten-

1522 1431 1602 1459 distis
1614 1432 1641 1458 in
1654 1438 1700 1458 me

1525 1475 1621 1494 manus
1634 1476 1641 1493 :
1655 1466 1707 1494 sed

1525 1503 1593 1530 haec
1608 1503 1673 1530 hora

1524 1544 1566 1567 est
1580 1543 1669 1566 vestra
1679 1560 1687 1570 ,

1525 1579 1554 1603 et
1569 1578 1692 1608 potestas
1712 1578 1752 1601 te-

1527 1610 1685 1638 nebrarum.

1528 1646 1573 1673 5t.
1594 1646 1628 1673 Et
1636 1644 1847 1681 conprehensum

1618 1966 1700 1998 Quasi
1721 1966 1753 1992 ad
1777 1964 1887 1991 latronem

1116 1999 1240 2028 ieuistis.
1257 1999 1320 2028 cuni
1332 2001 1440 2036 gladiis.
1462 2006 1489 2028 et
1505 2001 1631 2028 fustibus.
1645 2001 1757 2028 cottidie
1771 1999 1887 2036 vobiscum

1114 2044 1188 2063 eram
1205 2037 1230 2063 in
1248 2031 1359 2070 templo.
1372 2043 1399 2063 et
1413 2044 1467 2063 non
1482 2037 1623 2063 inmisistis
1641 2036 1668 2063 in
1685 2045 1728 2064 me
1740 2041 1837 2063 manus.
1851 2031 1887 2059 sed

1115 2071 1182 2099 haec
1195 2077 1237 2099 est
1252 2079 1300 2099 ora
1315 2076 1416 2099 vestra.
1428 2076 1455 2100 et
1466 2076 1584 2107 potestas
1596 2072 1779 2100 tenebrarum.
1793 2071 1821 2098 Et
1830 2075 1889 2096 com-

907 2128 1025 2156 CODEX
1037 2129 1275 2158 CORBEIENSIS.

1109 2189 1165 2213 sus,
1179 2186 1207 2209 et
1219 2182 1306 2217 tetigit
1323 2189 1396 2213 eum,
1413 2186 1439 2208 et
1454 2180 1639 2217 redintegrata
1654 2183 1696 2207 est
1708 2179 1784 2217 auris
1794 2177 1854 2217 (ἠμε-

1147 2212 1192 2244 52.
1215 2218 1247 2244 Et
1268 2212 1302 2244 5d
1316 2225 1363 2244 eos
1376 2238 1384 2250 ,
1403 2217 1449 2251 qui
1468 2216 1502 2243 ad
1524 2223 1554 2243 se
1564 2212 1716 2249 Evenerant,
1732 2214 1797 2243 dixit
1809 2212 1887 2242 lctus.

1111 2252 1284 2288 Principibus
1300 2252 1479 2281 Sacerdotum
1496 2256 1550 2279 etc.

874 2332 1073 2361 VARIANTES
1093 2332 1295 2361 LECTIONES.

1150 2380 1160 2395 ⁸
1177 2380 1231 2405 Gal.
1244 2383 1267 2405 et
1280 2382 1339 2405 Mm.
1360 2380 1429 2412 Dixit
1443 2380 1475 2404 ei.
1489 2379 1563 2412 Vulg.
1576 2380 1619 2404 ait.

292 2381 300 2395 ¹
320 2381 381 2413 lllm.
392 2380 560 2413 decurrentes
572 2382 606 2406 in.
622 2380 701 2413 Vulgo
713 2381 915 2413 decurrentisiln.

291 2412 301 2426 '
319 2411 372 2445 Gal.
383 2411 431 2436 illis
442 2420 448 2437 :
458 2413 568 2443 Surgite,
579 2415 606 2437 et
614 2411 692 2437 orate.
704 2411 778 2445 Vulg.
791 2411 839 2437 illis
850 2420 856 2438 :
866 2412 930 2442 Quid
942 2411 1064 2436 dormitis?

263 2442 374 2473 Surgite,
389 2446 469 2468 orate.

294 2474 303 2489 ³
322 2474 362 2498 Ila
376 2474 428 2499 Gal.
441 2477 464 2499 et
475 2475 551 2505 Mm,
567 2473 642 2506 Vulg.
658 2475 819 2506 percutimus.

1149 2412 1159 2427 '
1176 2412 1230 2436 Gal.
1244 2414 1267 2436 el
1278 2413 1338 2436 Mm.
1359 2411 1448 2436 Sinite.

1150 2442 1160 2457 ⁸
1177 2432 1231 2467 6&2:
1244 2432 1496 2473 'éi”iiih."i‘iiiﬁinm
1522 2442 1551 2467 ad
1567 2441 1687 2467 latronem
1708 2439 1812 2466 venlstis.
1828 2432 1885 2466 Vulg-

1117 2472 1192 2503 Quasi
1204 2473 1233 2498 ad
1244 2473 1364 2498 latronem
1373 2472 1468 2498 existis.

607 2535 750 2555 LECTIONES
762 2535 864 2555 CODICIS
878 2533 1084 2555 VINDEBONENSIS
1096 2535 1233 2556 ABEUNTES
1245 2536 1277 2555 ΑΒ
1292 2535 1418 2555 EDITIONE
1430 2535 1565 2556 VULGA'I‘A.

1113 2576 1164 2598 tom
1182 2574 1229 2598 illis
1242 2574 1315 2598 Jesus
1329 2581 1334 2597 :
1346 2575 1399 2598 sine
1412 2581 1490 2604 usque
1508 2573 1594 2598 adhoc.
1607 2572 1637 2598 Et
1656 2571 1789 2597 cxlendens
1799 2570 1884 2605 ungui“

1113 2611 1181 2629 suam
1193 2605 1277 2634 .lcsus,
1292 2606 1372 2635 tetigit
1392 2602 1457 2633 cum,
1471 2608 1497 2629 ct
1515 2606 1682 2635 redintegrata
1701 2607 1741 2635 gst
1758 2602 1817 2635 auris
1835 2602 1882 2635 9119}

1112 2635 1151 2660 52.
1167 2637 1192 2661 lit
1203 2628 1232 2661 ad
1247 2628 1303 2667 eis,
1322 2628 1363 2666 lim
1378 2638 1406 2660 ad
1418 2628 1457 2660 sc'
1467 2628 1687 2667 {unci-antrpdlxit,
1700 2628 1882 2667 Principibusff;

1112 2668 1239 2692 Cerdolum
1250 2687 1255 2697 ,
1271 2662 1487 2697 ct'Magistratihus
1503 2666 1587 2697 templi
1595 2662 1605 2696 ’,
1619 2670 1645 2691 et
1656 2662 1794 2690 Senioribus
1805 2662 1881 2689 :U'm"

1113 2699 1153 2724 55.
1167 2698 1225 2723 Cum
1233 2699 1366 2724 colidie....
1379 2699 1401 2722 in
1419 2705 1458 2722 mc
1471 2704 1608 2723 mannm....
1623 2698 1782 2722 tenebrarum.

934 2751 1120 2780 BLANCHINI
1139 2752 1253 2780 ΝΟΤᾹΞ.

294 2800 333 2835 (u)
350 2800 428 2837 Addit
446 2806 548 2832 autem,
562 2801 722 2837 etiathcx.
736 2800 784 2828 Gr.
797 2799 835 2828 δέ.
847 2815 892 2837 7-—
907 2800 944 2836 (b)
961 2800 995 2827 Et
1008 2801 1043 2827 ita
1057 2800 1117 2828 cod.
1134 2800 1214 2828 Cant.
1231 2802 1389 2837 misy/lca;
1413 2801 1510 2837 ἐφίλησε
1526 2800 1692 2837 τὸνξΙησ-εὖν.
1711 2794 1883 2837 τοᾷςοογάςῇξξξ

258 2829 332 2875 prius
345 2835 459 2875 é§a3émt
471 2829 570 2875 αὺτοές,
585 2835 629 2875 ⁸ογ
641 2835 671 2863 ἄν
682 2837 778 2872 φιλήσω
791 2836 867 2875 «ut-{3;
876 2829 948 2875 gen;
959 2836 1047 2875 (deest
1060 2841 1139 2875 tenete
1152 2838 1235 2868 eum).
1263 2829 1325 2863 ΙΙςὲέ
1339 2829 1407 2864 torte
1428 2829 1477 2865 'ex'
1492 2836 1627 2872 prioribus
1639 2829 1805 2869 Evangelistis
1826 2829 1883 2853 mar-

260 2870 314 2902 giui
329 2871 474 2903 minutum,
491 2873 597 2898 landum
621 2872 646 2898 in
663 2870 764 2898 textum
781 2871 861 2899 codd.
876 2870 953 2899 Cant.
964 2870 998 2900 ‘ct
1013 2872 1103 2900 Veron
1115 2873 1260 2907 irrepscrc.

290 2574 330 2598 Η.
343 2574 407 2605 sicut
417 2576 502 2605 guttae
513 2575 636 2602 sanguinis
655 2574 826 2598 (ἰρειιπτριιιιις.
859 2574 898 2600 46.
913 2575 937 2599 in
953 2577 1059 2605 tempta-

258 2606 359 2630 tionem.
394 2604 433 2628 47.
447 2604 532 2636 Adhuc
545 2610 625 2629 autem
638 2605 679 2629 illo
692 2606 819 2636 loquente,
835 2612 893 2630 ecce
903 2604 1019 2631 turbae...
1035 2608 1059 2629 et

258 2636 405 2667 approplans
415 2635 538 2667 osculatus
550 2641 587 2659 ost
610 2636 706 2661 losum,
726 2635 775 2660 its.
792 2637 860 2661 Dixit
872 2640 955 2662 autem
968 2636 1001 2661 illi
1014 2635 1059 2661 Je-

257 2665 300 2691 sus
315 2674 320 2691 :
334 2665 404 2699 Juda.
437 2665 476 2691 £9.
487 2667 555 2696 Quod
578 2674 632 2691 cum
654 2669 767 2693 riderent
782 2669 819 2696 lii,
837 2669 879 2699 qui
898 2670 962 2693 circa
981 2669 1059 2699 ipsum

258 2701 338 2727 erant,
347 2697 493 2723 dixerunt...
506 2699 526 2722 si
539 2700 706 2729 percuticmus
720 2700 743 2722 iu
755 2697 853 2729 gladio.‘
877 2699 919 2724 5l.
936 2697 1007 2724 Dixit
1018 2706 1060 2723 au-
