1951 3104
61 141 108 168 697

230 196 337 224 CODle
357 190 628 224 VERCELLENSIS.

445 245 518 275 dam,
532 243 617 270 dixit:

445 278 514 306 Vere
529 283 557 306 et
573 278 616 306 hic

445 322 505 342 cum
521 314 584 342 .lcsu
599 322 631 342 e-

445 354 507 383 rat;
523 358 584 377 nam
598 355 624 377 et

445 386 581 413 Galilaeus

448 426 499 449 est.

449 457 493 485 60.
515 457 585 484 Dixit
596 463 685 485 autem

446 492 557 521 Petrus:
577 492 632 520 Ho-

445 536 500 561 mo.
518 528 610 556 nescio

446 564 509 599 quid
525 563 602 592 dicis.

447 600 481 627 Et
495 599 626 634 protinus,

447 635 535 662 adhuc
549 635 660 670 loquen-

448 675 473 698 tc
490 671 550 703 illo,
564 671 652 705 gallus

446 707 573 733 cantavit.

445 742 489 769 6t.
510 742 543 769 Et
557 749 671 769 conver-

444 785 491 805 sus
507 778 646 810 Dominus,
660 785 718 805 res-

448 813 522 845 pexit
535 813 655 840 Petrum.

448 848 481 876 Et
494 856 627 876 rememo-

447 889 523 912 ratus
536 890 577 912 est
589 884 640 912 Pe-

447 924 506 947 trus
520 920 630 947 verbum

448 956 552 982 Domini
566 957 575 971 ²
591 956 661 982 sicut

445 991 487 1026 (ιι)
501 991 570 1018 dixit
587 991 622 1018 uu
639 991 659 1026 ψ
672 1001 678 1017 ε
692 991 746 1019 An-

448 1031 473 1054 te
487 1035 567 1062 quam
583 1027 639 1061 gal-

448 1063 490 1089 lus
503 1067 593 1090 eantet
606 1083 614 1095 ,

52 252 104 272 sum
118 248 199 271 autem

51 288 105 308 cum
119 279 229 306 adduxe-

52 321 107 343 ruut
121 315 144 341 iu
158 314 203 341 do-

51 359 116 378 mum
133 350 204 377 Ponti
213 365 218 367 -

50 387 109 414 ﬁcis.
124 386 212 413 Petrus

50 426 128 449 autem
142 428 231 456 seque-

50 458 120 484 batur
130 465 143 484 τι
164 457 218 484 lon—

49 493 87 520 55.
105 500 143 527 ge.
162 492 269 520 lncenso

50 534 127 555 autem
142 528 199 562 igne
251 557 259 563 _

49 564 71 591 iu
85 563 165 591 medio
178 564 242 590 atri~

48 607 71 630 ο,
85 604 108 626 et
119 598 260 626 conseden-

49 635 119 665 tibus,
132 634 166 671 (b)
182 634 320 669 sedebat-1‘

48 671 130 698 Petrus
144 670 167 696 in
183 678 238 697 me-

47 706 86 733 dio
100 705 209 733 illorum.

47 741 85 768 56.
103 741 179 775 Quem
194 749 252 769 cum
266 742 291 769 vi
298 757 308 762 -

47 777 119 804 disset
132 784 210 811 quae-

47 812 98 839 dam
119 812 197 839 ancil-

47 847 76 881 la,
87 850 182 875 intuens

47 891 107 916 eum,
121 884 196 910 dixit:

47 919 74 946 Et
86 918 124 946 hic
133 926 164 946 ex
177 919 228 946 illis
242 924 295 952 est,

47 955 82 989 qui
95 962 148 982 cuni
164 962 195 982 eo

48 990 83 1017 57.
101 996 180 1017 erant.
197 991 234 1017 Ad
250 990 296 1018 ille

47 1025 77 1060 (ε)
89 1026 96 1040 ί
109 1026 205 1059 negavit
216 1026 247 1061 1-,
258 1026 300 1053 di-

47 1068 115 1088 cens:
130 1061 228 1095 Mulier,

47 1104 92 1123 non
105 1098 159 1124 novi
449 1102 490 1125 ter
502 1106 544 1124 tne
556 1105 632 1132 nega-

47 1132 84 1159 58.
97 1140 161 1160 eum.
179 1133 211 1160 Et
224 1140 320 1168 egres-
449 1134 489 1160 bis
507 1139 533 1161 te
546 1134 626 1160 scire.

48 1175 95 1204 sum
105 1168 171 1195 illum
450 1169 495 1196 (ιδ.
517 1169 551 1196 Ει
565 1168 632 1200 viri,
651 1168 695 1204 qui
710 1175 774 1195 con-

48 1202 74 1229 ad
86 1203 182 1237 januam
451 1205 570 1232 tiuebant

49 1239 101 1266 tidit
115 1239 177 1272 alia;
193 1244 220 1267 et
451 1240 526 1267 illum
539 1261 546 1273 ,
561 1240 634 1267 deri-

49 1274 78 1300 ait
98 1294 103 1301 .
123 1295 129 1301 .
150 1295 157 1302 .
178 1296 185 1303 .
204 1296 210 1302 .
234 1294 241 1302 .
264 1296 271 1302 .
294 1295 301 1302 .
327 1295 334 1303 .
450 1276 636 1303 debanteum.

49 1314 130 1337 erant:
146 1310 177 1337 Et
196 1311 238 1338 hic

49 1344 91 1372 luit
102 1354 156 1373 cutn
169 1345 231 1374 Jesu

50 1380 180 1409 Nazarene.

52 1416 78 1442 Et
87 1424 170 1444 rursus

50 1453 143 1486 negavit
156 1460 214 1480 cum

49 1486 183 1522 jurejuran-

50 1522 87 1561 ξιξ).
105 1524 144 1550 ιΙο.
168 1524 250 1558 Quem
265 1532 334 1561 pau-

50 1557 72 1583 lo
84 1565 136 1592 post
148 1557 205 1587 cuin

49 1593 142 1622 vidisset
156 1596 198 1631 qui
206 1611 211 1616 -

451 1312 495 1338 64.
520 1311 551 1338 Et
562 1332 568 1344 ,
582 1311 740 1346 cooperien.

452 1351 493 1373 les
507 1347 601 1374 faciem

452 1382 522 1409 illius
532 1403 539 1414 ,
553 1390 648 1416 pereu-

453 1418 574 1449 tiebant;
589 1422 617 1444 et
627 1418 667 1445 in-

452 1453 626 1488 terrogabant

452 1489 526 1517 illum
539 1510 545 1518 .
558 1489 651 1516 dicen-

454 1530 495 1552 tes
510 1533 515 1550 :
532 1524 644 1551 Proruti-

453 1569 482 1587 za
495 1581 502 1592 ,
515 1560 574 1595 quis
587 1564 630 1587 est

453 1597 499 1631 qui
517 1603 627 1631 percus-

561 137 676 166 EVANG
683 137 786 165 ELIUM
805 136 989 167 SECUNDUM
1011 136 1141 165 LUCAM.

1625 138 1677 165 G98

1093 195 1209 223 CODEX
1229 196 1453 225 VERONENSIS.

879 241 956 268 illum
967 240 1100 270 duxerunt
1297 245 1366 271 laeto
1381 244 1463 271 horae

880 277 906 304 in
918 277 1026 304 domum
1298 280 1390 312 unius,
1403 280 1471 306 alius

879 312 1013 348 Principis
1029 313 1078 341 Sa-
1298 316 1464 343 contendens
1473 336 1479 348 ,
1491 315 1533 343 di-

879 348 1030 376 cerdotmn.
1300 352 1338 378 xit
1354 361 1359 376 :
1379 351 1445 378 Vere
1460 356 1486 378 et

880 383 975 411 Petrus
986 391 1051 411 vero
1299 387 1341 414 hic
1354 395 1414 413 cum
1430 387 1476 413 illo

879 419 1044 456 sequebatur
1298 427 1373 456 erat,
1389 430 1450 450 nam
1463 426 1492 449 ct

880 453 927 490 (a)’
935 455 1010 483 illum
1024 455 1044 490 ἰ-
1298 453 1432 486 Galilaeus
1446 461 1497 486 est.

879 493 994 525 alonge.
1300 493 1344 522 60.
1367 494 1399 521 Et
1412 494 1452 521 ait

881 526 926 554 55.
947 527 1069 554 Accenso
1083 532 1173 555 autent
1298 529 1392 557 Petrus
1406 538 1412 556 :

880 562 936 596 igni
950 562 976 590 in
991 570 1048 590 me-

1298 565 1385 592 Homo
1399 586 1405 597 ,
1423 565 1514 593 nescio

880 598 925 625 dio
939 599 1023 631 atrio,
1040 603 1067 625 et

1298 601 1361 635 quid
1377 601 1461 628 dicas.

880 633 1080 671 circumseden—
1298 633 1332 664 Et
1344 637 1473 664 continuo
1483 657 1491 671 ,

882 669 967 700 libus.
985 669 1022 704 (ὸ)
1035 677 1077 696 sc-
1298 672 1387 699 adhuc
1400 672 1447 700 illo

881 704 962 743 debat
976 710 1003 743 et
1018 707 1038 740 ’ξ-
1299 708 1426 743 loquente
1437 728 1445 740 ,

881 740 977 778 Petrus
988 741 1014 767 in
1028 748 1084 768 me-
1297 740 1385 778 gallus
1398 749 1491 771 cauta-

881 775 926 803 dio
940 783 1044 803 eorum.
1298 775 1345 806 vit.

881 811 925 839 56.
947 812 1032 845 Quem
1047 820 1106 839 cum
1122 811 1161 839 vi-

883 847 921 874 dit
938 847 1034 874 ancilla
1048 855 1092 875 sc-

883 883 991 910 deutem
1003 884 1035 910 ad

884 918 973 945 lumen
984 939 991 951 ,
1008 919 1115 946 intuens

882 954 954 980 illum
965 975 973 986 ,
988 953 1053 982 dixit
1071 963 1076 981 :

880 989 914 1016 Et
930 989 973 1016 hic
983 990 1016 1016 de
1029 990 1069 1017 eis

880 1030 922 1052 est
934 1046 940 1058 ,
954 1025 1071 1060 quicum

881 1061 939 1095 ipso
953 1066 1031 1089 erant

881 1104 999 1131 setnper.

882 1132 926 1159 57.
948 1132 987 1159 Ad
999 1132 1043 1159 ille
1057 1132 1091 1167 (ι’)
1106 1142 1154 1162 ne-

882 1167 955 1202 gavit
968 1168 988 1203 ’ί-
1003 1189 1010 1199 ,
1029 1168 1121 1197 dicens
1137 1180 1144 1197 :

882 1203 993 1237 Mulier,
1006 1212 1059 1231 non

883 1239 946 1266 novi
962 1239 1048 1267 illum.

883 1274 928 1301 58.
951 1276 984 1302 Et
999 1277 1095 1303 itcrtitn

884 1314 946 1345 post
957 1311 1085 1345 pusillutu

885 1345 982 1373 videns
993 1355 1054 1374 eutn

884 1381 937 1408 alia
947 1402 954 1414 ,
966 1382 1035 1410 dixit
1047 1392 1053 1410 :

885 1416 973 1445 Homo
984 1439 990 1451 ,
1004 1423 1032 1446 et
1046 1424 1073 1446 tu

885 1460 1215 1482 cum.........

885 1496 948 1515 eras
960 1497 1078 1524 semper.

887 1524 936 1560 Qui
952 1525 1092 1560 respondit
1106 1534 1113 1552 :

887 1558 946 1596 Non
957 1558 1016 1587 sum
1030 1568 1092 1596 ego.

887 1594 932 1622 59.
955 1596 987 1623 Et
996 1617 1002 1629 ,
1016 1594 1160 1624 intervallo

1298 815 1330 842 6t
1337 834 1344 842 .
1365 815 1399 842 Et
1412 821 1560 842 conversus

1299 851 1429 878 Dominus
1441 871 1448 883 ,
1460 858 1519 878 res-

1300 887 1373 921 pexit
1387 886 1507 913 Petrum.

1301 922 1335 949 Et
1349 929 1482 949 rememo-

1300 964 1374 985 ratus
1389 962 1430 984 est

1298 993 1394 1021 Petrus
1406 1001 1469 1021 ver-

1298 1028 1361 1056 bum
1375 1028 1480 1056 Domini
1491 1049 1499 1061 ,

1297 1064 1367 1091 sicut
1379 1065 1421 1098 (d)
1432 1064 1473 1091 di-

1299 1100 1339 1127 xit
1351 1100 1389 1127 illi
1403 1100 1444 1135 1-:

1302 1135 1431 1170 Priusqua
1436 1143 1461 1162 m

1301 1171 1389 1206 gallus
1402 1175 1506 1203 cantet,

1303 1212 1344 1233 lel‘
1357 1215 1399 1233 tne
1414 1214 1461 1234 ue-

1301 1242 1378 1276 gabis
1392 1241 1428 1278 (ρ)
1444 1243 1491 1268 1ιο-

1302 1278 1346 1304 die
1360 1277 1441 1305 nuesc
1456 1277 1488 1313 1-.

1303 1314 1348 1341 63.
1369 1313 1403 1340 Et
1418 1313 1468 1340 viri
1478 1333 1486 1345 ,

1304 1349 1349 1383 qui
1366 1349 1495 1376 tenebant

1305 1392 1366 1411 eum
1377 1405 1383 1417 ,
1396 1384 1474 1411 inlu-

1305 1420 1404 1447 debant
1419 1427 1479 1447 eum
1488 1439 1496 1452 ,

1303 1455 1426 1482 dicentes
1441 1463 1448 1481 :

1303 1490 1463 1525 Prophetiza

1306 1526 1384 1553 nobis
1395 1547 1401 1557 ,
1413 1526 1473 1560 quis

1306 1566 1348 1588 est
1365 1561 1409 1595 qui
1425 1568 1450 1588 te

1306 1596 1351 1624 65.
1374 1595 1527 1632 percussit?
1543 1599 1570 1622 ct

697 1652 814 1679 CODEX
836 1652 1032 1684 BRIXIANUS.

51 1700 231 1734 prebettdenles
254 1710 332 1730 eum.
350 1702 485 1730 duxerttnt
510 1702 542 1728 ad
566 1702 676 1729 domum
701 1701 837 1736 Principis

49 1736 219 1773 Sacerdotum.
239 1739 343 1766 Petrus
366 1746 432 1765 vero
453 1738 617 1772 sequebatur
644 1737 684 1773 (α)
708 1737 806 1772 cum1~
821 1744 835 1763 a

51 1771 126 1807 longe.
143 1774 262 1801 Accenso
290 1780 378 1801 autent
403 1774 456 1808 igni
472 1771 499 1800 in
515 1773 603 1801 medio
628 1771 709 1800 atrio.
734 1777 761 1799 et
781 1771 836 1799 cir-

52 1809 253 1844 cumsedentibus
270 1810 338 1837 illis.
356 1809 393 1844 (ιι)
409 1810 520 1836 sedebat
536 1815 561 1836 et
578 1809 598 1844 -ι-
614 1809 720 1836 Petrus.
738 1809 764 1835 in
779 1816 837 1835 me—

52 1843 88 1870 dio
99 1852 195 1872 eorum.
218 1847 309 1879 Quem
326 1843 388 1872 cum
402 1845 514 1872 vidisset
534 1843 631 1872 ancilla
648 1844 779 1879 quaedam
794 1852 838 1871 se-

53 1878 144 1915 dentem
159 1881 190 1907 ad
207 1878 311 1915 ignem.
329 1886 355 1908 et
376 1881 482 1907 intuens
498 1888 559 1907 eum
575 1878 702 1907 dixitJCt
717 1880 759 1906 llic
775 1886 836 1906 cum

53 1913 90 1941 illo
102 1921 164 1944 erat.
182 1913 229 1944 Ille
239 1923 333 1944 autem
350 1916 384 1950 (ε)
402 1916 508 1950 negavit
522 1915 543 1951 -ι-
557 1916 661 1942 dicens.
674 1915 767 1942 Mulier
784 1923 835 1941 non

54 1951 103 1986 novi
117 1959 185 1978 cum.
203 1952 234 1979 Et
249 1953 348 1979 iterum
363 1957 423 1986 ptlsl
440 1951 566 1985 pusillum
581 1951 678 1978 ridens
689 1959 751 1979 eum
767 1951 837 1977 alius

54 1985 118 2013 dixit.
133 1987 216 2015 Homo
232 1992 260 2015 et
275 1993 303 2014 tu
320 1985 379 2014 cum
393 1988 438 2014 illo
453 1995 645 2020 erassemper.
661 1987 706 2014 Pet
714 1994 759 2013 rus
773 1994 838 2013 vero

53 2021 91 2047 ait.
104 2023 124 2049 0
139 2023 227 2050 homo.
252 2031 308 2050 non
325 2031 394 2050 sum.
421 2024 454 2049 Et
468 2031 529 2050 cum
554 2023 752 2049 intercessisset
774 2029 836 2056 spa-

55 2056 108 2084 tiqu
119 2059 193 2086 mlius
208 2059 295 2086 horae
310 2059 418 2094 quidam
432 2058 592 2085 adﬁrmabat
606 2057 711 2085 dicens.
727 2057 796 2085 Vere
811 2062 839 2084 et

887 1702 932 1730 hic
946 1711 1009 1731 cum
1026 1704 1073 1731 illo
1085 1709 1154 1732 erat.
1166 1704 1232 1731 Nam
1246 1709 1271 1731 et
1287 1704 1424 1731 Gulilaeus
1439 1708 1490 1731 est.
1511 1702 1581 1730 Dixit
1598 1705 1689 1729 autem

889 1739 995 1766 Petrus.
1014 1740 1111 1767 llomo.
1125 1741 1218 1767 nescio
1232 1740 1295 1774 quid
1308 1739 1386 1766 dicis.
1405 1739 1436 1766 Et
1453 1739 1585 1766 continuo
1599 1737 1689 1764 adhuc

886 1783 920 1802 eo
936 1775 1074 1810 loquente.
1091 1776 1178 1810 gallus
1193 1776 1322 1802 cantavit.
1340 1776 1371 1802 Et
1385 1782 1534 1802 conversus
1548 1774 1688 1810 Dominus.

887 1809 1008 1845 respexit
1023 1809 1144 1838 Petrum.
1172 1811 1203 1838 Et
1219 1811 1376 1838 recordatus
1392 1815 1435 1837 est
1451 1811 1557 1837 Petrus.
1574 1809 1688 1845 verbum

886 1843 1005 1873 Domini.
1021 1847 1089 1874 sicut
1111 1846 1150 1881 (ά)
1165 1847 1232 1873 dixit
1247 1847 1270 1873 ei
1286 1846 1317 1882 1-.
1337 1847 1403 1880 Quia
1420 1847 1494 1881 prius
1508 1853 1588 1882 quam
1600 1843 1689 1882 gallus

888 1886 989 1909 cantet.
1007 1887 1049 1909 ter
1064 1879 1242 1916 ine'negavis.
1259 1879 1430 1916 Et'egressus
1444 1879 1628 1908 foras’l’etrns
1643 1879 1691 1906 tle-

891 1919 940 1945 vit.
953 1926 1055 1945 amare.
1075 1918 1108 1945 Et
1119 1918 1169 1944 viri
1181 1918 1226 1952 qui
1243 1918 1371 1944 tenebant
1385 1925 1446 1944 eum
1462 1916 1617 1943 inludebanl
1630 1922 1691 1952 eum

889 1954 1036 1981 caedentes
1061 1958 1088 1980 ct
1108 1949 1231 1980 velantes
1245 1958 1325 1987 caput
1347 1953 1418 1986 ejus.
1443 1951 1631 1986 percutiebant
1651 1949 1695 1987 _l'a-

890 1990 958 2017 ciem
982 1990 1051 2023 ejus.
1075 1994 1102 2016 et
1118 1985 1318 2023 interrogabant
1343 1985 1405 2015 eum
1422 1988 1556 2015 dicentes.
1575 1985 1696 2020 Prophe-

891 2026 941 2052 tiza
956 2026 1016 2060 quis
1032 2030 1072 2052 est
1085 2025 1128 2059 qui
1146 2031 1170 2051 te
1185 2025 1330 2058 percussit.

687 2114 804 2142 CODEX
817 2113 1054 2142 CORBEIENSIS.

84 2164 122 2191 56.
141 2166 249 2192 intuens
263 2165 352 2197 illum,
367 2163 434 2191 dixit
452 2163 476 2191 ei
493 2173 499 2190 :
519 2164 550 2191 lit
562 2163 605 2190 hic
618 2162 652 2190 de
666 2162 705 2190 eis
722 2167 779 2193 est,
796 2162 841 2197 qui

56 2206 106 2226 cum
122 2200 178 2235 ipso
193 2206 272 2228 erant
288 2208 407 2234 semper.

85 2233 175 2264 SSXI-Zt
191 2242 218 2264 tu
231 2244 294 2264 cum
319 2233 366 2263 illo
385 2243 446 2263 eras
463 2242 580 2269 semper.
600 2234 650 2268 Qui
671 2233 812 2271 respondit
833 2242 839 2259 :

56 2269 104 2297 Non
119 2279 174 2299 sum
189 2280 250 2307 ego.

85 2306 123 2334 50.
144 2308 189 2341 Et,
205 2304 348 2336 intervallo
360 2306 431 2334 facto
445 2306 529 2334 horae
544 2305 634 2339 unius,
647 2305 716 2332 alius
730 2304 839 2340 quidatn

893 2161 1062 2189 contendens
1077 2160 1155 2188 dixit.

929 2197 973 2224 61.
997 2202 1036 2224 ter
1053 2204 1095 2223 me
1111 2196 1222 2228 negabis
1237 2195 1326 2221 hodie.

929 2233 965 2259 65
978 2237 1002 2259 et
1021 2231 1066 2259 64.
1088 2232 1119 2259 Ει
1135 2232 1205 2263 viri,
1219 2232 1262 2264 qui
1280 2230 1407 2257 tenebant
1425 2229 1517 2260 illum,
1537 2227 1696 2264 reiaverttnt

893 2276 971 2301 eum,
986 2273 1013 2295 et
1030 2267 1215 2300 percutiebant
1229 2263 1290 2294 cum
1307 2287 1313 2296 ,
1330 2270 1357 2292 et
1372 2264 1520 2291 illudebant
1532 2264 1541 2279 ³
1557 2271 1635 2295 eum,
1652 2263 1693 2289 di-

893 2308 986 2331 centes
1002 2313 1008 2330 :
1026 2302 1200 2338 Proplictiza.

673 2364 871 2393 VARIANTES
886 2362 1090 2391 LECTIONES.

84 2414 90 2429 ¹
108 2416 163 2440 Nm.
176 2417 209 2441 ait
223 2423 230 2442 :
242 2416 297 2446 Ego
309 2422 357 2440 non
370 2422 432 2440 sum.

83 2446 92 2460 ¹
107 2446 156 2472 Gut.
178 2444 278 2472 Domitii
299 2448 348 2477 sui,
362 2448 425 2471 sicut
434 2446 505 2471 dixit.
524 2445 596 2479 Vulg.
616 2445 714 2470 Domini
730 2444 793 2469 sicut
804 2444 842 2468 di-

896 2413 977 2436 xerat.

929 2443 938 2457 ³
955 2443 1015 2466 Mm.
1029 2441 1066 2472 ei,
1085 2441 1205 2466 dlcentes.
1219 2439 1257 2464 Et.

385 2496 529 2517 LECTIONES
542 2495 644 2516 CODICIS
654 2493 859 2515 VINDKBONENSIS
873 2492 1009 2513 ABEUNTES
1023 2492 1055 2511 ΑΒ
1070 2491 1197 2511 EDITIONE
1217 2490 1349 2510 \‘UI.GATA.

83 2534 118 2559 56.
131 2535 156 2559 Et
168 2535 372 2566 comprehensum
394 2533 468 2563 illum,
482 2534 607 2566 duxerunt
626 2534 650 2558 in
666 2533 795 2566 domum...
808 2538 849 2556 se-

59 2566 169 2596 quebatur
179 2564 236 2590 cum
246 2574 259 2590 a
273 2567 353 2596 longe.
387 2567 426 2590 55.
439 2565 488 2593 igni
502 2565 526 2589 in
544 2565 627 2589 medio
638 2564 703 2596 atrii,
717 2564 848 2596 circumse-

59 2595 125 2620 ilcbat
138 2601 161 2622 et
172 2598 262 2621 Petrus
274 2598 297 2621 in
310 2594 401 2622 medio.
433 2596 514 2621 56.l-It
533 2596 593 2620 vidit
613 2595 699 2619 ancilla
717 2594 847 2619 sedentem

60 2627 83 2649 ad
95 2627 186 2657 lumen,
200 2632 227 2652 et
241 2629 338 2653 intuens
351 2628 432 2655 illum.
447 2627 509 2651 dixit
523 2634 528 2650 :
547 2627 577 2650 Et
590 2627 629 2651 hic
640 2627 672 2650 de
687 2627 723 2651 eis
733 2628 768 2650 est
779 2645 785 2655 ,
805 2625 848 2657 (illi

901 2534 927 2555 et
950 2534 976 2555 tu
993 2536 1065 2562 rcum_
1076 2529 1116 2553 illo
1136 2535 1191 2562 eras
1207 2529 1328 2559 semper?
1350 2528 1396 2562 Qui
1419 2527 1564 2562 respondit:
1579 2525 1699 2562 Non__su_m

900 2568 958 2588 ego.
991 2561 1030 2586 59.
1055 2560 1117 2585 facto
1139 2561 1212 2584 horae
1242 2557 1327 2588 unius.
1354 2560 1416 2584 alius
1439 2557 1610 2586 contendens,
1627 2557 1699 2581 dixit.

934 2592 1005 2624 .quid
1017 2592 1091 2616 dicas.
1114 2592 1164 2624 rtil.
1188 2591 1218 2624 Et
1229 2594 1407 2624 renti-moratus
1419 2594 1457 2614 est
1469 2590 1558 2624 Petrus
1567 2588 1700 2624 verborum

899 2620 1010 2652 Domini,
1023 2625 1086 2647 sicut
1105 2622 1169 2647 dixit
1191 2622 1222 2647 illi
1238 2629 1244 2647 :
1259 2622 1330 2646 Prius
1347 2629 1468 2652 quam.....
1484 2621 1594 2650 negabis.
1613 2620 1703 2643 Versus

61 2663 106 2681 cum
119 2660 167 2688 ipso
182 2653 255 2683 erant
271 2666 376 2689 Semper.
411 2653 451 2683 57.
470 2658 506 2683 Ad
529 2658 570 2682 ille
590 2658 688 2688 negavit
700 2658 732 2681 ei.
815 2653 849 2680 Ἐι
898 2654 1023 2689 82._d_eest.
1056 2655 1096 2679 65.
1110 2654 1246 2689 illudebant
1255 2660 1321 2689 eum.
1333 2653 1362 2678 Et
1375 2653 1518 2689 vela-verunt
1527 2653 1701 2689 eunucltiper-

62 2687 138 2714 iterum
153 2694 205 2721 post
219 2687 350 2722 pusillum,
370 2690 456 2714 viduus
477 2696 534 2714 eum
550 2687 705 2718 aliusfdixit
726 2696 732 2714 :
753 2687 847 2717 Homo,

898 2686 1025 2711 cutiebant
1046 2692 1116 2716 eum,
1138 2688 1163 2709 et
1182 2686 1396 2716 interrogabant...
1426 2684 1569 2715 l’ropbetila
1591 2680 1669 2705 nobis.

698 2740 881 2769 BLANCIIINI
903 2739 1018 2768 NOT/E.

93 2790 128 2825 (rt)
140 2791 220 2819 Addit
234 2792 318 2824 illum,
332 2792 412 2819 etiam
426 2791 487 2819 cod.
499 2791 579 2817 Cant.
590 2788 759 2826 αὐτῷχϐιῆι.
774 2796 843 2826 eum.
858 2802 894 2826 -_—
908 2787 945 2822 (b)
968 2786 1004 2813 Ita
1018 2790 1044 2826 et
1059 2791 1116 2826 lex.
1142 2785 1180 2813 Gr
1205 2786 1309 2826 ὲκᾴθητο
1322 2789 1374 2826 atat.
1391 2782 1567 2826 Olllrissgrillil,
1582 2780 1705 2826 po/s‘lt‘rfr:

761 2814 797 2845 έ-
812 2822 848 2859 (σ)
858 2814 925 2850 Ροεί
935 2814 1045 2863 itegqoit,
1060 2821 1265 2864 deest‘cmulain
1280 2817 1548 2864 ευιξὲιᾳιξςιρυεμρᾟξιέ

65 2852 549 2897 ειιεὶξῖῇνλῐό
572 2861 670 2897 hodie,
688 2852 910 2897 adduntq‘uoque
924 2852 1064 2897 versieiies
1086 2856 1165 2897 Copi.
1178 2877 1188 2896 ._
1202 2853 1431 2897 Arab.._/Etliiop.
1454 2857 1481 2879 et
1495 2852 1560 2878 Sax.
1581 2853 1703 2886 σήμερον.

65 2890 131 2924 non}:
144 2890 209 2926 vero
221 2890 417 2928 adduntrcodd.
434 2890 513 2927 Cani.
530 2902 557 2925 et
572 2897 641 2924 alius
652 2892 700 2924 Gr.
710 2896 779 2930 apud
795 2890 919 2927 “illium,
933 2896 967 2929 μὴ
982 2890 1073 2919 eum.
1087 2902 1128 2926 με.
1144 2890 1217 2918 Brix.
1233 2895 1255 2916 te
1267 2890 1342 2916 scire.
