1951 3104
73 132 118 161 729

220 185 344 215 CODEX
363 183 637 214 VERCELLENSIS.

69 235 109 263 ubi
124 239 176 262 erat
189 234 283 266 lesus;
468 232 513 259 10.
536 231 570 259 Ut
582 237 670 259 autem
682 231 753 260 scia-

72 275 96 298 et
107 269 144 306 (a)
159 269 262 297 dimise-
469 269 513 299 tis,
531 268 591 302 quia
608 275 657 306 po-

71 303 126 333 rutit
134 303 157 339 '1-
168 312 226 340 gra-
468 307 593 340 testatem
611 303 657 340 lia-

72 338 179 372 battum;
191 340 232 367 ubi
469 339 513 365 bet
527 338 611 365 Filius
626 338 673 365 ho-

72 375 221 411 paralyticus
468 374 548 400 minis
562 381 643 408 super

71 411 203 438 decumbe-
467 413 568 437 terram
581 416 623 436 re-

70 447 119 474 bat.
467 443 590 471 mittendi

69 482 94 510 5.
110 480 171 509 Cum
186 481 294 509 vidisset

467 484 589 516 peccata,
607 479 635 516 ('
646 479 684 507 ait

69 522 148 544 autem
159 515 233 544 Jesus

467 515 617 550 paralytico
631 516 653 549 :)

68 551 138 580 ﬁdem
149 551 204 579 illo—
467 549 511 578 ll.
533 549 594 578 Tibi
607 549 668 578 dico
683 558 762 579 :sur—

67 595 130 620 rum,
143 586 178 614 ait
190 594 235 622 pa-
468 593 512 621 ge,
525 586 588 613 tolle
602 593 663 620 gra-

67 622 167 658 ralytico
179 621 246 650 :'Fi-
468 622 572 649 battum
586 626 629 658 tu-_

67 657 93 691 li,
103 656 240 685 'remitlun-
469 665 512 683 um
522 678 529 688 .
545 662 571 683 et
583 656 649 683 vade

68 698 105 720 tur
117 693 157 720 libi
173 700 235 728 pec-
468 692 559 719 domui
576 697 648 728 tuae.

65 732 116 755 cata
129 726 182 755 tua."
468 727 512 753 12;
534 728 565 754 Et
582 727 626 754 ille
640 726 744 755 confes-

65 763 86 791 6.
106 763 184 791 Erant
197 767 291 792 autem
468 763 514 789 tim
531 770 656 796 surgens,

466 798 573 824 sublato
587 806 646 831 gra-

66 798 163 833 quidam
177 807 208 826 ex

466 834 540 860 batto
552 833 561 848 ³
572 840 662 860 coram

65 834 150 861 scribis
163 835 196 861 ibi

64 868 185 902 sedentes.
200 875 227 898 et
466 868 601 901 omnibus,

63 905 197 939 cogitantes
467 904 532 931 abiit
542 913 548 937 ;
568 904 603 930 ita
624 909 651 930 ut

63 940 85 966 in
98 941 216 969 cordibus
467 944 608 974 stuperent

63 975 119 1009 suis,
130 975 165 1011 (ιι)
178 976 272 1004 dicen-
466 982 571 1005 omnes.
588 979 615 1001 ct
630 974 680 1001 lIO-

63 1010 84 1037 7.
103 1015 139 1038 tes
150 1010 170 1044 -ι-
184 1020 190 1037 :
207 1011 280 1044 Quid
293 1011 337 1040 hic
467 1011 643 1037 unriticarent

62 1045 96 1081 sic
110 1045 241 1081 loquitur?
467 1046 562 1078 Deum,
578 1045 669 1072 diceti-

62 1080 227 1116 blaspliemat.
467 1086 518 1111 tes.
534 1088 682 1115 numquam

62 1115 119 1149 Quis
131 1122 215 1151 potest
467 1117 555 1144 taliter
568 1116 651 1143 vidis-

62 1152 186 1181 remittere
465 1159 495 1179 sc
509 1159 549 1180 se.

466 1187 511 1215 15.
528 1188 561 1214 Et
572 1186 638 1214 exiit
651 1187 747 1215 iterum

466 1222 546 1251 Iesus
558 1223 591 1264 ad
607 1230 692 1264 mare.

466 1264 492 1286 et
505 1262 593 1285 omnis
609 1262 667 1285 tur-

61 1193 168 1220 peccata,
183 1189 234 1216 nisi

63 1229 122 1249 unus
135 1224 218 1252 Deus?

63 1257 84 1295 8.
104 1258 133 1285 Et
150 1259 185 1295 (ε)
198 1267 264 1288 cum
277 1266 378 1295 cogno-

62 1293 134 1320 visset
146 1293 166 1323 -l-
175 1293 255 1323 Iesus
314 1293 323 1295 ⁷
466 1293 499 1321 ba
513 1294 642 1321 convenit

62 1327 83 1355 in
97 1328 133 1365 (ά)
144 1327 265 1366 ι’δρὶιιίιιι
277 1330 308 1366 1-.
322 1331 392 1366 quod
466 1329 588 1366 adeum.
605 1332 631 1356 et
644 1328 693 1356 do-

62 1364 200 1399 cogitarent
285 1364 289 1366 ⁷
330 1364 339 1366 “
466 1364 544 1392 cebat
560 1364 633 1391 illos.

62 1399 122 1427 intra
135 1408 173 1434 se,
188 1402 228 1429 di-
466 1400 510 1427 14.
527 1400 560 1427 Et
571 1400 700 1434 praeteri-

62 1434 94 1471 μὴ
105 1435 154 1463 illis
168 1446 176 1465 :
188 1437 259 1471 Quid
465 1443 524 1467 ens,
541 1435 608 1471 vidit
621 1434 656 1470 (f)
674 1435 741 1463 “Ja-

62 1468 118 1508 haec
129 1468 210 1508 cogi:
466 1471 564 1508 cobum
575 1470 595 1505 -ι-
610 1468 709 1505 Alphe—

63 1506 116 1534 tnlis
128 1507 152 1534 in
163 1506 228 1535 'cor-

62 1539 130 1569 dibus
142 1543 238 1571 vestris
248 1544 263 1571 ?

102 1576 166 1616 Quid
178 1583 222 1616 est
232 1578 298 1607 raci-

62 1611 105 1639 lius
117 1613 224 1642 dicere?

62 1646 145 1682 Surge,
158 1653 185 1676 et
196 1650 247 1677 tol-

61 1681 81 1708 le
92 1681 237 1716 grabaltum

60 1720 134 1752 tuum,
147 1724 173 1747 et
187 1727 232 1747 va-

59 1752 88 1779 de
98 1753 183 1783 domui
200 1760 245 1783 tu-

59 1794 86 1814 ae
99 1797 104 1814 :
118 1795 161 1817 aut
172 1791 245 1820 dice-

61 1824 105 1851 re?
117 1825 220 1854 Remit-

61 1863 141 1888 tuntur
154 1862 200 1889 tibi

60 1900 157 1929 peccata
173 1901 229 1925 tua.

466 1506 485 1539 i,
500 1506 639 1534 sedentem

465 1542 499 1569 ad
516 1541 662 1572 teloneum,

466 1582 494 1604 et
506 1577 544 1604 ait
558 1577 612 1603 illi:
628 1576 677 1604 Sc—

485 1620 549 1640 uere
563 1619 617 1639 me.

488 1652 497 1675 ι
509 1654 669 1681 exsurgens,

464 1688 573 1711 secutus
587 1687 631 1710 est

464 1727 539 1747 eum.

466 1755 509 1783 15.
526 1754 558 1782 Ει
573 1753 672 1782 factum
686 1759 739 1788 est,

464 1790 504 1826 (ῃ)
517 1790 689 1826 (1150111111κη-

466 1825 537 1853 tibus
550 1826 590 1852 eis
605 1825 625 1860 ’ί-
640 1826 666 1853 in

466 1861 548 1889 domo
562 1860 632 1888 illius
642 1882 649 1894 ,

468 1896 542 1925 multi
554 1896 637 1931 publi~

574 125 797 155 EVANGELIUM
816 125 1000 155 SECUNDUM
1022 125 1176 155 MARCUM.

1646 129 1700 157 7.".0

1114 183 1230 215 CODEX
1252 184 1478 215 VERONENSIS.

899 232 943 260 ubi
957 236 1016 260 erat
1026 240 1034 265 ;
1317 232 1390 260 niam
1407 238 1524 268 potesta-

898 271 927 295 et
936 267 975 303 (a)
991 275 1065 295 sum-
1318 273 1372 296 tem
1387 267 1469 297 habet

899 302 1030 330 miserunt
1040 302 1060 338 ἰ-
1319 304 1402 332 Filius
1415 304 1466 332 ho-

898 339 1068 373 grabbatum,
1317 339 1399 367 minis
1412 347 1456 368 re-

898 374 926 401 in
934 381 988 409 quo
1317 375 1441 403 mittendi

899 409 1064 452 paralyticus
1317 415 1448 452 peccata,"

896 445 1013 480 iacebat.
1330 446 1367 473 ait
1399 454 1460 474 ara-

898 482 926 508 5.
937 479 1005 507 Cum
1019 479 1102 507 vidis—
1317 445 1361 509 11.
1379 454 1460 519 Edico
1474 482 1496 519 :)
1511 481 1578 510 Sur-

898 520 941 552 set
953 519 1043 552 autem
1317 524 1361 552 ge,
1376 517 1440 545 tolle

898 551 977 587 Jesus
989 551 1068 578 ﬁdem
1317 553 1469 587 grabattum

898 586 1017 619 illorum.
1318 586 1403 621 tuum,
1418 594 1446 616 et

898 623 936 663 ait
952 622 1059 663 paraly-
1317 624 1385 663 vade
1398 625 1425 652 in

899 657 953 684 tico
965 667 972 684 :
986 657 1049 691 Fili,
1317 659 1428 687 domum

899 692 1024 730 remissa
1319 695 1363 722 12.
1377 700 1460 723 tuam.
1475 694 1535 730 Ipse

898 733 961 755 sunt
978 727 1025 755 tibi
1318 736 1408 758 autem
1421 738 1481 758 sur-

899 768 1021 801 peccata.
1319 773 1395 801 gens,
1412 770 1455 793 tu-

899 799 1027 837 Q._Erant
1039 803 1130 827 autem
1319 799 1349 829 lit
1362 809 1423 837 gra-

901 833 937 861 ibi
949 833 1058 869 quidam
1320 833 1423 865 bat'tum
1442 844 1489 865 co-

900 869 935 896 de
950 870 1052 897 Scribis
1320 880 1377 900 ram
1392 872 1528 904 omnibus.

901 905 1039 941 sedentes,
1054 912 1081 933 et
1320 912 1347 935 et
1361 908 1443 941 abiit;
1460 908 1498 936 ita

900 940 1051 980 cogitantes
1322 948 1350 970 ut
1359 963 1366 976 ,
1380 943 1523 980 mirantes,

902 976 928 1002 in
936 976 1070 1016 cordibus
1322 979 1534 1016 l_ionorillcarent

902 1011 969 1043 suis,
985 1011 1024 1050 (ὁ)
1037 1011 1078 1039 di-
1323 1014 1361 1050 (e)
1379 1014 1462 1042 Deum
1473 1013 1513 1049 1';

902 1050 995 1084 centes
1007 1050 1044 1084 τι
1322 1050 1449 1084 quoniam

903 1081 930 1108 7.
945 1081 994 1109 Hic
1008 1082 1132 1117 blasphe—
1323 1081 1413 1113 {aliter
1427 1092 1482 1112 non

902 1122 967 1144 mat.
982 1117 1048 1151 Quis

902 1157 992 1187 potest
1004 1153 1096 1180 dimit-

1323 1121 1387 1147 talia
1403 1120 1538 1148 viderant.

1322 1156 1369 1184 I5.
1388 1156 1423 1184 Et
1440 1155 1507 1183 exiit

1322 1191 1421 1219 iterum
1435 1197 1514 1219 secus

1322 1234 1408 1261 mare,
1421 1232 1530 1254 omnes-

1320 1270 1373 1296 que
1392 1262 1471 1290 turba
1485 1260 1577 1289 venie-

1322 1297 1367 1325 bat
1378 1298 1412 1325 ad
1425 1304 1499 1329 eum,

1319 1338 1347 1361 et
1359 1333 1476 1361 docebat

1320 1368 1363 1396 14.
1385 1375 1443 1396 cos.
1465 1367 1575 1395 Etcum

903 1192 959 1215 tere
975 1194 1096 1222 peccata,

902 1224 954 1251 nisi
968 1224 1044 1250 solus

901 1259 928 1286 8.
946 1259 1017 1286 Deus
1030 1259 1042 1286 ?
1056 1260 1115 1293 Quo

900 1293 940 1356 Sc)
957 1295 1065 1336 cognito
1076 1296 1096 1330 νι-

916 1337 980 1356 esus
993 1338 1018 1356 in
1034 1329 1074 1356 (di
1087 1338 1096 1356 s

916 1337 982 1366 esus
993 1332 1018 1357 in
1034 1329 1142 1366 (dispi-

901 1364 959 1405 ritu_
970 1364 1001 1400 τ,
1021 1364 1086 1401 quid

900 1404 1070 1442 cogitarent“
1320 1404 1492 1442 praeteriret,

901 1436 971 1476 intra
987 1443 1028 1470 se,
1044 1436 1085 1464 di-
1320 1436 1389 1466 vidit
1404 1438 1440 1474 (ί)
1456 1438 1501 1466 Ja—

901 1475 940 1498 xrt
953 1471 1010 1509 illis
1020 1480 1026 1497 :
1038 1471 1108 1509 Quid
1320 1474 1417 1501 cobum
1425 1474 1446 1509 -ι-
1457 1508 1461 1509 ν

900 1507 1027 1541 cogitatis
1040 1508 1068 1534 in
1319 1508 1401 1541 Atrei,
1415 1507 1512 1536 seden-

900 1542 1028 1569 cordibus
1043 1550 1091 1570 ve-
1320 1550 1375 1573 tem
1389 1544 1423 1571 ad
1439 1549 1479 1571 te-

900 1576 927 1604 9.
944 1577 1029 1614 stris?
1043 1577 1114 1612 Quid
1318 1580 1439 1614 laneum,
1454 1584 1482 1606 et

900 1617 942 1649 est
956 1612 1081 1649 facilius?
1318 1615 1356 1643 ait
1368 1615 1406 1642 illi
1421 1612 1436 1642 εν
1445 1615 1547 1649 Seque-

900 1647 993 1676 dicere
1007 1648 1059 1675 Pa-
1321 1658 1351 1679 re
1364 1658 1418 1678 me.
1435 1650 1469 1677 Et

899 1683 1014 1724 ralytico
1025 1692 1033 1711 :
1044 1683 1098 1712 Re—
1320 1693 1434 1721 surgens
1442 1706 1450 1719 ,
1467 1691 1544 1712 secu-

900 1726 982 1747 missa
997 1724 1062 1747 Slllll
1321 1727 1365 1749 tus
1379 1725 1422 1749 est
1435 1728 1508 1748 eum.

1321 1757 1366 1785 15.
1387 1757 1420 1784 Et
1433 1756 1533 1783 factum

1319 1796 1371 1826 est,
1385 1791 1425 1828 (g)
1439 1792 1495 1828 dis-

1319 1827 1510 1855 cumbentibus

1321 1863 1374 1890 illis
1387 1862 1408 1898 ἰ-
1424 1863 1451 1890 ἰη
1466 1862 1515 1890 do-

1321 1906 1376 1931 mo,
1392 1898 1468 1926 multi

900 1759 1009 1789 peccata
1021 1759 1065 1782 tua
1078 1762 1086 1782 :

899 1795 946 1818 aut
957 1791 1048 1818 dicere
1059 1791 1071 1818 τ

899 1826 997 1861 Surge.
1012 1831 1040 1854 et
1054 1834 1110 1853 am-

899 1861 945 1889 10.
961 1862 1034 1889 bula.
1051 1861 1087 1889 Ut

899 1897 1004 1930 sciatis,
1018 1904 1086 1932 quo-

710 1964 827 1993 GODEX
846 1964 1044 1994 BRIXIANUS.

61 2011 97 2038 ubi
111 2013 270 2041 eratJesus.
285 2013 528 2049 etpatcl‘acientes.
547 2014 730 2049 submiserunt
752 2014 847 2048 graba-

63 2050 121 2085 l_um.
133 2049 158 2085 in
167 2057 227 2085 quo
243 2048 408 2085 paralyticus
421 2050 537 2084 jucebat.
550 2048 618 2085 Cum
632 2050 744 2085 vidisset
758 2054 848 2075 autem

60 2080 128 2121 {esus
141 2080 219 2112 ﬁdem
233 2080 353 2121 illorum.
372 2086 408 2112 ait
421 2080 571 2119 paralytico
586 2084 637 2112 Flli
659 2084 769 2121 dimissa
786 2089 849 2121 sunt

60 2117 100 2155 tibi
114 2125 219 2153 peccata
232 2125 287 2147 tua.
301 2120 384 2147 Erant
398 2117 487 2148 autem
500 2117 569 2147 illic.
582 2120 689 2155 quidam
702 2120 736 2146 de
747 2119 849 2146 Scribis

60 2152 175 2190 §Edetlles
190 2160 218 2182 et
230 2155 380 2190 cogitantes
395 2156 420 2182 in
440 2156 568 2183 cordibus
582 2152 649 2183 suis.
665 2155 734 2188 Quid
749 2155 791 2181 hic
811 2154 850 2181 sic

61 2186 364 2227 loquiturlitaspl'iemat3
380 2192 446 2224 Quis
461 2196 549 2225 potest
559 2186 703 2218 dimittere
726 2195 846 2227 peccata.

61 2224 116 2264 nisi
144 2226 218 2253 solus
243 2225 328 2264 Deus.
350 2226 429 2264 Quod
452 2224 553 2264 statim.
575 2224 744 2264 cognoscens
768 2226 846 2264 Jesus

60 2262 145 2299 ipl'ritu
160 2269 220 2288 suo.
236 2262 308 2299 quod
323 2262 358 2289 ita
372 2263 522 2299 cogitarent
547 2262 616 2299 intra
639 2270 678 2299 se.
690 2262 755 2299 dicit
780 2262 844 2299 illis.

61 2291 121 2332 Quid
135 2295 184 2332 ista
200 2291 324 2331 cogitatis
345 2298 371 2324 in
381 2291 508 2325 cordibus
520 2298 626 2325 vestris.
644 2297 712 2332 Quid
724 2302 766 2325 est
778 2297 843 2325 laci-

62 2327 107 2356 lius
129 2331 221 2359 dicere
236 2327 405 2367 ‘paralytico.
442 2333 616 2360 Dimittuntur
649 2327 699 2360 Tibi
736 2338 845 2368 peccata

62 2367 109 2392 tua.
131 2372 176 2395 aut
198 2368 289 2396 dicere
316 2369 402 2404 Surge
428 2368 491 2396 tolle
505 2368 646 2404 grabatum
658 2367 773 2397 tuum'et
789 2377 847 2396 aui-

902 2013 973 2050 bula.
988 2013 1023 2041 Ut
1037 2019 1126 2041 autem
1141 2014 1242 2050 sciatis.
1258 2009 1700 2050 quiapotestatemhabetFilius

902 2048 1020 2084 hominis
1028 2056 1109 2084 super
1121 2054 1191 2077 terra
1201 2046 1352 2076 dimittendi
1362 2052 1481 2083 peccata.
1492 2047 1528 2072 ait
1541 2046 1701 2084 paralytico.

901 2083 960 2111 Tibi
972 2084 1033 2112 dico
1043 2082 1122 2119 surge
1135 2085 1199 2111 tolle
1210 2085 1347 2119 grabatum
1357 2089 1429 2110 tuum
1439 2084 1538 2119 etvadc
1554 2082 1579 2108 in
1590 2082 1700 2119 domum

902 2123 974 2146 tuam
999 2119 1031 2147 Et
1055 2115 1146 2147 sta'tim
1170 2115 1223 2147 ille
1239 2119 1367 2147 surrexit.
1391 2123 1418 2146 et
1444 2117 1552 2144 sublato
1577 2115 1701 2151 grabato.

901 2155 968 2182 abiit
981 2162 1074 2183 coram
1100 2155 1235 2183 omnibus.
1252 2154 1289 2181 ita
1317 2160 1345 2180 ut
1368 2153 1570 2191 admirarentur
1596 2157 1702 2191 omnes.

902 2191 1152 2228 ctliouorilicarent
1183 2191 1267 2218 Deum
1280 2190 1413 2228 dicentes.
1430 2188 1496 2228 Quia
1507 2194 1652 2222 numquam
1665 2188 1704 2228 sic

899 2226 1025 2254 vidimus.
1055 2226 1089 2253 Et
1115 2233 1241 2261 egressus
1270 2229 1314 2252 est
1338 2225 1435 2261 iterum
1459 2225 1651 2261 juxtaniare.
1676 2226 1704 2248 et

900 2262 989 2289 omnis
1004 2257 1227 2290 turba.ve'niebat
1237 2260 1270 2287 ad
1286 2267 1347 2287 eum
1364 2264 1391 2287 et
1398 2257 1576 2287 docebateos.
1586 2257 1618 2284 Et
1627 2263 1704 2291 prae-

901 2298 1002 2324 leriens
1013 2297 1079 2325 vidit
1090 2297 1171 2324 Leviu
1184 2296 1290 2330 Alphei.
1309 2295 1449 2323 sedentem
1471 2294 1504 2321 ad
1530 2293 1700 2330 tlieloueum.

900 2338 927 2360 ct
941 2335 979 2360 ait
991 2333 1039 2360 illi.
1055 2334 1175 2367 Sequere
1188 2327 1241 2358 me.
1251 2331 1284 2358 Et
1292 2338 1405 2365 surgens
1416 2333 1575 2367 s‘equtusest
1587 2334 1661 2355 eum.
1670 2327 1705 2367 Et

900 2370 999 2397 iactum
1021 2373 1072 2396 cst.
1092 2363 1153 2396 cum
1169 2363 1352 2395 discumberet
1375 2366 1402 2394 in
1418 2363 1527 2393 domum
1539 2364 1608 2399 ejus.
1623 2363 1701 2390 multi

694 2426 810 2455 CODEX
823 2426 1061 2456 CORBEIENSIS.

95 2471 134 2499 l2.
167 2473 316 2508 Numquam
329 2473 419 2501 taliter
432 2473 558 2502 vidimus.

94 2508 134 2535 lt.
155 2509 221 2537 vidit
235 2509 364 2537 Jacobum
381 2509 490 2544 Alphei.

940 2473 984 2501 l5.
1006 2472 1106 2500 factum
1117 2476 1160 2499 est
1174 2469 1407 2499 discumbentibus
1419 2469 1472 2497 illis
1486 2468 1513 2496 in
1524 2466 1704 2502 domoejus...

901 2510 991 2543 multi,
1006 2508 1053 2544 qui
1066 2507 1087 2544 -ι-
1099 2511 1126 2536 et
1138 2507 1223 2535 secuti
1237 2510 1315 2534 erant
1325 2513 1397 2534 eum.

673 2565 870 2595 VARIANTES
890 2564 1095 2595 LECTIONES.

90 2612 98 2645 ξ
114 2611 165 2645 (ξω.
178 2612 269 2643 Spit-itu
281 2613 379 2645 Sancto,
392 2614 463 2645 quia.,
474 2612 546 2644 Vulg.
559 2612 647 2644 spiritu
656 2618 710 2643 suo,
723 2612 788 2643 quia.

89 2642 99 2676 ξ
114 2643 166 2676 Gut.
179 2642 236 2668 tunc
247 2644 288 2668 ait.
305 2642 377 2676 Vulg;
390 2642 433 2670 ait.

91 2673 100 2688 ³
115 2675 173 2699 Mm.
194 2680 273 2699 coram
285 2673 398 2700 omnibus
413 2675 483 2706 tulit,
497 2675 529 2700 ita
549 2678 583 2700 ut.
606 2673 679 2706 Vulg.
695 2675 756 2699 abiit
770 2680 851 2699 coram

901 2613 1022 2643 omnibus,
1035 2613 1068 2638 ita
1079 2616 1114 2637 ut.

936 2643 948 2659 ⁸
964 2644 1019 2669 Gat.
1029 2647 1052 2669 et
1062 2644 1122 2669 Mm.
1135 2642 1213 2668 Levin
1224 2642 1321 2674 Alphei.

718 2716 899 2745 BLANCHINI
918 2716 1036 2744 NOTAE.

95 2764 132 2800 (si
144 2764 222 2792 Deest
234 2765 425 2800 ραιείαοίεηιεε,
437 2765 463 2792 ὶη
476 2763 591 2792 Vercell.
606 2763 704 2791 Veron.
717 2768 745 2791 et
759 2763 820 2791 cod.
833 2763 911 2791 Cant.
924 2762 1013 2800 τω)
1028 2761 1109 2800 Addit
1122 2762 1245 2800 dicentes,
1262 2761 1343 2788 etiam
1354 2759 1416 2800 cod.
1438 2759 1516 2800 cant.
1536 2759 1661 2800 λέγεντες.
1673 2772 1708 2778 -

63 2800 94 2835 tt)
107 2799 176 2827 Ante
188 2799 299 2835 cognita,
327 2801 403 2829 deest
416 2803 512 2834 statim,
542 2801 568 2827 iu
584 2799 644 2827 cod.
666 2807 774 2835 quoque

63 2808 94 2832 tt)
107 2808 176 2827 ante
188 2808 299 2835 cognata,
327 2808 403 2829 deest
416 2808 512 2834 statim,
542 2809 568 2827 Ill
584 2808 644 2827 cuu.
666 2808 720 2835 quo
742 2808 748 2826 |

62 2833 94 2867 (ρ)
108 2834 274 2873 Ρρςιρρυηι,
291 2836 367 2873 deest
380 2835 609 2873 dicentestetiam
637 2835 662 2862 iu
688 2808 749 2863 cod.

63 2874 86 2896 οι
101 2870 158 2899 00d.
179 2870 255 2900 (Ζὰηι.
283 2871 465 2908 “faulty-how
479 2870 569 2901 «0+6».

797 2799 875 2827 Cant.
887 2793 1052 2835 —(d)'P'ost
1067 2798 1170 2835 spiritu.
1187 2797 1265 2835 deest
1287 2803 1345 2835 suo,
1356 2795 1487 2835 lctiamlin
1503 2793 1656 2835 ςοιιίῦδιμιζ
1670 2807 1707 2835 :-

777 2833 857 2863 Cant.
872 2849 906 2855 -
926 2827 1009 2870 (‘n'lta
1025 2838 1052 2861 et
1064 2827 1125 2861 cod.
1137 2827 1215 2860 Cant.
1232 2831 1290 2859 Lat.
1307 2827 1342 2857 et
1353 2829 1401 2857 Gr.
1429 2829 1556 2857 Ἰάκωϐον.
1572 2842 1606 2849 -
1618 2827 1658 2863 (g)
1670 2827 1707 2857 Ita
