3902 6208
519 232 626 292 745

909 352 1141 410 CODEX
1186 352 1725 410 VERCELLENSIS.

1355 458 1444 504 tur
1471 449 1576 505 illis
1606 449 1705 503 de-

1355 522 1499 575 licta.

1357 592 1444 647 13.
1492 593 1558 646 Et
1585 590 1724 646 dixit
1753 591 1836 647 eis
1866 607 1879 644 :
1910 589 2040 647 Nes-

524 447 823 506 ascenden-

521 531 630 578 tem
649 564 663 588 ,
687 531 742 577 et
768 519 918 602 adfe:

518 603 728 649 rentem
756 606 877 646 cum
899 600 1236 648 incremento
1261 630 1275 657 ,

521 679 689 719 unum
725 664 739 694 '
767 677 894 716 xxx.
1352 663 1476 718 citis
1494 663 1634 717 hanc

518 744 575 790 et
599 748 762 788 unum
1355 733 1706 802 parabolam?

518 821 606 862 ιχ.
653 845 666 858 .
714 846 725 858 .
777 843 788 856 .
828 844 841 858 .
876 819 966 859 um
1352 812 1406 858 et
1432 804 1705 874 quomodo

518 877 572 931 9.
607 875 666 931 C.
700 875 786 930 Et.
831 914 845 928 .
890 915 904 930 .
952 913 966 928 .
1010 875 1146 931 bat:
1351 889 1541 930 omnes
1562 890 1657 945 pa-

516 946 638 1012 Qui.
684 983 701 1000 .
745 985 760 1000 .
792 955 850 1003 et
1351 946 1568 1008 rabolas
1594 945 1724 1001 scie-

515 1031 676 1072 aures
698 1017 852 1072 audi-
1353 1017 1438 1072 14.
1481 1017 1548 1072 tis
1577 1017 1600 1070 ?
1628 1017 1728 1083 Qui
1748 1016 1826 1073 lo-

516 1087 665 1156 endi,
697 1087 850 1144 audi-
1349 1089 1531 1158 quitur
1561 1103 1681 1143 ver-

1349 1159 1501 1222 bum,
1519 1160 1673 1214 serit.

513 1167 607 1241 at;
664 1169 718 1241 9!
751 1158 844 1241 qui
874 1159 954 1213 ίη-

1351 1231 1436 1285 15.
1468 1229 1532 1285 Hi
1560 1240 1741 1285 autem
1769 1281 1771 1283 .

514 1230 740 1300 tellegit,
771 1230 858 1284 in—

514 1301 738 1371 tellegat
761 1300 826 1370 1—.
1349 1310 1496 1366 sunt,
1532 1300 1603 1370 (f)
1636 1305 1726 1371 qui
1751 1317 1842 1358 se-

511 1372 600 1426 10.
634 1372 723 1436 Et,
755 1385 878 1426 cum
914 1379 1058 1427 esset
1349 1387 1444 1427 cus
1473 1373 1612 1426 viam
1638 1387 1724 1428 se-

511 1457 759 1498 seorsum
792 1483 808 1507 ,
1351 1442 1538 1498 minati
1560 1451 1686 1497 sunt
1711 1443 1753 1513 1-
1768 1485 1784 1510 ,

512 1513 593 1638 te)
627 1513 928 1584 interroga-
1348 1514 1438 1582 qui
1472 1513 1762 1638 neglegen-

553 1593 647 1638 ant
673 1599 796 1638 eum
1351 1593 1432 1638 ter
1452 1600 1546 1638 ver
1586 1599 1675 1638 um

553 1593 647 1640 ant
673 1599 796 1638 eum
1351 1593 1432 1638 181⁸
1452 1593 1675 1640 verbum

509 1653 762 1724 discipuli
1349 1655 1683 1725 suscipiunt;

511 1726 618 1791 sui,
647 1738 916 1792 quaenam
1349 1733 1424 1789 et,
1451 1724 1574 1781 cum
1605 1724 1793 1782 audie-

509 1804 660 1851 esset
690 1796 824 1850 haec
1347 1796 1476 1858 rint.
1496 1811 1618 1852 con-

511 1868 531 1937 ?
563 1866 916 1937 parabola-l‘?
995 1936 998 1937 ν
1084 1935 1092 1937 Α
1346 1865 1526 1922 feSIim
1549 1883 1641 1923 ve-

510 1935 610 2009 11.
633 1936 702 2009 Et
722 1935 801 2009 (ά)
823 1935 953 1993 dicit
974 1936 1015 2009 -ι-
1045 1935 1124 1994 eis
1154 1954 1168 1992 :
1349 1938 1430 1992 nit
1456 1938 1704 2004 Satanas,

513 2006 680 2064 Vobis
707 2006 893 2063 datum
991 2006 1000 2009 ⁷
1348 2018 1404 2064 et
1431 2010 1571 2064 tollit
1594 2025 1712 2065 ver-

511 2087 596 2133 est
620 2093 857 2149 cognos-
1352 2079 1504 2151 bum,
1535 2081 1677 2151 quod

511 2163 637 2205 cere
668 2159 870 2220 myste.
1350 2150 1675 2208 semina’tum

510 2223 652 2290 rium
682 2235 808 2290 reg-
1347 2231 1432 2277 est
1462 2223 1483 2254 ³
1515 2223 1567 2277 in
1599 2221 1776 2278 cordi-

509 2289 563 2346 ni
595 2290 689 2345 Dei
718 2289 768 2355 ;’
1346 2291 1448 2348 bus
1477 2308 1688 2348 eorum.

508 2361 619 2436 illis
634 2370 849 2436 autem,
1347 2362 1436 2418 16.
1478 2364 1547 2419 Et
1581 2364 1660 2436 (g)
1680 2364 1733 2418 hi
1749 2373 1874 2420 sunt
1896 2364 1936 2432 -ί-
1971 2405 1984 2429 ,
2013 2365 2106 2434 qui

507 2431 602 2505 qui
628 2431 762 2505 foris
782 2443 935 2505 sunt,
1344 2448 1509 2505 super
1539 2431 1722 2504 petro-

508 2502 564 2558 in
596 2539 611 2556 .
656 2540 671 2556 .
698 2502 922 2561 ‘rabolis
1343 2502 1667 2560 sa'sem'ina-

506 2587 619 2646 om.
655 2613 672 2630 .
719 2613 732 2627 .
765 2574 956 2631 dicun-
1344 2574 1385 2630 ti
1409 2584 1554 2639 sunt,
1585 2577 1697 2646 qui,

510 2643 599 2699 12.
626 2653 714 2699 tur
742 2660 756 2697 :
789 2684 806 2700 .
849 2687 863 2702 .
886 2646 1044 2704 viden
1343 2660 1466 2701 cum
1496 2643 1683 2701 audie-

1342 2718 1452 2772 rint
1485 2718 1709 2773 verbum
1739 2759 1753 2783 ,

1344 2789 1590 2857 protinus
1619 2803 1744 2844 cum

1338 2860 1535 2930 gaudio
1557 2861 1716 2930 7exci-

1341 2929 1498 2999 piunt
1524 2929 1646 2986 illut
1673 2945 1690 2996 ;

508 2723 615 2783 tes,
638 2715 878 2785 videant,

508 2794 565 2842 et
591 2800 698 2842 non
722 2788 812 2842 vi-'

508 2856 708 2922 deant;
741 2867 909 2914 etau-

505 2927 740 2996 dientes,
771 2944 878 2986 non

506 2998 849 3081 intellegant;
1340 2998 1428 3057 17,
1481 3011 1535 3058 et
1562 3016 1685 3081 non.
1703 3000 1906 3059 habent

507 3083 576 3124 ne
597 3073 734 3126 forte
753 3085 838 3127 re-
1339 3107 1356 3127 .
1391 3109 1406 3125 .
1437 3112 1450 3124 .
1485 3112 1498 3125 .
1526 3087 1646 3130 cem
1671 3073 1726 3128 in

505 3149 810 3206 vertantur,
1335 3158 1429 3207 se,
1458 3146 1552 3200 sed
1588 3155 1716 3200 tem.
1753 3185 1766 3199 .

505 3219 558 3265 et
587 3209 866 3266 dimittan—
1337 3215 1487 3270 ranei
1515 3225 1672 3270 sunt:

1055 231 1327 294 EUSEBII
1363 231 1703 291 VERCELL.
1744 231 2197 292 EVANGELIUM
2237 233 2380 291 CUM
2422 231 2650 293 VARUS
2684 231 2842 291 COD.
2874 231 3270 294 COLLATUM.

3713 230 3813 289 ’Νι

2647 352 2881 409 CODEX
2923 351 3250 409 VERONEN
3260 350 3381 409 SIS.

3051 447 3356 502 remittatur
3382 443 3510 499 illis.

3051 519 3142 573 13.
3177 518 3244 572 Et
3264 518 3340 572 ait
3369 515 3477 570 illis
3511 531 3524 566 :

3048 588 3280 645 Nescitis
3305 588 3445 642 hanc

2218 448 2456 531 dentem,

2217 527 2274 574 et
2301 527 2694 576 increscentem
2728 559 2744 583 ,

2216 598 2270 644 et
2295 590 2374 660 (α)
2401 591 2611 648 adferet
2639 591 2679 661 1-

2218 658 2380 716 unum
2421 678 2554 717 xxx.
2654 658 2661 661 ⁷
3049 658 3510 716 similitudinem?

2214 740 2269 788 et
2307 735 2604 803 unumfu.
3049 740 3103 803 et
3131 745 3355 802 quomo-

2214 812 2268 857 et
2297 819 2462 859 unum
2483 802 2622 859 "cen-
3049 802 3119 857 do
3150 816 3344 856 omnes

2213 875 2267 928 9.
2300 877 2574 929 tesimum.
2610 875 2671 930 Et
3049 871 3432 927 similitudines

2213 945 2424 1000 dicebat
2447 964 2459 997 :
2493 946 2593 1013 Qui
3049 944 3232 999 scietis
3258 943 3280 995 ?

3052 1014 3137 1070 14.
3185 1014 3285 1082 Qui
3308 1013 3544 1084 loquitur

3047 1084 3296 1152 verbum,
3327 1101 3416 1138 se-

3048 1155 3133 1210 15.
3167 1157 3354 1211 minat.
3387 1155 3450 1210 Hi

3049 1236 3230 1283 autem
3255 1235 3398 1293 sunt,

2211 1013 2375 1071 habet
2399 1031 2558 1072 aures

2211 1086 2487 1152 audiendi,
2519 1102 2615 1142 au-

2210 1156 2352 1230 diat;
2381 1157 2456 1230 (θ)
2492 1168 2545 1213 et

2211 1227 2558 1299 intellegens,

2210 1296 2487 1370 intellegat
2507 1300 2575 1370 1‘.
3049 1297 3118 1367 (Γ)
3145 1299 3233 1369 qui
3252 1299 3404 1368 juxta

2212 1368 2300 1424 10.
2338 1368 2424 1435 Et,
2455 1368 2576 1426 cum
2604 1384 2689 1426 es-
3050 1368 3190 1423 viam
3232 1370 3394 1425 semi-

2208 1448 2293 1494 set
2318 1442 2608 1511 singularis
2634 1483 2649 1509 ,
3053 1451 3249 1495 nantur
3268 1440 3306 1510 ἢ
3334 1481 3348 1506 ,
3394 1440 3484 1510 qui

2207 1512 2283 1583 (c)
2313 1515 2546 1569 interro-
3023 1563 3026 1568 ,
3053 1512 3396 1582 neglegenter

2207 1583 2408 1654 gabant
2427 1586 2578 1639 illum
3053 1584 3278 1654 verbum
3325 1597 3418 1638 su-

2213 1653 2464 1726 discipuli
2492 1656 2610 1725 ejus
2639 1696 2653 1721 ,
3053 1653 3326 1726 scipiunt;
3355 1659 3434 1726 et,

2214 1724 2369 1796 quae
2382 1724 2533 1782 esset
3053 1724 3493 1796 cuniaudierint,

2216 1794 2512 1852 similitudo
3056 1794 3340 1850 confestim
3363 1810 3458 1852 ve-

2217 1868 2407 1960 llista
2429 1867 2470 1960 ’ξ-
2500 1868 2542 1960 ξ.
2562 1868 2630 1922 Et
3060 1865 3144 1960 nit
3166 1866 3392 1960 Slatanas
3408 1907 3424 1932 ,

2215 1937 2300 2010 (ά)
2332 1940 2405 1994 ait
2427 1937 2490 2010 ·ί-ν
2511 1939 2570 1993 il-
3049 1944 3105 2010 et
3130 1938 3267 1992 tollit
3298 1952 3410 2010 ver-

2215 2008 2280 2064 l'is
2308 2028 2320 2063 :
2361 2008 2528 2065 Vobis
3053 2008 3202 2074 bum,
3229 2008 3372 2078 quod

2214 2081 2398 2136 datum
2439 2096 2535 2136 coo
3051 2080 3375 2134 seminatum

2213 2166 2478 2222 gnoscere
3050 2159 3135 2222 est
3163 2150 3218 2205 in
3245 2150 3409 2206 corde

2214 2220 2533 2294 mysterium
3053 2220 3290 2294 illorum.

2214 2290 2364 2365 regni
2393 2294 2523 2357 Dei;
3055 2291 3142 2365 16.
3188 2293 3252 2347 Εῑ
3281 2292 3335 2346 hi
3359 2292 3436 2365 (9)
3467 2301 3600 2349 sunt
3694 2332 3706 2358 ι

2213 2363 2322 2418 illis
2351 2374 2552 2428 autem,
3051 2364 3142 2432 qui
3171 2379 3332 2434 supra

2211 2435 2302 2504 qui
2333 2435 2463 2489 foris
3051 2443 3264 2503 petrosa
3295 2450 3382 2490 se-

2212 2514 2377 2576 sunt,
2430 2505 2484 2560 in
2529 2518 2622 2576 pa-
3054 2506 3242 2560 minati
3274 2517 3419 2570 sunt,

2199 2575 2414 2647 'rabolis
2435 2576 2509 2647 (e)
2527 2575 2609 2630 di-
3049 2576 3162 2645 qui,
3211 2591 3333 2632 cum

2212 2646 2353 2718 citur
2377 2647 2415 2718 ἰ-
2445 2646 2457 2699 έ
2493 2655 2553 2702 ut
3050 2647 3320 2718 audierint
3349 2661 3474 2703 ver-

2213 2716 2481 2783 videntes,
2507 2717 2585 2773 vi-
3053 2717 3202 2784 bum,
3227 2719 3407 2774 statim

2213 2787 2397 2854 deant,
2439 2798 2511 2860 et
3049 2801 3171 2843 cum
3199 2789 3396 2860 gaudio

3047 2859 3321 2915 accipiunt
3350 2859 3416 2914 il-

2213 2873 2320 2913 non
2349 2859 2650 2942 aspiciant;
3047 2859 3321 2984 accipiunt
3350 2859 3383 2914 il

2215 2930 2286 2984 12
2334 2939 2390 2985 et
2428 2931 2731 2985 audientes.
3049 2930 3134 2984 17.
3189 2931 3256 2985 ud
3284 2948 3300 2985 :
3328 2939 3383 2985 et

3120 2970 3134 2984 .
3166 2944 3256 2985 tua
3284 2948 3300 2996 ;
3328 2944 3383 2986 et
3411 2944 3519 2987 non

2215 2930 2286 2984 12
2334 2939 2390 2986 et
2419 2930 2731 2995 audientes,

2213 3000 2454 3067 audiant,
2483 3011 2539 3057 et
3047 3001 3245 3057 habent
3293 3003 3347 3056 in

2214 3086 2320 3126 non
2361 3072 2578 3129 intelle-
3042 3086 3104 3127 se
3134 3072 3369 3128 radicem
3390 3113 3403 3135 ,

2212 3152 2341 3210 gaut
2368 3159 2382 3209 ;
2430 3158 2667 3214 nequan-
3043 3143 3140 3199 sed
3183 3154 3386 3213 tempo-

2214 3213 2285 3267 do
2310 3213 2712 3282 convertantur,
2749 3224 2804 3270 et
3048 3216 3200 3270 ranei
3231 3223 3398 3280 sunt;

1836 3304 2071 3363 CODEX
2113 3304 2510 3364 BRIXIANUS.

506 3397 893 3455 ascendentem
910 3408 1334 3457 etcrescentem.
1353 3410 1407 3457 et
1423 3401 1708 3456 aﬂ'erebat.
1725 3417 1892 3456 unum
1908 3401 2109 3456 tricen—

505 3469 702 3540 simum
716 3478 770 3540 et
790 3485 950 3525 unum
968 3474 1490 3540 sexagensimumet
1503 3487 1668 3526 unum
1684 3473 2105 3528 centensimum.

509 3538 574 3594 Et
596 3539 831 3594 dicebat.
872 3542 974 3607 Qui
1010 3538 1174 3598 hab—et
1199 3558 1362 3598 aures
1384 3542 1635 3598 audiendi
1657 3544 1862 3598 audiat.
1888 3543 1954 3598 Et
1984 3559 2106 3597 cum

505 3618 654 3665 esset
690 3611 1000 3680 singularis.
1035 3614 1524 3684 interrogaverunt
1565 3630 1711 3669 cum.
1758 3614 1833 3668 lii.
1866 3615 1956 3684 qui
1987 3629 2106 3668 cum

505 3694 574 3735 eo
622 3689 801 3735 erant.
847 3698 969 3737 cum
1017 3683 1302 3740 duodecim
1352 3685 1616 3740 dicentes.
1673 3685 1821 3751 Quae
1865 3683 1948 3740 est
1989 3684 2107 3740 ιιωο

507 3751 788 3835 ριιηῲοζθ.
837 3753 904 3808 Et
935 3753 1015 3835 (ά)
1045 3757 1136 3835 ait
1163 3755 1371 3835 “inii-lis.
1409 3754 1574 3810 Vobis
1619 3755 1803 3835 datum
1844 3766 1928 3812 est
1968 3757 2109 3835 scire

507 3823 825 3896 mysterium
853 3823 1003 3894 regni
1045 3823 1186 3896 Dei.’
1211 3826 1318 3882 illis
1344 3835 1526 3881 autem
1565 3829 1657 3896 qui
1703 3828 1836 3882 loris
1873 3838 2020 3883 sunt.
2054 3827 2105 3880 in

504 3894 777 3961 parabolis
818 3897 997 3951 omnia
1038 3895 1175 3952 flnnt
1221 3907 1277 3951 ut
1322 3894 1594 3953 videntes
1621 3899 1860 3953 videant.
1902 3909 1956 3953 et
2000 3914 2107 3953 non

503 3963 743 4041 videant.
773 3976 829 4021 et
865 3967 1151 4024 audientes
1176 3968 1418 4041 audiant.
1456 3978 1646 4024 etnon
1674 3970 1990 4041 intellegant
2014 3984 2108 4024 nc-

502 4035 720 4105 quando
745 4047 1154 4094 convertantur.
1186 4051 1242 4096 et
1280 4039 1626 4096 dimittantur
1653 4040 1733 4096 eis
1763 4035 2007 4111 peccata.
2042 4041 2108 4094 Et

2216 3400 2294 3455 ait
2349 3400 2478 3457 illis.
2537 3402 2769 3459 Nescitis
2826 3402 3135 3473 parabolam
3187 3402 3346 3458 hanc.
3402 3400 3472 3473 Et
3521 3401 3806 3471 quomodo.

2216 3486 2408 3526 omnes
2441 3474 2724 3540 parabolas
2767 3472 3130 3544 cognoscetis.
3176 3473 3276 3542 Qui
3315 3472 3550 3528 seminat
3589 3474 3809 3544 verbum

2217 3545 2472 3616 seminat.
2517 3545 2577 3598 lli
2607 3554 2784 3599 autem
2828 3543 2974 3599 sunt.
3009 3544 3196 3616 (f).qui
3227 3547 3368 3599 circa
3395 3544 3538 3616 viam
3567 3543 3806 3600 seminati

2217 3623 2342 3686 sunt
2363 3613 2423 3684 1-.
2453 3616 2543 3685 qui
2575 3616 2927 3686 neglegenter
2957 3613 3180 3671 verbum
3229 3615 3553 3686 suscipiunt.
3598 3625 3652 3671 et
3689 3630 3804 3666 cum

2216 3685 2506 3740 audierint.
2543 3685 2802 3741 continuo
2835 3686 2981 3742 venit
3003 3689 3253 3741 Satanas.
3288 3695 3342 3741 et
3373 3685 3549 3740 aufert
3571 3685 3804 3740 verbum.

2216 3757 2362 3824 quod
2391 3759 2712 3812 seminalum
2745 3768 2847 3813 est.
2893 3759 2944 3812 in
2975 3759 3229 3812 cordibus
3262 3772 3471 3813 eorum.
3508 3756 3576 3812 Et
3607 3756 3658 3810 hi
3687 3764 3805 3809 sunt

2217 3829 2484 3900 similiter.
2542 3834 2630 3898 qui
2681 3846 2844 3900 super
2891 3840 3105 3899 petrosa
3154 3829 3514 3900 seminantur.
3568 3829 3803 3900 quicum

2215 3898 2489 3954 audierint
2511 3897 2954 3955 γεένιιυιιιξειειιὶιιι
2972 3916 3093 3955 eum
3115 3899 3311 3970 gaudio
3334 3901 3636 3967 suscipiunt
3659 3897 3802 3951 illud.

2216 3978 2272 4023 et
2315 3984 2423 4024 non
2455 3971 2658 4027 habent
2685 3972 2920 4028 radicem
2950 3972 3001 4026 in
3050 3986 3128 4027 se.
3173 3971 3268 4026 sed
3297 3971 3628 4041 temporales
3665 3976 3800 4020 sunt.

1795 4133 2033 4190 CODEX
2070 4132 2548 4191 CORBEIENSIS.

578 4224 634 4280 8.
678 4225 911 4283 fructum
958 4227 1375 4294 ascendentem,
1419 4238 1472 4283 ct
1515 4237 1890 4294 crescentem,
1945 4243 2109 4282 unum

509 4295 867 4373 tricesimum,
901 4307 956 4354 et
996 4301 1139 4356 aliud
1171 4299 1572 4373 sexagesimum
1595 4341 1608 4367 ,
1640 4300 1784 4356 aliud
1813 4315 1946 4355 vero
1986 4313 2114 4355 cen-

513 4368 789 4423 Iesimum.

578 4436 634 4491 9.
677 4439 743 4512 Et
767 4439 1017 4512 dicebat:
1050 4441 1154 4508 Qui
1182 4443 1344 4500 habet
1370 4457 1529 4501 aures
1554 4485 1567 4512 ,
1597 4442 1798 4510 audiat,
1829 4450 1884 4498 et
1915 4439 2114 4497 intelli-

506 4522 666 4581 gens,
698 4509 988 4581 intelligat.

584 4579 670 4636 10.
709 4579 1180 4653 interrogaverunt
1205 4600 1331 4643 eum
1355 4586 1603 4658 discipuli
1636 4585 1777 4657 ejus,
1802 4598 1941 4655 quae
1968 4592 2116 4639 esset

2220 4229 2354 4284 haec
2380 4229 2666 4300 parabola?

2292 4299 2586 4375 11.’_nusse
2609 4300 2934 4375 mysterium
2980 4299 3105 4367 Del;
3150 4302 3254 4357 illis
3293 4311 3509 4369 autem,
3549 4303 3636 4375 qui
3674 4302 3804 4357 foris

2219 4380 2377 4434 sunt,
2403 4372 2454 4425 in
2480 4372 2747 4440 parabolis
2777 4372 2992 4427 dicitur.

2294 4440 2380 4496 15.
2424 4442 2487 4496 Hi
2508 4453 2699 4516 autem
2725 4485 2740 4511 ,
2766 4444 2857 4515 qui
2884 4453 3014 4500 sunt
3049 4443 3190 4501 circa
3220 4445 3359 4500 viam
3378 4485 3391 4511 ,
3426 4446 3620 4516 quibus
3649 4443 3801 4501 semi-

2222 4520 2379 4567 natur
2409 4513 2655 4570 verbum.

1723 4679 1810 4736 VA
1821 4676 2120 4734 RIANTES
2156 4672 2560 4731 LECTIONES.

573 4768 588 4799 ⁸
627 4767 733 4819 Gat.
775 4774 822 4820 et
860 4772 980 4836 alni.
1020 4773 1385 4836 trigesimum...
1428 4773 1856 4836 sexagesimum...
1895 4769 2111 4836 centesi-

505 4832 879 4903 mum._recenti
915 4832 1108 4898 manu;
1138 4832 1610 4897 sexagentesimum.
1662 4832 1808 4898 Vulg.
1848 4834 2106 4895 triginta...

503 4900 823 4955 sexaginta...
848 4903 1065 4946 centum.

2285 4770 2304 4799 ³
2341 4767 2447 4816 Gut.
2473 4771 2520 4815 et
2545 4768 2662 4815 Mm.
2687 4764 2750 4814 de
2776 4764 3034 4828 parabolis.
3067 4762 3535 4828 Vzdg._parabolani.

2283 4831 2303 4860 ³
2339 4830 2446 4878 Gat.
2473 4834 2518 4878 et
2537 4831 2657 4878 Mm.
2678 4829 2727 4876 in
2751 4826 2898 4877 corde
2916 4839 3106 4877 eorum.
3136 4826 3283 4890 Vulg.
3307 4829 3358 4877 in
3371 4827 3597 4878 cordibus
3619 4835 3797 4874 eorum.

1189 4997 1484 5038 LECTIONES
1512 4997 1718 5039 CODICIS
1748 4993 2160 5037 VINDEBONENSIS
2189 4992 2467 5033 ABEUNTES
2496 4992 2559 5032 AB
2587 4989 2839 5031 EDITIONE
2861 4989 3125 5030 VULGATA.

566 5069 616 5130 8.
644 5066 854 5118 fructum
880 5072 1271 5123 accedentem...
1307 5080 1358 5124 et
1392 5074 1599 5124 affert...
1638 5079 1690 5123 et
1716 5086 1863 5122 unum
1909 5086 1988 5130 ιι,
2012 5080 2108 5122 etc.

566 5129 625 5198 ξ).
646 5141 791 5198 aures
809 5131 868 5180 ad
891 5135 1207 5198 audiendum,
1227 5136 1416 5196 audiat,
1433 5135 1795 5198 etintellr-gens
1809 5174 1821 5197 ,
1836 5129 2110 5194 intellegal-

570 5189 648 5262 ευ.
662 5192 1096 5262 interrogaverunt
1119 5189 1256 5247 illum
1277 5189 1500 5261 discipuli
1528 5201 1652 5262 ejus,
1669 5189 1963 5262 quae'cssct
1976 5189 2113 5259 para-

507 5251 619 5303 bola
659 5254 785 5304 ista?

2287 5071 2362 5119 11.
2386 5069 2446 5138 Et
2468 5070 2536 5138 a_i_t
2554 5068 2649 5138 illis
2668 5066 2843 5138 {Vobis
2857 5066 3023 5138 datum
3046 5074 3125 5138 est
3140 5076 3454 5138 cognoscere
3466 5062 3734 5138 mysterium
3760 5097 3788 5106 ..

2223 5134 2282 5203 in
2306 5130 2546 5203 parabolis
2589 5130 2786 5203 dicitur.
2853 5129 2932 5203 12.
2961 5124 3729 5203 dimittam—eishfﬁnetaufert;

2227 5187 2320 5244 16?
2350 5193 2412 5243 Et
2437 5193 2485 5242 hi
2522 5201 2654 5254 sunt,
2681 5191 2764 5254 qui
2787 5202 2937 5252 super
2957 5196 3260 5253 petrosam...
3300 5187 3433 5238 Ibid.
3459 5188 3600 5248 deest,
3621 5187 3786 5234 statim.

1847 5339 2219 5398 BLANClllNl
2255 5337 2486 5395 ΝΟΤᾸΞ.

574 5455 653 5527 (α)
687 5457 848 5532 Forte
875 5473 974 5532 pro
998 5462 1202 5530 adfert:
1227 5474 1349 5516 cum
1377 5461 1499 5517 cod.
1529 5461 1688 5516 Cant.
1719 5461 1836 5516 Lat.
1866 5468 1919 5532 et
1949 5457 2045 5514 Gr.
2075 5460 2350 5532 pépuL—
2391 5456 2469 5532 (b_)
2502 5454 2758 5532 Addit_et
2789 5452 3141 5532 intellegens,
3172 5451 3464 5532 intelligat,
3477 5449 3628 5532 etiam
3647 5444 3780 5532 .cod.

499 5521 662 5602 Call};
687 5529 803 5602 Lat.
831 5521 892 5586 et
914 5531 1008 5587 Gr.
1032 5521 1116 5587 κάξ
1135 5532 1161 5588 ὁ
1182 5537 1362 5589 συνιὼν
1394 5535 1632 5589 συνιέτω.
1661 5563 1730 5571 —
1769 5531 1840 5602 (τε)
1874 5531 1950 5585 Ita
1982 5539 2056 5602 et_
2231 5521 2408 5584 Cautﬁ
2430 5521 2562 5602 Lat;
2579 5537 2632 5582 et
2659 5521 3055 5602 Gr.é1rnpéf_ai_v
3073 5523 3232 5602 ,αὐτὸν
3259 5521 3750 5602 (οἰ-μαρηταίκσξῦτΰῦ
3771 5556 3783 5574 ο

501 5599 916 5679 exaudisse.
946 5613 1039 5679 aut
1069 5603 1241 5679 Luca)
1267 5607 1345 5679 2i:
1373 5606 1403 5662 ἡ
1439 5605 1705 5679 suae“)?!
1746 5589 1896 5679 σίῠὲρη
1927 5629 1999 5640 -
2037 5599 2317 5679 (“tuast
2360 5600 2481 5679 cod.-
2523 5596 2681 5653 Cam-
2708 5589 3041 5679 λέγειοὲ-(ε)
3073 5593 3148 5679 1's
3174 5604 3229 5679 ei
3269 5589 3782 5679 διξαὶοξιξμέελῆτξξίέε

501 5666 600 5744 Qui
634 5671 777 5748 favet
803 5664 1035 5728 Vercell.
1063 5704 1133 5713 —-
1173 5664 1240 5744 (Ῑ)
1271 5664 1430 5730 Juxta
1462 5664 1584 5730 cdd.
1623 5673 1777 5729 Cant.
1809 5670 1883 5735 οἷς
1912 5664 2058 5748 ποιρᾶ
2081 5664 2172 5732 rvi»
2216 5669 2328 5728 ὁδὸν
2355 5672 2716 5744 σπείρεται.-
2754 5664 2836 5738 (g)
2868 5668 2994 5723 Post
3015 5675 3154 5732 sunt,
3184 5665 3338 5720 deest
3360 5664 3602 5726 similiter,
3632 5664 3781 5713 etiam

503 5734 559 5789 in
590 5739 714 5794 cod.
738 5741 894 5797 Cant.
