1951 3104
271 106 323 134 747
534 103 671 134 ευεΕΒιι
692 104 861 133 VERCELL.
883 103 1113 133 EVANGELIUI
1131 105 1203 134 CUI
1223 104 1340 133 VARIIS
1357 104 1436 133 COD.
1454 101 1656 134 COLLATUM.
1864 104 1907 132 'm

470 161 586 191 CODEX
605 161 873 191 VERCELLE‘NSIS.
1055 171 1058 172 ν

1055 171 1058 172 ⁷
1343 160 1462 190 CODEX
1480 160 1709 189 VEBONENSB.

274 230 283 236 .
325 229 332 235 .
373 230 379 235 .
420 228 426 233 .
467 228 474 235 .
513 229 521 235 .
561 228 616 235 ..
694 228 892 235 .....
932 229 940 235 .
979 228 987 235 .
1028 228 1036 234 .
1125 208 1383 249 2?.ram,etdor—
1543 207 1706 249 subumbra

276 266 283 272 .
324 266 332 272 .
372 264 380 271 .
420 265 427 270 .
468 264 474 270 .
515 265 521 270 .
563 264 570 272 .
610 264 617 271 .
694 266 701 272 ,
743 266 749 272 .
789 264 797 271 υ
837 264 845 271 ο
886 265 891 270 .
932 263 940 270 .
980 262 987 270 ο
1028 263 1035 269 .
1126 250 1319 277 miat,etsur-
1544 251 1684 278 ειυςπεε

978 301 985 307 .
1029 298 1037 306 .
1125 285 1172 315 gat
1182 285 1271 312 nocte,
1288 284 1316 306 et
1545 279 1612 307 caeli
1626 279 1730 307 inhabi-

887 336 893 341 .
935 336 942 342 .
983 335 990 342 .
1031 334 1038 340 .
1127 316 1183 345 die.
1199 321 1335 343 etsemen
1547 320 1614 342 tare.

1031 370 1037 376 .
1129 352 1259 385 germinet
1271 373 1278 382 ,
1293 356 1320 377 et
1546 351 1589 378 53.
1614 351 1646 378 Et
1661 351 1722 377 aliis
1737 358 1784 385 pa-

278 408 284 413 .
325 407 332 413 .
373 407 380 413 .
420 407 427 414 .
467 407 474 413 -
515 407 523 414 ι
564 406 572 413 θ
613 407 619 413 ι
695 408 702 415 .
743 409 750 415 .
792 409 797 414 .
840 407 846 413 ι
887 407 894 413 ι
934 406 941 414 ι
982 406 990 413 ι
1031 406 1038 412 -

986 406 990 413 .
1031 406 1038 412 .
1129 388 1278 419 incresmt,
1295 387 1359 413 dum
1546 386 1649 413 rabolis
1661 386 1756 419 loque-

984 442 991 448 .
1033 441 1040 448 .
1129 423 1174 449 28.
1198 424 1309 449 nesciat.
1333 422 1409 450 Ultro
1548 423 1626 449 batur
1640 422 1673 448 ad
1688 422 1738 455 il-a

277 478 285 484 ο
326 477 333 483 ι
374 477 380 484 ι
421 477 428 484 ο
470 479 476 484 .
517 479 524 486 .
565 478 572 484 υ
613 478 620 486 π
696 479 703 486 .
744 478 752 485 ο
792 481 799 487 .
840 477 847 484 ι
886 477 894 485 ι
936 478 943 484 1
985 476 993 484 α
1033 478 1040 487 ι

1033 478 1040 487 .
1131 459 1201 485 enim
1216 464 1284 484 terra
1410 480 1413 482 .
1506 474 1509 477 ι
1547 458 1600 488 los.
1616 457 1735 492 qualiter
1785 473 1789 478 -

278 515 284 520 .
325 513 332 519 .
373 512 380 519 .
423 513 429 519 .
469 514 476 521 .
518 513 525 520 .
565 514 572 519 .
613 513 620 521 .
698 516 704 521 .
744 515 750 520 .
792 515 798 521 .
840 514 846 520 .
888 512 895 519 .
934 511 942 520 .
982 513 991 520 .
1035 513 1042 519 .
1131 494 1359 527 frucliﬁo'al.pri-
1550 498 1740 526 poterantau-

1034 549 1042 556 .
1132 538 1204 556 mum
1219 530 1342 560 herbam.
1550 529 1597 556 54.
1617 529 1693 561 dire;
1710 529 1771 556 sine

278 585 285 591 .
327 585 333 590 -
373 584 381 591 α
422 584 429 590 ο
471 586 477 591 .
517 585 525 592 ι
565 585 573 592 ι
613 585 621 592 α
698 588 704 594 .
747 587 754 592 .
795 586 802 593 .
843 585 850 591 .
891 584 899 592 ο
939 585 946 590 .
987 585 994 590 -
1035 584 1042 591 ι

987 585 994 590 .
1035 584 1042 591 .
1136 565 1237 591 deinde
1553 564 1692 599 parabolis
1708 572 1756 591 an—

278 621 286 627 .
328 621 334 625 -
377 620 384 626 -
425 620 433 627 ι
474 621 481 627 Ι
519 621 527 628 ο
567 621 575 627 -
617 621 623 628 .
702 622 709 628 .
750 621 756 628 υ
797 621 805 628 .
846 621 852 626 -
893 620 900 627 ι
939 619 947 627 ι
987 619 994 627 ι
1035 620 1043 627 ο

988 619 994 627 .
1035 620 1043 627 .
1132 602 1246 633 spicam,
1554 605 1609 627 tem
1625 608 1680 627 non
1696 599 1706 615 ⁸
1718 600 1758 627 lo-

274 636 321 664 28.
347 635 559 670 spicam,dein-
704 659 710 665 .
752 657 759 663 .
798 656 805 663 .
846 656 853 663 .
893 655 900 662 .
942 655 949 663 .
987 655 995 662 .
1038 656 1044 662 .

987 655 995 662 .
1038 656 1044 662 .
1134 636 1233 663 deinde
1250 636 1306 669 plc-
1554 637 1692 671 quebatur
1706 635 1740 663 ad

276 672 311 699 de
333 671 441 705 plenum
704 694 711 700 .
752 693 759 698 .
800 693 806 699 .
847 692 854 698 .
895 692 902 698 .
943 691 949 697 .
991 691 997 697 .
1038 692 1045 698 .
1135 680 1198 698 num
1219 672 1338 700 triticum
1554 671 1641 698 illos:

276 708 445 735 frumentum
701 709 761 736 54.
801 729 808 734 .
847 727 856 734 .
895 727 902 733 .
942 727 949 734 .
991 726 998 733 .
1036 715 1081 736 se-
1135 707 1181 734 29.
1204 707 1230 734 in
1244 707 1406 742 spica.Cum
1507 728 1510 731 .
1554 712 1661 735 secreto

275 743 322 771 29.
348 744 375 770 in
389 743 474 777 spica.
496 742 542 776 Et,
558 751 621 775 cum
702 749 778 771 creto
791 749 880 772 autem
1137 742 1254 772 fructum
1270 743 1327 771 edi-
1555 748 1647 770 autem

276 778 393 806 fructum
407 778 443 805 I'e-
486 814 491 815 γ
703 780 843 815 discipulis
1136 779 1219 815 derit.
1233 779 1271 806 sic
1284 779 1345 806 mit-
1555 778 1702 813 discipulis
1712 779 1774 806 suis

276 821 309 842 ce
325 833 331 840 .
350 835 357 840 .
376 834 382 840 .
398 835 407 848 ,
423 814 505 848 proti-
705 836 712 841 .
754 814 779 842 ,⁷
801 836 807 841 .
848 835 855 841 .
895 835 903 841 .
942 834 950 842 .
990 834 998 841 .
1040 835 1047 841 .
1139 814 1293 847 titl’alcem,
1560 815 1722 842 exsolvebat

276 850 508 880 nusinm....,

895 868 904 876 .
943 870 951 876 .
992 869 999 876 .
1040 869 1046 876 .
1138 850 1268 884 quoniam
1281 849 1330 877 ad-
1559 851 1661 877 omnia.

277 885 559 920 falcem.qu.....
707 906 713 912 .
754 906 761 912 .
800 905 808 912 .
849 906 856 912 .
897 905 904 912 .
945 905 953 911 .
992 906 999 911 .
1039 906 1047 912 .

1039 906 1047 912 .
1140 891 1181 912 e~t
1195 886 1302 911 messis.
1369 909 1371 911 τ
1559 885 1604 913 55.
1626 886 1661 913 Ει
1675 887 1714 913 ait
1725 886 1780 913 illis

278 941 286 948 .
302 941 308 947 .
327 922 367 947 nit
382 928 436 947 me.
454 940 461 946 .
478 940 485 948 .
706 942 713 948 .
754 942 761 948 .
803 942 809 948 .
852 941 858 948 .
896 939 906 948 .
945 940 952 948 .
993 941 1000 948 .
1041 942 1047 948 .
1139 922 1184 948 5|).
1207 921 1238 950 Iit
1253 921 1379 949 dicebat:
1557 922 1585 948 in
1600 921 1646 948 illa

277 957 323 984 30.
341 975 348 982 .
367 975 375 981 .
389 955 496 983 diceba.
512 976 518 984 .
537 976 543 982 .
561 976 568 983 .
587 977 593 984 .
706 978 713 983 .
754 977 762 984 .
803 978 809 983 .
850 976 857 982 .
898 976 904 982 .
944 976 951 982 .
993 977 1000 983 .
1041 977 1048 983 .
1140 956 1281 989 Quomodo
1298 958 1333 983 si-
1557 957 1612 990 die,
1629 965 1691 984 cum

363 991 523 1019 adsi....
706 1013 714 1019 .
756 1013 763 1020 .
803 1013 810 1020 .
851 1012 859 1020 .
899 1011 905 1018 .
946 1011 954 1018 .
994 1012 1001 1018 .
1042 1012 1048 1019 .
1141 992 1204 1019 mlle
1221 992 1341 1019 dicemus
1559 992 1798 1021 serolactumes—

278 1027 370 1055 bimus
403 1048 411 1054 .
451 1046 458 1054 .
499 1047 507 1054 .
546 1046 554 1055 .
707 1049 715 1055 .
756 1049 762 1054 .
802 1049 808 1055 .
849 1048 856 1054 .
898 1047 904 1053 .
945 1047 954 1054 .
993 1047 1001 1054 .
1042 1048 1049 1054 .
1141 1028 1334 1062 rrguuiubei?
1559 1029 1821 1057 setzTranseamus

279 1084 287 1090 .
329 1083 337 1089 υ
377 1082 384 1090 ο
425 1082 433 1089 ι
474 1083 481 1090 ρ
523 1084 530 1091 .
571 1083 578 1090 ι
620 1083 627 1090 ι
705 1085 711 1090 .
753 1083 760 1089 ι
801 1085 808 1090 .
849 1084 856 1089 .
898 1083 906 1090 ο
946 1084 954 1090 .
995 1082 1003 1090 ν
1044 1084 1049 1090 ι

1044 1084 1049 1090 .
1142 1070 1185 1089 aut
1203 1064 1259 1097 (ιη’
1276 1065 1365 1098 inqua
1560 1064 1607 1092 56.
1628 1069 1736 1092 contra.
1750 1065 1786 1092 Ει

281 1118 288 1125 ι
329 1119 336 1126 .
378 1119 385 1126 .
425 1118 433 1125 .
476 1119 482 1125 ι
523 1120 530 1127 .
571 1119 578 1126 1
620 1118 627 1124 ν
703 1121 710 1127 .
751 1121 758 1127 ι
800 1120 806 1125 -
848 1118 856 1125 ο
895 1118 902 1126 ο
943 1119 951 1125 Ι
991 1118 998 1125 ι
1040 1117 1047 1125 ο

991 1118 998 1125 .
1040 1117 1047 1125 .
1142 1099 1322 1129 similitudine
1335 1099 1355 1133 -ξ-
1373 1123 1377 1127 ,
1561 1099 1727 1127 dimiserunt

282 1153 290 1160 ο
331 1155 337 1161 .
378 1155 386 1161 .
426 1154 432 1160 .
473 1155 480 1161 ι
521 1155 528 1161 .
569 1155 576 1162 ι
619 1155 625 1160 -
703 1154 710 1162 ο
751 1155 758 1161 ι
799 1156 806 1162 .
847 1154 855 1161 ο
896 1155 902 1160 -
944 1154 951 1161 ι
991 1152 999 1161 ο
1041 1154 1048 1161 ι

991 1152 999 1161 .
1041 1154 1048 1161 .
1141 1135 1294 1168 ponemus!
1563 1136 1685 1168 turbam;
1700 1141 1731 1163 et

282 1189 289 1196 .
329 1190 336 1197 .
378 1190 385 1198 ,
426 1189 433 1195 .
475 1190 481 1195 .
523 1191 531 1198 .
571 1189 579 1196 ο
618 1189 627 1196 .
703 1191 710 1197 .
750 1191 757 1197 .
800 1190 808 1197 α
848 1189 855 1196 ο
897 1190 902 1196 .
943 1190 949 1197 Ι
993 1188 1001 1197 υ
1042 1190 1049 1198 ι

993 1188 1001 1197 .
1042 1190 1049 1198 .
1140 1171 1184 1197 51.
1208 1170 1283 1197 Sicut
1562 1177 1727 1206 acceperunt

992 1225 1001 1231 .
1042 1226 1049 1233 .
1138 1213 1253 1240 granum
1493 1206 1510 1219 ν
1563 1214 1636 1239 eum,
1650 1208 1686 1234 ita
1698 1213 1729 1235 ut

283 1261 289 1268 -
330 1261 337 1268 ι
379 1262 386 1269 .
427 1261 435 1268 σ
475 1261 482 1267 .
524 1262 531 1267 .
571 1261 580 1268 .
619 1259 627 1267 ο
704 1261 711 1268 .
752 1262 759 1268 .
801 1262 807 1268 .
847 1262 855 1268 .
896 1260 902 1266 -
944 1261 952 1269 υ
994 1260 1001 1267 ι
1042 1262 1049 1267 .

994 1260 1001 1267 .
1042 1262 1049 1267 .
1139 1241 1254 1274 sinapis,
1270 1242 1280 1257 ³
1296 1241 1369 1275 quod
1561 1248 1620 1269 erat
1635 1243 1662 1269 in
1677 1250 1727 1270 na-

283 1296 291 1303 ο
332 1297 340 1304 ι
379 1296 386 1303 ι
427 1296 434 1302 ι
475 1296 482 1303 σ
523 1297 530 1304 ι
572 1296 578 1302 ι
619 1296 625 1303 ι
703 1296 711 1304 .
752 1297 759 1303 .
799 1297 806 1304 ι
849 1297 855 1302 -
897 1296 904 1303 ο
945 1296 952 1303 ι
994 1296 1001 1302 ι
1042 1295 1051 1305 ο

945 1296 952 1303 .
994 1296 1001 1302 .
1042 1295 1051 1305 .
1140 1277 1304 1307 semiualum
1562 1278 1662 1310 vicula.
1675 1283 1703 1306 et

283 1331 291 1338 ο
332 1333 339 1340 ι
379 1333 387 1340 ο
427 1333 434 1339 -
475 1331 483 1339 ο
523 1334 531 1340 υ
572 1331 578 1338 ι
619 1332 627 1339 ι
705 1333 712 1339 .
752 1333 758 1338 ι
801 1333 807 1339 .
849 1332 856 1338 .
896 1332 903 1338 .
945 1331 953 1339 ι
992 1332 1001 1338 η
1041 1333 1049 1340 .

992 1332 1001 1338 .
1041 1333 1049 1340 .
1140 1312 1179 1348 (ὁ)
1195 1321 1277 1351 super
1292 1318 1347 1340 ter-
1560 1313 1597 1348 (ε)
1612 1314 1713 1341 multae
1727 1315 1750 1351 1-

282 1367 290 1375 .
332 1369 339 1376 ι
379 1367 387 1375 ι
427 1368 434 1375 ε
475 1368 483 1374 -
523 1369 531 1376 ι
572 1367 580 1375 ι
620 1366 628 1373 -
705 1368 713 1375 ι
753 1368 760 1375 ι
801 1368 809 1375 ο
849 1367 857 1374 ο
896 1368 905 1375 .
945 1366 953 1374 ο
994 1366 1001 1374 ο
1044 1367 1052 1380 ρ

994 1366 1001 1374 .
1044 1367 1052 1380 ,
1140 1356 1199 1375 ram
1210 1349 1242 1383 1³.
1259 1356 1322 1377 cum
1562 1356 1647 1376 naves
1660 1349 1744 1378 simul

282 1403 290 1412 α
331 1405 338 1411 ι
379 1403 386 1410 ο
427 1404 433 1410 ι
475 1405 482 1411 ι
523 1405 530 1412 .
571 1404 579 1410 .
620 1404 627 1410 ι
706 1404 713 1410 ι
753 1404 759 1410 .
802 1404 808 1410 .
850 1403 856 1409 .
897 1403 904 1409 .
946 1403 953 1411 ι
995 1403 1002 1411 ι
1042 1403 1051 1410 ι

946 1403 953 1411 .
995 1403 1002 1411 .
1042 1403 1051 1410 .
1139 1384 1177 1410 sit
1190 1384 1327 1418 (r)minus
1561 1389 1713 1413 erantcum

282 1419 1263 1447 ................omnium
1562 1420 1621 1447 illo.

280 1455 490 1488 5Lseminum,
709 1474 716 1481 .
757 1475 764 1482 .
805 1476 812 1483 .
853 1475 859 1481 .
901 1474 907 1480 .
947 1474 955 1482 .
995 1471 1050 1482 ..

1044 1474 1051 1482 .
1141 1456 1277 1482 seminum
1293 1456 1326 1491 τ’,
1561 1456 1607 1483 57.
1627 1456 1663 1484 Et
1678 1456 1752 1484 facta
1765 1463 1806 1486 est

280 1498 351 1526 quae
374 1496 439 1518 sunt
709 1511 715 1517 .
756 1511 763 1518 .
805 1511 812 1518 .
852 1511 858 1517 .
900 1509 908 1516 .
947 1510 954 1518 .
995 1509 1003 1516 .
1043 1509 1051 1516 .
1141 1490 1187 1517 32.
1207 1492 1307 1518 crescit
1321 1499 1369 1519 au-
1562 1492 1681 1526 procella
1696 1500 1756 1520 ma-

283 1546 290 1552 .
334 1547 340 1553 ι
381 1547 389 1554 ν
431 1547 437 1553 -
480 1548 487 1554 ι
527 1547 534 1554 υ
577 1546 583 1552 ι
625 1546 633 1554 σ
713 1545 715 1548 ·
756 1548 764 1554 .
805 1546 812 1553 .
854 1546 861 1553 α
901 1546 908 1552 ι
948 1545 956 1552 ο
997 1546 1003 1552 .
1042 1544 1050 1552 ι

997 1546 1003 1552 .
1042 1544 1050 1552 .
1142 1526 1299 1558 tem,etlit
1472 1551 1476 1555 .
1521 1550 1523 1554 ,
1563 1535 1615 1561 gna
1628 1529 1714 1561 venti.
1733 1534 1761 1556 et

285 1569 292 1577 ·
333 1583 339 1588 .
382 1582 388 1589 .
430 1583 436 1589 .
478 1582 485 1588 .
526 1582 532 1588 .
574 1581 581 1588 .
622 1581 630 1588 .
702 1562 748 1602 57.
769 1561 856 1602 batin
871 1568 919 1588 na—
1140 1562 1276 1602 βιῶσι-((1)
1292 1570 1348 1589 ma-
1563 1562 1661 1602 tinctus
1681 1565 1776 1593 mitte-

284 1617 292 1624 .
333 1618 340 1624 .
381 1617 388 1623 .
427 1617 436 1624 .
476 1618 483 1624 .
524 1617 532 1624 .
574 1617 581 1623 .
621 1618 627 1623 .
704 1597 840 1629 viculam;
1137 1596 1319 1631 insomnium
1562 1598 1708 1625 batinna—

283 1653 292 1661 .
333 1653 341 1661 .
380 1654 387 1660 .
428 1653 436 1660 .
477 1653 483 1659 .
526 1653 532 1659 .
573 1652 580 1658 .
621 1653 628 1659 .
702 1632 739 1660 ita
756 1633 852 1667 utjam
1142 1633 1267 1660 holerum
1283 1633 1316 1668 τ,
1562 1635 1750 1665 νὶαιιιηιςὶιι

285 1687 292 1694 .
333 1688 339 1695 .
382 1688 388 1694 .
430 1689 436 1695 .
478 1688 483 1693 .
525 1688 532 1695 .
573 1687 579 1694 .
622 1689 629 1695 .
703 1669 855 1705 impleretur
898 1702 908 1705 _
1141 1674 1168 1696 et
1180 1668 1302 1696 facitra-
1562 1669 1767 1705 utimpleretm

283 1723 292 1732 .
332 1724 339 1730 .
379 1722 387 1730 .
428 1723 435 1730 .
477 1725 484 1731 .
525 1724 531 1731 .
573 1723 579 1729 .
622 1725 628 1731 .
703 1703 749 1731 58.
772 1724 779 1731 .
803 1724 810 1730 .
831 1702 1017 1740 vis.lpseau—
1141 1711 1201 1731 mos
1216 1712 1345 1740 magnos;
1561 1705 1607 1733 58.
1621 1702 1708 1733 navis.
1724 1706 1792 1734 Erat

282 1764 287 1767 .
332 1760 338 1766 .
381 1758 388 1765 .
428 1760 436 1766 .
476 1760 484 1766 .
524 1760 530 1766 .
571 1759 578 1765 .
619 1759 627 1766 .
704 1743 759 1767 tem
774 1739 877 1767 eratin
1142 1740 1178 1766 ita
1195 1745 1224 1767 ut
1239 1741 1325 1774 possit
1562 1747 1652 1770 autem
1671 1742 1732 1777 ipse

948 1808 1066 1837 CODEX
1085 1809 1287 1839 BRIXIANUS.

279 1857 444 1886 etdormiat.
460 1861 487 1884 ct
500 1861 713 1892 exurgunocte.
725 1864 757 1883 ac
768 1856 823 1893 die.
839 1861 867 1882 ct
881 1863 973 1883 semen
986 1857 1088 1893 gcrmi-
1140 1856 1203 1884 facit
1224 1865 1315 1884 ramos
1330 1865 1451 1893 magnos.
1472 1858 1539 1885 itaut
1561 1859 1664 1891 possint
1688 1859 1740 1886 sub
1763 1858 1849 1885 umhm
1863 1855 1914 1893 ejus.

280 1899 336 1921 net.
347 1891 601 1920 etincrescat.iliun
612 1895 699 1920 nescit
711 1892 852 1920 ille.Ultro
865 1893 1018 1929 enimterm
1031 1892 1086 1919 I'ru-
1140 1900 1207 1920 aves
1222 1894 1290 1921 caeli
1306 1891 1439 1921 habitare.
1459 1894 1492 1921 Et
1511 1894 1610 1921 talibus
1625 1894 1717 1921 multis
1736 1893 1867 1929 parabolis.
1885 1891 1915 1929 lo-

277 1928 970 1964 ctiﬁcat.primumherbam.deindespicamdeinde
980 1928 1088 1962 plenum
1140 1929 1275 1962 quebatur
1296 1931 1337 1956 eis
1361 1930 1473 1957 verbum
1498 1935 1578 1963 prout
1605 1928 1741 1964 poterant
1755 1930 1851 1957 audire.
1873 1928 1916 1952 sine

280 1974 393 2000 granum
413 1966 440 1992 in
458 1966 543 1999 spica.
558 1964 593 1992 Et
607 1972 668 1991 cum
682 1965 840 1998 produxerit
855 1964 983 2001 (luctum.
996 1965 1088 2001 statim
1140 1965 1267 1998 parabnla
1282 1971 1371 1992 autent
1388 1973 1440 1992 nun
1456 1966 1618 2001 loquebatur
1637 1966 1687 1993 cis.
1704 1973 1825 1993 seorsum
1838 1968 1914 2001 autqu-

278 1997 361 2029 fnittit
375 1997 483 2029 falcem:
499 2001 626 2035 quoniam
642 1997 719 2027 adest
734 2000 843 2027 messis.
859 1999 892 2026 Et
907 2000 1024 2027 diccbat.
1038 1999 1088 2026 Cui
1138 1997 1281 2035 discipulis
1296 2002 1362 2028 suis.
1379 1997 1531 2029 disserebat
1554 2001 1655 2028 omnia.
1672 2002 1705 2029 Et
1726 2004 1765 2028 ait
1783 2001 1831 2028 illis
1851 2000 1871 2026 in
1883 1997 1915 2035 il_|a

280 2037 497 2064 adsimilabimus
509 2033 628 2071 regnum
645 2036 703 2063 Dei.
720 2041 766 2062 aut
777 2036 821 2062 cui
838 2036 997 2072 parabolae.
1012 2043 1088 2062 com-
1139 2036 1194 2062 die.
1212 2033 1271 2063 cum
1294 2045 1355 2064 sero
1371 2043 1443 2064 esset
1467 2037 1578 2064 factum.
1594 2037 1778 2065 Transeamus
1790 2040 1880 2064 contra.
1892 2033 1915 2072 ξι

279 2074 438 2107 parabimus
460 2072 538 2099 illud.
563 2073 639 2101 Sicut
655 2079 767 2106 granum
789 2071 903 2105 sinapis.
927 2071 998 2106 quod
1021 2078 1082 2097 cum
1139 2072 1251 2099 dimissa
1268 2073 1356 2100 turba.
1373 2073 1565 2100 adsumserunt
1579 2081 1652 2101 eum.
1669 2073 1738 2099 itaut
1754 2076 1810 2100 erat
1823 2072 1846 2098 in
1860 2076 1914 2107 nni].

279 2103 443 2146 seminatum
464 2107 547 2136 fuerit
573 2110 598 2135 in
623 2103 735 2146 terram.
764 2103 858 2134 minus
877 2112 918 2134 est
937 2103 1080 2146 omnibus.
1136 2111 1165 2135 et
1178 2109 1248 2146 aliae
1263 2115 1345 2136 naves
1358 2114 1436 2136 erant
1459 2116 1520 2136 cum
1543 2109 1600 2136 illo.
1617 2108 1657 2146 Et?
1671 2108 1748 2146 facta?
1762 2113 1803 2136 est
1821 2103 1914 2146 ργοςεῐιῆ

279 2144 444 2173 seminibus.
458 2152 528 2178 quae
542 2149 607 2173 sunt
624 2144 652 2171 in
668 2148 781 2171 terram.
798 2147 827 2170 et
844 2150 906 2170 cum
920 2143 1083 2170 seminatum
1136 2144 1209 2171 venti
1229 2152 1336 2179 magna.
1358 2150 1385 2171 et
1409 2145 1508 2172 ﬂuctus
1531 2144 1716 2172 ascendebant
1741 2145 1768 2172 in
1787 2143 1851 2171 navi.
1865 2142 1916 2168 itaut

278 2179 373 2208 fuerit.
389 2179 523 2207 ascendit.
540 2185 567 2206 et
587 2179 617 2206 lit
631 2179 727 2214 majus.
746 2179 873 2206 omnibus
889 2179 1040 2206 holeribus.
1056 2182 1083 2206 et
1135 2179 1285 2213 inpleretur
1299 2180 1386 2209 navis.
1400 2180 1434 2208 Et
1448 2185 1508 2208 erat
1522 2181 1581 2216 ipse
1596 2180 1622 2208 in

937 2254 1054 2283 CODEX
1067 2254 1305 2290 GORBEIENSIS.

284 2312 289 2341 ξ
322 2306 367 2334 δι.
390 2312 514 2333 seorsum
537 2309 628 2333 autem
643 2304 785 2340 discipulis
805 2303 966 2334 exsolvebat
980 2312 1038 2332 eas.
1056 2304 1102 2332 Et.

896 2360 1095 2390 VARIANTES
1115 2360 1319 2389 LECTIONES.

317 2410 325 2425 ι
344 2409 397 2433 Gal.
406 2409 451 2441 chi
464 2408 658 2440 comparabimus
669 2407 807 2439 parabolae.
823 2407 895 2441 Vulg.
907 2409 946 2432 cui
957 2408 1088 2439 parabolae
1141 2411 1219 2439 terra,
1234 2410 1314 2433 minus
1325 2412 1364 2433 est
1381 2409 1494 2441 omnibus
1505 2409 1657 2440 seminibus,
1670 2415 1735 2441 quae
1746 2413 1801 2434 sunt
1815 2408 1837 2432 in
1848 2410 1913 2432 tem;
1942 2413 1943 2427 ι

288 2440 494 2470 comparabimus.
874 2440 878 2441 ⁷
1141 2443 1177 2470 ct,
1189 2447 1244 2465 cum
1255 2441 1403 2467 seminalum
1415 2440 1498 2470 fuerit,
1513 2441 1632 2465 ascendit.

318 2472 327 2487 ³
345 2472 399 2505 Gai.
410 2471 486 2505 Quod,
501 2477 555 2495 cum
566 2472 720 2505 seminalum
736 2470 811 2495 fuerit
832 2470 855 2495 in
868 2474 944 2505 terra,
965 2470 1084 2505 ascendit.
1170 2471 1182 2487 ³
1201 2472 1260 2496 Mm.
1276 2471 1422 2502 loquebatur
1434 2473 1524 2497 omnia.
1539 2471 1612 2505 Vulg.
1623 2472 1763 2497 disserebat
1773 2470 1853 2496 omnia.

285 2504 344 2529 Mm.
357 2503 481 2528 minimum
500 2505 547 2526 est.
566 2501 640 2534 Vulg.
657 2503 734 2533 quod,
748 2508 804 2526 cum
818 2503 963 2527 seminatum
976 2501 1051 2527 fuerit
1063 2504 1088 2526 in

627 2551 773 2571 LECTIONES
785 2551 889 2572 CODICIS
903 2551 1110 2571 \‘lNDEBOSENSIS
1126 2551 1264 2572 ABEUNTES
1276 2553 1307 2572 ΑΒ
1319 2553 1445 2573 ΕΒΙΤΙΟΧΕ
1459 2553 1592 2573 νυιῦλτΑ.

285 2601 365 2628 .,...ΞἾ
379 2605 406 2626 et
416 2601 552 2626 obdormiat
564 2605 646 2625 noctu.
680 2601 719 2625 29.
732 2600 847 2632 ίιίιυιυῐηἶ
878 2600 919 2632 50.
931 2600 974 2625 Cui
986 2601 1087 2624 adsimi-
1140 2601 1230 2625 bitarc.
1262 2602 1303 2625 53.
1322 2601 1478 2632 Loquebatur
1490 2602 1593 2625 verbum
1602 2621 1608 2632 ,
1621 2604 1649 2626 ul
1662 2603 1781 2632 polt'rant.
1813 2598 1847 2623 Si.
1858 2601 1909 2632 509':

286 2625 500 2662 larlriimusrerguum
514 2632 577 2657 Dei?
588 2632 741 2664 autinquam
751 2631 889 2661 parabolam
899 2631 1088 2662 illudcompara—
1142 2639 1199 2664 sunt
1211 2636 1294 2656 tamen
1311 2625 1438 2664 discipulis
1454 2625 1667 2657 disserebat’eas.‘
1696 2633 1735 2656 35.
1748 2635 1855 2664 eonu-an}.
1879 2625 1908 2649 ⁵6-

286 2665 385 2690 bimus‘?
417 2665 455 2689 51.
465 2663 529 2694 quod
538 2663 760 2687 seminatumestin
773 2666 896 2687 terram...
909 2669 972 2693 quae
982 2661 1037 2688 sunt
1046 2670 1090 2687 su-
1143 2663 1175 2688 Ει
1185 2663 1310 2688 dimittunt
1322 2661 1433 2691 turbam:
1446 2668 1472 2688 et
1484 2668 1649 2694 susceperunt
1661 2670 1747 2687 cum...
1761 2666 1787 2687 et
1801 2661 1875 2685 multa"
1884 2664 1910 2680 δι-

287 2704 332 2729 per
345 2693 484 2722 ιρι-Μωςεί
496 2695 521 2719 tit
533 2695 611 2726 majus
620 2694 946 2719 omnibusoleribus...aves
953 2693 1014 2718 caeli
1022 2694 1090 2718 inha-
1144 2694 1194 2718 mul
1207 2701 1284 2719 naves
1294 2699 1372 2719 erant.
1406 2696 1446 2720 57.
1461 2696 1484 2719 in
1497 2693 1593 2725 navem,
1605 2696 1636 2720 ita
1648 2698 1675 2719 ut
1685 2694 1798 2726 impleret
1810 2696 1886 2716 navew-

966 2745 1151 2773 BLANCHINI
1170 2745 1286 2774 NOTAE.

323 2797 362 2832 (α)
379 2796 415 2823 lia
429 2799 457 2822 et
474 2800 526 2821 lex.
542 2793 589 2821 Gr.
612 2795 635 2820 ἐν
655 2796 718 2830 ποίᾳ
732 2793 877 2853 πᾳιῖαϐολῇ.
892 2807 928 2812 -
945 2791 985 2833 _(b)
1000 2791 1037 2819 Ita
1057 2797 1085 2834 et
1104 2793 1166 2820 cod.
1183 2793 1260 2821 Cant.
1277 2795 1319 2822 ἐπὶ
1331 2798 1377 2825 τήν
1390 2798 1449 2830 γῆν.
1461 2809 1495 2814 —
1515 2794 1551 2829 (ε)
1567 2793 1604 2821 lla
1627 2799 1655 2821 et
1675 2798 1729 2821 lex.
1753 2792 1798 2820 Cr.

323 2843 331 2849 -
346 2834 449 2853 Nam»
468 2835 518 2853 "rw
536 2831 702 2853 nmnuérmu.
723 2827 761 2853 Ibi
786 2849 791 2853 .
807 2834 865 2853 post
880 2836 995 2853 omnium
1007 2837 1143 2853 sentinam.
1155 2829 1232 2853 deost
1242 2834 1266 2853 ιιι
1278 2838 1336 2853 cum
1350 2830 1504 2853 satiriuutum
1517 2831 1603 2853 fuerit.
1619 2830 1699 2853 etiam
1711 2829 1736 2853 in
1747 2828 1796 2853 cod

305 2827 334 2863 οξ
346 2827 449 2859 inium
468 2835 518 2867 τῶγ
536 2827 712 2867 crepuit-my."
723 2827 791 2854 Ibid.
807 2827 865 2867 post
880 2828 995 2867 omnium
1007 2829 1143 2867 seminum.
1155 2829 1232 2867 deest
1239 2834 1266 2867 ςι
1278 2838 1336 2856 cum
1350 2827 1504 2867 {diuinum-tt
1515 2827 1604 2865 fuerit,
1619 2830 1699 2858 etiam
1711 2829 1736 2857 in
1747 2828 1796 2856 cod
1806 2827 1907 2855 Cani.“

292 2863 331 2903 (Δ)
346 2868 382 2894 lla
394 2871 421 2893 ct
430 2872 484 2894 ιρι.
497 2865 544 2894 Gr.
560 2863 644 2900 μεῖξον
654 2865 755 2893 πάντων
769 2867 819 2892 τῶν
829 2864 959 2899 λαχάνων.
970 2878 1003 2884 ν·-
1020 2863 1055 2900 (e)
1071 2864 1109 2894 lta
1121 2869 1150 2894 et
1162 2865 1222 2894 cod.
1234 2864 1312 2894 Cant.
1325 2865 1415 2895 πολλά.
