1951 3104
232 95 273 103 --η

431 151 546 179 ΩΟῡΕΧ
567 151 834 180 VERCELLENSIS.

235 198 287 225 tria
302 205 362 232 sua,
378 202 406 226 et
419 197 447 225 in

235 235 370 269 Cognatis,
388 238 418 261 et

237 270 265 297 in
281 270 363 296 domo
376 276 435 296 sua.

235 304 264 333 5.
287 306 295 321 ¹
313 305 345 332 Et
361 305 447 332 noluit
461 304 497 332 ibi

235 341 339 369 nullam
356 340 428 367 face-

238 385 268 404 re
285 378 422 407 virtutem,

239 413 290 439 nisi
306 413 330 438 in
349 412 441 446 paucis

237 448 326 482 aegris
341 448 418 482 iupo-

238 492 306 510 llCtIS
322 491 442 514 manum,

239 521 266 546 ti.
288 520 417 551 curabat;
438 524 464 548 et

239 556 401 586 mirabatur,

240 595 352 625 propter
369 591 408 616 itt-

241 625 429 653 credulitatem

242 662 362 689 illorum.
380 661 414 688 Et
427 662 479 689 cir-

242 697 396 738 coibat'p'er

243 740 401 768 mttIIlClpm,

243 769 354 796 docens.

244 807 271 832 7.
294 805 326 832 Et
336 812 469 832 convoca-

243 841 279 868 tis
293 847 339 867 xu.
354 840 392 875 (α)
406 841 478 868 misit
491 842 511 876 1-

245 876 308 903 illos
321 876 410 907 binos,

246 909 285 947 (ὁ)
298 911 359 938 data
374 911 395 946 -ι-
410 913 449 940 eis
468 920 517 947 po-

246 951 346 974 testate
356 947 412 982 Spi-

244 983 347 1011 rituum
363 983 413 1010 int-

248 1018 426 1051 mundorum;

248 1054 275 1081 8.
298 1055 432 1089 praecipi-

247 1097 298 1116 ens
313 1090 376 1122 illis,
394 1098 427 1118 ne

249 1124 314 1159 quid
330 1126 409 1152 tolle-

250 1165 312 1188 reut
326 1162 353 1188 in
369 1161 424 1193 via,

249 1197 303 1223 nisi
319 1197 422 1231 virgam

251 1237 356 1259 tantum
364 1252 372 1264 .
387 1241 434 1259 tte-

219 1286 221 1288 ι
251 1275 304 1303 que
318 1275 421 1301 peram,

251 1311 340 1338 neque
361 1311 470 1338 partem,

250 1341 300 1367 sed
317 1347 366 1366 nec
380 1347 458 1366 num-

250 1382 311 1402 mos
324 1375 351 1402 in
368 1382 473 1408 zonam,

251 1410 279 1438 9.
300 1411 349 1438 sed
363 1412 493 1439 calciatos

252 1447 336 1474 soleis
350 1455 356 1473 :
373 1452 411 1479 et,
425 1454 474 1474 no-

250 1482 299 1510 lite
312 1482 386 1510 indui

252 1518 320 1546 duas
336 1519 409 1546 tuni-

253 1561 311 1580 eas.

254 1589 299 1617 10.
321 1589 354 1616 Et
368 1589 476 1617 dicebat
491 1590 543 1618 illis
558 1599 563 1616 ε

253 1624 425 1665 ῌὺὶρυαιῳιε

254 1662 402 1687 intraveri-

254 1696 300 1729 tis,
318 1695 353 1723 ibi
366 1703 459 1723 matte-

256 1736 293 1764 te,
310 1731 397 1759 donec
410 1738 492 1759 exea-

654 198 698 225 H.
721 199 755 225 tis
770 198 850 232 inde;
865 203 893 226 et

652 235 819 269 quicumque

653 270 664 284 ’
677 278 731 297 non
746 277 822 297 rece—

655 306 746 340 perint
760 312 819 338 vos,

655 348 706 368 nec
717 341 769 368 aud
774 342 812 368 ie-

656 376 712 404 rint
726 384 784 407 vos.
802 384 849 404 ex-

657 416 755 440 euntes
771 413 812 439 in-

657 447 691 475 de
698 469 705 479 ,
723 449 841 476 excutite

657 485 798 518 pulverem

658 519 698 555 (ά)
715 520 812 554 pedum
827 527 887 548 ves-

658 560 762 582 trorum
776 555 797 591 -ξ-
813 556 840 583 in

658 591 813 618 testimoni-

659 634 703 653 um
723 627 774 654 eis.
792 628 878 655 Amen

659 662 722 689 dico
737 663 824 696 vobis,

659 699 803 726 remissius

661 734 713 761 erit
726 734 815 762 Sodo-

661 769 723 800 mis,
738 775 765 797 et
779 769 879 798 Gomo-

661 805 700 842 ris
709 804 740 842 in
757 806 800 833 die
811 806 855 842 ju—

662 840 737 874 dicii,
752 840 832 876 quam

662 877 765 904 civitati
782 877 831 905 illi.

664 912 707 938 t2.
730 912 779 946 Et,
796 921 857 940 cum
873 913 952 941 exis-

664 953 723 975 sent
732 970 738 980 ,
758 950 864 982 praedi-

664 985 772 1017 cabant,
791 991 819 1010 ut

666 1021 828 1053 paenitenti-

665 1063 707 1081 atn
722 1062 832 1090 agerent
848 1065 852 1082 ί

667 1091 711 1118 13.
733 1098 759 1117 et
775 1092 885 1119 daemo-

668 1127 710 1153 niu
727 1129 811 1154 multa

668 1162 812 1194 eiciebaut,

668 1203 694 1224 el
709 1199 846 1232 uugcbant

669 1235 729 1260 oleo
746 1236 846 1261 inultos

669 1276 765 1303 aegros
772 1292 780 1303 ,
796 1275 823 1297 et

670 1305 813 1332 sanabunt.

670 1341 714 1369 14,
738 1341 770 1368 Et
784 1341 869 1369 audiit
886 1341 937 1370 lle-

671 1376 752 1404 rodes
768 1377 826 1404 [lex

671 1413 772 1446 (palam
786 1412 886 1441 factum

670 1452 714 1475 est
728 1449 800 1475 enim
815 1457 863 1476 no-

671 1491 733 1511 men
750 1484 842 1512 illius:
856 1486 864 1519 )

671 1523 699 1556 et
712 1520 772 1556 (sic)
786 1521 912 1556 dicebant
925 1530 930 1547 :

671 1554 740 1588 Quia
752 1555 855 1583 .loban-

673 1598 722 1618 nes
735 1591 841 1626 Baptis-

674 1630 700 1653 ta
712 1634 834 1654 resurre-

674 1662 714 1688 xit
727 1670 741 1688 a
757 1670 831 1689 mor-

675 1697 745 1737 tuis;
761 1703 788 1725 et
802 1698 863 1726 ideo

674 1737 787 1761 virtutes

236 95 283 122 Π]
497 95 633 125 EUSEBII
653 95 823 123 VERCELL.
844 94 1070 124 EVANGELIUM
1089 95 1161 122 CUM
1182 93 1297 122 VARIIS
1315 93 1393 122 COD.
1414 90 1612 121 COLLATUM.
1842 88 1893 114 700

1306 150 1424 179 CODEX
1443 148 1668 178 VERONENSIS.

1501 199 1612 226 domum
1623 218 1630 230 ,
1647 196 1684 224 ibi

1500 238 1610 262 manete
1620 253 1627 264 .
1642 232 1693 274 do-

1500 276 1551 297 nec
1564 274 1667 296 exeatts

1088 199 1175 235 patria
1189 206 1248 232 sua,

1087 240 1115 264 et
1128 235 1156 262 in
1188 242 1290 277 genere

1088 279 1149 303 Sim,
1164 276 1191 298 ει
1204 279 1230 298 ιη

1088 306 1172 334 domo
1187 314 1248 333 sua.
1501 306 1545 333 tt.
1567 304 1642 337 inde;
1656 308 1684 332 et

1089 343 1116 370 5,
1139 343 1173 369 Et
1192 350 1245 370 non
1259 342 1299 370 fa-
1500 341 1664 376 quicumque

1089 378 1181 406 ciebat
1202 378 1238 405 ibi
1504 385 1558 404 non
1572 384 1647 403 rece-

1090 414 1175 441 ullam
1187 413 1274 441 virtu—
1503 413 1593 448 perint
1604 418 1651 438 vos
1660 432 1668 444 ,

1091 453 1163 481 teni;
1179 449 1230 476 nisi
1506 456 1595 483 neque
1607 454 1654 475 au-

1090 492 1190 520 paucos
1202 485 1276 512 intir-
1505 484 1605 511 dierint
1618 490 1665 510 vos
1678 502 1687 515 ,

1091 529 1150 548 mos
1164 520 1281 554 curavit,
1506 524 1636 547 exeuntes

1091 557 1118 584 6.
1139 556 1276 591 inponens
1506 554 1569 582 inde
1580 576 1588 587 ,
1603 561 1685 582 excu-

1091 593 1131 620 eis
1151 599 1249 619 manus
1260 613 1267 624 ,
1506 591 1555 618 tite
1570 591 1665 626 pulve-

1093 632 1204 662 proptcr
1219 628 1261 654 in-
1506 634 1562 654 rem
1576 625 1614 661 (ά)
1628 632 1673 661 pe-

1092 663 1280 691 credulitatem
1506 662 1569 690 dum
1585 669 1632 688 ve-

1092 699 1211 726 illorum.
1508 702 1626 725 strorum
1635 697 1655 732 1-

1093 735 1127 762 Et
1141 735 1272 762 circuibat

1092 770 1203 797 castella
1220 772 1245 797 iu
1259 771 1313 798 cir-

1093 807 1183 838 cuitu,
1199 805 1311 833 docens.

1509 734 1535 760 in
1550 734 1672 760 testimo-

1510 769 1583 796 nium
1600 768 1663 795 illis.
1735 794 1740 798 _

1509 806 1553 832 12.
1575 804 1610 831 Et
1620 808 1773 836 exeuntesI

1094 842 1121 869 7.
1143 842 1175 869 Et
1185 849 1288 869 convo-
1510 840 1704 876 praedicabant
1712 859 1720 872 ,

1094 879 1162 905 catis
1182 885 1230 904 xtt.
1247 877 1302 905 dis-
1511 880 1541 904 ut
1554 877 1694 910 paeniten-

1095 913 1204 948 cipulis,
1513 913 1577 939 tiam
1591 919 1654 946 age-

1095 949 1304 984 (ammte

1096 984 1138 1012 los
1154 984 1244 1017 binos,

1097 1020 1293 1056 (num+n

1098 1057 1131 1083 lis
1148 1061 1283 1090 potestate

1100 1092 1246 1125 spirituum

1100 1127 1318 1160 immundorum;

1100 1162 1127 1190 8.
1150 1164 1320 1197 praecipiens,

1101 1199 1168 1226 nihil
1184 1198 1290 1232 tollere,

1101 1235 1153 1261 nisi
1168 1234 1272 1269 virgam

1102 1275 1206 1297 tantum
1219 1279 1226 1304 ;
1245 1277 1298 1297 non

1102 1313 1207 1341 peram,
1223 1314 1276 1332 non

1102 1349 1210 1377 panem,
1226 1348 1273 1368 ne-

1102 1385 1154 1411 que
1169 1384 1215 1404 aes
1230 1378 1255 1403 in

1104 1412 1132 1440 9.
1153 1414 1242 1445 mnis,
1258 1412 1304 1439 sed

1514 948 1559 975 15.
1581 952 1660 974 rent:
1676 951 1706 975 et
1720 946 1774 973 ali-

1513 983 1559 1018 qui
1574 990 1607 1010 ex
1620 982 1673 1010 illis

1515 1018 1598 1046 multa
1612 1018 1677 1046 dae-

1515 1055 1606 1082 monia
1617 1062 1664 1081 cx-

1516 1090 1654 1125 pellcbant
1663 1111 1670 1122 ,

1515 1131 1543 1153 et
1557 1126 1591 1160 (e)
1607 1133 1733 1160 unguen-

1516 1167 1557 1189 tcs
1568 1161 1589 1196 1-
1603 1161 1664 1189 oleo
1679 1161 1784 1189 multos

1517 1204 1613 1232 aegros
1622 1218 1629 1230 ,
1642 1205 1686 1225 sa—

1517 1238 1661 1260 naverunt.

1519 1268 1563 1295 l4.
1583 1268 1694 1296 Audivit
1710 1275 1759 1295 au—

1519 1309 1572 1331 tem
1588 1304 1713 1333 Herodes

1519 1339 1577 1367 Rex
1598 1340 1706 1375 (notum

1519 1376 1592 1403 enim
1608 1375 1710 1403 factum

1520 1416 1563 1439 est
1578 1419 1677 1439 nomen

1520 1447 1578 1483 ejus
1591 1447 1616 1482 :)
1630 1452 1658 1475 et
1672 1446 1732 1482 (sic)
1746 1446 1787 1473 di-

1521 1483 1620 1511 cebant
1634 1492 1640 1510 :
1655 1483 1737 1517 Quod

1105 1449 1233 1476 calciatos
1246 1456 1308 1475 san—

1104 1484 1184 1512 daliis
1199 1493 1206 1511 :
1222 1489 1249 1511 et
1265 1491 1298 1511 ne

1106 1521 1283 1548 induerentur
1521 1518 1660 1546 Johannes

1105 1557 1173 1583 duas
1524 1554 1644 1589 Baptista
1658 1562 1719 1582 sur-

1105 1592 1220 1619 tunicas.
1523 1590 1594 1617 rexit
1607 1598 1622 1617 a
1636 1597 1710 1618 mor-

1105 1627 1149 1655 10.
1172 1627 1205 1655 Ει
1220 1627 1256 1663 (c)
1271 1627 1307 1655 ait
1318 1627 1338 1663 1-
1525 1626 1593 1659 tuis;
1608 1630 1637 1653 et

1104 1663 1160 1691 illis
1176 1672 1182 1689 ε
1201 1663 1329 1691 Ubicum-
1523 1666 1668 1696 prOpterea

1104 1707 1157 1734 que
1172 1699 1258 1726 intro-
1457 1712 1461 1716 -
1524 1702 1654 1734 operatur

1106 1733 1192 1762 ieritis
1209 1736 1236 1762 in
1523 1733 1637 1760 virtutes
1651 1733 1676 1760 in

916 1796 1031 1824 CODEX
1050 1797 1250 1825 BRIXIANUS.

253 1841 305 1878 tria
322 1848 381 1868 sua.
398 1849 425 1869 et
441 1843 467 1869 in
482 1844 644 1878 cognatione
659 1851 716 1870 sua.
744 1849 771 1872 et
800 1845 826 1871 in
848 1844 929 1872 domo
941 1853 999 1873 sua.
1016 1846 1050 1873 Et

253 1877 346 1915 noluit
357 1878 390 1905 ibi
403 1878 530 1915 virtutem
549 1879 629 1906 ullam
646 1878 744 1907 facere.
760 1880 918 1915 nisipaucos
930 1882 1050 1909 iutirmos

254 1913 385 1952 curavit.__
401 1914 533 1952 inponens
552 1915 593 1941 eis
609 1915 742 1942 manibus.
765 1913 954 1952 etrtnirabtnur
969 1925 1051 1952 super

253 1948 445 1976 incredulitate
470 1950 588 1976 illorum.
604 1957 629 1977 et
651 1952 782 1978 circuibat
795 1951 874 1979 Jesus
889 1948 1011 1980 castella:
1027 1954 1052 1979 iu

253 1984 368 2022 circuitu
384 1985 494 2022 docens.
512 1986 545 2013 Et
558 1988 715 2014 convocavit
732 1987 885 2015 duodecim.
910 1993 937 2015 et
961 1988 1050 2022 coepit

253 2027 301 2058 eos
318 2021 424 2058 mittere
444 2021 531 2048 binos.
545 2027 572 2049 et
582 2022 654 2049 dedit
668 2022 706 2049 eis
722 2028 892 2056 potestatem.
907 2021 1050 2058 spirituum

253 2056 466 2097 immundorum.
480 2063 507 2084 et
522 2058 658 2091 prohibuit
679 2058 717 2085 eis
739 2067 772 2085 nc
796 2060 859 2094 quid
875 2056 1002 2086 tollerent
1026 2061 1051 2086 in

254 2093 309 2117 via.
321 2093 377 2132 _nisi
388 2093 488 2127 virgam
507 2097 620 2132 tantum.
633 2101 683 2132 non
695 2093 866 2132 peramJnon
884 2103 990 2130 panem.
1004 2103 1037 2122 ne

252 2134 304 2189 quo
320 2129 346 2153 iu
367 2136 434 2154 znua
456 2136 512 2155 aes.
533 2129 579 2155 sed
601 2130 729 2156 calciatos
749 2129 890 2157 sandaliis.
909 2135 936 2158 et
958 2138 991 2158 ue
1012 2131 1053 2158 in-

274 2167 403 2189 uerentur
417 2164 520 2189 duabus
538 2165 645 2189 tunicis.
673 2165 705 2189 Et
729 2165 835 2189 dicebat
850 2167 899 2189 eis.
918 2167 1053 2189 ttuneum-

274 2167 403 2191 uerentur
417 2164 520 2191 duabus
538 2165 645 2192 tunicis.
672 2165 705 2192 Et
729 2165 835 2193 dicebat
850 2167 899 2193 eis.
918 2167 1053 2199 Quocum-

1104 1854 1156 1881 que
1172 1845 1329 1873 introieritis
1342 1845 1368 1872 iu
1379 1844 1490 1872 domum
1502 1844 1557 1871 illic
1572 1847 1690 1881 manete.
1702 1842 1789 1870 donec
1800 1842 1882 1881 excato

1104 1876 1176 1909 inde.
1191 1886 1219 1909 et
1231 1882 1391 1917 quicumque
1406 1887 1458 1907 non
1473 1880 1623 1917 receperint
1640 1885 1696 1905 vos.
1714 1885 1763 1917 nec
1772 1876 1881 1917 audierint

1105 1925 1162 1945 vos.
1186 1911 1317 1944 exeuntes
1338 1911 1400 1944 inde
1419 1911 1542 1943 excutite'
1564 1915 1701 1949 pulverem
1731 1914 1764 1940 de
1791 1911 1880 1949 pedibus

1107 1953 1217 1980 vestris.
1233 1954 1260 1980 in
1277 1952 1460 1980 testimonium
1477 1951 1540 1988 illis.
1559 1944 1642 1988 Amen
1657 1949 1720 1988 dico
1736 1944 1816 1988 vobis.
1831 1944 1880 1988 Iole:

1105 1989 1215 2016 rabilius
1224 1989 1274 2015 erit
1284 1988 1419 2015 Sodomis.
1428 1993 1472 2014 aut
1484 1986 1610 2015 Gomoris
1620 1986 1645 2013 iu
1656 1985 1700 2012 die
1709 1984 1807 2019 judicii.
1817 1986 1878 2015 quam

1107 2025 1143 2051 illi
1158 2025 1270 2051 civitati.
1292 2024 1326 2050 Et
1340 2028 1470 2051 exeuntes
1486 2022 1686 2057 praedicabant.
1702 2026 1731 2047 et
1751 2019 1879 2054 unguebaul

1106 2061 1176 2087 oleo.
1194 2060 1291 2087 inultos
1311 2067 1417 2093 aegros.
1434 2063 1461 2085 et
1471 2059 1651 2093 sam-bantur.
1850 2086 1855 2091 .

1143 2096 1176 2122 Et
1202 2096 1304 2122 audivit
1328 2092 1449 2122 Herodes
1476 2094 1543 2121 Rex.
1569 2092 1742 2120 manifestum
1764 2095 1802 2118 est
1821 2092 1877 2115 enim
1924 2100 1930 2108 η

1106 2131 1206 2158 laetum
1223 2138 1322 2159 nomen
1337 2138 1407 2164 eius.
1424 2135 1451 2157 et
1464 2130 1571 2157 dicebat
1592 2129 1658 2162 Quia
1674 2128 1806 2156 Iohannes
1823 2123 1877 2164 ΒΨ

1108 2167 1179 2194 lisln.
1198 2166 1347 2194 resurrexit
1366 2173 1382 2193 a
1398 2166 1521 2193 mortuis.
1537 2171 1565 2193 et
1585 2168 1741 2200 propterea.
1755 2163 1876 2197 operantur

897 2222 1012 2250 CODEX
1028 2221 1262 2251 CORBEIENSIS.

290 2281 317 2307 7.
338 2280 412 2319 misit
425 2281 487 2309 illos
500 2289 551 2319 per
565 2282 660 2315 binos,
675 2283 746 2312 dans
761 2284 813 2311 illis
829 2287 992 2319 potestatem
1009 2283 1051 2311 fu-

253 2324 318 2352 gare
332 2316 476 2351 spirituum
499 2318 710 2347 immundorum.
831 2316 837 2319 ’
961 2326 964 2330 ’

290 2352 317 2379 8.
340 2360 428 2388 neque
443 2361 569 2381 nummos
585 2355 611 2382 in
627 2355 713 2382 zonis.

1142 2285 1168 2313 9.
1188 2285 1235 2312 sed
1251 2284 1388 2313 calceatos
1403 2283 1544 2313 calliculas
1557 2293 1562 2311 :
1579 2288 1606 2311 et
1620 2291 1653 2311 ne
1669 2282 1832 2311 induereutur
1844 2274 1875 2302 bi-

1105 2328 1154 2348 nas
1169 2321 1287 2348 tunicas.

1141 2357 1184 2384 Η.
1201 2362 1228 2385 et
1243 2357 1304 2385 ideo
1319 2357 1434 2384 virtutes
1448 2357 1475 2384 in
1492 2356 1540 2383 illo
1556 2355 1721 2384 efﬁciuntur.

875 2414 1072 2443 VARIANTES
1085 2414 1287 2444 LECTtONES.

287 2473 305 2504 Ἀ
315 2472 377 2504 unt.
391 2471 420 2496 Et
428 2472 486 2497 ideo
496 2479 544 2497 non
555 2476 652 2504 poterat
664 2473 713 2498 illic
722 2474 822 2498 multam
831 2474 947 2499 virtutem
960 2473 1051 2499 facere.

256 2502 331 2535 Vulg.
341 2502 371 2527 Et
380 2509 427 2528 non
441 2507 537 2534 poterat
550 2502 581 2529 ibi
594 2506 710 2535 virtutem
721 2506 794 2530 ullam
806 2505 898 2531 facere.

1138 2475 1148 2490 ¹
1167 2474 1220 2500 Gut.
1233 2480 1280 2499 non
1294 2474 1438 2506 receperint
1449 2480 1499 2504 vos,
1510 2477 1642 2498 exeuntes.
1657 2471 1729 2505 Vulg.
1741 2475 1783 2495 non
1793 2468 1873 2494 τερθρε-

1106 2506 1157 2530 rint
1169 2512 1220 2536 vos,
1233 2512 1280 2530 nec
1292 2506 1415 2530 audierint
1428 2512 1480 2535 vos,
1493 2507 1625 2529 exeuntes.

603 2555 748 2575 ιερτιοΝΕε
762 2555 862 2575 CODICIS
878 2554 1083 2575 VINDEBONENQIS
1097 2555 1235 2575 ABEUNTES
1250 2557 1282 2576 ΔΒ
1298 2556 1421 2576 ΕΒΙΤΙΟΝΕ
1430 2555 1565 2575 VULGATA.

251 2594 277 2617 in
292 2593 440 2624 cognatione
454 2600 506 2618 sua.
541 2594 564 2618 5.
578 2593 610 2618 Et
626 2594 705 2618 uoluit
721 2594 753 2618 ibi
768 2595 880 2619 virtutem
901 2593 1000 2618 multam
1018 2593 1054 2618 fa-

250 2631 322 2653 cere,
336 2625 381 2648 nisi
393 2624 457 2654 quod
472 2631 570 2654 paucos.
585 2629 632 2649 etc.
648 2626 775 2654 imponens
792 2626 829 2650 eis
848 2632 935 2650 manus
948 2626 1051 2650 curavit.

251 2656 275 2688 Ἰ.
300 2655 342 2688 Et,
359 2657 498 2680 convocatis
522 2656 652 2688 duodecim
674 2656 812 2688 discipulis,
828 2657 949 2682 misitcos
966 2658 1050 2686 binos,

249 2687 306 2710 data
320 2687 357 2710 eis
370 2690 501 2717 potestate.
535 2687 558 2710 8.
573 2688 728 2717 praecipiens
743 2687 847 2718 illisque
863 2688 953 2718 quiti...
967 2694 1050 2718 neque

249 2718 276 2742 to
293 2724 375 2742 zonam
394 2724 445 2742 aes.
479 2717 502 2742 9.
521 2718 565 2742 sed
581 2718 697 2742 calciatos
715 2719 836 2750 sandalia;
854 2717 896 2749 et,
912 2725 944 2743 nc
963 2717 1050 2743 indue-

1109 2597 1195 2618 rentur
1207 2594 1267 2618 duas
1280 2595 1381 2618 tunie-Is.
1416 2593 1453 2618 10.
1470 2593 1624 2617 introieritis.
1640 2591 1714 2617 IIIvid.
1727 2587 1824 2618 deesl,in
1839 2582 1870 2618 ἀίξ-

1108 2617 1190 2649 iridih.’
1211 2617 1298 2650 715.7et
1310 2617 1437 2654 tingentes
1448 2625 1504 2648 oleo
1525 2624 1613 2648 multos
1627 2629 1730 2654 aegros,
1742 2617 1868 2654 ευιιςιγρτξιξιξ

1107 2647 1205 2681 [4.“th
1221 2647 1459 2681 Eutiiii'iiér’baés'
1475 2647 1527 2679 Rex
1554 2647 1746 2685 (manifestatum
1762 2650 1817 2685 ellin

1105 2680 1203 2724 nomen
1212 2680 1325 2742 eius
1343 2687 1413 2717 Quod
1429 2680 1570 2711 Joannes..‘.
1582 2689 1608 2710 et
1621 2689 1748 2717 propterea
1759 2680 1867 2707 etliciuntur

1105 2723 1210 2742 Vll‘llllcS
1227 2726 1250 2742 tn
1264 2727 1271 2742 1
1291 2726 1314 2742 ο.

1104 2723 1175 2744 νιῐιιιιι
1182 2726 1210 2743 CS
1227 2726 1250 2743 ll)
1264 2723 1314 2743 illo.

917 2761 1101 2790 BLANCHINI
1119 2762 1236 2789 NOTAE.

287 2810 323 2843 (at
338 2810 374 2836 ltzi
389 2809 490 2845 etrcml.
506 2809 583 2836 (Iunt.
593 2809 827 2845 ἀπέστειλενκ-(ῦ)
842 2809 922 2845 Juxta
936 2809 997 2836 cod.
1014 2808 1248 2845 Cant..Sodg.—(r)
1260 2809 1297 2836 ita
1310 2812 1337 2836 et
1351 2807 1412 2835 cod.
1429 2807 1507 2836 Alex.
1522 2806 1592 2843 apud
1607 2805 1730 2839 Millinm,
1743 2793 1865 2839 λέγει-ἥδ)

243 2842 280 2870 lla
294 2851 319 2871 ct
334 2845 394 2871 md.
410 2844 487 2871 Cant.
504 2849 553 2872 τῶν
567 2844 653 2872 πόὸῶν
666 2846 755 2879 ὑμῶν,
770 2842 830 2872 eum
845 2844 958 2872 zEtb.—
974 2844 1009 2880 (ε)
1024 2844 1060 2872 lla
1078 2850 1106 2873 et
1117 2845 1178 2873 cod.
1191 2842 1270 2872 eam.
1286 2844 1446 2879 ἀλςίψαντες.
