1951 3104
285 107 338 134 775
555 101 689 131 EUSEBII
708 101 879 131 VERCELL.
901 100 1128 131 EVANGELIUM
1147 101 1217 131 CUM
1238 101 1353 131 VARIIS
1371 101 1448 131 COD.
1469 101 1664 132 COLLATUM.
1875 104 1915 133 776

481 159 597 189 CODEX
616 159 891 188 VERCELLENSIS.

286 209 366 242 ritia,
379 209 470 244 nequi-

285 246 322 274 tia
335 266 343 278 .
359 245 439 272 dolus
449 266 456 278 ,
470 244 509 272 in-

285 281 414 317 pudicitia
425 302 432 313 ,

285 318 382 345 oeulus
397 324 444 344 ne-

285 361 337 388 qua
351 353 380 388 1-,
394 352 521 387 blasphe-

286 389 350 420 mia,
365 388 492 421 superbia
505 409 513 421 ,

285 424 331 452 25.
352 424 476 452 stultitia.
492 424 556 452 0m-

285 460 330 487 uia
346 460 413 487 haec
431 468 489 488 ma-

285 495 311 522 la
326 495 359 523 de
371 495 444 523 intus

287 531 455 566 procedunt,

286 571 314 594 et
327 567 436 602 coinqui
443 583 452 588 -

286 608 353 631 nant
368 602 456 630 homi-

286 646 361 666 nem.

285 675 330 702 2t.
352 675 385 702 Et
399 682 545 710 exurgens,

284 710 352 737 abiit
365 711 390 737 in
405 710 465 737 lini-

285 745 335 787 bus
348 746 386 782 (α)
400 746 465 787 Tyri
478 746 517 782 1-;
531 751 569 781 et,
585 753 646 774 cum

284 787 414 810 tntrasset
430 791 456 809 In

284 817 406 850 domum,
423 826 473 846 ne-

285 853 387 881 minem
403 861 453 881 vo-

284 889 336 917 luit
347 889 470 930 scire,7et

285 932 341 952 non
356 929 446 961 potuit

283 960 444 1002 25.77latere.
453 959 527 1002 7Cutn

283 996 405 1024 audisset
416 997 488 1024 enim

285 1033 394 1061 mulier.
415 1053 423 1060 .
446 1051 483 1095 ,ιθ

285 1088 292 1095 .
316 1088 323 1095 .
346 1088 354 1095 .
376 1088 384 1095 .
407 1088 413 1095 .
437 1088 443 1095 .
470 1077 483 1095 Ι-

285 1124 291 1131 .
316 1124 323 1131 .
346 1124 354 1132 .
375 1124 382 1132 .
405 1124 411 1131 .
432 1103 561 1139 ebatspi-

283 1140 367 1167 ritum
383 1141 490 1168 inmun-

282 1176 359 1210 dum,
373 1177 459 1209 venit,

281 1217 310 1240 et
324 1212 440 1247 procidit

281 1248 315 1275 ad
330 1248 413 1283 pedes
428 1247 488 1283 ejus

282 1282 336 1311 26.7
351 1284 446 1311 Mulier
457 1282 496 1319 (ὁ)
511 1290 560 1310 au-

283 1323 336 1347 tem
352 1324 412 1347 crat
424 1319 509 1347 Grae-

282 1362 325 1387 ca.
339 1355 360 1390 1-
373 1356 484 1383 natione
496 1354 548 1391 Sy-

283 1391 446 1426 raphoeuis-

282 1433 323 1454 sa.
339 1427 372 1454 Et
387 1434 467 1462 roga-

282 1462 328 1490 bat
343 1463 433 1496 illum,
446 1466 477 1490 ut

703 207 725 234 ri
742 207 813 234 ﬁlios
830 217 836 233 :
852 215 905 235 non

703 247 746 271 est
760 244 833 270 enim
849 243 897 271 bos

704 287 768 306 num
783 287 873 306 sume-

703 323 732 341 re
745 322 841 348 panem
859 315 888 341 li-

704 350 813 382 liorum,
830 356 856 377 et

704 388 826 420 proicere
843 394 888 414 ca-

704 423 795 448 nibus.

703 457 749 484 28.
772 458 811 484 Ad
833 458 876 484 illa
894 465 1006 494 respou—

704 495 742 520 dit
759 495 793 523 ei.
810 494 924 521 dicens:

703 529 739 556 lla
754 530 868 556 Dtllllillc
884 539 890 561 ;
904 537 966 557 nam

703 570 730 593 et
748 566 754 580 ¹
769 566 859 592 catelli
873 566 936 594 sub-

704 606 746 629 lus
762 609 886 629 mensam

703 638 787 665 edunt
800 638 834 664 de
849 637 902 664 mi-

704 674 744 701 cis
758 681 913 708 puerorum.

703 709 749 737 29.
770 709 805 736 Et
818 707 945 737 dixit'ei
962 717 968 736 :
987 707 1039 735 Va-

702 745 736 772 de
747 754 754 778 ;
772 750 884 780 propter

703 781 775 808 hunc
787 781 900 808 verbum

703 821 778 844 tuum
791 817 849 844 exi—

702 852 724 879 it
736 852 878 880 daetuoni-

703 896 747 915 um
762 896 776 914 a
793 888 846 915 lilia
861 891 916 914 tua.

701 924 747 952 50.
769 924 815 956 Et,
830 931 892 950 cum
908 922 975 949 isset

701 959 774 987 domi
789 964 854 994 aput
868 966 909 991 se,

701 996 805 1023 invenit
817 996 882 1022 dae-

701 1039 810 1059 monem
824 1030 895 1058 exis

699 1074 739 1100 se,
754 1071 783 1095 et
800 1066 884 1093 ﬁlium

699 1111 776 1130 suam
790 1109 899 1130 recum-

699 1139 809 1167 bentem
826 1139 867 1165 in-

699 1175 744 1202 51.
767 1175 849 1203 lecto.
866 1173 899 1201 Et
911 1172 988 1201 dein-

700 1217 766 1246 ceps
777 1217 870 1245 egres-

700 1253 747 1274 sus
759 1247 793 1273 de
807 1246 868 1273 lini-

701 1281 752 1310 bus
764 1282 851 1318 'lyrii,

700 1319 774 1346 venit
790 1317 838 1353 per
849 1317 892 1346 Si-

701 1354 801 1382 donent
822 1353 856 1381 ad

701 1397 777 1417 mare
788 1389 865 1417 Gali-

702 1426 780 1453 laeae
795 1425 867 1452 inter

701 1461 809 1489 medios
823 1461 854 1487 li-

1353 161 1468 190 CODEX
1490 160 1719 190 VERO‘NENSIS.

1137 207 1269 242 nequitia,
1285 207 1334 235 d0-

1136 242 1188 276 lus,
1203 243 1321 278 impudi-

1135 279 1208 311 citia,
1228 279 1323 306 oculus

1135 314 1231 346 malus.
1249 315 1323 342 blas-

1136 350 1264 385 phemiae
1276 350 1308 386 1-,

1135 386 1292 421 superbiae,

1135 421 1181 448 25.
1202 421 1326 449 stultitia.
1343 422 1407 450 Om—

1136 457 1181 484 nia
1196 457 1263 484 haec
1276 465 1334 484 ma-

1136 493 1160 520 la
1173 493 1207 520 ab
1223 493 1296 520 intus

1135 529 1299 564 procedunt,
1314 534 1342 557 et

1135 565 1339 592 communicant

1137 600 1286 628 hominem.

1135 636 1182 663 24.
1203 636 1238 663 Et
1249 644 1395 672 exurgens,

1135 673 1203 699 abiit
1219 672 1245 699 in
1258 672 1326 700 ﬁnes

1136 707 1174 743 (α)
1191 707 1264 743 Tyrii
1276 708 1312 744 ατς

1136 749 1163 771 et
1180 744 1318 778 ingressus

1135 779 1258 813 domum,
1276 787 1324 808 ne-

1136 815 1239 843 minem
1254 815 1340 843 voluit

1135 851 1216 883 scire,
1234 855 1262 878 et
1273 858 1328 878 non

1135 887 1222 921 potuit
1237 886 1277 913 la-

1136 927 1205 950 tere.

1135 957 1182 985 25.
1202 958 1298 985 Mulier
1313 957 1397 991 enim,

1136 994 1228 1021 statim
1245 998 1275 1021 ut

1136 1030 1241 1057 audivit
1253 1030 1289 1058 de

1134 1072 1178 1098 eo.
1194 1066 1272 1098 cujus
1283 1066 1326 1092 ha-

1134 1101 1216 1129 bebat
1228 1101 1284 1129 ﬁlia

1133 1137 1258 1172 spiritum
1275 1138 1325 1164 im-

1134 1175 1277 1206 mundum,
1295 1174 1335 1201 in-

1134 1209 1217 1237 travit
1232 1209 1266 1237 ad

1133 1245 1179 1273 26.
1200 1253 1272 1273 eum.
1291 1244 1357 1272 Erat

1134 1281 1176 1317 (ὁ)
1190 1287 1281 1308 autem

1133 1317 1238 1345 Graeca
1253 1317 1283 1352 1-.

1133 1352 1169 1389 Sy
1174 1352 1325 1381 rol'oenissa

1134 1396 1246 1424 genere.

1135 1426 1168 1452 Et
1182 1425 1293 1459 rogabat
1306 1431 1379 1457 eum,

1134 1465 1164 1487 ut
1179 1459 1353 1488 daemonium

1554 208 1625 235 ﬁlios
1637 215 1645 239 ;
1662 215 1715 235 non
1731 212 1774 235 est

1554 245 1627 271 enim
1641 245 1742 272 bonum

1554 281 1678 314 aecipere
1691 286 1792 314 panem

1554 315 1683 347 ﬁliorum.
1699 320 1730 344 et

1552 352 1662 379 mittere
1675 352 1752 379 illum

1552 386 1756 450 ξέθῖἒέῗῗεῖς

1572 423 1598 450 8.
1619 422 1660 450 Ad
1674 423 1719 450 illa
1734 431 1778 451 re-

1553 459 1702 492 spondens,
1717 459 1757 487 ait
1769 459 1794 487 ei
1808 467 1815 486 :

1554 494 1596 528 (ά)
1611 494 1737 527 Domine,

1555 529 1591 565 (e)
1606 529 1653 557 sed
1668 535 1696 558 et
1705 531 1725 566 1
1735 538 1781 558 ca—

1554 566 1612 593 telli
1625 566 1675 593 sub

1554 609 1647 629 mensa
1666 609 1746 629 man-

1553 637 1655 665 ducant
1666 638 1701 665 de

1553 674 1631 700 micis
1643 681 1743 707 puero-

1552 709 1598 737 29.
1619 717 1690 736 rum.
1709 709 1745 737 Et
1759 710 1797 736 ait

1553 745 1593 772 illi
1611 754 1617 771 :
1635 745 1731 777 Vade;

1552 786 1665 815 propter
1681 780 1755 808 hunc

1553 824 1708 844 sermonem

1552 853 1694 887 contingat
1710 851 1760 880 tibi

1551 888 1586 916 de
1600 888 1653 916 ﬁlia
1668 893 1726 919 tua,

1551 924 1597 952 50.
1618 929 1647 951 ιιι
1659 924 1750 958 cupis.
1762 924 1794 951 Et
1803 944 1810 957 ,

1552 967 1613 987 cum
1630 960 1734 987 abisset

1552 996 1674 1028 domum,
1691 996 1733 1023 in-

1554 1032 1629 1058 venit
1644 1032 1721 1066 puel-

1554 1068 1605 1094 lam
1618 1068 1755 1101 jacentem

1553 1111 1633 1137 supra
1651 1104 1766 1135 lectum,

1553 1145 1579 1166 et
1592 1140 1768 1166 daemonium

1551 1176 1643 1202 exisse
1656 1176 1691 1201 ab

1551 1218 1594 1238 ea.

1550 1247 1595 1274 51.
1618 1246 1651 1274 Ει
1665 1246 1765 1275 iterum
1776 1246 1858 1275 exiens

1551 1282 1586 1310 de
1598 1283 1701 1310 ﬁnibus

1551 1318 1638 1354 Tyrii,
1652 1319 1732 1346 venit

1551 1362 1601 1390 per
1613 1355 1746 1383 Sidouem

1551 1390 1584 1417 ad
1599 1398 1677 1418 mare
1693 1390 1746 1419 Ga—

1552 1426 1631 1453 lileae
1644 1428 1719 1454 inter

1551 1461 1656 1489 medios
1674 1462 1709 1489 ﬁ-

282 1498 457 1526 daemOnium
702 1505 751 1525 nes
765 1497 889 1530 Decapov
1133 1496 1236 1524 eiceret
1250 1496 1285 1524 de
1551 1505 1601 1525 nes
1614 1497 1703 1525 Deca-

281 1534 383 1562 eiccret
398 1535 434 1563 de
700 1533 747 1561 52.
769 1533 813 1560 lis.
826 1533 863 1568 Et
876 1530 918 1558 of-
1133 1532 1179 1559 27.
1200 1532 1266 1568 tilia
1551 1533 1596 1560 32.
1618 1534 1724 1568 poleos.
1738 1533 1769 1560 Et

280 1570 327 1597 27.
350 1571 404 1597 ﬁlia
420 1570 489 1605 ejus.
502 1569 536 1596 Et
550 1569 592 1597 di-
699 1567 833 1605 (eruntei
847 1575 907 1595 sur-
1133 1568 1203 1605 ejus.
1218 1567 1269 1605 Qui
1296 1603 1321 1605 _7
1550 1567 1680 1597 adferunt

280 1606 318 1633 cit
331 1606 357 1633 ei
377 1615 384 1633 :
399 1603 466 1644 Sine
480 1605 537 1641 pri-
702 1604 778 1637 dum,
795 1604 806 1619 ³
818 1608 846 1631 et
860 1610 920 1630 mu-
1133 1603 1202 1644 dixit
1217 1603 1257 1630 illi
1271 1612 1278 1630 :
1293 1603 1360 1644 Sine
1432 1605 1438 1609 “
1552 1605 1577 1632 ei
1593 1605 1707 1633 surdum
1718 1625 1725 1639 ,

283 1648 358 1669 mum
370 1642 453 1669 satia—
704 1645 778 1673 tum;
795 1647 894 1675 rogan—
1133 1640 1208 1674 prius
1218 1640 1338 1666 saturari
1553 1645 1579 1668 el
1595 1646 1717 1674 mutum;

942 1704 1060 1733 CODEX
1079 1705 1273 1734 BBIXIANUS.

279 1765 351 1794 ritia.
381 1764 512 1800 nequitia.
541 1763 631 1792 dolus.
665 1763 757 1792 livido.
790 1762 957 1800 inpudicitia.
986 1763 1081 1800 oculus
1133 1762 1182 1790 illi.
1198 1763 1263 1791 Sine
1278 1763 1353 1798 prius
1367 1764 1482 1792 saturari
1499 1764 1579 1792 ﬁlios.
1596 1773 1649 1793 non
1667 1771 1711 1794 est
1731 1767 1798 1795 enim
1813 1767 1900 1794 bonum.

282 1803 370 1830 malus
380 1800 411 1836 1-.
426 1799 609 1835 blasphemia.
622 1800 759 1834 superbia.
785 1804 813 1827 et
836 1799 960 1826 stultitia.
985 1799 1081 1826 Omnia
1134 1806 1242 1827 sumere
1260 1807 1356 1834 panem
1380 1800 1498 1827 ﬁliorum
1513 1807 1541 1828 et
1563 1802 1670 1830 mittere
1688 1803 1804 1830 canibus.
1819 1803 1852 1830 Ad
1868 1801 1901 1828 ill:

282 1838 350 1865 haec
372 1835 453 1864 mala.
481 1838 516 1865 ab
545 1836 618 1863 intus
638 1836 800 1872 procedunt.
829 1840 857 1863 et
879 1836 1083 1863 communicant
1134 1835 1276 1872 respondit
1294 1837 1317 1863 ei
1332 1836 1437 1864 dicens.
1453 1836 1551 1871 Utique
1570 1837 1696 1866 Domine.
1712 1847 1770 1865 nam
1790 1843 1815 1866 et
1833 1837 1900 1865 auelli

282 1872 432 1900 hominem.
635 1907 639 1908 7
887 1907 892 1908 7
984 1906 1006 1908 7_
1049 1907 1054 1908 7
1134 1871 1305 1908 s7uD7mens7a.
1331 1872 1478 1899 comedunt
1499 1873 1532 1900 de
1554 1874 1631 1901 micis
1652 1883 1804 1908 puerorum.
1823 1873 1855 1901 Ad
1868 1872 1900 1898 ille

317 1908 352 1936 Et
365 1915 515 1944 exsurgens
532 1908 595 1936 inde
617 1907 684 1935 abiit
701 1908 727 1935 in
747 1908 814 1935 lines
830 1907 905 1943 Tyri.
917 1911 944 1934 et
963 1906 1082 1934 Sidonis.
1134 1906 1206 1944 dixit
1221 1906 1256 1944 ei.
1275 1906 1345 1944 Vade
1362 1913 1473 1943 propter
1489 1908 1560 1935 hunc
1576 1906 1731 1938 sermbnem
1746 1909 1900 1938 exiitdaemo-

280 1949 309 1973 et
322 1942 461 1980 ingressus
478 1945 504 1971 in
515 1944 627 1972 domum
644 1945 781 1971 neminem
794 1942 879 1970 voluit
893 1944 974 1970 scire.
985 1947 1015 1980 et
1029 1950 1082 1980 non
1136 1943 1209 1980 nium
1221 1942 1334 1980 7de77l7ilia
1351 1942 1456 1980 tuafEt
1476 1952 1538 1971 enni
1559 1944 1661 1972 abisset
1678 1946 1703 1973 in
1727 1946 1826 1973 domum
1843 1950 1898 1971 sunt"

280 1978 367 2015 potuit.
389 1981 486 2007 latere.
502 1980 556 2008 Sed
575 1981 706 2016 continuo
719 1987 781 2006 cum
792 1979 922 2016 audisset
938 1979 1035 2016 mulier
1049 1978 1083 2016 de
1137 1978 1238 2016 invenit
1255 1978 1336 2016 tiliam
1351 1987 1427 2016 suam
1439 1979 1576 2014 jacentem
1593 1989 1674 2016 supra
1690 1982 1795 2009 lectum.
1809 1979 1898 2016 Ειρειιξ-

278 2014 313 2045 eo
332 2017 409 2051 cujus
429 2016 486 2044 ﬁlia
503 2016 621 2043 habebat
641 2015 766 2049 Spiritum
790 2015 951 2042 inmundum
973 2014 1085 2041 intravit
1137 2014 1257 2051 monium
1279 2015 1378 2051 exisse.
1396 2014 1430 2042 Et
1453 2016 1550 2043 iterum
1572 2014 1665 2044 exiens
1686 2017 1719 2045 de
1739 2018 1828 2044 ﬁnibus
1839 2014 1898 2049 ,Tyri-

279 2052 314 2080 ad
329 2049 402 2080 euin.
417 2058 444 2079 et
460 2052 578 2087 procidit
597 2051 632 2078 ad
649 2051 732 2086 pedes
746 2050 816 2086 ejus.
832 2051 897 2087 Erat
915 2055 1006 2087 autem
1023 2057 1083 2076 mu-
1137 2049 1212 2087 venit
1227 2057 1275 2087 per
1290 2050 1429 2087 Sidonem.
1446 2051 1569 2087 admarc
1591 2052 1722 2081 Galileae.
1745 2053 1810 2080 inter
1819 2051 1898 2078 medios

278 2088 329 2116 lier
344 2085 472 2121 Gentilis}
486 2085 706 2123 Syrophaenissa
721 2094 830 2121 genere.
843 2086 999 2123 7Etrogabat
1010 2093 1083 2123 eum.
1138 2085 1215 2123 lines.
1239 2085 1378 2122 Decapoli.
1402 2087 1434 2114 Et
1450 2086 1567 2115 offerunt
1589 2089 1613 2116 ei
1631 2089 1752 2117 surdum.
1766 2092 1792 2116 et
1808 2090 1897 2115 mutum.

279 2129 309 2152 ut
323 2124 499 2153 daemonium
508 2121 620 2152 'eiceret
634 2123 670 2151 de
685 2122 740 2150 ﬁlia
754 2123 823 2157 ejus.
838 2121 917 2149 .lesus
937 2126 1027 2148 autent
1048 2121 1086 2148 ait
1137 2125 1165 2149 et
1180 2122 1280 2156 depre-

920 2167 1035 2197 CODEX
1055 2168 1290 2198 CORBEIENSIS.

315 2229 361 2257 24,
375 2229 486 2263 Omittit,
502 2233 529 2257 et
542 2228 659 2257 Sidonis.
675 2263 686 2265 7
761 2263 767 2265 _
834 2264 837 2265 7
1167 2228 1213 2265 517.
1226 2228 1258 2255 ad
1272 2235 1348 2257 mare
1358 2229 1509 2265 Galilaeae,
1528 2238 1559 2259 ac
1587 2231 1657 2260 inter
1669 2231 1770 2260 medios
1785 2230 1840 2258 ﬁnes
1860 2226 1897 2254 De-

318 2265 364 2293 26.
379 2266 444 2293 Erat
456 2266 529 2293 enim
545 2265 657 2299 Graeca,
671 2263 885 2300 Syrophaenissa
899 2271 1009 2299 genere.
1131 2264 1243 2299 capulis.

891 2321 1089 2350 VARIANTES
1109 2321 1311 2352 LECTIONES.

311 2383 321 2421 ξ
339 2383 393 2421 9“!-
405 2383 487 2421 ‘Pﬂieln
500 2383 584 2421 ⁸⁸⁸³υὲ·
601 2381 675 2421 νὲιίθ·
688 2380 921 2421 οεὲςιιὲερειιθέμειξ-

310 2416 322 2431 ⁵
339 2416 393 2441 Gal.
409 2415 443 2440 illi
452 2414 526 2440 Jesus
541 2411 694 2446 :Proptci‘...
715 2416 741 2438 et
757 2414 829 2438 exiit.
846 2411 920 2445 Vulg.
935 2412 970 2437 illi
983 2419 989 2436 :
1003 2411 1079 2444 Prop-

1135 2384 1292 2439 Nigrini},
1303 2400 1463 2446 niugillatum.
1483 2417 1556 2449 Vulg.
1570 2420 1597 2443 et
1606 2421 1708 2443 mutum.

623 2486 771 2507 LECTIONES
785 2486 887 2507 CODICIS
901 2485 1107 2507 γιιωειζοηικςιε
1120 2487 1257 2508 ΑΒευΝτεε
1273 2488 1305 2508 ΑΒ
1319 2488 1442 2509 EDITIONE
1457 2489 1589 2511 VULGATA.

278 2538 351 2565 2LEt
362 2544 517 2570 exurgens...
531 2537 555 2562 in
570 2537 631 2562 ﬁnes
641 2537 718 2569 Tyrii,
731 2537 873 2570 etSydonis.
886 2541 912 2562 et
921 2538 1048 2570 ingressus
1059 2538 1083 2562 in
1138 2538 1252 2570 Domine,
1266 2539 1309 2564 sed
1323 2543 1349 2564 et
1360 2547 1434 2565 canes
1445 2541 1491 2565 sub
1502 2548 1586 2566 mensa
1598 2540 1776 2566 manducantde
1784 2539 1842 2564 micis
1850 2543 1893 2568 pue-

279 2571 388 2605 domum.
398 2569 437 2605 2‘75.
452 2569 541 2605 mulier
553 2569 845 2605 enim...cu_j7us_7ltabebat
859 2569 905 2593 ﬁlia
917 2570 1028 2605 spiritﬁum
1038 2569 1081 2593 im-
1137 2576 1229 2605 rorum.
1315 2571 1515 2605 Vaderoptet‘
1528 2573 1591 2597 hunc
1602 2580 1735 2598 sermonem
1752 2572 1806 2605 exiit
1818 2570 1892 2605 tilum?-

279 2602 406 2634 rnuudum,
416 2601 515 2626 intravit
535 2601 563 2625 ad
574 2607 641 2625 eum.
725 2600 785 2634 Erat
797 2602 862 2634 enim
881 2597 969 2634 mulier
978 2600 1081 2634 Graeca,
1136 2603 1201 2634 nium
1214 2602 1246 2626 de
1256 2603 1312 2633 tilia,
1327 2607 1375 2628 etc.
1393 2597 1399 2603 ’
1408 2597 1447 2628 30.
1460 2597 1514 2628 cum
1527 2604 1620 2629 abisset
1631 2605 1738 2634 domum,
1751 2602 1832 2628 invenit
1841 2597 1891 2634 puel-

278 2633 413 2658 Pboenissa
431 2639 543 2664 genere,
561 2636 587 2657 et
600 2632 731 2664 procidens
749 2632 779 2656 ad
795 2631 949 2664 pedcsejns.
967 2633 1079 2663 rogabat.
1135 2632 1213 2657 lam...
1226 2638 1251 2659 et
1267 2631 1424 2660 daemonium
1439 2636 1530 2660 exisse.
1562 2636 1602 2661 52.
1615 2635 1646 2661 Ει
1661 2631 1761 2660 aﬂ’erunl
1772 2634 1849 2659 ei...ut
1860 2631 1892 2654 itu-

276 2664 317 2690 27.
341 2662 444 2689 bonum‘
454 2662 578 2695 accipere.
600 2662 649 2688 ’28.
661 2662 697 2687 Ad
718 2663 758 2688 illa
776 2663 903 2694 respondit.
915 2663 959 2693 illi,
975 2663 1078 2688 dicens:
1135 2669 1250 2695 poneret.

957 2728 1142 2757 BLANCIHNI
1162 2729 1277 2758 NOTAE.

309 2793 432 2830 (a)7Post
449 2791 522 2827 Tyri.
534 2791 613 2830 deest
626 2795 650 2818 et
666 2791 791 2830 Sydpujs,
808 2790 890 2830 etiam
905 2788 931 2829 in
947 2787 1007 2830 cod.
1021 2786 1101 2830 Cant.
1117 2788 1199 2824 —(b)
1212 2788 1251 2830 lla
1266 2793 1295 2830 c7t
1310 2789 1481 2830 text._Graec.
1504 2789 1591 2830 323.7...
1602 2788 1718 2830 ζελλῃνίς.
1734 2802 1767 2808 -
1780 2783 1890 2830 (ςλΑξιξ-ξξ

273 2817 731 2866 εεὲῖζῆξιῖνδῖξῖιυῦαῇἶᾶξςίἴα)
747 2817 817 2854 Alite
831 2823 953 2855 Domine,
970 2823 1047 2851 deest
1062 2826 1151 2860 utique
1166 2817 1267 2859 pariter
1281 2824 1307 2852 in
1332 2825 1393 2852 end.
1410 2825 1489 2853 Cant.
1506 2841 1542 2847 -
1556 2826 1593 2861 (e)
1606 2817 1673 2854 lbiil'.
1690 2817 1747 2853 cum
1757 2817 1839 2852 eodem
1855 2817 1890 2844 lla-

274 2863 332 2896 bct,
350 2864 411 2891 ὐλλά
427 2865 479 2891 χαί.
