1951 3104
40 126 84 153 777

213 178 329 207 ΟΟΒΕΧ
349 177 621 208 VERCELLENSIS.

37 234 81 261 tes.
94 232 120 254 ut
130 228 202 262 inpo-
436 231 478 254 tos
489 226 575 262 loqui.

36 269 103 291 neret
113 263 136 291 ei
149 270 204 290 ma-
517 262 631 290 CAPUT
660 262 726 289 VIII.

35 301 75 327 33.
91 306 149 335 nus.
164 297 197 325 Et
208 297 306 333 adpre-
437 298 461 335 -l_.
480 298 511 335 In
527 298 580 335 illis
597 297 637 335 (ά)
658 302 747 326 autem
760 297 779 332 1-

35 334 144 362 hcndens
154 340 213 361 eum
433 333 531 361 diebus
544 334 595 361 ite-

34 371 63 398 de
76 370 147 398 turba
161 376 205 397 se-
433 377 505 403 rum,
522 376 582 397 cum

34 413 127 438 orsum,
139 404 177 440 (a)
187 412 271 440 exrpu-
435 404 513 432 turba
528 412 604 440 mag-

34 450 86 474 ens,
99 439 168 468 misit
179 440 198 475 ~j-
208 439 246 467 di-
436 448 469 467 na
484 445 567 473 esset,
578 439 607 468 et

33 478 96 512 gitos
105 483 165 504 suos
176 475 203 502 in
437 482 491 503 non
505 475 588 503 habe-

33 511 134 540 auribus
148 511 217 545 ejus,
435 515 508 545 rent,
524 512 597 546 quod

33 552 57 575 ct
69 547 149 582 tetigit
162 547 213 574 lin—
434 546 558 580 ederent,
574 554 640 574 con-

31 591 103 617 guam
117 582 173 618 ejus
187 591 194 609 ι
436 588 537 610 vocans
552 582 608 609 dis-

32 620 70 647 5i.
89 623 113 646 et
124 617 254 652 aspiciens
437 618 552 652 cipulos,
566 617 634 645 dixit

32 655 54 681 in
68 654 177 686 caelum,
435 653 464 681 2.
484 654 524 681 eis
539 661 546 679 :
561 653 671 681 Misere-

31 690 161 724 ingernuit,
177 693 204 716 et
264 703 273 710 ~
435 697 466 716 or
481 688 576 716 turbae
589 688 661 722 huic,

32 726 64 753 ait
72 725 107 753 illi
123 734 129 752 :
146 724 210 759 Epi-
436 724 564 759 quoniam

31 767 52 788 ta
68 769 74 788 :
88 759 158 796 quod
168 763 211 788 est
226 769 231 786 :
432 759 488 794 jam
502 759 537 796 (Γ)
549 759 635 787 tridu-

31 797 169 832 adaperire.
436 803 492 832 um.
515 814 523 821 .
545 814 551 821 .
575 815 582 822 .
600 803 654 832 quo

32 830 152 867 35.’Et~j-
166 834 278 866 apertae
436 830 490 858 hic.
514 851 520 856 .
544 850 550 867 τ
574 852 581 859 .
602 830 623 866 -1-
638 835 665 859 et

32 872 86 895 sunt
98 874 177 895 aures
437 874 490 894 non
507 866 608 893 habent

31 904 92 937 ejus,
106 906 133 931 et
144 910 191 930 so-

436 901 507 936 quod
522 901 618 935 edant,

31 939 105 966 lutum
117 943 158 966 est
170 937 232 965 vin-

436 938 463 965 5.
473 941 501 965 et
513 937 651 965 dimittere

31 975 109 1002 culum
123 974 173 1001 lin—
437 973 499 1000 illos
509 972 617 1008 jejunos

31 1018 90 1045 guae
101 1009 168 1045 ejus,
436 1008 510 1036 dom.
530 1028 540 1045 γ.
563 1028 570 1035 .
593 1028 599 1035 ,
622 1027 630 1036 .

32 1044 52 1073 et
63 1045 218 1080 loquebatur
438 1051 471 1071 ne
480 1044 588 1078 patian-

31 1082 133 1114 diserte,
149 1080 220 1108 adeo

32 1123 56 1143 Ill
66 1124 156 1145 omnes
167 1121 229 1144 stu-

32 1152 69 1180 56.
89 1156 191 1187 perent.
210 1151 294 1179 Prae-

32 1188 145 1223 cepitque

33 1222 76 1257 eis,
90 1222 121 1251 ne
134 1223 177 1251 cui
193 1222 241 1251 di-

32 1263 126 1287 cerent.
139 1258 208 1286 Cum

33 1302 99 1328 prae.
119 1315 127 1323 .
147 1313 156 1323 .
172 1314 180 1323 .
194 1298 258 1322 eret

33 1329 229 1358 ill.....0

33 1366 109 1401 magis
118 1366 174 1394 cla-

33 1401 71 1428 37.
91 1402 211 1435 mabant,
229 1406 258 1429 et

33 1444 62 1473 eo
75 1437 187 1473 amplius

33 1471 193 1500 admiraban-

35 1511 81 1540 tur,
94 1508 183 1536 dicen-

35 1548 69 1571 tes
83 1553 89 1570 :
105 1544 176 1572 Bene
190 1551 253 1571 om-

35 1579 74 1606 nia
86 1580 93 1595 ¹
106 1579 168 1607 fecit
181 1588 189 1607 :
203 1583 236 1607 et

35 1614 123 1643 surdos
135 1614 202 1643 facit

35 1650 129 1685 audire,
145 1655 174 1679 et
185 1657 248 1679 mu-

438 1083 481 1106 tur
494 1079 521 1106 in
535 1080 576 1107 via
590 1088 596 1112 ;

437 1115 565 1149 quoniam
580 1115 640 1150 qui-

439 1150 501 1178 dam
512 1150 620 1178 illorum

439 1193 454 1214 a
468 1186 548 1221 longe
561 1193 606 1214 ve-

440 1226 548 1249 nerunt.

440 1258 467 1285 4.
488 1257 522 1284 Et
536 1257 687 1292 responde-

440 1297 515 1321 runt.
537 1312 545 1320 .
567 1312 574 1320 .
596 1293 652 1320 dis-

441 1328 524 1363 cipuli
535 1328 594 1356 sui:
615 1328 672 1357 Un-

441 1364 476 1392 de
489 1363 533 1391 hic
549 1368 606 1391 tan—

441 1404 484 1427 tos
499 1400 600 1434 poterit

441 1435 539 1470 aliquis
554 1439 627 1462 satu-

442 1478 503 1498 rare
517 1470 595 1505 pani-

443 1506 493 1533 bus
504 1506 531 1533 in
547 1512 624 1533 aere-

443 1541 471 1569 5.
492 1541 564 1569 mia?
579 1541 614 1569 Et
625 1541 704 1570 inter-

442 1577 556 1612 rogabat
570 1576 632 1605 illos
646 1586 652 1603 :

443 1612 516 1647 Quot
526 1620 611 1647 panes

443 1648 570 1676 habetis?
584 1647 634 1682 Qui

537 120 763 150 EVANGELIUM
783 119 970 149 SECUNDUM
991 120 1147 149 MARCUM.

1615 121 1668 148 778

1079 178 1197 206 CODEX
1219 177 1445 207 VERONENSIS.

1372 224 1486 253 CAPUT
1507 224 1575 253 VIII.

1285 262 1310 289 1.
1322 261 1353 288 In
1366 261 1418 288 illis
1430 261 1470 296 (ά)
1481 268 1524 288 au-

1285 302 1338 325 tem
1354 297 1374 332 -ι-
1389 296 1484 324 diebus

1285 333 1395 365 iterum,
1410 340 1471 360 cum

1284 369 1363 396 turba
1377 368 1459 395 multa

1284 408 1369 437 esset,
1385 408 1412 431 et
1427 411 1477 432 nec

867 231 896 253 nt
907 226 1058 260 imponeret

867 262 905 289 illi
921 269 1042 289 manum.

866 299 911 326 55.
933 296 968 324 Et
983 297 1134 332 suscipiens

866 341 928 362 eum
942 333 975 360 de
988 337 1045 360 tur-

866 369 899 397 ba
912 376 1034 396 seorsum
1044 388 1051 402 ,

866 404 906 440 (a)
918 411 1050 440 cxpuens,

868 438 942 467 misit
952 439 973 474 -ξ-
987 439 1032 467 di-
1285 438 1419 467 haberent
1426 460 1433 473 ,

866 476 937 509 gitos
948 482 1015 502 suos
1286 475 1357 509 quod
1372 482 1449 502 man-

866 511 895 538 in
910 510 1055 543 auriculas,
1284 510 1425 539 ducarent.
1441 517 1505 537 con-

866 550 894 574 et
908 547 994 582 tetigit
1285 546 1388 582 vocatis
1402 545 1483 582 disci-

867 580 985 616 linguaiu
998 582 1058 616 ejus
1073 589 1081 608 ι
1285 581 1368 615 pulis,
1384 580 1421 608 ait
1437 581 1489 608 illis
1507 590 1513 608 :

867 617 912 644 56.
933 621 959 644 et
974 624 1019 644 su—
1285 617 1319 652 2.
1334 616 1464 643 Misereor
1473 624 1555 652 super

867 652 986 687 spiciens
1287 650 1324 687 (e)
1341 652 1418 679 istam
1436 652 1455 687 -Ι-
1470 650 1527 679 tur-

868 688 894 715 in
908 688 1012 715 caelum
1023 707 1030 719 .
1286 688 1347 715 bam
1359 708 1366 720 ,
1383 695 1450 720 quo-

867 723 1016 758 ingemuit,
1287 723 1358 750 niam
1370 722 1405 759 (f)
1420 722 1537 750 triduum

867 763 895 787 et
909 759 946 786 ait
958 759 999 786 illi
1015 768 1021 786 :

867 794 953 822 Eﬂ'eta
969 803 975 822 :
991 794 1062 829 quod

869 834 928 857 est:
943 830 1044 865 adape-

870 866 914 893 55.
935 864 1001 893 rire.
1013 864 1053 900 (b)
1068 865 1102 892 Et
1112 865 1131 899 1"

870 905 980 936 apertae
994 905 1057 929 sunt

870 944 950 964 aures
961 937 1032 972 ejus,

871 976 899 1000 et
911 972 1029 1001 solutum

873 1013 915 1035 est
929 1008 1065 1036 vinculum

872 1044 980 1079 linguae
995 1045 1064 1079 ejus.

872 1083 900 1107 et
911 1079 1073 1114 loquebatur

872 1115 1040 1142 conﬁdenter

872 1150 918 1178 56.
939 1150 974 1177 Ει
983 1150 1122 1186 praecepit

874 1186 940 1220 illis,
950 1193 985 1213 ne
998 1186 1041 1214 cui

873 1221 1005 1249 dicerent.

874 1257 919 1284 37.
941 1257 978 1293 (ι)
997 1256 1036 1285 Ad
1051 1256 1090 1284 illi
1108 1257 1128 1291 1-

875 1293 962 1328 magis
973 1297 1079 1320 tantum

1285 761 1340 792 jam
1356 763 1408 792 est,
1424 766 1457 786 ex
1471 766 1525 794 quo

1288 793 1332 821 hic
1343 799 1408 821 sunt
1420 793 1453 829 1-,

1288 836 1338 857 nec
1353 829 1454 856 habent

1288 864 1359 899 quod
1375 871 1450 892 man-

1288 901 1316 928 5.
1336 900 1451 932 ducent,
1463 907 1491 929 et

1290 937 1327 971 (g)
1343 937 1479 964 dimittere

1291 980 1338 999 cos
1351 972 1458 1006 jejunos

1291 1008 1365 1040 nolo,
1381 1016 1414 1034 ne
1426 1008 1463 1035 la-

1293 1043 1411 1077 tigentur
1422 1044 1448 1070 in

1293 1080 1350 1109 via;
1367 1080 1493 1113 quoniam

1293 1115 1399 1148 quidem
1446 1116 1494 1142 ali-

1294 1150 1338 1184 qui
1351 1150 1385 1177 de
1397 1151 1478 1185 leuga

1295 1191 1437 1213 venerunt.

1296 1222 1322 1248 lt.
1344 1222 1377 1248 Et
1396 1223 1547 1257 responde-

1295 1262 1358 1284 runt
1370 1258 1394 1284 ei
1405 1257 1485 1285 disci-

1295 1293 1352 1326 puli
1362 1293 1405 1320 sui
1417 1301 1423 1319 :

876 1328 1086 1362 praedicabant,
1294 1328 1372 1357 Unde
1386 1328 1453 1356 istos

875 1369 949 1400 eteo
963 1364 1079 1400 amplius
1294 1364 1354 1399 quis
1369 1363 1409 1400 (Ii)
1421 1368 1511 1399 potest
1525 1366 1545 1400 1-

875 1399 1091 1431 admirabantur.
1295 1404 1417 1427 saturare
1430 1407 1479 1434 pa~

876 1434 1000 1462 dicentes
1016 1444 1023 1462 :
1297 1435 1377 1462 nibus
1391 1435 1418 1462 in

876 1470 951 1498 Bene
965 1470 1057 1498 omnia
1297 1469 1442 1498 solitudine

876 1505 942 1533 fecit
954 1514 960 1531 :
974 1510 1002 1532 et
1011 1513 1070 1533 sur-
1295 1505 1366 1532 ista?

876 1541 919 1569 dis
933 1546 1053 1576 praestat
1297 1541 1324 1568 5.
1345 1541 1379 1568 Et
1392 1541 1475 1569 inter-

877 1577 1009 1610 auditum,
1022 1581 1050 1605 et
1298 1577 1404 1612 rogavit

877 1613 960 1640 mutis
968 1612 1028 1640 elo-
1298 1619 1347 1640 eos
1362 1622 1368 1639 :
1378 1613 1451 1647 Quot

878 1648 983 1683 quium.
1300 1655 1384 1683 panes
1400 1648 1522 1678 habetis?

691 1696 809 1726 CODEX
828 1696 1028 1726 BRIXIANUS.

35 1745 157 1774 cabantur
186 1752 264 1774 eum.
287 1749 316 1772 ut
342 1743 497 1778 imponeret
522 1744 547 1772 ei
576 1751 696 1772 manum.
725 1744 758 1772 Et
782 1745 830 1772 ad-

36 1789 137 1809 sumeia
158 1789 223 1810 eum
250 1788 265 1808 a
285 1780 364 1808 turba
380 1787 516 1807 seorsum.
540 1780 614 1807 misit
639 1780 738 1815 digitos
754 1787 830 1808 suos.

37 1816 58 1843 iu
85 1818 223 1846 auriculas
262 1816 332 1851 ejus.
362 1819 390 1842 et
431 1822 554 1849 expuens
588 1815 678 1851 tetigit
711 1816 831 1851 linguam

37 1853 97 1887 ejus.
134 1859 162 1881 et
195 1852 333 1887 aspiciens
363 1851 390 1878 in
419 1851 538 1878 caelum.
566 1851 711 1887 ingemuit.
740 1856 767 1879 et
796 1852 834 1879 ait

38 1885 81 1915 illi.
95 1885 239 1924 Eppheta:
249 1887 321 1923 quod
336 1891 379 1915 est
395 1887 549 1924 adaperire.
565 1886 600 1924 Et
612 1885 703 1924 statim
723 1892 833 1924 apertae

37 1929 93 1951 sunt
115 1922 195 1952 aures
219 1922 297 1958 ejus,
312 1928 339 1950 ct
362 1922 481 1958 solutum
504 1927 546 1949 est
565 1922 704 1949 vinculum
725 1922 834 1958 linguae

38 1959 99 1992 ejus.
121 1964 150 1987 et
167 1958 332 1994 loquebatur
354 1962 439 1985 recte.
456 1957 491 1984 Et
512 1958 648 1994 praecepit
666 1958 715 1985 eis.
735 1957 774 1986 ne
790 1958 834 1986 cui

39 1994 166 2022 dicereut.
181 1993 291 2029 Quanto
305 1998 396 2021 autem
418 1994 458 2020 eis
473 1993 667 2028 praecipiebat.
685 1998 761 2020 tanto
777 2001 835 2021 ma-

39 2030 73 2063 gis
87 2031 126 2058 illi
142 2031 203 2065 plus
218 2029 422 2065 praedicabant.
436 2032 465 2065 et
479 2036 512 2056 eo
522 2029 835 2065 ampliusiainmiraban-

40 2070 78 2093 tur
90 2063 225 2095 dicentes.
251 2065 325 2094 Bene
339 2065 429 2093 omnia
453 2063 528 2092 fecit.
543 2069 570 2092 et
583 2064 682 2092 surdos
703 2064 768 2092 facit
785 2072 835 2092 au—

882 1744 952 1781 dire.
979 1747 1007 1771 et
1029 1748 1125 1781 mutos
1143 1743 1231 1781 Alioqui.
1254 1743 1283 1771 In
1304 1743 1359 1771 illis
1379 1744 1420 1781 (d)
1441 1749 1531 1773 autem
1545 1746 1564 1781 -j~
1577 1747 1683 1775 diebus.

883 1780 982 1817 iterum
996 1786 1057 1807 cum
1074 1779 1153 1807 turba
1168 1779 1349 1817 mulla_esset.
1365 1779 1393 1808 et
1406 1779 1456 1817 nec
1470 1779 1686 1817 habefentquod

884 1815 1091 1852 manducarent.
1120 1815 1280 1852 convocatis
1295 1815 1374 1843 Jesus
1396 1816 1537 1852 discipulis
1562 1818 1599 1845 ait
1623 1815 1686 1846 illis.

885 1851 1016 1879 Misereor
1033 1851 1129 1887 turbae
1149 1851 1221 1878 huic.
1238 1851 1298 1887 quia
1314 1858 1379 1879 ecce
1393 1854 1447 1887 jam
1466 1853 1556 1880 triduo
1581 1862 1688 1881 mecum

886 1891 961 1914 sunt.
979 1891 1006 1913 et
1021 1894 1074 1913 non
1089 1886 1191 1914 habent
1206 1886 1277 1921 quod
1291 1886 1464 1915 manducent.
1476 1893 1503 1915 ct
1518 1889 1541 1915 si
1554 1888 1687 1916 dimisero

888 1930 935 1950 cos
948 1922 1057 1959 jejunos
1071 1922 1101 1959 in_
1117 1922 1214 1959 domos
1231 1929 1304 1949 suas.
1321 1922 1448 1950 deiicient
1464 1923 1492 1951 in
1506 1924 1559 1951 via.
1575 1925 1687 1959 quidam

888 1959 960 1985 eniin
972 1960 1005 1984 ex
1020 1958 1070 1985 eis.
1086 1957 1120 1985 de
1136 1958 1216 1992 longe
1232 1962 1375 1985 venerunt.

923 1993 958 2020 Et
982 1993 1185 2028 responderunt
1216 1993 1242 2020 ei
1268 1993 1393 2027 discipuli
1415 1995 1484 2028 ejus.
1512 1994 1589 2021 Unde
1619 1995 1687 2022 istos

889 2028 933 2055 hic
947 2033 1038 2063 potest
1065 2028 1207 2063 quisquam
1235 2032 1359 2064 saturare
1383 2030 1495 2064 panibus
1516 2029 1543 2056 in
1564 2030 1689 2057 solitudi-

888 2072 932 2091 ne.
954 2065 987 2091 Et
999 2064 1177 2099 interrogavit
1190 2071 1238 2091 eos
1250 2063 1327 2097 Quod
1348 2071 1432 2099 panes
1456 2065 1572 2093 habetis.
1593 2066 1629 2093 At
1649 2066 1688 2093 illi

677 2109 792 2138 CODEX
810 2109 1046 2138 CORBEIENSIS.

71 2158 114 2185 35.
131 2162 159 2186 et
175 2156 342 2192 loquebatur
357 2156 536 2184 conﬁdenter.

72 2193 114 2220 57.
130 2198 160 2221 et
174 2193 268 2221 surdis
284 2195 396 2226 praestat
409 2192 543 2225 auditum,
559 2196 587 2219 et
601 2192 684 2219 mutis
699 2192 784 2227 loqui.

73 2228 136 2256 CAP.
150 2228 222 2256 Vlll.
239 2243 273 2248 —
291 2228 319 2255 2.
335 2228 466 2264 Misereor
482 2229 491 2243 ’
511 2227 681 2264 super-istam
695 2228 800 2255 turbam
809 2229 838 2264 σξη,

43 2265 162 2298 quoniam
185 2264 308 2292 triduum
331 2263 456 2298 estjam,
480 2270 532 2298 quo

889 2156 1009 2189 habent,
1024 2156 1096 2192 quod
1119 2156 1294 2192 manducent.

925 2193 952 2220 '5.
968 2196 995 2219 et
1010 2191 1149 2220 dimittere
1162 2199 1210 2219 eos
1221 2191 1330 2226 jejunos
1345 2191 1371 2219 in
1387 2192 1498 2220 domum
1512 2193 1586 2227 nolo,
1602 2201 1636 2222 ne
1650 2194 1690 2221 fa—

891 2228 1010 2263 tigentur
1026 2228 1053 2255 in
1064 2228 1124 2261 via;
1139 2227 1266 2263 quoniam
1278 2227 1386 2263 quidam
1397 2235 1430 2256 ex
1445 2228 1485 2257 eis
1495 2228 1529 2257 de
1543 2229 1689 2265 louginquo

576 2262 620 2290 hic
644 2268 728 2296 sunt,
744 2268 772 2291 et
787 2262 841 2291 non
892 2262 1035 2292 venerunt.

664 2309 861 2340 VARIANTES
880 2309 1084 2338 LECTIONES.

73 2358 79 2372 '
97 2358 148 2383 Gal.
162 2358 255 2383 facit...
267 2355 332 2381 facit.
349 2355 422 2389 Vulg.
435 2356 524 2381 fecit...
537 2355 602 2381 fecit.

898 2356 978 2412 hgicEt
996 2355 1031 2380 ita
1045 2354 1099 2380 Gal.
1118 2360 1167 2380 sec.
1184 2353 1270 2385 curis;
1286 2353 1372 2386 primis
1388 2357 1467 2381 autent
1483 2355 1584 2383 habebat
1602 2357 1689 2383 turbae

382 2436 527 2457 LECTIONES
538 2437 641 2458 CODICIS
654 2436 858 2458 VINDEBONENSIS
873 2437 1009 2458 ABEUNTES
1022 2437 1056 2457 AB
1065 2436 1190 2457 EDITIONE
1209 2437 1339 2458 VULGATA.

72 2478 109 2503 55.
120 2477 150 2503 Et
160 2478 299 2509 suspiciens
319 2484 405 2502 eum...
423 2483 549 2509 expuens,
567 2478 633 2503 misit
645 2478 737 2509 digitos
746 2485 803 2504 suos
814 2480 839 2503 in

45 2510 168 2538 auriculas,
181 2508 211 2534 et
219 2509 313 2540 tetigit,
324 2513 373 2533 etc.
405 2508 444 2541 δι.
459 2512 485 2541 et
495 2510 639 2540 respiciens.
673 2508 712 2535 35.
724 2510 756 2535 Et.
767 2516 840 2541 aper-

46 2543 83 2563 tae
95 2543 150 2571 sunt
161 2547 238 2565 aures
260 2541 343 2571 ejus...
358 2543 384 2564 et
406 2540 551 2571 loquebatur
563 2540 725 2565 confidenter.
757 2540 796 2566 56.
808 2547 841 2565 ne

46 2571 82 2603 cui
91 2570 212 2603 dicerent:
223 2569 324 2603 omissis,
332 2574 422 2603 quanto
430 2569 513 2603 autem
531 2572 567 2596 eis
579 2572 754 2603 praecipiebat.
772 2570 841 2597 Ibid.

52 2601 178 2627 Vindebon.
200 2600 280 2633 habet,
292 2602 320 2626 ad
332 2600 366 2626 illi
379 2602 456 2633 magis
473 2604 566 2626 tantum
579 2600 766 2633 'praedicabant.
801 2603 841 2628 57.

49 2634 243 2658 ammirabantur.
249 2650 264 2657 ..
271 2633 381 2658 etsurdis
387 2635 494 2663 praestat
499 2633 617 2664 auditum,
624 2637 650 2659 et
655 2635 714 2659 muti
721 2634 842 2659 locuntur.

924 2479 978 2504 Cap.
997 2478 1064 2504 VIII.
1074 2492 1104 2497 —
1117 2480 1139 2504 1.
1153 2479 1181 2503 In
1193 2478 1241 2504 illis
1253 2481 1335 2505 autem
1346 2480 1436 2506 diebus
1445 2482 1543 2505 iterum.
1578 2481 1601 2506 2.
1615 2481 1692 2507 Mise-

893 2517 959 2543 reor,
970 2517 1046 2543 super
1062 2510 1133 2535 istam
1150 2511 1258 2543 turbam,
1275 2512 1390 2542 quoniam
1407 2512 1514 2537 triduum
1527 2511 1576 2542 jam
1591 2517 1639 2543 est,
1659 2520 1691 2537 ex

894 2548 943 2572 quo
953 2542 993 2566 hic
1008 2545 1074 2571 sunt,
1090 2548 1136 2566 nec
1150 2541 1254 2572 habent,
1264 2541 1328 2572 quod
1340 2543 1497 2568 manducare.
1528 2541 1554 2568 3.
1574 2547 1599 2568 et
1610 2541 1692 2569 dimit-

895 2549 943 2572 quo
954 2549 993 2566 uic
1008 2549 1074 2571 sunt,
1090 2549 1136 2566 nec
1150 2549 1251 2572 naoent,
1264 2549 1328 2597 quoe
1340 2549 1497 2568 manducare.
1530 2549 1554 2568 δ.
1574 2549 1599 2568 et
1610 2549 1692 2569 Utlllll-

895 2576 952 2609 tere
965 2573 1119 2627 eosdejunos
1131 2573 1228 2609 domum
1240 2580 1310 2609 no.0,
1324 2579 1357 2597 ne
1373 2574 1508 2610 fatigentur
1525 2575 1548 2599 in
1564 2576 1617 2610 viah;
1630 2581 1693 2605 quo-

897 2610 962 2627 niam
973 2611 1015 2627 aut
1034 2610 1073 2627 em
1086 2606 1112 2627 et
1123 2603 1197 2627 aliuui
1213 2610 1244 2627 ex
1257 2604 1295 2627 liis
1305 2604 1338 2627 de
1348 2604 1432 2627 longe.
1465 2606 1489 2627 Δ.
1501 2609 1559 2627 istos
1571 2612 1626 2627 nuis
1638 2612 1693 2627 nan

897 2604 962 2637 niam
973 2603 1073 2634 quidem
1086 2603 1197 2637 etaliqui
1213 2610 1244 2629 er
1257 2604 1295 2637 liis
1305 2604 1338 2637 de
1348 2603 1432 2636 longe:
1465 2606 1489 2630 4.
1501 2606 1559 2631 istos
1571 2603 1626 2637 quis
1638 2603 1694 2637 pass

897 2636 930 2659 sit
942 2637 1054 2659 saturare
1063 2634 1207 2666 pauibus’in.
1232 2636 1257 2661 5.
1270 2635 1317 2665 Qui

698 2675 883 2704 BLANCHINI
901 2675 1018 2703 NOTAE.

81 2710 117 2747 (ιι)
138 2710 224 2738 Juxta
247 2712 372 2739 ordinem
397 2710 458 2738 cod.
470 2711 549 2738 Cant.
562 2713 666 2743 πτύσας
681 2711 804 2740 ἔϐαλε.-
818 2711 856 2747 (b)
869 2711 935 2739 Post
956 2716 991 2745 et,
1017 2711 1094 2747 deest
1109 2712 1207 2743 statim,
1223 2711 1304 2744 etiam
1317 2712 1344 2739 in
1360 2712 1420 2740 cod.
1446 2711 1600 2747 Cant.--(c)
1616 2713 1653 2739 lta
1670 2719 1698 2741 et

50 2746 107 2772 cod.
123 2747 203 2773 Cant.
220 2747 245 2774 οἱ
263 2747 301 2780 ὂέ,
325 2747 445 2779 omissis,
459 2752 556 2781 quanto
570 2752 655 2775 autent
668 2748 704 2775 eis
746 2747 912 2783 raecipiebat.
924 2761 960 2767 —-
974 2747 1013 2782 (tt)
1025 2746 1064 2774 lta
1075 2753 1102 2775 et
1115 2752 1170 2775 tex.
1188 2747 1236 2775 Gr.
1251 2747 1288 2775 δέ.
1302 2761 1338 2767 --
1352 2747 1388 2782 (e)
1408 2747 1490 2775 Addit
1506 2748 1597 2779 istam,
1614 2749 1698 2775 etiam

50 2781 106 2808 cod.
120 2783 200 2809 Cant.
216 2783 321 2809 τούτου.
336 2782 451 2809 Vercell.
468 2787 494 2809 et
510 2783 584 2809 Brix.
601 2784 711 2809 habent.
724 2757 794 2809 fuit.
811 2797 847 2803 --
860 2782 894 2809 (Ii
909 2782 947 2809 Ita
961 2788 988 2809 et
1002 2783 1063 2809 cod.
1080 2782 1159 2809 Cant.
1173 2783 1221 2809 ’ἤδη
1236 2784 1329 2809 ἡμέραι
1339 2787 1408 2809 τρεῖς
1427 2785 1488 2809 εἰσιν
1502 2783 1553 2809 ἀπὸ
1571 2793 1632 2809 ποτε
1648 2781 1698 2809 ὦδέ

50 2781 106 2808 cod.
120 2783 200 2810 Cant.
216 2783 321 2810 τούτου.
336 2782 451 2810 Vercell.
468 2787 494 2809 et
510 2783 584 2810 Brix.
601 2784 711 2815 habent,

745 2784 801 2821 uie.”
811 2781 847 2803 ἑ-
860 2782 894 2819 (Ῑ)
905 2782 947 2821 Ita
961 2788 988 2821 et
1002 2783 1063 2821 eod.
1080 2782 1159 2821 cant.
1172 2783 1221 2821 ᾔδη
1236 2784 1329 2821 ἡμέρ-ᾳι
1339 2781 1408 2821 τρεῖς
1427 2785 1488 2821 eia-ty
1502 2783 1553 2810 ἀπὸ
1571 2793 1632 2809 ποτε
1648 2781 1698 2821 ἇςδέ

52 2818 121 2856 uicta.
134 2833 170 2856 ῖ-
243 2818 275 2846 Ει
289 2818 324 2856 ila
337 2817 402 2856 eod.
417 2817 495 2845 Cant.
509 2819 637 2856 ὰπρλῦσαι
651 2820 680 2846 οὐ
701 2819 767 2856 ea...
791 2820 833 2856 ἶνα
900 2819 1035 2856 ἐκλυθῶσιν
1050 2819 1074 2846 ἐν
1093 2818 1153 2854 ὀδῷ,
1167 2818 1207 2846 ὅτι
1220 2817 1271 2845 καί.
1285 2817 1449 2845 'Veronensi
1470 2817 1527 2845 fere
1551 2817 1699 2847 concordat

53 2851 245 2881 Vcrcellciis'is.
258 2868 292 2873 -—
305 2854 345 2889 (Ιι)
360 2853 425 2881 Post
438 2858 530 2890 potest,
542 2854 621 2882 deest
635 2855 688 2887 hic,
700 2852 782 2883 etiam
798 2854 826 2881 in
841 2851 902 2883 c'od.
918 2853 996 2881 Cant.

272 2902 408 2932 PATROL.
439 2901 510 2931 XII.

1418 2899 1457 2928 25
