1951 3104
34 124 87 155 785

37 239 88 264 me,
103 230 216 266 abneget
248 235 251 238 '

32 275 60 295 se
72 267 166 301 ipsum,
181 271 208 294 et

32 303 104 330 tollat
115 309 222 330 crucem

32 345 114 370 suam,
125 341 153 365 et
165 345 208 366 se-

32 378 122 408 quatur
132 381 184 401 me.

31 409 73 436 35.
89 409 207 444 Quisque
219 409 293 438 enim

31 444 141 471 voluerit
154 445 214 473 ani-

31 487 97 508 mam
114 487 189 507 suam

32 516 139 548 salvare,
150 523 212 551 per-

31 551 71 578 det
85 558 142 578 eam
153 559 161 584 ;
178 551 225 587 qui

30 592 113 614 autem
123 593 184 621 per-

30 622 120 650 diderit
130 622 189 650 ani-

31 665 96 685 mam
111 657 149 692 (a)
164 665 242 686 suam
257 658 276 694 -ί-

30 700 104 721 causa
120 694 208 721 Evan-

30 730 96 763 gelii,
110 729 165 756 sal-

30 764 97 791 vabit
113 772 184 792 eam.

29 800 69 828 56.
83 800 148 833 Quid
163 800 239 829 enim
255 807 319 836 pro-

30 836 83 863 dest
96 836 208 870 homini,

31 872 49 898 si
61 872 175 899 lucratus

31 906 103 934 fuerit
116 908 124 922 ί
135 912 221 935 totum

31 942 168 977 saeculum,
183 948 211 971 et

30 979 170 1013 jacturalns

32 1014 101 1041 fuerit
110 1014 166 1042 ani-

32 1056 93 1077 mam
108 1057 182 1078 suam
197 1050 209 1077 ’Ξ

33 1086 69 1121 57.
83 1086 133 1113 Aut
144 1094 227 1121 qttam

32 1120 96 1147 dabit
110 1120 189 1149 homo

34 1157 65 1192 (b)
78 1162 228 1185 commuta-

33 1193 122 1229 tionem
136 1193 155 1229 -ί-
170 1201 220 1228 pro

32 1228 84 1263 (sic)
96 1229 210 1256 animam
224 1235 273 1255 su-

33 1264 70 1291 58.
82 1272 124 1305 aut
131 1265 142 1291 ‘!
155 1264 238 1298 Quis-

34 1306 77 1333 que
86 1307 152 1327 enim

35 1334 148 1362 confusus
161 1335 218 1364 fue-

34 1370 63 1397 rit
74 1379 123 1404 me,
131 1377 158 1399 et
171 1379 228 1399 me-

35 1413 47 1432 a
57 1406 129 1434 verba
143 1407 168 1434 in

35 1442 175 1476 generatio-

35 1484 63 1504 ne
75 1478 200 1513 adultera,

36 1518 57 1539 et
70 1515 192 1547 peccatri-

36 1555 71 1589 ce,
82 1553 106 1589 et
118 1549 200 1578 Filius
213 1549 269 1577 lto-

38 1591 107 1611 mmts
121 1592 185 1613 COI’I-

37 1619 117 1647 tundet

37 1661 98 1687 eum,

541 126 768 156 EVANGELIUM
785 127 972 157 SECUNDUM
993 129 1151 159 MARCllM.

217 183 333 212 CODEX
355 183 624 215 VERCELLENSIS.

439 240 501 260 eum
516 232 622 260 venerit

441 269 466 295 in
481 268 568 303 gloria
579 268 632 295 Pa-

440 304 489 331 tris
504 304 546 330 sui
561 310 622 331 cum

440 340 550 374 Angelis
563 346 641 366 sanc-

438 374 484 402 59.
501 375 546 402 tis.
559 375 593 402 Et
606 375 713 403 dicebat

440 410 494 437 illis
511 418 518 437 :
692 416 697 420 '

440 416 494 438 llllS
511 418 518 437 ἵ
692 416 697 420 ”

439 445 526 473 Amen
540 445 601 474 dico
614 454 661 474 vo—

440 481 494 517 bis,
511 482 572 517 quia
587 487 652 509 sunt

439 516 548 551 quidam
559 517 603 545 hic

438 556 544 580 stantes
557 553 597 588 (ά)
611 560 666 580 me-

438 595 500 615 cum
514 588 544 622 ἦ,
555 589 601 623 qui
616 595 670 616 non

438 624 584 658 gustabunt

439 663 566 691 mortem,
582 659 631 688 do-

439 702 489 722 nec
503 695 615 722 videant

440 738 552 765 regnum
565 731 611 758 Dei

438 767 594 793 venientem

439 801 466 829 in
480 801 619 829 virtutem.

535 836 650 865 CAPUT
666 836 712 863 IX.

440 873 465 900 ‘l.
479 872 513 900 Et
524 878 587 907 post
598 873 656 900 dies
670 880 717 900 sex

439 908 449 923 ²
459 908 587 943 adsump-

439 944 474 971 sit
488 944 568 971 Jesus
578 944 701 976 Petrum.

439 983 465 1007 et
474 979 616 1012 Iacobum,

441 1021 468 1042 ct
482 1015 636 1047 Johannen,

440 1055 467 1078 et
482 1050 560 1078 duxit
571 1051 632 1078 illos

442 1087 468 1113 itt
483 1090 604 1113 montem

441 1121 524 1149 altum
539 1125 550 1140 ³
564 1129 640 1149 seor-

442 1164 501 1185 sum
513 1157 600 1191 solus,
618 1162 645 1185 et

442 1193 584 1228 transﬁgu-

405 1249 409 1253 .
443 1233 517 1256 ratus
527 1234 568 1256 est
579 1229 605 1256 in

441 1268 591 1300 conspectu

441 1304 554 1327 eorum.‘

440 1336 468 1363 2.
485 1336 519 1363 Et
530 1336 663 1364 vestimen
670 1351 679 1356 -

440 1376 465 1398 ta
481 1371 541 1406 ejus
557 1371 626 1399 facta

439 1412 502 1434 sunt
514 1406 620 1442 fulgen-

440 1442 488 1475 tia,
499 1442 509 1458 ⁵
524 1442 640 1470 candida

439 1478 530 1511 valde,
542 1482 605 1505 tan—

439 1514 466 1541 5.
481 1521 562 1548 quatn
576 1513 634 1541 nix.
652 1513 685 1540 Et

440 1549 516 1576 visus
527 1557 552 1577 e.
567 1569 574 1575 .
589 1568 596 1575 .
610 1568 644 1575 ..

441 1584 545 1618 llelias.
559 1592 622 1612 cum

440 1619 539 1656 Moysi;
552 1624 579 1647 et
597 1628 661 1648 con-

441 1655 591 1691 loqueban-

1624 133 1677 162 ’186

1088 189 1207 218 CODEX
1231 190 1458 220 VERONENSIS.

873 242 917 263 me
926 235 948 271 1-
963 255 971 269 ,
982 235 1099 271 deneget

872 278 917 303 se;
934 275 962 298 et
977 272 1074 299 tollens

872 313 980 334 crucem
996 315 1082 340 suam,

872 347 1003 377 sequatur
1016 350 1069 370 me.

873 378 918 405 55.
933 378 984 411 Qui
995 379 1067 405 enim
1081 386 1128 406 vo-

872 413 953 440 ltterit
965 414 1083 441 animant

873 455 951 476 suam
965 449 1067 476 salvam

873 483 974 517 facere,
990 487 1085 519 perdet

873 527 947 552 eam;
962 520 1007 555 qtti

873 561 962 582 autem
975 556 1066 590 perdi-

873 591 946 618 derit
958 592 1075 618 animam

873 626 913 662 (a)
925 633 1002 654 suam
1017 627 1036 662 1‘
1054 633 1117 662 pro—

873 666 936 696 pter
947 662 1035 689 Evan-
1081 683 1085 688 .

873 697 988 731 gelium,
1003 698 1054 725 sal-

873 740 934 759 vam
951 732 1031 760 iaciet

873 775 946 796 eam.

874 803 919 831 56.
935 803 1003 838 Quid
1017 804 1090 832 enim

875 839 996 873 proderit
1008 839 1057 867 ho-

876 875 953 908 mini,
969 876 991 902 si
1005 876 1045 902 lu-

876 915 968 938 cretur
981 912 1041 938 uni-

876 953 982 973 versum
998 955 1076 974 mun-

876 980 951 1015 dum,
962 986 989 1009 et
1005 983 1051 1010 de-

877 1016 1033 1045 trimentttm

875 1052 957 1079 faciat
971 1054 1079 1080 animae

875 1088 920 1114 57.
933 1089 1018 1116 suae?
1033 1089 1087 1116 Aut

875 1123 939 1158 quid
950 1124 1026 1151 dabit

876 1158 958 1186 ltomo
972 1158 1011 1195 (b)
1026 1167 1103 1187 com—

876 1194 1054 1223 mutationem
1067 1194 1088 1230 -ξ-

875 1237 925 1264 pro
939 1231 1028 1259 anima

875 1273 924 1292 sua
934 1267 945 1294 ?

875 1301 921 1329 58.
935 1302 1037 1339 Qui“)
1052 1307 1146 1330 autetn
1160 1302 1181 1335 1*

875 1344 920 1364 me
931 1338 1063 1366 confusus

875 1372 958 1401 fuerit
968 1395 976 1405 ,
993 1378 1021 1401 et

875 1416 936 1436 mea
947 1410 1029 1438 verba

876 1444 902 1471 in
916 1452 998 1479 gene-

876 1481 959 1507 ratio-

877 1523 911 1542 ne
925 1515 977 1543 hac
987 1515 1064 1543 adul-

877 1555 945 1583 tera,
959 1555 988 1579 et
1001 1558 1065 1586 pec-

876 1586 989 1620 catrice,
1007 1592 1071 1615 tunc

877 1622 963 1649 Filius
977 1622 1065 1649 ltomi-

877 1657 920 1685 nis
932 1658 1080 1686 confundet

685 1724 802 1753 CODEX
822 1725 1009 1756 BRIXIANUS
1016 1748 1022 1754 .

1289 246 1363 271 eum.
1377 246 1438 266 cttm
1452 246 1498 266 ve-

1291 274 1362 301 nerit
1376 274 1401 301 itt
1414 274 1530 309 gloriam

1290 310 1381 337 Patris
1390 310 1431 336 stti
1444 317 1506 336 cum

1290 344 1402 380 Angelis
1417 345 1528 372 sanctis.

1291 380 1337 408 39.
1362 380 1395 407 Et
1408 380 1513 407 dicebat
1530 380 1603 408 illis:

1293 416 1377 442 Amen
1393 416 1453 443 dico
1468 424 1516 441 vo-

1293 452 1344 483 bis,
1361 451 1430 484 quod
1451 456 1513 478 sunt

1293 487 1402 521 quidam
1414 487 1447 513 de

1294 522 1534 549 circumstantibus

1293 558 1333 593 (Δ)
1348 565 1423 585 tnecu
1429 566 1453 584 ιιι
1468 558 1496 592 ἦε,

1291 601 1338 627 (1111
1356 602 1409 620 non
1424 601 1474 628 gli-

1296 629 1405 656 stabunt
1424 636 1497 655 mor-

1296 668 1361 697 tem,
1379 664 1467 691 donec

1297 699 1407 727 videant
1418 707 1530 733 regnum

1295 735 1343 762 Dei
1356 736 1467 762 veniens

1295 770 1322 797 in
1338 771 1478 797 virtutem.

1396 805 1511 833 CAPUT
1528 804 1573 832 IX.

1296 842 1322 869 1.
1340 842 1517 876 Etposttlies

1297 885 1334 903 vt.
1347 877 1498 911 adsumpsit

1297 912 1375 939 Jesus
1393 913 1500 939 Petrum
1511 933 1518 944 ,

1298 953 1325 974 et
1339 948 1480 979 .lncnbntn,

1297 988 1322 1009 et
1336 983 1478 1010 .loltannen
1490 1004 1497 1014 ,

1297 1024 1323 1044 et
1337 1019 1416 1044 duxit
1428 1019 1488 1044 illos

1296 1055 1322 1081 in
1339 1058 1458 1081 montem

1297 1090 1459 1116 altissimum
1474 1096 1517 1116 se-

1296 1132 1389 1152 orsum
1402 1125 1490 1157 solos,

1295 1164 1323 1188 et
1338 1161 1546 1195 transﬁguratus

1294 1202 1339 1224 CSl
1350 1203 1442 1223 coram

1293 1231 1321 1258 2.
1342 1231 1418 1267 ipsis.
1434 1231 1469 1267 Et
1484 1238 1529 1259 ve-

1294 1266 1422 1295 stimenta
1436 1266 1496 1302 ejus

1295 1303 1366 1330 facta
1376 1308 1440 1330 sunt

1298 1338 1333 1375 (ε)
1348 1337 1490 1375 splendida
1504 1338 1537 1372 τ’,

1295 1373 1370 1402 velut
1381 1373 1439 1406 nix,
1452 1380 1520 1408 qua-

1296 1409 1330 1436 lia
1346 1409 1382 1444 (Γ)
1395 1409 1455 1443 quis
1468 1409 1487 1443 ’r

1297 1452 1351 1471 non
1363 1448 1455 1479 potest

1296 1479 1385 1507 facere
1400 1486 1481 1514 super

1296 1515 1323 1542 5.
1340 1513 1451 1542 terram.
1469 1513 1503 1541 Et

1299 1550 1424 1585 apparuit
1437 1549 1493 1577 illis

1300 1585 1403 1618 Helias,
1418 1592 1480 1613 cum

1299 1621 1408 1657 Moysen
1419 1629 1427 1654 ;
1443 1625 1470 1647 et

1299 1662 1378 1684 erant
1394 1656 1539 1691 loquentes

39 1788 75 1808 me
95 1782 114 1817 1-
142 1783 228 1818 sequi.
261 1782 379 1818 abneget
406 1781 582 1817 semetipsum
597 1781 631 1809 'et
664 1781 741 1809 tollat
769 1789 832 1809 ern-

39 1823 88 1843 cem
103 1817 188 1846 suam.
203 1823 232 1846 et
248 1817 380 1853 sequatur
400 1825 452 1845 me.
469 1818 520 1851 Qui
541 1817 614 1845 enim
634 1818 752 1845 voluerit
771 1817 830 1845 ani-

40 1859 99 1879 mam
111 1861 183 1881 suam
196 1854 298 1881 salvam
319 1853 420 1881 facere.
446 1853 541 1888 perdet
563 1860 633 1880 eam.
667 1854 713 1888 qui
737 1857 828 1881 autem

41 1888 172 1920 perdiderit
182 1890 302 1916 animam
318 1897 395 1916 suam
412 1894 522 1923 propter
532 1896 586 1916 me.
599 1893 626 1916 et
641 1888 828 1924 Evangelium.

39 1923 126 1951 salvam
137 1925 296 1953 facieteam.
313 1925 383 1958 Quid
397 1924 469 1952 enim
486 1925 607 1958 proderit
621 1924 732 1951 homini.
750 1925 773 1951 si
790 1925 830 1951 lu-

41 1963 119 1987 cretur
130 1965 212 1988 totttm
224 1961 366 1988 mundum.
381 1965 408 1987 et
421 1960 615 1987 detrimentum
632 1959 711 1986 faciat
723 1960 830 1987 animae

41 2001 104 2021 suae.
116 1996 167 2023 Aut
180 1996 246 2031 qttid
259 1996 335 2023 dabit
346 1996 429 2023 domo
441 1994 479 2031 (b)
493 1996 732 2022 cmuntntatiouem
744 1995 764 2030 ’1η
781 2003 829 2030 pro

40 2030 117 2056 auitua
129 2040 187 2059 sua.
199 2032 250 2065 Qui
266 2032 338 2058 enim
351 2039 394 2059 tne
404 2033 532 2058 Confusus
544 2031 660 2057 fueritet
675 2038 732 2058 mea
748 2031 828 2058 verba

40 2065 61 2090 in
69 2070 237 2100 generatione
248 2067 300 2094 ista
310 2067 431 2094 adultera
439 2071 467 2093 et
476 2067 636 2101 peceatrice.
645 2070 672 2093 et
679 2066 764 2093 Filius
779 2067 828 2093 lto-

42 2101 109 2128 utiuis
117 2103 262 2131 confundet
274 2110 415 2131 etttn.cum
423 2102 528 2130 venerit
543 2102 570 2129 in
586 2102 672 2137 gloria
688 2101 776 2128 Patris
786 2102 828 2129 sui

883 1790 944 1810 cum
957 1782 1070 1818 Angelis
1084 1783 1197 1811 sanctis.
1215 1783 1248 1810 Et
1259 1782 1368 1810 dicebat
1380 1782 1443 1809 illis.
1460 1782 1548 1818 Amen
1559 1780 1621 1808 dico
1636 1787 1684 1807 vo-

884 1819 924 1857 bis
935 1819 997 1853 quia
1006 1817 1077 1846 ’snnt
1089 1818 1199 1857 quidam
1210 1819 1246 1857 de
1259 1818 1302 1846 hic
1312 1817 1514 1857 stantibus.‘qui
1529 1820 1686 1857 non_gusta-

884 1852 951 1881 bunt
964 1852 1196 1882 mortemfdonec
1205 1854 1313 1881 videant
1327 1861 1441 1888 regnum
1455 1852 1514 1880 Dei.
1530 1852 1686 1888 venientem

884 1890 910 1916 in
926 1890 1034 1917 virtute.
1050 1890 1086 1917 Et
1100 1894 1162 1925 post
1175 1890 1235 1917 dies
1250 1897 1298 1917 sex
1310 1887 1460 1925 adsumpsit
1470 1888 1549 1925 Jestts
1563 1887 1687 1914 Petrum.

883 1930 910 1952 ct
925 1925 1070 1959 Iacobum,
1085 1924 1113 1953 et
1125 1925 1291 1953 Iohannem.
1308 1930 1333 1952 et
1349 1925 1428 1952 dttxit
1439 1924 1502 1951 illos
1517 1924 1543 1950 in
1563 1926 1684 1950 montem

881 1961 1020 1988 excelsum
1036 1969 1159 1989 seorsqu
1176 1962 1260 1988 solos.
1274 1965 1302 1988 et
1316 1961 1524 1994 transﬁguratus
1537 1962 1579 1985 est
1592 1964 1686 1984 coram

882 1996 959 2032 ipsis.
976 1997 1009 2024 Et
1019 1998 1181 2024 vestimenta
1197 1997 1257 2032 ejus
1273 1997 1342 2023 facta
1357 2000 1423 2032 sunt
1437 1994 1607 2029 splendentia
1621 1999 1687 2019 can-

882 2031 944 2058 dida
960 2032 1050 2060 nimis.
1067 2033 1142 2060 velut
1157 2033 1213 2059 nix.
1229 2032 1317 2065 qualia
1327 2031 1404 2057 fullo.
1421 2037 1505 2064 super
1519 2034 1619 2065 tet-ram
1631 2035 1686 2054 nott

884 2072 974 2101 potest
988 2067 1102 2095 candida
1118 2069 1218 2094 tacere.
1238 2064 1275 2094 Et
1297 2066 1421 2101 apparuit
1442 2066 1483 2093 eis
1509 2064 1600 2092 Helias
1624 2070 1685 2091 cum

883 2103 986 2139 Moyse,
1002 2108 1029 2131 et
1041 2108 1120 2131 erant
1133 2104 1331 2138 eonloquentes

679 2158 797 2187 CODEX
816 2157 1052 2190 CORBEIENSIS.

71 2216 112 2245 56.
128 2222 154 2245 et
167 2218 297 2247 damnum
312 2218 392 2246 faciat
406 2217 512 2244 animae
527 2216 610 2244 suae?

72 2252 112 2280 39.
132 2259 195 2282 sunt
207 2254 317 2290 quidatn
333 2254 377 2282 hic
395 2252 629 2281 circumstantium
644 2259 698 2279 me.

913 2216 978 2244 Car.
995 2217 1042 2245 lx.
1058 2233 1094 2238 —
1105 2214 1135 2246 ’1.
1150 2219 1175 2245 in
1191 2216 1491 2247 montemaltissimum
1505 2218 1615 2244 secreto
1639 2220 1680 2242 so-

878 2252 930 2286 lus,
945 2257 972 2280 et
985 2254 1204 2290 transﬁguratus,
1219 2257 1271 2282 etc.

648 2307 849 2337 VABIANTES
867 2308 1071 2339 LECTIONES.

72 2381 79 2395 ‘
97 2380 146 2407 Gal.
159 2383 301 2407 universum
319 2382 445 2407 mundum.
463 2380 536 2407 γαίη.
549 2380 666 2406 mundum
684 2384 762 2405 totum

45 2412 144 2467 “ﬁmo”
168 2414 302 2446 ads“mpsit
325 2414 435 2439 Petrum.
468 2411 541 2445 Vulg.
565 2412 666 2437 assumit
687 2411 762 2437 Jesns
784 2412 834 2437 pe-

917 2382 928 2415 ἒ
945 2382 986 2415 [tu
997 2382 1051 2407 ϐαι.
1065 2381 1139 2415 Vulg.
1150 2387 1264 2415 seorsum
1272 2381 1350 2415 solos.

920 2413 930 2428 ⁸
948 2414 1001 2439 Gal.
1013 2409 1126 2446 candida:
1137 2413 1213 2439 velut.
1229 2412 1302 2444 Vulg.
1315 2411 1417 2438 candida
1425 2411 1507 2440 nimis,
1520 2409 1598 2435 velut.

369 2501 516 2523 LECTIONES
530 2501 632 2523 CODICIS
649 2501 856 2522 VINDEBONENSIS
871 2500 1008 2522 ABEUNTES
1022 2499 1055 2520 AB
1070 2492 1194 2519 BDlTlONE
1208 2497 1347 2519 VULGATA.

48 2549 144 2583 abneget
154 2558 195 2583 se;
206 2557 233 2578 et
244 2552 341 2577 tollens.
376 2552 415 2577 55.
429 2552 534 2577 animam
544 2559 612 2577 suam
624 2552 733 2581 salvare,
748 2551 836 2583 perdet

888 2558 942 2576 cum
954 2551 1051 2575 venerit
1068 2550 1093 2574 in
1110 2549 1221 2580 gloriam.
1240 2549 1280 2574 39.
1300 2548 1379 2573 Amen
1390 2548 1444 2573 dico
1455 2547 1534 2579 vobis,
1555 2546 1620 2578 quod
1632 2551 1691 2572 sunt

49 2587 95 2615 gain
109 2582 149 2614 qui
159 2588 246 2615 autem
260 2583 396 2614 perdiderit
412 2589 466 2608 eam
479 2583 581 2607 animam
603 2586 702 2615 propter
721 2582 837 2614 Evange-
888 2582 1193 2615 qttidattileireumstantes.

49 2611 231 2645 liumfsalvam.
261 2611 303 2639 '56.
321 2616 341 2639 si
359 2615 469 2639 lucretur
488 2611 631 2639 universum
648 2611 770 2639 mundum
783 2611 804 2645 ,”
811 2616 838 2638 et.

48 2642 209 2670 detrimentum
215 2645 285 2671 faciat
296 2646 391 2670 animae
396 2652 465 2670 suae.
499 2645 539 2670 57.
546 2646 769 2670 commutationem.
783 2642 836 2669 '58.

50 2672 90 2702 Qui
105 2679 184 2701 autem
199 2683 271 2702 me...
284 2681 310 2703 et
328 2683 384 2701 mea
396 2676 470 2702 verba
483 2676 508 2701 in
520 2678 682 2708 generatione
695 2676 836 2700 adultera...

919 2613 977 2638 Car.
988 2612 1030 2637 IX.
1041 2613 1107 2637 -1.
1120 2612 1280 2643 assumpsit...
1302 2611 1328 2643 in
1346 2612 1455 2635 montem
1476 2609 1629 2643 altissimum.
1662 2608 1687 2633 2.

888 2644 1045 2676 splendentia
1057 2643 1138 2676 nimis,
1153 2640 1270 2676 candida,
1286 2642 1357 2676 velut
1366 2642 1420 2674 nix,
1432 2641 1514 2673 qualia
1533 2642 1590 2672 quis
1608 2640 1692 2665 facere

890 2673 938 2700 n'on
951 2678 1042 2706 potest.
1076 2676 1100 2700 5.
1112 2674 1208 2706 Helias,
1218 2679 1275 2698 cum
1286 2673 1394 2705 Moysen.

702 2724 887 2754 BLANCHINI
906 2724 1021 2753 ΝΟΤᾹΩ.

85 2780 197 2818 (atpost
210 2790 292 2816 suam,
308 2783 385 2811 deest
403 2786 508 2818 propter
521 2790 562 2810 me
574 2803 582 2815 ,
599 2783 703 2818 pariter
715 2782 742 2810 in
754 2782 815 2811 cod.
838 2781 915 2810 Cant.
932 2797 968 2802 —
981 2781 1018 2818 (b)
1033 2781 1078 2818 Ita,
1088 2786 1116 2809 et
1131 2786 1186 2810 tex.
1200 2781 1248 2810 Gr.
1261 2781 1476 2818 ἀντάλλαγμα-ε
1486 2780 1522 2816 (c)
1538 2779 1577 2818 lta
1587 2780 1693 2818 et_cod.

55 2814 116 2855 Cant
124 2817 192 2855 ξέθ-
209 2818 250 2853 (d)
264 2814 302 2855 Ita
316 2823 343 2846 et
354 2814 418 2855 cod.
434 2814 514 2847 Cant.
531 2819 588 2854 μετ’
600 2814 674 2853 ἓμοῦ.
710 2834 745 2849 —-.-
763 2817 802 2855 (ε)
817 2818 881 2846 Post
899 2814 1050 2854 splendido,
1063 2817 1141 2845 deest
1164 2818 1251 2850 nimis,
1270 2818 1352 2845 etiam
1374 2814 1400 2844 iit
1415 2814 1496 2844 Gothi
1514 2829 1547 2835 ——
1567 2814 1606 2849 (f)
1618 2814 1656 2842 lla
1666 2818 1696 2842 et

57 2852 109 2878 cod.
123 2852 196 2881 Cant.
211 2855 260 2882 τίς.
276 2854 355 2881 Deest
377 2854 455 2889 fullo.
