3902 6208
498 224 595 280 791
1073 221 1346 283 EUSEBll
1377 220 1717 278 VERCELL.
1763 221 2216 279 EVANGELIU“
2254 222 2395 279 CUM
2428 221 2651 277 VARIIS
2678 221 2835 277 COD.
2865 220 3260 279 COLLATUM.
3716 218 3822 273 792

900 337 1133 396 CODEX
1170 336 1713 394 VERCELLENSIS.
2638 338 2873 396 CODEX
2913 340 3365 399 VERONENSIS.

498 458 590 514 23.
636 457 702 513 Et
724 456 971 527 protinus
1339 468 1463 509 eum
1491 472 1503 507 :
1528 452 1707 521 Quare
2212 450 2407 527 9.1L:
2426 451 2689 507 continuo
3047 465 3261 510 secreto
3289 456 3457 511 inter-

497 523 811 586 exclamans
1339 540 1441 579 nos
1470 540 1577 579 non
1610 540 1703 597 po-
2215 523 2527 597 exclamans
2557 538 2654 593 pa-
3047 526 3307 596 rogabant
3334 543 3461 583 eum
3481 572 3498 597 ,

496 600 862 672 paterpneri,
1340 598 1545 672 tuimus
1571 596 1716 672 eice-
2217 603 2323 659 ter,
2349 610 2473 672 cum
2504 595 2597 672 la-_
2665 666 2675 672 _
3047 595 3290 653 dieentes
3321 617 3333 652 :
3366 600 3477 655 Cur

498 665 622 727 cum
654 665 813 725 lacri-
1342 682 1405 721 re
1448 667 1612 720 illut?
2216 667 2417 736 crymis
2450 665 2523 735 (a)
2550 666 2624 719 ait
2650 666 2710 735 ’ῖς
3049 683 3147 723 nos
3173 684 3277 722 non
3311 688 3410 736 po-

492 745 605 798 mis
634 740 805 795 dixit:
846 740 979 797 Crc-
1340 737 1431 792 28.
1477 737 1544 791 Et
1574 737 1709 792 dixit
1736 738 1817 793 eis
1845 755 1857 790 :
1889 737 1999 793 Hoc
2216 735 2413 801 Credo,
2450 737 2676 792 Domine
2711 756 2723 790 :
3050 740 3251 795 luimus
3280 735 3459 797 cicero

494 815 598 875 do,
630 812 896 867 Domine:
927 814 1021 868 ad-
1342 824 1513 879 genus
1538 808 1672 864 dae-
2213 807 2407 875 adjuva
2440 808 2616 862 incre—
3050 810 3241 865 illum?

496 886 625 953 juva
651 885 829 939 incre-
1344 881 1511 953 monii
1544 880 1669 934 nul-
2213 879 2496 934 dulitatem
3048 881 3140 937 28.
3184 882 3251 936 Ει
3285 884 3420 938 dixit
3446 884 3566 939 illis

496 951 778 1010 dulitatem
1343 951 1395 1005 la
1420 952 1525 1005 alia
1554 967 1612 1026 re
1640 967 1748 1026 [νο-νΔ
1791 1024 1801 1026 _
2212 965 2411 1026 meam.
2631 1021 2643 1026 _
2668 1020 2680 1026 _
3047 953 3207 1026 Jesus
3234 972 3245 1006 :
3280 954 3395 1010 lloc
3423 971 3527 1026 ge-

492 1041 693 1081 meam.
1345 1032 1450 1077 test
1474 1023 1663 1086 exire,
1699 1022 1803 1076 nisi
2212 1022 2304 1076 24.
2348 1023 2414 1076 Et
2442 1036 2567 1075 cum
2592 1020 2747 1075 vide-
3049 1040 3151 1079 nus
3176 1024 3229 1078 in
3263 1027 3414 1081 nullo

490 1097 583 1151 24.
627 1098 690 1151 Et
718 1110 839 1151 cum
868 1097 1035 1151 vidis-
1340 1093 1395 1147 in
1424 1093 1695 1167 oratione,
2223 1104 2307 1147 ret
2331 1092 2513 1156 Jesus,
2549 1092 2621 1167 (b)
2649 1094 2793 1162 quod
3049 1105 3229 1167 potest
3252 1099 3442 1165 exire,

490 1178 579 1223 set
606 1168 766 1223 Jesus
781 1209 797 1235 ,
824 1168 899 1240 (b)
931 1171 1075 1239 quod
1337 1175 1401 1240 et
1415 1165 1658 1240 jej_un_io._
2212 1173 2563 1240 concurreret
2585 1163 2631 1240 ’ᾗ
3050 1163 3149 1221 nisi
3172 1167 3239 1240 in
3266 1184 3388 1224 ora-

490 1234 785 1295 concurre;
832 1234 841 1239 ’
880 1234 889 1240 ”
948 1234 963 1239 ’
1336 1235 1427 1291 29.
1474 1236 1543 1289 Et
1571 1234 1697 1289 inde
1720 1250 1911 1305 egres—
2211 1236 2401 1299 turba,
2436 1236 2662 1289 commi-
3050 1239 3321 1304 tionibus,

491 1320 579 1367 τρι
602 1312 640 1381 .z.
666 1311 818 1364 turba
836 1352 852 1378 ,
880 1310 979 1365 οι)-
1334 1309 1384 1381 εί
1403 1350 1418 1373 ,
1454 1309 1559 1362 iter
1586 1306 1749 1381 fa_cie-
2212 1316 2378 1381 natus
2396 1316 2482 1361 est
2508 1306 2618 1375 spi-
3050 1318 3106 1381 et
3127 1310 3375 1379 jejuniis.

488 1378 728 1451 jurgiivit
1334 1380 1466 1443 bant
1489 1394 1586 1450 per
1615 1378 1722 1432 Ga-
2212 1380 2337 1451 ritui
2362 1379 2599 1451 immun-
3044 1378 3137 1435 29.
3182 1382 3311 1437 Inde
3340 1383 3534 1451 profe-

490 1449 739 1523 spiritum
774 1453 1007 1507 immun-
1342 1449 1587 1516 lilaeam,
1623 1460 1677 1502 ct
2210 1449 2309 1523 do,
2343 1449 2586 1523 dixitque
3043 1454 3115 1505 cti
3147 1449 3491 1509 transiebant

492 1520 621 1579 dum
638 1565 650 1587 .
682 1524 896 1578 dicens:
1340 1523 1604 1577 nolebant
2210 1521 2289 1574 illi
2315 1538 2330 1575 :
2352 1520 2528 1576 Surde
3046 1523 3096 1576 in
3125 1523 3424 1580 Galilaeam
3441 1567 3457 1591 ,

491 1594 611 1665 Ego
642 1594 735 1649 tibi
765 1596 858 1665 im:
1337 1608 1703 1665 quemquam_
2210 1591 2488 1646 immunde
2519 1592 2631 1665 spi-
3049 1609 3149 1649 nec
3175 1596 3433 1650 volebant

488 1662 647 1736 pero,
677 1667 691 1695 ¹
724 1664 895 1737 surde
1341 1664 1431 1737 Q50.
1475 1666 1636 1737 scire.
1680 1662 1850 1716 Doce-
2212 1665 2341 1729 rite,
2378 1677 2478 1737 ego
2506 1663 2601 1716 tibi
3044 1679 3370 1737 quemquam

492 1747 548 1792 et
576 1744 725 1791 mute
750 1736 974 1804 spirite;
1342 1735 1434 1789 bat
1460 1736 1607 1789 enim
2209 1735 2489 1804 praecipio
2511 1773 2527 1796 ,
3046 1738 3135 1791 50.
3177 1735 3342 1797 seire.
3381 1738 3570 1794 Doce-

490 1810 578 1863 exi
608 1808 676 1861 ab
704 1806 828 1869 illo,
1340 1807 1637 1876 discipulos
2209 1806 2299 1860 cxi
2328 1806 2395 1859 ab
2427 1804 2551 1869 illo,
3047 1809 3135 1862 bat
3159 1820 3341 1865 autem

494 1894 597 1935 nec
626 1877 861 1950 amplius
1339 1893 1501 1950 suos,
1528 1888 1582 1932 et
1606 1878 1755 1950 dice-
2209 1887 2262 1931 et
2284 1891 2414 1931 cave
2432 1917 2446 1941 ,
2472 1891 2541 1950 ne
3045 1878 3341 1950 discipulos
3362 1896 3497 1938 suos
3519 1924 3533 1943 ,

496 1949 785 2005 intraveris
1340 1949 1434 2003 bat
1458 1951 1567 2005 illis
1599 1967 1610 2002 :
1642 1948 1777 2014 Quia
2210 1950 2449 2002 introeas
2478 1946 2531 2000 in
3045 1959 3099 2003 ct
3125 1946 3341 2007 diccbat

493 2025 547 2075 in
575 2036 722 2075 eum.
1341 2020 1511 2077 Filius
1538 2021 1716 2075 ltomi-
2208 2035 2355 2074 eum.
3042 2022 3149 2075 illis
3179 2040 3191 2075 :
3224 2024 3494 2090 Quoniam

492 2093 585 2148 25.
629 2091 699 2145 Et
724 2090 1069 2151 exclamans,
1337 2098 1423 2149 nis
1455 2093 1635 2149 trade—
2204 2091 2295 2145 25.
2339 2090 2666 2152 Excbmans
3041 2091 3212 2147 Filius
3243 2097 3481 2150 hominis

491 2180 617 2218 cum
647 2164 877 2217 multum
1338 2176 1425 2219 tur
1456 2167 1509 2220 in
1540 2178 1655 2218 ma—
2202 2172 2386 2218 autem
2415 2163 2505 2217 ille
3041 2164 3288 2220 tradetur
3319 2168 3370 2221 in

493 2236 806 2291 conlisisset
1332 2253 1437 2293 nus
1467 2239 1782 2300 hominum,
2202 2236 2429 2303 sp‘lritus
2461 2235 2561 2287 im—
3036 2237 3284 2291 manibus
3313 2238 3415 2292 ho-

492 2323 616 2363 enm
642 2348 656 2370 ,
686 2306 843 2375 exiit
1335 2320 1389 2364 et
1424 2310 1634 2365 interli-
2203 2306 2465 2371 mundus,
2497 2305 2580 2359 di-
3034 2308 3270 2375 miuum,
3298 2320 3353 2364 et

492 2380 562 2433 ab
589 2392 693 2432 eo:
724 2386 780 2432 et
821 2373 931 2429 fac-
1335 2384 1483 2437 cient
1516 2382 1704 2445 illum,
2201 2390 2485 2446 scerpens,
2516 2374 2632 2430 exi-
3033 2373 3287 2434 occident
3315 2396 3481 2445 eum;

468 2460 583 2515 tus
607 2459 721 2514 est,
766 2458 904 2502 tam-
1336 2462 1390 2507 et
1427 2462 1548 2522 post
1577 2449 1731 2506 terti-
2200 2449 2373 2522 vit_ab
2400 2462 2503 2502 eo:
3032 2458 3096 2522 et
3117 2451 3330 2506 occisus
3351 2494 3366 2517 ,

492 2537 656 2592 quam
687 2534 834 2576 mor-
1339 2519 1439 2577 unt
1461 2523 1604 2578 diem
1630 2536 1717 2576 re-
1778 2590 1787 2592 4
1823 2591 1849 2592 κγ
2200 2519 2457 2592 etlactus
2485 2527 2570 2592 est
3032 2520 3107 2589 (ε)
3141 2532 3261 2590 post
3294 2533 3404 2577 tres

493 2589 658 2659 tuus;
692 2593 831 2665 adeo
1335 2597 1425 2650 3t.
1466 2602 1675 2665 surget.
1710 2590 1791 2645 Ad
1820 2591 1881 2643 il-
2200 2589 2410 2655 infans,
2445 2590 2594 2665 velut
3035 2589 3152 2647 dies
3175 2595 3213 2663 ’ἴ
3243 2608 3428 2649 resur-

492 2676 552 2719 ut
581 2665 734 2719 multi
779 2661 862 2716 di-
1334 2667 1371 2720 li
1402 2661 1725 2735 ignorabant
2201 2670 2483 2735 mortuus;
2516 2662 2586 2715 ita
3038 2673 3152 2732 get.

491 2745 713 2804 cerent,
743 2748 867 2792 eum
1333 2733 1576 2792 Verbum
1597 2780 1612 2801 ,
1649 2744 1706 2790 et
2199 2742 2259 2787 ut
2285 2733 2438 2806 multi
3034 2736 3121 2789 51.
3148 2734 3228 2789 Ad
3259 2736 3334 2791 illi
3357 2736 3521 2806 igno-

493 2816 773 2862 mortuum
1340 2810 1605 2865 timebant
2199 2804 2485 2876 crederent
2506 2844 2520 2869 ,
2553 2818 2619 2857 oo
3038 2806 3230 2861 rabaut
3256 2804 3489 2862 verbum
3509 2850 3527 2876 ,

492 2878 585 2933 26.
628 2893 768 2934 esse.
798 2876 960 2932 Jesus
988 2876 1083 2929 au-
1337 2896 1463 2936 eum
1494 2880 1732 2935 interro~
2200 2874 2344 2945 quod
2374 2883 2619 2930 mortuus
3035 2886 3091 2932 et
3123 2877 3387 2933 timebant

495 2960 605 3005 tom
635 2958 829 3005 tenens
1337 2967 1490 3020 gare.
2200 2955 2366 3021 esset.
3034 2964 3157 3003 eum
3187 2950 3553 3021 interrogare.

492 3035 715 3075 manum
742 3022 896 3090 ejus,
1334 3018 1426 3079 32.
1470 3024 1536 3078 Et
1557 3031 1825 3077 venemnt
2200 3020 2289 3074 26.
2332 3018 2493 3073 Jesus
2520 3025 2704 3072 autem
3034 3021 3123 3074 52.
3168 3021 3233 3076 Et
3262 3018 3542 3077 venerunt

491 3093 726 3145 elevavit
754 3107 878 3165 eum
896 3132 912 3157 ,
1336 3097 1387 3149 in
1417 3093 1748 3165 Capltarna-
2203 3099 2397 3165 tenens
2420 3104 2646 3165 manum
3034 3091 3484 3165 Chapharnaum.

491 3171 548 3216 et
572 3163 829 3217 surrexit.
1335 3182 1445 3220 um.
1480 3161 1546 3222 Et
1583 3180 1705 3219 cum
2201 3162 2351 3230 ejus,
2384 3161 2624 3216 elevavit
3034 3164 3136 3228 Qui
3168 3178 3289 3217 cum

491 3233 583 3285 27.
628 3233 839 3287 Etcum
871 3233 1039 3287 intro-
1334 3236 1528 3291 fuisset
1551 3236 1731 3301 domi,
2203 3234 2386 3298 illum,
2417 3243 2470 3287 et
2498 3247 2622 3286 sur-
3034 3234 3181 3288 domi
3222 3246 3440 3301 essent,

492 3304 627 3357 isset
655 3304 839 3377 in_do—_
1338 3310 1641 3377 interroga-
2201 3303 2381 3377 rexit:
3038 3307 3414 3375 interrogabat

492 3388 642 3427 mum
662 3415 677 3437 ,
704 3374 869 3427 disci-
1338 3378 1430 3432 bat
1457 3374 1581 3431 illos
1610 3394 1622 3430 :
1658 3377 1795 3443 Quid
2210 3374 2301 3428 27.
2343 3374 2479 3429 Cum
2508 3383 2686 3429 autem
3038 3377 3158 3431 illos
3183 3395 3196 3432 :
3229 3374 3369 3443 Quid

494 3443 606 3512 puli
634 3444 754 3525 ejus
782 3459 871 3499 se-
1338 3450 1404 3525 i_n_
1425 3449 1507 3502 via
1527 3448 1753 3525 _dis_pu-_
1793 3518 1806 3525 _
1838 3517 1869 3525 __
2203 3445 2568 3525 introisset
3039 3448 3104 3525 i_u_
3122 3448 3271 3525 viam
3291 3461 3399 3525 tra-

491 3523 645 3567 creto
666 3516 835 3568 inter-
1336 3518 1425 3573 33.
1470 3518 1700 3572 tabatis?
1728 3518 1810 3573 Ad
1838 3517 1901 3572 il-
2202 3516 2423 3569 domum
2442 3557 2457 3580 ,
2486 3517 2568 3570 di-
3038 3518 3129 3572 35.
3169 3520 3436 3575 etabatis?
3464 3522 3551 3576 Ad

496 3584 767 3653 rogabant
1337 3589 1372 3643 li
1400 3589 1633 3644 silebant
1671 3607 1682 3642 :
2203 3587 2278 3642 sci
2287 3588 2395 3655 puli
2422 3587 2539 3657 ejus
3040 3589 3121 3644 illi
3146 3592 3397 3647 tacebant
3426 3608 3441 3646 :

1819 3724 2051 3782 CODEX
2089 3722 2480 3781 BRIXIANUS.

491 3856 854 3933 Ethntjnuo.
872 3858 1184 3933 exclamans
1205 3867 1357 3933 pater
1373 3860 1521 3933 pueri
1542 3873 1664 3915 cum
1683 3858 1920 3918 lacrimis
1934 3864 2032 3918 dixi

2277 3857 2472 3933 luimus
2502 3856 2681 3913 eicere
2707 3872 2871 3933 eum.
2909 3860 2981 3933 Et
3020 3858 3155 3915 dixit
3204 3860 3333 3916 illis.
3381 3863 3497 3919 Hoc
3545 3878 3737 3933 genus
3766 3868 3818 3920 in

489 3929 671 4005 Credo
694 3930 921 4005 l)_omin_e
942 3929 1593 4005 adjuvaincredulitatem
1620 3946 1817 4005 meam.
1843 3934 1975 3988 Cum
2000 3951 2029 3988 a

2278 3929 2347 4005 llo
2375 3936 2554 4005 potest
2574 3931 2787 4005 expelli
2821 3931 2923 4005 nisi
2973 3932 3025 3984 in
3075 3934 3319 4005 oratione
3370 3929 3694 4005 ctjejunio.
3754 3937 3819 3991 Et

488 4009 599 4054 tem
625 4000 850 4054 vidisset
872 4001 1051 4055 Jesus.
1072 4002 1195 4070 quia
1224 4004 1503 4057 concurrit
1530 4004 1703 4056 turba.
1735 4007 2026 4060 comminat

2277 4000 2324 4053 lc
2359 4001 2587 4068 protecti
2619 4002 2719 4055 iter
2752 4001 3022 4056 faciebant
3048 4018 3142 4071 per
3166 3999 3539 4059 Galileamfet
3569 4024 3693 4061 non
3726 4026 3818 4061 vo-

486 4072 1297 4147 estspirituiinmundo.diccns
1320 4074 1849 4147 illi.Surdeietmutc
1870 4076 2091 4145 spiritus
2198 4070 2343 4124 lebat
2391 4074 2924 4147 que-mquammscire.
2979 4070 3214 4147 Docelnit
3260 4088 3440 4130 autem
3499 4078 3819 4147 discipulos

487 4156 588 4211 ego
618 4143 711 4196 tibi
742 4144 1040 4213 praecipio.
1070 4145 1161 4198 exi
1191 4147 1257 4197 at)
1284 4162 1369 4199 eo.
1396 4154 1459 4198 et
1488 4146 1719 4213 amplius
1751 4163 1816 4201 ue
1845 4142 2083 4203 inimicas
2196 4154 2343 4193 suos.
2377 4152 2430 4195 ct
2454 4142 2669 4195 diccbat
2696 4143 2817 4197 illis.
2847 4144 3111 4209 Quoniam
3147 4145 3313 4201 Filius
3342 4148 3580 4202 hominis
3616 4142 3815 4205 trado.-

485 4215 542 4265 iu
575 4228 719 4267 eum,
746 4214 811 4268 Et
836 4216 1079 4269 clamans
1110 4224 1165 4270 et
1187 4216 1414 4269 multum
1442 4216 1759 4283 discerpens
1780 4235 1924 4273 eum,
1954 4222 2085 4274 cxiii
2192 4219 2278 4265 tur
2309 4214 2359 4265 in
2391 4228 2581 4265 manus
2613 4215 2911 4267 hominum.
2964 4226 3014 4269 ct
3070 4218 3320 4273 occident
3355 4235 3502 4273 eum.
3551 4230 3612 4272 et
3667 4226 3823 4275 occi-

482 4284 553 4337 ab
582 4297 666 4337 eo.
701 4294 757 4339 et
782 4283 953 4339 lactus
980 4297 1063 4339 est
1092 4287 1231 4340 sicut
1260 4296 1526 4341 mortuus.
1558 4290 1627 4339 ita
1661 4294 1718 4339 ut
1747 4290 1901 4344 multi
1933 4290 2023 4345 dic

2286 4325 2298 4335 .
2330 4285 2488 4356 tertia
2516 4284 2604 4339 dic
2633 4294 2896 4354 resurget.
2928 4287 2997 4339 At
3028 4287 3127 4341 illi.
3160 4289 3501 4356 ignorabant.
3538 4290 3651 4345 hoc
3690 4310 3819 4347 ver-

487 4363 631 4430 rent.
662 4356 785 4430 quia
819 4365 1064 4430 mortuus
1094 4367 1196 4411 est.
1228 4355 1388 4412 Jesus
1430 4367 1614 4413 autem
1644 4366 1834 4417 tenens
1865 4376 2024 4417 manu

2277 4371 2337 4407 n.
2367 4363 2423 4409 et
2454 4354 2719 4430 timebant
2752 4372 2876 4410 eum
2918 4354 3279 4430 interrogare.
3325 4361 3569 4415 Et‘venit
3617 4363 3677 4417 in
3708 4364 3818 4419 Ca-

485 4426 624 4503 eju_s.
653 4426 885 4503 elevavit
910 4442 1054 4503 eum.
1087 4437 1141 4503 et
1166 4431 1428 4503 surrexit.
1523 4501 1553 4503 Η
1625 4501 1635 4503 _
1722 4502 1751 4503 η
2192 4426 2512 4503 pharnamn.
2564 4427 2632 4480 Et
2681 4428 2900 4503 domum
2964 4426 3241 4499 ingressus
3286 4432 3668 4503 interrogabat
3716 4450 3821 4489 eos

556 4496 627 4549 Et
650 4511 774 4573 cum
804 4497 1080 4573 introisset
1116 4500 1169 4553 in
1209 4499 1454 4573 domum.
1504 4501 1757 4572 discipuli
1809 4503 1948 4573 ejus,
1994 4519 2084 4560 se.
2191 4496 2329 4563 Quid
2362 4496 2415 4550 in
2447 4496 2532 4551 via
2565 4512 2689 4553 cum
2728 4500 2995 4556 alterutro
3026 4496 3369 4558 lractabatis.
3408 4507 3477 4558 At
3495 4496 3600 4558 'illi
3653 4516 3816 4562 tace-

484 4574 637 4622 creto
669 4567 1077 4639 interrogabant
1117 4584 1241 4626 eum
1266 4570 1535 4628 dicentes.
1584 4567 1762 4639 Quare
1805 4567 1927 4630 nos.
1982 4591 2089 4630 non

1722 4718 2117 4777 VARIANTES
2157 4718 2558 4777 LECTIONES.

478 4909 481 4913 _
548 4857 565 4886 ί
602 4854 707 4904 Gat.
734 4853 893 4904 Surdo
913 4862 965 4904 et
987 4860 1123 4905 mute
1148 4855 1364 4916 spiritus,
1383 4854 1473 4905 tibi
1498 4856 1767 4920 praecipio.
1795 4854 1940 4919 Vulg.
1961 4856 2123 4907 Surde
2148 4864 2200 4909 et
2220 4859 2355 4907 ultte
2380 4858 2600 4919 spiritus,
2625 4867 2721 4918 ego
2744 4857 2993 4919 praecipio
3020 4857 3128 4908 tibi.

1166 5004 1459 5045 LECTIONES
1496 5004 1699 5046 CODICIS
1720 5005 2129 5046 VINDEBONENSIS
2155 5005 2431 5046 ABEUNTES
2470 5006 2534 5045 AB
2561 5005 2811 5045 EDITIONE
2829 5006 3093 5046 νοιῦΑτΑ.

538 5120 727 5192 23.3it;
743 5124 1110 5189 Credozadjuva
1129 5129 1718 5180 meamincredulitatem.
1785 5130 1863 5178 ει.
1893 5130 1952 5179 Et
1972 5142 2081 5178 cum
2190 5144 2323 5189 eum,
2349 5130 2577 5181 dicentes
2604 5130 2730 5182 :Cur
2753 5143 2843 5179 nos
2886 5144 2980 5178 non
3006 5132 3250 5192 potuimus
3275 5130 3411 5179 illum
3442 5133 3653 5183 eicere?
3714 5136 3802 5188 2S.

476 5189 675 5238 videret
698 5188 861 5251 Jesus,
888 5192 1015 5299 (Auct!
1037 5199 1359 5239 concurreret
1384 5193 1549 5254 turba,
1591 5194 1913 5242 comminatus
1935 5194 2081 5253 spiri—
2190 5193 2238 5241 in
2276 5188 2592 5243 orationibus.
2661 5194 2738 5243 ‘29.
2782 5192 2899 5241 lude
2948 5188 3171 5254 profecti,
3223 5195 3531 5244 transiebant
3574 5196 3626 5242 in
3667 5196 3805 5245 Gali-

476 5252 551 5299 tui
590 5250 854 5299 immundo.
927 5253 1017 5299 ixit
1059 5253 1187 5299 illi...
1233 5254 1318 5299 tibi
1362 5255 1665 5299 nraecinio...
1694 5257 1777 5299 exi
1803 5256 1864 5299 ab
1899 5255 2001 5299 illo-
2031 5262 2083 5299 et
2187 5254 2361 5299 laeam.
2427 5256 2504 5299 30-
2528 5256 2808 5299 Docebat...
2832 5263 2884 5299 et
2907 5256 3115 5299 occisus-
3140 5264 3246 5299 nost
3277 5261 3384 5299 tres
3404 5257 3518 5299 dies
3539 5268 3779 5299 τρςιηιρρι

476 5252 551 5300 tui
590 5250 873 5319 immundo,‘
893 5250 1017 5319 dixit
1059 5253 1187 5300 illi...
1217 5254 1318 5319 _tibi
1362 5250 1665 5319 praecipio_...
1694 5257 1777 5319 exi
1803 5256 1864 5303 ab
1899 5250 2083 5319 illo,_et
2187 5254 2361 5319 laeam.
2427 5256 2504 5319 30.
2527 5256 2808 5305 Docebat...
2832 5263 2884 5303 et
2907 5250 3116 5318 occisus,
3140 5250 3246 5317 post
3277 5261 3384 5303 tres
3404 5257 3518 5305 dies
3539 5268 3799 5319 resurget.

477 5325 620 5371 cave,
646 5326 711 5362 ne
733 5294 937 5375 amplius
976 5315 1192 5363 introeas
1214 5315 1266 5362 in
1288 5294 1426 5364 enin.
1492 5294 1952 5367 Ξῦίνιῐῖςιεηιεηεί..
1977 5294 2083 5365 dis:
2185 5318 2265 5366 51.
2301 5294 2373 5367 Ad
2423 5294 2859 5367 illi....vtimebant
2906 5330 3018 5366 eum
3073 5294 3402 5376 interrogare.
3470 5320 3547 5366 δέ.
3584 5302 3648 5368 Et

475 5386 709 5439 cerpens,
756 5375 928 5426 exivit.
996 5376 1075 5427 26.
1120 5376 1335 5427 elevavit
1371 5376 1527 5428 illum.
1592 5380 1673 5431 27.
1710 5378 2081 5441 interrogabant
2185 5378 2314 5428 domi
2340 5386 2495 5444 esset,
2523 5381 2859 5441 interrogabat
2884 5379 3193 5439 illos:Quid.
3256 5382 3337 5430 55.
3358 5380 3424 5430 At
3447 5381 3512 5430 illi
3531 5383 3797 5432 tacebant:

1830 5505 2199 5565 BLANCHINI
2235 5509 2466 5567 NOTAE.

499 5712 512 5728 '
548 5640 626 5726 (ξι)
683 5641 759 5696 Ita
790 5648 845 5698 ct
874 5640 997 5697 θοὰ.
1024 5638 1339 5711 (Ἀιιῑὰἐγθι.
1376 5671 1445 5684 --
1483 5640 1562 5713 (b)
1600 5644 1675 5698 Ita
1724 5653 1779 5700 et
1807 5653 1913 5702 tcx.
1947 5646 2044 5703 Gt‘.
2095 5645 2174 5704 ὅτι
2218 5646 2605 5721 ἐπισυντρέχει.
2645 5681 2712 5692 -~—
2741 5648 2814 5720 (c)
2866 5649 2940 5705 Ita
2971 5656 3028 5706 et
3081 5648 3202 5705 cod.
3250 5646 3410 5707 Cant.
3465 5649 3591 5719 μετὰ
3649 5658 3794 5724 τρεῖς

482 5728 701 5779 sumptu.
