1951 3104
90 132 146 159 ’195

89 237 164 265 inter
178 245 207 265 se
216 237 255 273 (a)
273 236 346 264 enim
361 236 381 271 1-

87 273 247 308 disputave-

87 314 163 341 rant,
178 308 239 343 quis
252 308 283 336 il-

88 344 178 372 lorum
193 351 246 371 ma-

86 379 132 413 jor
147 385 230 407 esset.

89 415 137 443 54.
158 415 192 442 Et
205 422 266 443 cum
278 422 344 443 con-

88 451 222 483 sedisset,
237 459 286 479 vo-

88 486 160 513 cavit
173 486 276 515 duode-

89 522 143 549 cim
152 544 159 555 ,
175 526 202 549 et
212 523 249 550 ait
258 523 289 550 il—

89 558 123 585 lis
141 567 148 584 :
164 558 192 585 Si
208 559 268 593 quis
281 559 339 585 vult

88 594 195 634 primus
207 601 283 628 esse,
301 594 347 621 iiat

88 636 212 656 omnium

88 664 255 692 nobissimus
264 688 273 701 ,

88 705 116 727 et
127 701 249 727 omnium

88 735 134 763 55.
156 736 289 764 minister.
304 736 338 764 Et

87 776 230 806 acceptum

86 814 217 841 puerum,
230 812 286 835 sta-

87 842 138 870 tuit
156 842 232 870 illum

86 878 114 905 in
128 878 217 905 medio
230 878 267 913 ip-

84 920 177 940 sorum
196 922 203 940 :
219 919 262 946 et,
276 921 338 941 cum

86 950 94 964 ’
112 949 139 976 in
152 949 213 976 sinu
229 957 322 984 sump-

83 984 167 1012 sisset
180 992 258 1018 eum,

84 1020 123 1046 ait
137 1021 210 1047 illis:

84 1056 131 1082 56.
153 1055 180 1083 Si
194 1057 255 1091 quis
268 1064 301 1084 ex
316 1057 366 1084 hu-

80 1091 201 1126 jusmodi
216 1100 281 1127 pue-

84 1127 123 1167 ris
139 1134 248 1163 recepe-

83 1167 121 1189 ΥΙΙ.
135 1170 218 1190 unum

83 1198 112 1225 in
125 1199 237 1226 nomine

84 1241 148 1261 meo
157 1254 164 1267 ,
180 1242 224 1262 me
238 1242 282 1262 re-

82 1269 165 1303 cipit;
178 1274 205 1296 et
217 1270 273 1305 qui-

82 1312 204 1339 cumque
218 1313 262 1333 me

82 1341 197 1375 recipit,
212 1349 266 1368 non

83 1383 130 1403 me
142 1377 254 1417 recipit,
273 1376 321 1405 sed

82 1419 146 1439 eum
155 1433 163 1446 ,
179 1420 224 1448 qui

82 1448 159 1475 misit
175 1455 229 1475 me.

82 1483 131 1510 37.
151 1483 330 1518 Respondens

81 1524 173 1546 autem
185 1519 287 1546 Johan-

81 1562 144 1587 nes,
161 1554 229 1581 dixit
246 1564 252 1581 :
269 1554 324 1582 Ma-

79 1590 180 1624 gister,
198 1590 267 1617 vidi-

79 1632 145 1652 mus
158 1633 244 1660 queu-

80 1661 146 1688 dam
160 1661 187 1688 in
203 1669 249 1688 uo-

80 1697 158 1723 mine
174 1702 220 1723 tuo

80 1732 229 1760 eicientem

607 131 834 161 EVANGELIUM
854 131 1040 161 SECUNDUM
1062 132 1220 160 MARCUM.

286 188 401 217 CODEX
421 187 693 219 VERCELLENSIS.

508 236 649 278 daemonia
661 260 669 273 ,

508 280 554 307 qui
572 281 625 300 non
640 281 684 301 se-

507 311 600 342 quitur
611 316 659 336 no-

508 343 627 378 biscum,
648 349 676 372 et

507 380 649 414 prohibui-

506 422 568 442 mus
584 416 672 443 illum.

506 451 552 487 38.
569 451 610 479 Ad
625 452 669 479 ille
685 459 799 487 respou-

506 486 589 520 dens,
603 487 642 513 ait
654 496 660 513 :
676 487 729 514 No-

506 521 553 549 lite
566 522 603 557 (e)
621 523 710 557 probi-

506 557 570 585 bere
584 558 605 593 -ξ-
621 567 628 584 :
644 565 725 586 nemo

505 598 547 620 est
559 594 631 621 enim
642 614 649 627 ,

504 629 549 664 qui
568 629 648 656 faciat

505 665 631 692 virtutem

504 700 531 727 in
546 701 656 727 nomine

504 735 741 798 {Efi‘iﬁn‘iie‘w'

504 772 567 798 terit
579 771 600 806 1-
616 771 688 799 male

502 807 546 834 59.
560 807 673 841 loquide
684 814 737 834 me.
747 806 797 840 Qui
810 807 882 834 enim

503 850 556 869 non
572 846 614 870 est
626 842 673 869 ad-

503 885 598 906 versus
610 885 657 905 VOS
665 899 672 911 ν

502 921 551 947 pro
567 914 642 941 vobis

502 949 547 977 40.
569 954 620 976 est.
637 949 765 983 Quicum—

501 993 553 1020 que
566 985 638 1012 enim

502 1026 593 1055 potum
607 1021 654 1048 de-

501 1056 572 1084 derit
586 1056 662 1083 vobis

501 1092 614 1119 cnlicem
628 1093 638 1106 ’
653 1099 684 1118 a-

501 1135 570 1163 quae
582 1128 608 1154 in
625 1135 675 1154 no-

501 1164 574 1190 mine
589 1171 665 1195 meo,

499 1200 562 1234 quia
575 1198 674 1226 Christi
689 1206 732 1225 es-

501 1236 551 1267 tis,
567 1242 646 1261 amen

500 1271 561 1298 dico
576 1270 654 1298 vobis
662 1291 669 1302 .

501 1314 554 1334 non
570 1306 665 1342 perdet

500 1342 654 1370 mercedem

500 1378 546 1405 41.
567 1385 654 1405 suam.
671 1377 703 1404 Et
716 1378 774 1410 qui-

502 1421 618 1448 cumque
632 1420 711 1440 scan-

501 1449 636 1476 dalizavc-

502 1485 538 1512 rit
549 1493 632 1512 unum

503 1528 537 1548 ex
552 1520 672 1547 minimis

503 1556 601 1584 vestris
612 1556 691 1582 tidem

504 1592 685 1623 habentibus,

502 1627 602 1654 bonum
616 1632 658 1654 est

502 1664 556 1695 illi,
572 1663 595 1690 si
610 1663 726 1690 circum-

501 1699 614 1726 daretur

502 1735 574 1763 mola
587 1734 675 1761 asina-

1157 190 1274 220 CODEX
1297 190 1524 220 VERONENSIS.

942 238 1014 265 inter
1027 244 1057 265 se

943 273 1064 310 (a)renim
1075 274 1094 309 1-
1108 272 1163 301 dis-

943 309 1087 344 quirebant
1095 330 1102 342 ,

941 345 1002 380 quis
1017 350 1090 372 esset
1104 344 1138 372 il—

942 380 1030 408 lorum
1043 381 1140 414 major.

941 415 987 443 '54.
1006 415 1042 451 (b)
1056 416 1132 443 Tunc
1146 415 1167 451 1-
1182 422 1248 443 con—

941 452 1029 482 sedit.
1043 456 1071 479 et
1083 459 1130 479 vo-

940 487 1013 514 cavit
1025 495 1074 514 xu.

940 527 966 549 et
981 523 1018 550 ait
1035 523 1107 550 illis:

939 557 967 585 Si
982 558 1044 593 quis
1055 559 1113 585 vult

939 600 1043 627 primus
1062 601 1123 622 esse

939 630 1010 656 inter
1026 637 1087 663 vos,

938 664 985 692 ﬁat
1000 665 1120 692 onmium

938 701 1118 734 novissimus,

937 742 964 764 et
974 736 1094 763 omnium

937 772 1070 799 minister.

936 808 982 836 55.
1004 808 1033 834 Et
1054 807 1191 841 accipiens

938 852 1049 879 puerum
1063 864 1069 875 ,
1086 848 1140 870 sta-

938 880 989 907 tuit
1001 879 1075 906 illum

936 917 961 942 in
978 915 1093 942 medium
1109 921 1157 941 co-

935 959 1006 978 rum.
1021 951 1107 983 Quem

935 994 996 1013 cum
1011 987 1130 1021 comple-

933 1030 984 1050 xus
998 1027 1085 1054 esset,

934 1059 972 1084 ait
996 1058 1050 1085 illis
1067 1066 1073 1083 :

934 1093 989 1129 εδ»
1004 1092 1040 1129 (ε)
1055 1092 1184 1127 Quisquis
1195 1093 1213 1126 -:-

934 1137 969 1156 ex
984 1128 1138 1164 hujusmodi

935 1165 1026 1199 pueris
1043 1172 1118 1192 rece-

934 1200 1004 1235 perit
1016 1201 1042 1227 in
1055 1208 1102 1227 no-

935 1236 1008 1263 mine
1023 1243 1085 1263 mco
1095 1256 1103 1268 ,

935 1279 978 1299 me
992 1272 1106 1307 recipit;

935 1313 962 1334 et
979 1308 1101 1343 quicum-

934 1351 986 1378 que
1003 1351 1046 1371 me

934 1379 1097 1414 susceperit,
1113 1385 1165 1406 nou

935 1422 979 1442 me
992 1415 1116 1449 suscipit.

935 1450 982 1478 sed
995 1458 1069 1483 eum,
1084 1451 1130 1485 qui

936 1494 980 1513 me
994 1486 1077 1513 misit.

936 1521 981 1548 57.
1003 1521 1153 1556 Respondit

936 1557 974 1584 illi
989 1556 1138 1589 Jobaunes,

937 1592 977 1628 (ά)
991 1597 1018 1619 et
1032 1592 1098 1620 dicit
1108 1593 1126 1627 -ί-

937 1628 960 1655 ei
976 1637 983 1654 :
999 1628 1136 1663 Magister,

937 1663 1054 1690 vidimus

936 1699 1072 1733 quendam

938 1735 965 1762 in
981 1736 1091 1763 nomine

1361 243 1406 265 tuo
1417 238 1558 265 eicientem

1360 274 1502 300 daemonia
1513 295 1520 305 ,

1360 311 1403 345 qui
1421 317 1473 336 non
1489 317 1531 337 Se—

1358 346 1450 380 quitur
1462 353 1522 377 uos,

1358 386 1384 408 et
1400 381 1540 415 prohibui-

1357 424 1417 443 mus
1431 424 1503 444 eum.

1357 452 1401 479 58.
1423 453 1464 479 Ad
1479 452 1524 479 ille
1538 459 1582 480 re-

1356 488 1506 521 spondens,
1519 488 1557 515 ait
1569 498 1576 516 :

1357 523 1447 551 Nolite
1462 522 1498 559 (ιι)
1511 523 1602 558 probi-

1356 559 1424 586 bere
1437 559 1456 594 1
1471 568 1479 586 :
1497 567 1545 600 ne.

1357 602 1402 621 mo
1412 599 1454 622 est
1468 599 1552 628 enim,

1356 630 1401 664 qui
1416 630 1495 657 iaciat

1356 666 1484 693 virtutem
1501 665 1528 692 in

1355 702 1463 729 nomine
1478 708 1539 729 meo
1548 722 1556 735 ,

1354 741 1381 765 et
1396 736 1434 772 (Γ)
1450 742 1526 772 pote-

1354 773 1389 799 rit
1402 773 1423 807 1-
1439 773 1510 800 male

1354 808 1429 843 loqui
1443 808 1477 835 de
1492 815 1546 835 me.

1354 844 1399 871 59.
1420 843 1470 877 Qui
1485 843 1556 870 enim

1354 887 1408 906 nou
1419 884 1462 906 est
1476 879 1525 906 ad-

1352 922 1461 942 versum
1474 921 1533 947 vos,

1353 958 1402 983 pro
1415 950 1493 977 vobis
1504 954 1556 977 est.

1352 986 1397 1014 40.
1421 985 1548 1020 Quisquis
1558 985 1629 1012 enim

1353 1027 1444 1056 potum
1459 1021 1564 1049 dederit

1353 1057 1429 1085 vobis
1441 1057 1553 1084 calicem

1353 1100 1438 1134 aquae
1451 1091 1565 1134 frigidae

1355 1137 1381 1156 In
1398 1135 1507 1155 nomine

1353 1171 1425 1197 meo,
1438 1164 1502 1199 quia

1352 1200 1454 1227 Christi
1466 1199 1546 1229 estis.

1353 1244 1432 1263 amen
1448 1236 1510 1263 dico

1353 1273 1441 1303 vobis,
1459 1270 1498 1306 (g)
1512 1269 1575 1306 quia
1588 1271 1608 1305 λς

1353 1316 1407 1336 uon
1422 1307 1517 1342 perdet

1353 1343 1507 1372 mercedem

1353 1387 1441 1407 Sllﬂm.

1353 1416 1398 1442 4|.
1419 1414 1455 1441 Et
1465 1413 1629 1449 quicumque

1354 1448 1578 1478 scandaliiaveril

1354 1494 1436 1513 unum
1449 1493 1483 1513 ex
1593 1487 1595 1489 ’

1356 1522 1398 1549 bis
1407 1520 1513 1556 pusillis

1356 1557 1469 1584 modicis
1480 1563 1540 1583 crc-

1355 1592 1492 1622 deutibus.
1509 1591 1557 1618 b0—

1357 1636 1420 1655 num
1434 1632 1475 1654 cst
1488 1626 1539 1659 illi,

1356 1663 1441 1698 magis
1454 1663 1565 1690 circum-

1356 1699 1468 1726 darctur
1489 1698 1561 1732 motu

1356 1734 1471 1762 asinaria
1483 1733 1524 1770 (h)
1532 1734 1585 1761 cir-

745 1789 862 1818 CODEX
881 1789 1077 1819 BRIXIANUS.
1094 1800 1098 1804 '

939 1858 1013 1889 cum.
1030 1851 1094 1889 quia
1111 1859 1163 1879 non
1185 1851 1309 1886 sequitur
1323 1859 1383 1879 nos.
1398 1850 1478 1889 .lesus
1492 1854 1583 1889 autem
1603 1847 1740 1889 dixitl‘io-

940 1886 986 1913 lite
1003 1885 1149 1920 prohibere
1165 1885 1239 1914 eum.
1263 1895 1343 1915 nemo
1355 1892 1397 1914 est
1412 1887 1485 1914 enim
1499 1886 1544 1920 qui
1561 1885 1641 1912 faciat
1652 1885 1739 1911 virtu-

940 1927 992 1948 tem
1005 1922 1031 1949 in
1047 1923 1157 1950 nomine
1173 1931 1242 1950 meo.
1257 1928 1284 1949 et
1299 1925 1382 1957 possit
1398 1922 1452 1949 cito
1466 1921 1536 1948 male
1550 1921 1622 1955 loqui
1634 1920 1668 1946 de
1680 1928 1736 1957 ine.

937 1957 987 1990 Qui
1004 1960 1077 1985 enim
1098 1967 1152 1985 non
1169 1964 1211 1985 est
1226 1955 1357 1985 adversus
1375 1966 1432 1984 vos.
1450 1966 1499 1991 pro
1515 1956 1592 1982 vobis
1607 1960 1659 1982 est.
1674 1955 1738 1987 Qui-

943 2001 1060 2027 cmnquc
1076 1994 1159 2021 enim.
1185 1998 1277 2028 putum
1300 1994 1407 2020 dederit
1422 1993 1510 2020 vobis.
1527 1992 1639 2018 calicem
1655 1997 1742 2024 aquae

939 2028 1052 2062 frigidae
1075 2031 1100 2056 in
1122 2027 1232 2056 nomine
1255 2037 1325 2056 meo.
1347 2030 1408 2063 quia
1433 2027 1532 2054 (lbrisli
1557 2027 1635 2063 estis.
1655 2033 1738 2063 _amen

935 2061 998 2090 dico
1013 2065 1091 2092 vobis
1110 2074 1163 2091 non
1180 2065 1275 2099 perdel
1298 2061 1452 2091 mercedem
1467 2070 1558 2099 suam.
1572 2062 1602 2088 lit
1617 2061 1741 2099 quicum-

935 2106 986 2133 que
1009 2096 1236 2127 scuudalizav'erit
1253 2107 1335 2126 unum
1353 2108 1384 2126 ex
1402 2100 1444 2124 bis
1469 2097 1586 2133 pusillis.
1604 2096 1741 2133 credenti-

80 1851 161 1878 baut.
177 1849 249 1877 inter
268 1857 298 1877 se
317 1850 356 1886 (a)
379 1851 450 1878 enim
468 1851 488 1886 1-
503 1850 711 1886 conquirebant.
737 1849 798 1884 quis
812 1853 886 1886 esset

80 1887 195 1913 illorum
207 1885 304 1920 major.
329 1886 362 1913 Et
384 1885 506 1914 residens
521 1885 638 1913 vocavit.
654 1893 700 1912 xu.
727 1890 754 1912 et
767 1885 804 1912 ait
819 1885 882 1911 illis.

80 1921 114 1949 Si
138 1921 201 1956 quis
221 1921 279 1948 vult
302 1922 404 1956 primus
416 1930 487 1949 esse.
503 1922 556 1949 erit
570 1922 690 1948 omnimn
709 1920 882 1948 novissimus.

79 1961 110 1985 et
135 1957 257 1983 omnium
281 1957 414 1984 minister.
451 1958 484 1985 Et
512 1957 649 1991 accipiens
678 1964 801 1991 puerum.
829 1961 883 1982 sta-

81 1994 134 2019 lttit
160 2000 220 2018 eum
243 1993 268 2019 in
289 1992 378 2020 medio
401 2001 495 2020 eorum
522 1997 550 2020 et
576 1993 724 2027 conplexus
749 1999 820 2019 eum.
843 1992 882 2018 di-

81 2030 122 2055 xit
138 2027 203 2054 illis.
225 2027 353 2062 Quisquis
366 2037 447 2055 unum
463 2037 494 2055 ex
511 2028 663 2063 bujusmodi
680 2029 779 2062 pueris.
808 2034 883 2054 recc—

80 2063 159 2098 perit
171 2064 196 2089 in
211 2064 319 2091 nomine
335 2072 405 2091 meo.
423 2072 465 2091 tne
480 2064 587 2098 recipit.
613 2068 639 2090 ct
663 2064 826 2098 quicumque
841 2070 884 2089 me

81 2099 194 2134 recipit.
213 2099 308 2133 recipit
322 2106 382 2126 cum
398 2100 442 2134 qui
459 2107 502 2126 me
518 2099 602 2126 misit.
625 2099 775 2133 Respondit
792 2103 883 2125 autem

81 2135 121 2162 illi
145 2130 284 2161 .Iobannes
299 2130 547 2169 dicens-Magister
564 2130 686 2161 vidimus
698 2134 833 2168 quendam
856 2134 882 2160 in
936 2130 985 2161 bus
1009 2135 1036 2162 in
1052 2145 1105 2164 nte.
1121 2137 1222 2164 bonum
1238 2141 1288 2163 esL
1307 2136 1343 2162 illi
1367 2130 1500 2169 magisfsi
1516 2130 1736 2160 cirtiumdaretur

81 2170 196 2197 nomine
222 2173 268 2197 tuo
291 2171 434 2198 eicientem
457 2170 613 2198 daemonia.
643 2175 670 2197 ct
693 2169 883 2204 prohibuimus
934 2170 1003 2197 mola
1019 2172 1110 2198 asina-

733 2214 852 2243 CODEX
865 2213 1102 2245 CORBEIENSIS.

116 2264 166 2290 58.
184 2267 212 2290 et
227 2264 327 2298 poterit
340 2264 412 2291 male
428 2264 501 2299 loqui
517 2263 552 2291 de
568 2271 620 2291 me.
940 2269 983 2292 est
999 2264 1049 2292 illi.

119 2299 168 2326 41.
184 2299 219 2327 de
243 2299 286 2327 his
308 2300 415 2336 pusillis
439 2298 554 2328 modicis
576 2298 762 2327 credentibus.
789 2299 891 2326 bonum

702 2357 900 2386 VARIANTES
919 2344 1119 2385 moriones.

83 2418 123 2473 aut
146 2416 200 2440 Gut.
222 2417 410 2448 conspexisset,
433 2416 505 2441 dixit.
536 2416 606 2448 Vulg.
634 2415 778 2447 complexus
801 2419 886 2445 esset,
939 2416 986 2477 qq;
989 2412 1256 2476 aiagilaqugg‘iqingf
1268 2416 1361 2438 tantum
1370 2412 1494 2443 ln...qula
1505 2416 1552 2435 non
1562 2409 1741 2442 perdetJ’utg.

427 2506 571 2528 LECTIONES
585 2506 687 2528 CODICIS
702 2505 909 2526 VlNDEBONENSlS
925 2505 1062 2526 ABEUNTES
1079 2505 1111 2524 AB
1126 2504 1253 2524 EDITIONE
1265 2503 1398 2524 \‘ULGATA.

943 2560 991 2578 non
1003 2561 1044 2578 me
1055 2554 1166 2583 suscipit,
1189 2553 1233 2578 sed
1247 2559 1304 2577 eum
1313 2573 1319 2584 ,
1332 2553 1375 2584 qui
1387 2560 1427 2577 me
1447 2554 1521 2578 misit.
1556 2555 1595 2579 57.
1609 2553 1742 2584 Respondit

84 2560 154 2583 inter
162 2564 189 2582 se
203 2558 268 2582 enim
278 2556 466 2588 disqucrebant,
477 2556 533 2586 quis
541 2559 610 2581 esset
620 2556 697 2588 major
706 2554 812 2588 illorum.
822 2555 886 2588 W54.

943 2586 976 2609 illi
987 2585 1122 2615 Johaunes,
1135 2588 1161 2609 ct
1172 2585 1239 2609 dicit.
1273 2585 1312 2609 58.
1329 2585 1365 2609 Ad
1385 2584 1426 2609 ille
1439 2585 1601 2616 respondens,
1613 2585 1722 2616 dixitreis
1735 2590 1740 2616 ς

84 2590 156 2614 Tunc
167 2589 307 2617 cousideus,
321 2586 416 2613 vocavit
432 2587 561 2611 duodecim
573 2586 714 2618 Apostolos,
729 2590 755 2611 et
773 2587 807 2610 ait
820 2586 868 2610 illis
880 2593 886 2610 :

85 2621 110 2645 Si
123 2620 180 2651 quis
191 2619 242 2644 vult
253 2615 346 2650 primus
357 2625 423 2649 esse,
434 2618 474 2643 liat
483 2615 753 2651 omnium‘novissimus.
787 2618 827 2642 55.
839 2620 887 2651 sta-
942 2617 1023 2651 l‘g‘olite
1036 2616 1169 2651 prohibere
1184 2623 1189 2640 :
1203 2622 1276 2640 nemo
1285 2619 1325 2640 est
1337 2617 1442 2651 cpitur...
1457 2615 1590 2651 ot'__t_iot_c_rit
1602 2615 1665 2651 male
1679 2615 1744 2651 loqui

84 2646 138 2676 tuit'
148 2651 221 2677 illum.
253 2646 295 2676 36.
306 2646 422 2681 Quisquis
434 2656 466 2675 ex
483 2649 621 2680 huiusmodi
635 2649 720 2680 pueris
731 2648 888 2680 receperit...
942 2648 975 2672 de
986 2646 1043 2672 mef
1070 2647 1110 2672 59.
1120 2647 1242 2672 adversus
1249 2654 1301 2672 vos.
1334 2647 1375 2672 ll.
1386 2654 1416 2672 ex
1429 2647 1524 2678 pusillis
1535 2646 1573 2672 bis
1584 2646 1746 2671 credentibus

743 2699 928 2728 BLANCHINI
946 2700 1063 2728 ΝΟΤᾸΞ.

124 2763 163 2797 (a)
177 2762 243 2790 Post
251 2762 336 2793 enim,
352 2760 430 2788 deest
452 2760 480 2797 in
498 2760 539 2787 via
551 2780 559 2792 ,
575 2759 656 2797 etiam
672 2758 697 2786 in
714 2758 781 2797 cod.
792 2757 871 2797 Qaut.
886 2760 915 2784 et
928 2757 1015 2797 Gothi
1027 2772 1062 2777 ——
1077 2756 1167 2797 (b)_lt:1
1183 2760 1212 2784 et
1232 2755 1297 2797 cod.
1308 2755 1387 2797 (lant.
1404 2756 1526 2797 T61§.I-—
1541 2754 1659 2797 (c)_Pos_t
1681 2754 1751 2789 quic-

87 2790 161 2838 quis;
169 2798 246 2838 deest
257 2790 348 2838 ιιιιιιζζί,
366 2797 392 2838 in
408 2796 476 2838 (ιθςΙρζ
489 2790 597 2838 quoque
607 2795 684 2838 Can’t‘.
699 2810 737 2838 —';
825 2794 884 2820 .qui

939 2790 1132 2838 ιιρλῦιξιίιιιζκᾴὶ
1144 2790 1209 2838 εἷπε..
1220 2807 1254 2812 —-
1267 2792 1301 2827 (e)
1315 2791 1380 2838 Post
1403 2790 1747 2838 prohibere,qucstmqpp,

491 2821 533 2859 ita
546 2821 576 2860 éi
585 2821 644 2858 iteix.
658 2830 705 2858 Gr.
722 2822 867 2859 δυνῆσὲται.

939 2828 960 2864 7)
980 2828 1137 2863 Additquia,
1152 2828 1214 2854 cod.
1232 2821 1340 2862 quoque
1354 2821 1432 2853 Cant.
1448 2825 1535 2852 u'n.—
1546 2823 1588 2859 (h)
1597 2821 1634 2851 lta
1651 2828 1678 2852 et
1692 2826 1746 2852 tcx.

91 2869 140 2897 Gr.
174 2871 233 2906 περὶ
251 2868 295 2896 τὸν
315 2867 455 2905 τράχηλονί
