3956 6206
28 194 43 205 κ
56 194 72 211 Ι
199 204 205 211 .
272 200 277 203 .

152 216 165 228 ἱ

119 238 127 248 ⁸
140 230 149 239 ο

106 252 115 261 ο

88 324 95 331 ⁸
174 336 179 341 .
206 326 223 339 ‘\

111 398 251 432 ob.
293 420 314 432 .
412 426 418 432 .
471 398 537 432 ἐν

48 482 81 511 ,ι
126 482 181 493 ἰ-
286 482 299 497 ’
424 484 429 491 ·

70 536 78 547 κ
203 531 225 545 I

44 566 69 573 κ.
170 564 191 571 εκ
199 565 204 571 .
439 573 444 583 '

110 584 113 591 ν

82 584 313 701 es;
564 564 867 706 3.3.5621"

28 704 94 810 \
510 723 540 765 e
562 722 703 790 eos;
735 706 919 762 talium

28 764 357 913 Α
481 789 739 906 ςεέθεηιηι

64 912 73 919 κ
567 864 759 933 .gnum

480 922 791 1049 fgf.Amen
825 992 972 1047 enim

481 1064 607 1119 dico
638 1063 795 1118 vobis
828 1081 842 1119 :

484 1132 827 1204 Quicumque

482 1204 593 1262 non
618 1220 773 1260 rece-

484 1277 628 1349 perit
646 1291 774 1349 reg-

486 1346 619 1403 num
646 1346 778 1412 Dei,
811 1354 931 1401 tan-

485 1433 649 1490 quam
674 1417 854 1473 infans
872 1458 887 1483 ,

486 1489 597 1546 non
627 1489 794 1543 intra-

487 1561 569 1617 bit
592 1561 644 1615 in
687 1560 833 1615 illut.

488 1632 579 1688 16.
624 1629 692 1686 Ει
720 1630 773 1685 in
802 1629 927 1686 sinu
955 1640 1056 1683 suo

490 1703 781 1758 benedice-

495 1773 589 1828 bat
616 1773 758 1827 illos.

490 1845 582 1901 17.
625 1843 692 1897 Ει
724 1840 943 1912 proﬁci-

489 1922 677 1971 scente
708 1928 795 1982 eo,
827 1928 951 1984 pro-

491 1999 719 2042 currens

490 2073 632 2113 unus
654 2097 670 2122 ,
702 2055 859 2128 geni-

491 2131 592 2185 bus
616 2138 855 2198 prostra-

496 2210 606 2265 tus,
639 2198 863 2267 rogabat

491 2286 615 2326 eum
638 2312 652 2335 ,
689 2268 763 2341 (b)
793 2268 982 2325 dicens
1003 2268 1041 2337 ἰ-
1068 2284 1079 2321 :

496 2343 756 2413 Magister

494 2410 638 2467 bene
664 2454 679 2481 ,
705 2410 836 2482 quid

494 2484 723 2548 faciam,
752 2489 812 2536 ut

496 2556 664 2611 vitam
704 2561 878 2607 aeter-

500 2642 627 2681 nam
660 2624 838 2695 possi—

496 2698 656 2753 deam
678 2696 702 2750 ?

498 2770 587 2823 18.
632 2768 791 2823 Jesus
817 2774 1001 2822 autem
1032 2766 1117 2821 in-

498 2850 657 2895 tuens
681 2840 855 2904 illum,

500 2912 571 2965 ait
608 2911 684 2965 illi
719 2928 732 2963 :
765 2910 907 2978 Quid

500 2997 586 3037 me
613 2982 752 3036 dicis
774 2982 876 3036 bo-

498 3053 666 3108 num?
697 3052 868 3108 Nemo

426 336 443 351 κ
862 326 1091 387 ΟΟΒΕΧ
1130 322 1715 392 νεηοειιΕΝδιε.ῖ

426 466 431 489 ρ
468 398 563 481 Ιέὰιῖ
593 438 656 480 es
681 437 778 479 ve-
1312 433 1373 475 es
1405 434 1419 472 :
1444 416 1715 489 Nonil'ura-

530 437 656 480 mes
681 437 778 479 V80

1312 433 1373 475 es
1405 434 1419 472 :
1444 417 1563 472 Non
1586 416 1730 472 fura-

1311 489 1457 544 veris
1487 506 1501 543 :
1534 488 1651 544 Non

1311 560 1504 616 falsum
1535 568 1643 614 tes-

1313 632 1596 687 timonium

1314 702 1467 758 dices
1491 720 1502 756 :

1314 774 1430 829 Non
1462 773 1697 845 abnega-

1314 846 1401 901 bis
1434 863 1447 899 :
1480 845 1696 901 Honora

1317 926 1527 986 patrem
1567 925 1651 970 tu-

1320 1003 1409 1042 nm
1450 996 1505 1043 ει
1534 1002 1648 1041 ma-

1320 1057 1561 1141 tremne!)
1586 1067 1731 1115 tuam
1758 1061 1819 1132 -ικ

1319 1130 1411 1185 20.
1453 1129 1562 1202 Qui
1587 1129 1811 1202 respon-

1319 1202 1476 1261 dens.
1513 1199 1648 1256 dixit

1324 1273 1373 1329 ei
1398 1290 1411 1326 :
1446 1270 1716 1342 Magister,

1322 1344 1457 1399 haec
1484 1358 1600 1397 om-

1322 1416 1409 1469 nia
1441 1415 1629 1469 obser-

1323 1485 1444 1540 vabi
1472 1486 1541 1538 ab
1572 1487 1701 1543 adu-

1324 1557 1586 1612 lescentia

1324 1642 1442 1698 mea
1478 1644 1491 1680 :
1517 1627 1644 1698 quid

1323 1697 1499 1753 adhuc
1529 1697 1659 1754 mihi

1324 1770 1512 1825 deest?

1322 1841 1413 1895 21.
1444 1840 1601 1897 Jesus
1629 1851 1808 1899 autem
1835 1842 1917 1897 in.

1323 1921 1479 1967 tuens
1508 1914 1659 1967 illum
1683 1956 1697 1979 ,

1323 1983 1513 2039 dilexit
1537 2000 1657 2039 eum
1674 2027 1689 2051 ,

1324 2062 1381 2110 et
1398 2060 1473 2110 ait
1496 2056 1569 2110 illi
1606 2073 1618 2109 :

1329 2127 1503 2184 Unum
1537 2127 1633 2181 tibi

1324 2197 1479 2254 deest
1514 2215 1529 2252 :
1558 2199 1727 2264 vade;

1326 2284 1621 2341 quaecum-

1327 2356 1432 2411 que
1464 2342 1629 2397 habes
1652 2382 1667 2406 ,

1330 2412 1532 2478 vende,
1561 2421 1617 2468 et
1643 2412 1727 2467 di-

1334 2481 1458 2538 vide
1483 2498 1685 2554 paupe-

1334 2555 1522 2622 ribus;
1552 2564 1606 2611 ct
1631 2554 1719 2608 Ita-

1336 2628 1490 2683 bebis
1523 2630 1679 2684 then-

1337 2715 1555 2754 saurum
1588 2697 1668 2751 in-

1336 2770 1527 2835 caelo;
1563 2779 1613 2823 et
1635 2810 1651 2835 ,
1685 2783 1774 2824 su-

1338 2842 1480 2898 blata
1508 2854 1670 2897 cruce
1700 2853 1737 2906 ,Ἴ

1338 2914 1494 2980 veni,
1528 2925 1722 2982 seque-

1334 2999 1395 3040 re
1422 2999 1528 3039 me.

1333 3056 1425 3110 22.
1469 3055 1537 3110 Et
1567 3056 1656 3111 ille
1681 3054 1925 3109 contris-

1005 208 1276 269 EUSEBll
1318 207 1657 266 VERCELL.
1689 207 2138 266 EVANGELIUM
2166 207 2308 266 CUM
2341 204 2571 272 VARUS
2603 206 2761 265 COD.
2800 207 3195 266 COLLATUM.

2598 322 2831 380 CODEX
2869 322 3320 381 VERONENSIS.

2173 430 2266 471 ros
2296 415 2482 471 venire

2174 487 2241 541 ad
2266 502 2387 551 me;
2421 496 2477 541 et

2174 573 2245 614 ne
2274 557 2567 628 prohibue-

2177 629 2298 684 ritis
2328 629 2451 683 illos
2478 647 2492 683 :

3011 418 3373 472 testimonium

3009 488 3217 543 dixeris
3253 503 3267 541 :
3302 487 3381 543 Ne

3008 558 3251 614 fraudem
3291 557 3373 614 fe-

3006 629 3147 686 ceris
3179 645 3196 683 :
3228 630 3335 686 Ho-

2179 700 2366 755 talium
2392 700 2540 756 enim
3010 717 3140 757 nera
3166 716 3267 771 pa-

2178 780 2263 827 est
2292 787 2517 841 regnum
3011 783 3145 828 trem
3179 782 3351 838 tuum,

2182 844 2301 898 Dei.
3013 852 3068 900 et
3092 854 3321 900 matrem

2183 915 2271 969 15.
2292 913 2635 997 .Amendico
3012 914 3092 1040 ad)
3121 924 3263 998 tuam
3287 916 3350 986 1-.

2183 986 2336 1040 vobis
2371 986 2648 1040 :Omsaue
3050 987 3105 1040 0.
3145 986 3211 1040 Et
3241 986 3335 1040 Ille

2181 986 2336 1041 vobis
2371 986 2648 1055 :Quisque
3012 986 3105 1041 20.
3145 986 3211 1041 Et
3241 986 3335 1041 ille

2182 1072 2288 1112 non
2313 1057 2587 1127 receperit
3013 1057 3373 1127 respondens,

2182 1144 2405 1196 regnum
2436 1128 2530 1183 Dei
2553 1171 2567 1195 ,
3012 1129 3088 1183 ait
3110 1128 3188 1183 illi
3213 1145 3227 1183 :

2182 1200 2330 1255 velut
2358 1215 2513 1268 puer,
3014 1200 3290 1270 Magister,

2185 1285 2292 1325 non
2328 1271 2550 1325 intrabit
3017 1272 3195 1325 omnia
3224 1272 3357 1326 haec

2185 1342 2275 1396 16.
2318 1342 2371 1396 in
2397 1341 2533 1396 illut.
2557 1342 2623 1397 Et
3016 1341 3305 1399 observabi

2187 1412 2263 1484 (α)
2300 1413 2586 1470 convitans
3018 1429 3046 1468 a
3070 1414 3236 1483 juven
3252 1443 3269 1453 -

2184 1499 2314 1549 eos,
2342 1487 2515 1554 impo—
3021 1493 3135 1539 tute
3164 1499 3304 1539 mea.

2188 1556 2349 1610 nebat
2370 1555 2409 1625 -ι-
2432 1570 2546 1610 ma-
3018 1555 3080 1610 2|
3098 1596 3111 1609 .
3152 1555 3308 1611 Jesus
3335 1570 3429 1610 au-

2194 1643 2319 1680 num
2354 1641 2518 1696 super
3022 1636 3130 1681 teni
3163 1628 3375 1682 intuens

2192 1698 2337 1763 illos,
2370 1708 2425 1750 et
2458 1698 2548 1752 he-
3018 1713 3167 1764 eum,
3191 1712 3347 1753 oscu-

2191 1767 2473 1822 nedicebat
2502 1783 2617 1825 eos.
3020 1769 3159 1824 latus
3187 1779 3271 1825 est

2190 1840 2277 1893 17.
2321 1839 2533 1913 Etcum
2560 1842 2764 1913 egressi
3018 1856 3163 1913 eum,
3186 1849 3251 1913 et

2186 1921 2370 1965 essent
2402 1912 2453 1965 in
2478 1911 2563 1966 via
2581 1955 2595 1979 ,

2186 1996 2546 2051 praecurrens

2188 2053 2407 2126 quidam
2424 2094 2439 2119 ,
2474 2053 2696 2126 adgeni-

2188 2125 2399 2189 culans,
2437 2125 2565 2198 (sic)
2590 2142 2675 2181 ro—

3018 1912 3157 1967 dixit
3181 1911 3301 1967 illi:

3021 1982 3199 2039 Unum
3230 1984 3327 2039 tibi

3022 2054 3177 2109 deest
3210 2071 3223 2109 :
3246 2054 3419 2120 vade;

3023 2140 3318 2196 quaecum-

2192 2211 2325 2264 gans
2354 2196 2499 2267 eum,
2527 2196 2581 2252 et
3026 2211 3129 2268 que
3152 2196 3343 2267 habes,

2193 2269 2268 2339 (b)
2296 2269 2484 2326 dicens
2503 2269 2545 2341 τ’
2572 2287 2584 2323 :
3026 2269 3224 2334 vende,
3248 2277 3303 2324 et

2198 2342 2454 2414 Magister
2474 2412 2483 2414 _
2512 2412 2521 2414 _
3027 2341 3093 2396 da
3125 2355 3326 2411 paupe-

2197 2412 2359 2481 bone,
2395 2412 2525 2482 quid
2642 2447 2661 2462 .
3032 2414 3224 2477 ribus;
3253 2420 3309 2466 et

2197 2486 2415 2551 faciam,
2448 2493 2508 2537 ut
3030 2485 3255 2541 habebis

2196 2558 2363 2613 vitam
2391 2565 2568 2611 aeter-
3031 2556 3356 2612 thensauros

2200 2645 2321 2684 nam
2346 2645 2468 2699 per-
3030 2630 3084 2683 in
3114 2628 3306 2694 caelo;

2200 2701 2399 2769 cipiam
2424 2702 2447 2755 ?
3030 2710 3086 2757 et
3113 2700 3261 2766 veni,
3290 2712 3376 2754 sc-

2199 2772 2287 2827 18.
2332 2773 2399 2827 Et
2426 2772 2586 2827 Jesus
2616 2769 2752 2825 dixit
3030 2787 3198 2841 quere
3218 2786 3327 2825 me.

2198 2844 2275 2898 illi
2307 2861 2320 2897 :
2352 2843 2491 2911 Quid
2524 2857 2611 2895 me
3032 2844 3123 2898 2‘2.
3167 2843 3234 2897 Et
3262 2842 3353 2897 ille

2199 2914 2337 2969 dicis
2368 2913 2603 2970 bonum?

2200 2985 2376 3040 Nemo
2400 2988 2601 3051 bonus,

2204 3058 2305 3113 nisi
2331 3058 2403 3128 (ε)
2435 3071 2592 3128 unus,

3032 2915 3386 2970 contristatus
3412 2911 3466 2965 in

3032 2985 3321 3128 $333.3?)
3348 3062 3402 3109 et

3663 196 3766 257 800

498 3125 676 3179 bonus
697 3165 711 3189 ,
740 3125 760 3155 ¹
791 3123 895 3177 nisi

504 3195 592 3251 19.
637 3209 776 3248 unus
805 3194 969 3248 Deus.
1002 3193 1151 3249 Man-

499 3267 623 3319 data
659 3265 801 3318 nosti
821 3265 845 3317 Ἰ

501 3336 593 3391 Ait
620 3352 632 3388 :
665 3335 859 3402 Quae?
884 3332 1002 3390 Non

500 3406 828 3460 adulterium

502 3478 817 3531 eommittes
846 3494 858 3529 :

504 3547 621 3602 Non
651 3548 826 3601 homi-

503 3618 705 3673 cidium
739 3616 875 3674 faci-

1334 3136 1476 3182 tatus
1506 3128 1559 3182 in
1585 3127 1671 3199 (e),
1687 3125 1785 3180 hoc
1814 3125 1854 3194 -ι-

1336 3199 1505 3253 verbo
1528 3239 1545 3265 ,
1570 3198 1705 3253 abiit

1338 3269 1510 3323 tristis
1541 3287 1553 3322 :
1588 3277 1707 3323 erat

1336 3340 1484 3395 enim
1516 3340 1726 3394 habens

1338 3426 1588 3481 magnam
1619 3424 1715 3480 pe-

1340 3483 1580 3537 cuniam.

1337 3552 1429 3606 25.
1476 3553 1541 3607 Et
1566 3550 1867 3620 respiciens

1338 3623 1518 3690 Jesus,
1553 3624 1631 3677 ait
1654 3622 1824 3677 disci-

497 3849 761 3974 parvulos
791 3848 979 3903 venire
1010 3847 1074 3901 ad
1120 3864 1224 3903 me.
1257 3857 1311 3903 et
1341 3849 1509 3904 nolite
1538 3849 1828 3920 prohibere
1858 3866 1973 3906 eos.
2010 3863 2092 3906 ta-

524 3922 632 3974 ium
665 3930 748 3974 est
778 3922 919 3974 enim
952 3936 1177 3974 regnum
1216 3921 1333 3974 Uei.
1368 3922 1538 3974 Amen
1586 3922 1708 3974 dico
1757 3922 1933 3974 vobis.
1966 3923 2092 3974 Oui-

524 3922 632 3974 ium
665 3930 748 3975 est
778 3922 919 3975 enim
952 3936 1177 3989 regnum
1216 3921 1333 3975 Uei.
1368 3922 1538 3975 Amen
1586 3922 1708 3977 dico
1757 3922 1933 3977 vobis.
1966 3923 2097 3991 Qui-

502 4006 734 4061 cumque
767 4006 872 4046 non
903 3994 1172 4055 receperit
1210 4007 1437 4062 regnum
1489 3992 1630 4046 sicut
1680 3995 1955 4062 parvulus.
1992 4011 2100 4050 non

506 4063 729 4117 intrahit
780 4065 830 4117 in
857 4061 1027 4134 illud.
1076 4065 1143 4117 lit
1173 4061 1481 4117 convocans
1510 4078 1627 4118 eos.
1673 4061 1939 4134 inponens
1982 4082 2101 4119 ma.

503 4148 605 4189 nus
648 4149 810 4203 super
853 4133 975 4206 illos
1018 4133 1371 4189 benedieebat
1417 4149 1532 4189 eos.
1579 4136 1641 4188 Et
1686 4133 1807 4190 cum
1849 4152 2102 4206 egressus

503 4214 669 4259 esset.
721 4208 770 4257 in
822 4205 964 4276 viam
1007 4220 1336 4273 procurrens
1358 4205 1582 4276 quidam
1632 4220 1776 4273 genu
1803 4205 1945 4261 [leto
1972 4218 2100 4263 ante

506 4291 631 4330 eum
682 4275 922 4347 rogabat
987 4290 1111 4329 eum
1160 4276 1235 4347 (b)
1281 4276 1475 4331 dicens
1514 4276 1575 4347 -ζε,
1645 4278 1902 4347 Magister
1957 4279 2101 4335 bone

506 4347 632 4415 quid
672 4346 891 4418 faciam.
935 4354 991 4418 ut
1028 4349 1193 4418 vitam
1218 4346 1537 4403 aeternam
1571 4346 1905 4418 possideam.
1944 4349 2102 4407 Jesns

508 4428 686 4470 autem
726 4417 867 4469 dixit
903 4416 974 4470 ei.
1013 4416 1152 4482 Quid
1195 4435 1280 4473 me
1318 4418 1456 4474 dicis
1497 4416 1719 4473 bonum.
1787 4418 1959 4475 Nemo
2007 4420 2101 4476 bo-

508 4502 629 4542 nus.
684 4486 787 4542 nisi
844 4501 984 4541 unus
1037 4488 1200 4544 Deus.
1261 4489 1409 4546 Haec
1447 4500 1738 4561 praecepta
1781 4492 1944 4546 nosti.
1986 4491 2104 4547 Non

2202 3143 2265 3182 ae
2296 3127 2443 3183 salus
2462 3127 2505 3197 οξ·
3035 3128 3168 3184 abiit
3194 3127 3365 3183 triStis
3397 3142 3410 3177 :

2204 3199 2369 3253 Deus.
3036 3209 3155 3254 erat
3178 3199 3326 3254 enim

2206 3270 2292 3324 19.
2336 3270 2639 3338 Praecepta
3038 3270 3247 3326 habens

2203 3341 2421 3395 custodi
2448 3358 2460 3394 :
2492 3340 2572 3395 Ne

2203 3412 2478 3467 adulteres
2513 3429 2527 3465 :

2205 3482 2284 3537 Ne
2314 3483 2536 3538 occidas
2570 3502 2584 3537 :

2206 3552 2281 3607 Ne
2307 3554 2330 3607 l'
2329 3554 2503 3609 ureris
2537 3573 2549 3608 :

2206 3622 2284 3679 Ne
2308 3625 2501 3679 falsum

3038 3342 3237 3396 multas
3263 3340 3343 3413 (g)
3374 3352 3469 3409 pe-

3039 3413 3232 3467 cunias
3249 3413 3310 3484 4;,
3341 3421 3394 3484 et

3039 3485 3132 3540 εδ.
3174 3480 3351 3553 agros.
3374 3480 3455 3553 Et

3043 3552 3487 3625 circumspiciens

3044 3626 3226 3695 Jesus,
3255 3624 3454 3681 aitdis-

1842 3734 2073 3792 CODEX
2115 3736 2510 3794 BRIXIANUS.

2205 3853 2561 3908 moecaveris.
2615 3852 2729 3909 Non
2784 3852 2976 3909 falsum
3030 3853 3404 3909 testimonium
3455 3850 3627 3905 dices.
3686 3847 3786 3903 Non

2205 3924 2450 3979 fraudem
2504 3926 2692 3979 facies.
2743 3926 2962 3980 llonora
3012 3938 3217 3994 patrem
3250 3936 3421 3978 tuum.
3472 3932 3528 3977 et
3579 3930 3786 3994 matrem

2208 3995 2286 4067 (ιι)
2321 4007 2477 4071 ινξιπιτΔ
2498 3995 2559 4067 δί’.
2586 3996 2768 4051 Atille
2792 3992 3132 4071 respondens
3160 3997 3236 4050 ait
3258 3997 3357 4071 illi.
3399 3994 3650 4064 Magister
3674 3992 3791 4071 haec

2205 4064 2388 4123 omnia
2427 4064 2714 4123 observavi
2754 4085 2783 4121 a
2820 4064 3103 4139 juventute
3143 4082 3283 4123 mea.
3319 4064 3479 4139 Iesus
3508 4075 3691 4139 autem
3717 4064 3789 4139 ξη-

2207 4140 2373 4193 tuitus
2402 4153 2548 4192 eum.
2581 4138 2773 4195 dilexit
2799 4131 2943 4194 eum.
2980 4150 3035 4194 et
3072 4139 3209 4194 dixit
3237 4139 3337 4192 illi.
3373 4136 3549 4191 Unum
3584 4134 3676 4188 tibi
3703 4131 3789 4186 de-

2207 4218 2309 4265 est.
2346 4209 2480 4264 vade
2508 4210 2685 4264 vende
2712 4212 2895 4264 omnia
2930 4220 3039 4265 tua.
3070 4221 3125 4266 et
3151 4211 3218 4264 da
3248 4206 3599 4278 pauperibus.
3632 4212 3686 4259 et
3710 4202 3794 4278 ha:

2206 4280 2360 4336 bebis
2399 4280 2749 4335 thensaurum
2782 4284 2832 4335 in
2862 4283 3037 4336 caelo.
3069 4291 3124 4337 et
3160 4274 3284 4334 veni
3323 4274 3554 4348 sequere
3585 4291 3689 4330 me.
3721 4274 3793 4328 Ad

2208 4351 2299 4424 ille
2325 4354 2684 4424 contristatus
2708 4352 2767 4424 in
2794 4352 2863 4424 (e)
2892 4353 2993 4406 hoc
3018 4352 3060 4422 -ιι
3088 4353 3273 4406 verbo.
3305 4348 3662 4424 abiit_tristis_.
3689 4352 3793 4400 erat

2212 4421 2358 4548 enisi
2378 4422 2590 4479 habens
2610 4416 3139 4480 divitiasinultas.Et
3158 4421 3610 4492 circumspiciens
3628 4416 3788 4473 Jesus.

2213 4503 2287 4548 ait
2346 4509 2417 4548 IS-

2213 4503 2287 4548 ait
2306 4503 2417 4548 dis-

1784 4604 2021 4661 CODEX
2059 4605 2529 4665 CORBEIENSIS.

509 4720 667 4847 ."16.
710 4719 779 4845 fit
815 4734 1120 4777 convocans
1165 4734 1284 4790 eos,
1339 4720 1655 4792 imponebat
1699 4734 1893 4777 manus
1938 4736 2104 4793 super

510 4810 523 4847 ι
571 4808 651 4847 os.
682 4808 711 4847 e
740 4807 789 4846 c.

510 4807 651 4857 tuos,
682 4807 789 4847 etc.

580 4865 669 4918 17.
736 4878 1062 4933 procurrens
1104 4862 1344 4933 quidam,
1378 4862 1767 4932 adgenieulans
1797 4874 1923 4920 ante
1954 4880 2099 4921 cum.

575 4935 667 4989 22.
711 4934 808 4989 llle
837 4943 1015 4989 autem
1046 4935 1399 4990 contristatus
1440 4944 1524 4989 est
1574 4935 1625 4989 in
1670 4936 1772 4990 hoc
1801 4937 2003 5002 verbo,
2051 4947 2106 4992 et

510 5007 755 5073 recessit,
795 5015 850 5061 et
888 5007 1018 5060 abiit
1055 5006 1267 5061 tristis:
1300 5014 1419 5061 erat
1462 5006 1607 5060 enim
1658 5006 1863 5062 habens
1911 5009 2105 5064 multas

2211 4725 2610 4797 possessiones,
2634 4736 2687 4782 et
2713 4727 2995 4797 pecunias.

2254 4795 2374 4859 '25.
2416 4799 2471 4853 in
2508 4792 2731 4868 regnum
2758 4797 2855 4853 Dei
2892 4794 3219 4852 introibant!
3252 4792 3497 4868 Facilius
3514 4800 3599 4848 est
3624 4801 3790 4868 eame-

2215 4868 2321 4921 lum
2352 4883 2450 4995 peDr
2484 4864 2725 4951 foramen
2760 4884 2888 4924 acus
2916 4871 3169 4934 transire,
3199 4880 3360 4937 quam
3392 4864 3613 4921 divitem
3646 4864 3694 4916 in
3718 4872 3795 4913 re-

2215 4954 2379 4995 unum
2453 4956 2524 4995 ei.

2212 4954 2379 5009 gnum
2405 4954 2524 4996 uel.

1752 5119 2148 5181 VARIANTES
2188 5121 2593 5180 LECTIONES.

575 5240 593 5268 ί
630 5236 737 5300 Gut.
761 5247 969 5300 regnum
992 5235 1263 5288 caelorum.
1297 5233 1479 5286 recenti
1514 5246 1681 5295 manu,
1706 5233 1818 5285 Dei.
1852 5232 2003 5300 Vulg.
2029 5248 2113 5286 re-

513 5313 666 5364 gnum
689 5298 805 5351 Dei.

2280 5238 2300 5269 ¹
2337 5237 2445 5289 Gal.
2462 5239 2555 5289 nisi
2577 5236 2711 5288 solus
2732 5237 2889 5301 Deus,
2914 5236 3061 5302 Vulg.
3087 5236 3179 5286 nisi
3201 5247 3327 5286 unus
3346 5234 3501 5288 Deus.

1801 5404 2169 5463 BLANCHINI
2195 5406 2424 5465 NOTAE.

590 5528 769 5611 ei"?
788 5524 998 5611 με,ῲά
1022 5523 1693 5611 επεμπροσκαὲεσάεειεγες
1714 5519 1962 5608 “93h-
1982 5521 2067 5611 (Ρ).
2088 5522 2158 5611 Et
2184 5523 2406 5611 itaced-
2435 5521 2798 5611 (Ἀπί-..λέγων-
2817 5522 3091 5611 r-icllm
3133 5530 3195 5611 ει.
3216 5520 3338 5594 ted-
3363 5518 3522 5611 εδειξτ
3550 5509 3787 5611 μέῖῗὶῗῖἱξ

515 5584 690 5670 φ’(ά)
722 5598 885 5670 Addit
912 5606 1105 5670 (nam,
1134 5584 1300 5670 etiam
1328 5584 1713 5670 codex_t}otli.,
1743 5584 2071 5670 cog—fu)
2098 5594 2451 5670 Addit/we,
2493 5584 2696 5667 pariter
2733 5595 2857 5652 cod.
2899 5584 3063 5652 Goth‘.
3107 5590 3298 5665 τούτῳ.
3350 5584 3525 5665 ..ω
3550 5584 3789 5648 'Atmnd‘at

519 5679 585 5721 et.
619 5662 787 5738 ὶ-ἐ-(θ)
834 5669 898 5723 Ει
938 5669 1009 5721 ita
1048 5667 1169 5721 cod.
1205 5666 1359 5721 Cant.
1404 5668 1674 5738 χρήματα,
1707 5662 2065 5723 conformiter
2098 5662 2447 5723 Vercellcusi’.
