3956 6206
542 288 640 348 8H
1079 291 1350 348 EUSEBII
1389 291 1731 349 VERCELL.
1773 292 2227 352 EVANGELIUM
2264 293 2408 351 CUM
2448 292 2677 353 VARliS
2715 292 2871 350 COD.
2913 292 3313 353 COLLATUM.
3748 294 3841 351 8H

938 404 1173 463 CODEX
1198 403 1747 464 VERCELLENSIS.

1373 517 1511 571 quae
1544 502 1722 573 loqui-

1374 583 1481 639 tur,
1517 581 1699 638 erunt,
1726 588 1860 629 cou-

543 513 678 565 bant
707 519 935 579 quomo-

544 585 616 639 do
641 582 790 637 illum
821 594 942 648 per—

543 656 738 711 dereut
764 669 778 717 ;
804 644 860 705 et
890 648 955 702 ti-
1377 644 1587 716 tingent
1610 647 1711 712 illi,

542 727 767 782 mcbant
797 734 889 791 po-
1374 731 1751 791 quaecumque

541 788 916 867 pulum,_quia
1373 788 1593 867 di_xer_it.

543 858 654 923 iota
680 858 838 920 turba
1369 858 1464 913 24.
1508 860 1736 929 Propter
1764 859 1865 915 hoc

538 938 790 1008 stupebat
816 935 878 1008 in
1372 929 1495 1008 dico
1521 932 1679 1008 vobis
1707 948 1722 985 :

535 1002 783 1066 doctrina
814 1006 880 1060 il-
1374 1002 1590 1069 Omnia,
1629 1016 1796 1071 quae-

538 1082 667 1137 lius.
1375 1088 1609 1143 cumque

538 1154 629 1209 19.
671 1152 736 1207 Ει
764 1163 888 1205 cum
918 1159 1044 1202 sero
1378 1145 1569 1207 oratis,
1603 1155 1651 1199 et
1688 1159 1783 1215 pe-

536 1223 742 1280 factum
771 1229 877 1286 est,
1372 1217 1515 1281 titis,
1535 1216 1713 1270 credi-

540 1304 598 1351 et
624 1294 843 1351 exiebat
1374 1300 1445 1352 te,
1478 1287 1602 1357 quia
1632 1288 1774 1341 acci-

538 1376 695 1422 extra
724 1364 857 1420 civi~
1374 1361 1553 1430 pietis.
1586 1366 1642 1414 et
1662 1366 1823 1430 erunt

537 1438 628 1493 20.
670 1438 894 1492 ιιιῑειιι.ι
929 1433 998 1489 Et
1024 1441 1202 1486 traus-
1374 1429 1467 1485 23’.
1507 1430 1683 1484 vobis.
1713 1429 1925 1483 Etcum

538 1517 734 1564 euntes
763 1508 874 1562 dis-
1373 1502 1588 1557 stabitis
1620 1501 1691 1572 (c)
1714 1516 1876 1556 oran-

538 1581 727 1651 cipuli,
764 1578 913 1634 vide-
1376 1582 1458 1629 tes
1482 1572 1538 1651 -ιί,
1566 1572 1801 1651 remitti-

537 1642 669 1706 runt
693 1642 858 1706 arbo-
1374 1656 1448 1711 te,
1483 1644 1527 1697 si
1555 1643 1683 1712 quid
1713 1642 1810 1697 ha-

536 1739 653 1779 rem
686 1722 821 1777 ﬁcus
1373 1715 1513 1770 betis
1540 1714 1735 1768 adver-

537 1794 748 1849 aruisse
776 1809 804 1845 a
1372 1800 1465 1841 sus
1489 1785 1725 1855 aliquem
1756 1801 1770 1848 ;

536 1864 832 1921 radicibus.
1373 1866 1505 1913 utet
1528 1857 1692 1910 Pater

1370 1936 1575 1993 vester,
1603 1926 1697 1997 qui

1370 2011 1454 2057 est
1486 2001 1537 2054 in
1569 2000 1755 2059 caelis.

1370 2071 1608 2126 dimittat
1635 2084 1763 2139 pecv

1369 2152 1488 2198 cata
1520 2151 1701 2197 vestra
1712 2182 1724 2194 .

536 1936 601 1990 2t
616 1977 630 1990 .
674 1936 739 1990 Et
760 1946 1023 1990 rememo-

536 2017 691 2062 ratus
716 2007 944 2070 Petrus.

537 2079 616 2133 ait
640 2079 716 2133 illi
746 2097 760 2133 :
802 2076 948 2131 Rab-

531 2149 612 2214 hi,
638 2165 771 2205 ecce
800 2148 964 2203 arbor

533 2213 647 2284 ﬁci,
677 2236 839 2286 quam
1367 2214 1461 2269 26.
1493 2213 1627 2286 Nam
1657 2213 1705 2267 si
1731 2225 1828 2267 vos
1856 2225 1964 2265 non

533 2290 871 2347 maledixisti
892 2330 906 2352 ,
1367 2285 1669 2348 remittitis,

533 2365 702 2418 aruit.
1369 2373 1469 2412 nec
1496 2356 1659 2410 Pater

531 2433 626 2489 22.
670 2434 735 2488 Et
764 2446 996 2501 respon-
1367 2437 1571 2501 vester,
1600 2428 1690 2501 qui

531 2505 672 2560 dens
693 2497 875 2568 Jesus,
908 2502 985 2554 ait
1368 2510 1452 2553 est
1477 2498 1531 2552 in
1561 2497 1750 2564 caelis,

531 2577 641 2649 illis
672 2594 696 2649 :7
714 2574 878 2649 (qiSi
912 2572 1116 2628 babue-
1369 2570 1613 2649 remittet

531 2648 655 2719 ritis
674 2640 929 2719 f'ﬁdem,
1366 2641 1524 2695 vobis
1551 2640 1724 2694 delic-

529 2718 623 2776 25.
665 2715 825 2773 amen
857 2715 978 2771 dico
1365 2722 1418 2766 ta
1445 2721 1647 2766 vestra.

533 2790 712 2856 vobis,
737 2789 862 2859 quia
1364 2783 1454 2859 _27.
1487 2782 1557 2837 Et
1583 2792 1851 2859 venerunt

571 2853 864 2931 uicumque
1366 2855 1562 2931 iterum
1594 2853 1719 2908 Hie-

1364 2925 1638 2996 rosolyma
1666 2942 1679 2978 :

1366 3007 1441 3062 et,
1472 2995 1527 3050 iu
1554 2995 1760 3066 templo

1368 3068 1725 3123 deambulano

1368 3148 1421 3194 te
1450 3154 1537 3206 eo,
1567 3146 1836 3194 venerunt

574 2934 735 2988 ixerit
757 2946 910 2985 tuon-

532 3007 571 3059 ti
599 3004 725 3059 huic
757 3020 770 3055 :
800 3001 985 3057 Tolle-

528 3090 613 3140 re,
644 3085 698 3130 et
718 3075 929 3145 jactare

532 3146 591 3203 in
622 3161 771 3200 mare
804 3162 820 3209 ;

533 3228 591 3273 et
620 3233 730 3271 non
756 3215 913 3270 dubi—
1369 3209 1436 3265 ad
1466 3212 1617 3264 illum
1646 3211 1787 3265 Pone

534 3287 732 3342 taverit
759 3287 809 3339 iu
1371 3281 1546 3336 tiﬁces
1574 3281 1771 3337 Sacer-

535 3358 703 3414 corde
726 3372 827 3411 suo
845 3398 860 3419 ,
1370 3352 1580 3418 dotum,
1611 3363 1666 3407 et
1689 3352 1837 3407 Scri-

535 3429 633 3484 sed
668 3426 912 3484 credide-
1370 3422 1494 3487 bae,
1524 3432 1579 3479 et
1604 3422 1800 3480 Senio-

538 3500 629 3567 rit,
660 3499 941 3571 quoniam,
1371 3508 1458 3548 res
1482 3511 1497 3559 ;

2692 404 2925 465 CODEX
2967 408 3419 470 VERONENSIS.

2244 504 2577 574 quaerebant
3094 506 3190 560 sed
3218 503 3511 561 crediderit

2244 578 2527 649 quomodo
3096 576 3174 649 (pb)
3198 576 3458 649 futurum,

2245 643 2367 704 éum
2398 643 2591 719 perde-
3097 643 3209 715 ﬁet,
3240 648 3413 719 quod-

2242 729 2367 775 rent
2395 737 2410 786 ;
2449 720 2516 775 ti—
2569 790 2577 791 ί
3095 734 3327 791 cumque
3354 720 3435 774 di-

2242 793 2466 848 mebant
2492 790 2638 845 enim
3086 790 3320 862 gerit-la

3083 860 3174 915 24.
3210 859 3509 928 Propterea
3532 859 3660 917 dico

2245 879 2392 927 eum,
2421 862 2674 933 quoniam

3087 934 3242 988 vobis
3264 951 3276 986 :
3299 932 3518 1003 Omnia,

2247 932 2495 989 universa
2527 932 2682 987 turba

2243 1005 2617 1061 admirabatur
3092 1020 3471 1075 quaecumque

2244 1092 2411 1144 super
2440 1076 2690 1132 doctrina
3092 1073 3312 1131 orantes
3340 1073 3552 1148 petitis,

2246 1148 2388 1218 ejus.
3092 1148 3317 1212 credite,
3346 1146 3478 1217 quia

2249 1219 2338 1289 19.
2372 1220 2436 1273 Et
2462 1232 2583 1272 cum
2615 1230 2844 1288 vespere
3093 1220 3393 1289 accipietis,
3424 1226 3479 1272 et

2247 1288 2451 1345 factum
2480 1298 2645 1353 esset,
3093 1292 3351 1346 evenient

2247 1360 2628 1431 egrediebatur
3095 1362 3266 1417 vobis.

3088 1432 3182 1488 25.
3217 1435 3280 1487 Et
3305 1447 3428 1487 cum
3458 1440 3578 1487 sla-

2247 1503 2339 1577 20.
2372 1504 2585 1558 Etcum
2620 1511 2799 1557 trans-
3094 1505 3161 1559 tis
3191 1503 3265 1577 (c)
3299 1518 3462 1577 oran-

2249 1575 2391 1629 irent
2418 1590 2597 1637 mane,
3091 1584 3172 1630 tes
3198 1574 3261 1646 1-,
3289 1574 3580 1641 dimittite,

2249 1645 2503 1717 viderunt
2528 1661 2618 1700 ar-
3094 1646 3139 1701 si
3166 1645 3293 1717 quid

2251 1716 2435 1771 borem
2465 1719 2597 1771 ticus
3096 1716 3307 1773 habetis
3336 1717 3401 1771 ad
3425 1717 3527 1771 ali-

2248 1787 2453 1842 aridam
2483 1789 2561 1858 fas
3094 1804 3255 1858 quem
3280 1805 3295 1855 ;
3327 1799 3386 1843 ut
3412 1799 3467 1843 et

2248 1867 2388 1913 ctam
2410 1874 2440 1912 a
2470 1857 2618 1912 radi-
3094 1857 3256 1916 Pater
3274 1869 3477 1927 vester,

2246 1929 2420 2015 cibus.
2453 1929 2521 1984 Et
2542 2000 2556 2015 Ι
2599 2008 2611 2015 Δ
3091 1933 3183 2015 qui
3214 1942 3300 2015 est
3409 1945 3535 2015 cae-

2245 1999 2337 2054 21.
2366 2000 2684 2056 recordatus
3093 1999 3183 2065 lis,
3207 2003 3447 2058 dimittat

2246 2070 2466 2136 Petrus,
2498 2074 2573 2126 ait
2598 2088 2610 2125 :
3093 2076 3246 2129 vobis
3276 2074 3509 2130 invicem

2247 1431 2318 1485 de
2341 1432 2584 1486 civitate.

2246 2142 2325 2215 Ra
2334 2143 2444 2209 bbi,
2473 2157 2602 2198 ecce
3092 2146 3433 2215 iniquitatem

2244 2213 2496 2270 arborem
3087 2213 3349 2272 vestram.

2241 2284 2398 2351 ﬁcus,
2428 2286 2516 2340 cui
3083 2288 3176 2344 26.
3209 2288 3266 2345 Si
3298 2302 3395 2343 vos
3419 2302 3529 2343 non

2241 2357 2570 2412 maledixisti
2598 2375 2610 2407 :
3086 2360 3426 2427 dimiseritis,

2241 2428 2403 2482 aruit.
3086 2446 3187 2486 nec
3208 2431 3371 2486 Pater

2238 2497 2331 2572 22.
2367 2500 2433 2553 Et
2459 2496 2799 2569 respondens
3087 2512 3288 2567 vester,
3318 2504 3411 2572 qui

2241 2567 2424 2634 Jesus,
2456 2572 2534 2623 ait
2556 2567 2566 2569 ⁷
3083 2583 3167 2629 est
3193 2574 3245 2628 in
3274 2567 3459 2632 caelis.

2241 2640 2389 2715 illis:
2426 2640 2501 2715 (α)
2531 2641 2597 2715 Si
3083 2645 3320 2701 dimittet
3349 2660 3445 2699 vo-

2240 2710 2544 2783 habueriiis
2570 2710 2612 2783 ἰ·
3086 2715 3169 2771 bis
3195 2726 3412 2783 peccata

2242 2782 2405 2839 ﬁdem
2431 2784 2551 2849 Dei,
2588 2782 2591 2783 ⁷
3085 2797 3289 2842 vestra.

2242 2854 2333 2909 25.
2366 2871 2529 2911 amen
2560 2854 2686 2911 dico
3084 2857 3176 2912 27.
3210 2859 3279 2913 Et
3304 2874 3492 2915 rursus

2243 2927 2420 2993 vobis,
2457 2928 2581 2997 quia
3090 2928 3172 3055 ﬁt)
3198 2931 3346 2985 venit
3372 2930 3435 3002 σι’.

2243 2999 2573 3055 auicumuue
3139 3002 3435 3055 ierosolvm

2243 2999 2573 3074 quicumque
3090 2999 3522 3074 Hierosolymam
3544 3019 3556 3055 :

2245 3069 2451 3124 dixerit
2479 3070 2604 3125 huic
3088 3081 3165 3138 et,
3193 3087 3317 3128 cum
3342 3069 3407 3128 in

2246 3146 2416 3195 monti
2442 3159 2455 3195 :
2487 3141 2728 3207 Tollere,
3091 3146 3294 3213 templo
3321 3159 3436 3199 am-

2245 3221 2301 3267 et
2330 3216 2549 3269 mittere
3091 3215 3323 3282 bularet,
3346 3230 3436 3271 ac-

2246 3283 2301 3337 in
2332 3298 2484 3339 mare
2512 3302 2525 3338 :
2555 3292 2610 3339 et
3092 3296 3375 3342 cesserunt
3397 3287 3465 3341 ad

2246 3369 2353 3409 non
2386 3355 2529 3410 aesi-
3092 3372 3215 3413 eum
3246 3358 3452 3413 Summi

2247 3427 2445 3481 taverit
2473 3428 2528 3482 in
3094 3428 3447 3497 Sacerdotes,

2247 3497 2413 3552 corde
2440 3513 2564 3565 suo,
3090 3508 3147 3556 et
3167 3500 3474 3568 Scribae,et
3492 3499 3772 3567 Seniores;

1864 3608 2098 3667 CODEX
2137 3610 2538 3672 BRIXIANUS.

541 3731 646 3786 hae
675 3727 1009 3798 quaerebant
1050 3724 1326 3798 quomodo
1364 3739 1488 3779 eum
1520 3724 1829 3798 perderent.
1883 3726 2145 3783 timebant

542 3796 865 3858 enim'eum.
913 3798 1168 3867 quoniam
1198 3796 1486 3850 universus
1513 3796 1743 3865 populus
1769 3797 2144 3853 admirabatur

543 3885 710 3942 super
751 3866 1003 3942 doctrina
1052 3866 1191 3942 eius.
1244 3867 1311 3921 Et
1356 3882 1478 3942 c_um
1533 3882 1757 3936 vespera
1805 3868 1945 3924 facta
1998 3880 2146 3925 esset

544 3938 928 4014 egrediebatur
973 3939 1042 3995 de
1078 3940 1317 4014 civitate.
1365 3938 1429 4014 E_t
1463 3953 1587 3993 cum
1637 3942 2140 4014 manetransireut.

544 4008 799 4069 viderunt
837 4012 1087 4067 arborem
1119 4010 1253 4064 ﬁcus
1298 4008 1506 4064 aruisse
1553 4026 1583 4065 a
1617 4012 1914 4067 radicibus.
1953 4014 2018 4067 Et
2059 4029 2147 4068 re-

545 4084 800 4142 cordatus
830 4084 1021 4138 Petrus
1057 4082 1133 4136 ait
1159 4082 1256 4136 illi.
1275 4081 1471 4137 Rabbi.
1497 4096 1626 4137 ecce
1644 4084 1809 4138 arbor
1833 4085 1966 4139 ticus
1982 4100 2144 4154 quam

548 4154 880 4213 maledixisti
910 4155 1074 4209 aruit.

620 4227 687 4282 Et
737 4227 1071 4294 restioudens
1100 4223 1257 4280 Jesus
1298 4224 1374 4278 ait
1422 4224 1551 4279 illis.
1596 4224 1799 4281 Habete
1835 4225 1991 4280 [idem
2028 4227 2141 4281 liei.

547 4314 705 4355 amen
734 4297 857 4353 dico
879 4297 1053 4355 vobis.
1078 4296 1204 4364 quia
1230 4296 1557 4366 quicumque
1580 4296 1780 4352 dixerit
1807 4299 1975 4352 monti
1998 4298 2141 4353 huic.

549 4369 767 4427 To‘ilere
800 4369 948 4425 hinc.
977 4376 1032 4425 et
1059 4368 1274 4423 mittere
1304 4367 1357 4422 in
1381 4382 1552 4423 mare.
1577 4378 1632 4423 et
1660 4384 1767 4423 non
1799 4369 2149 4425 baesitaverit

2254 3731 2310 3804 in
2335 3730 2504 3804 corde
2532 3745 2653 3787 suo.
2674 3732 2772 3787 sed
2800 3732 3117 3789 crediderit.
3146 3734 3270 3803 quia
3293 3732 3673 3804 quodcumque
3697 3731 3832 3787 dixe.

2254 3803 2327 3855 rit
2356 3802 2470 3856 ﬁat.
2519 3803 2609 3857 ﬁet
2640 3808 2711 3859 ei.
2743 3803 3040 3873 Pmpterea
3085 3804 3208 3860 dico
3239 3802 3413 3859 vobis.
3466 3802 3658 3861 Omnia
3689 3815 3831 3873 quae-

2252 3887 2486 3943 cumque
2515 3884 2735 3931 orantcs
2765 3878 3051 3945 petieritis.
3086 3876 3291 3931 credite
3319 3879 3445 3946 quia
3474 3876 3753 3946 accipietis.
3776 3881 3827 3946 et

2253 3946 2477 3999 venient
2506 3946 2680 4003 vobis.
2717 3943 2783 4001 Et
2822 3963 2944 4002 cum
2991 3946 3206 4002 stabilis
3250 3947 3316 4002 ad
3339 3943 3645 4003 orationem
3673 3943 3826 4000 dimit-

2256 4017 2355 4070 tite
2386 4016 2582 4091 si_quid
2609 4018 2818 4091 habetis
2839 4019 3101 4091 adversus
3124 4017 3363 4091 aliquem
3393 4030 3453 4074 ut
3481 4029 3538 4075 et
3559 4019 3710 4075 Pater
3727 4030 3826 4071 vcs-

2251 4096 2336 4142 ter
2364 4089 2455 4154 qui
2506 4091 2560 4142 in
2589 4089 2759 4144 caelis
2800 4100 2901 4144 est.
2936 4090 3172 4144 dimittat
3212 4089 3372 4145 vobis
3404 4099 3619 4157 peccata
3651 4096 3822 4144 vestra.

2249 4158 2403 4227 Quod
2458 4162 2501 4213 si
2551 4175 2651 4216 vos
2688 4178 2793 4215 non
2841 4161 3181 4217 dimiseritis.
3220 4176 3323 4218 nec
3367 4159 3531 4218 Pater
3561 4171 3729 4217 vester
3748 4157 3824 4227 qui

2252 4232 2306 4283 in
2339 4232 2506 4305 caelis
2542 4241 2624 4287 est
2653 4232 2891 4305 dimittet
2931 4232 3085 4288 vobis
3120 4243 3342 4305 peccata
3368 4242 3570 4288 vestra.
3600 4233 3663 4288 Et
3688 4244 3827 4305 vene-

2251 4309 2382 4356 runt
2411 4303 2604 4359 iterum
2638 4304 3093 4378 Hierosolymam.
3113 4302 3168 4378 et
3182 4319 3314 4378 _cum
3332 4302 3825 4378 intemploambula-

2251 4383 2355 4428 ret.
2391 4384 2656 4430 venerunt
2682 4376 2749 4431 ad
2778 4373 2907 4433 euui
2934 4374 3142 4431 Summi
3176 4373 3529 4435 Sacerdotes.
3550 4373 3824 4435 ctScribae.

1834 4478 2067 4538 CODEX
2104 4482 2583 4545 CORBEIENSIS.

618 4615 716 4688 2'5.
765 4613 861 4669 sed
910 4610 1205 4669 crediderit
1263 4611 1535 4679 futurum,
1585 4613 1717 4680 ﬁet,
1764 4614 2145 4688 quodcumque

549 4687 768 4746 dixerit.

2321 4620 2413 4696 ξιξ.
2455 4621 2681 4696 credite,
2712 4622 2968 4696 quoniam
2995 4624 3297 4696 accipietis,
3328 4633 3385 4682 et
3407 4634 3573 4683 erunt
3594 4623 3759 4681 vobis.

2330 4690 2423 4747 26.
2464 4692 2702 4751 dimittat
2721 4690 2919 4753 deﬂeta
2938 4690 3141 4755 vestra’.

1810 4823 2201 4887 VARIANTES
2236 4827 2637 4893 LECTIONES.

618 4948 634 4979 ι
672 4945 778 4996 Gat.
824 4956 935 4994 cum
971 4939 1389 4992 transfretassent.
1439 4938 1585 5005 Vulg.
1639 4953 1749 4991 cum
1792 4953 1929 4992 mare
1974 4946 2264 4998 transirent.

1237 5058 1530 5103 LEG'HONES
1560 5058 1764 5101 ςῡωςιε
1790 5060 2199 5106 νικυιιοωειε
2225 5066 2502 5111 ABBDRTES
2526 5070 2592 5111 ΑΒ
2619 5070 2869 5113 EMTIONE
2890 5072 3164 5116 νυιοΑ-η.

551 5179 868 5240 Sacerdotes,
889 5182 999 5227 et...
1025 5188 1176 5239 super
1195 5175 1464 5240 doctrinam
1487 5176 1611 5238 ejus.
1676 5175 1754 5228 20.
1776 5175 1839 5228 Et
1859 5188 1968 5230 cum
1993 5186 2152 5232 trans-

552 5249 684 5296 irent
703 5238 866 5302 mane,
894 5242 1119 5289 viderunt
1142 5239 1366 5302 arborem
1385 5238 1720 5302 ticusaruisse
1746 5255 1770 5289 a
1798 5242 2061 5293 radicibus.

2258 5187 2602 5259 ggodcqmqne
2620 5188 2827 5259 dixerit.
2879 5191 3103 5259 _2-i.quia
3127 5194 3403 5259 accipietis,
3436 5201 3491 5247 et
3514 5201 3655 5249 eiust
3692 5196 3823 5246 nne.

2389 5247 2669 5311 adorantes,
2716 5247 3019 5305 dimittite“:
3063 5263 3122 5306 ut
3158 5247 3404 5309 et'Pater'
3446 5247 3611 5310 vester
3644 5247 3826 5309 dimittat

554 5309 635 5381 ξι.
659 5306 723 5355 ιιι
744 5300 1353 5381 rememoratlui1:81:92.
1384 5300 1607 5381 aitmillii
1633 5301 1967 5381 gibbignelcce
2007 5308 2150 5381 arbor
2204 5310 2227 5328 ’
2257 5309 2439 5381 delicta
2467 5300 2669 5381 vestra;
2699 5300 3827 5381 giae;uatijééiﬁiis..21ii$iiﬁf

555 5371 691 5426 tiens,
719 5378 864 5426 quam
890 5363 1206 5426 tnaledixisti,
1230 5364 1375 5412 aruit.
1440 5362 1518 5426 22.
1547 5366 1613 5413 ait
1636 5364 1732 5413 illis
1758 5379 1769 5411 :
1794 5362 1847 5415 Si
1873 5368 2151 5420 habueritis

555 5425 701 5482 ﬁdem
725 5425 837 5480 Dei.
902 5427 983 5477 23.
1012 5427 1062 5474 in
1079 5425 1228 5475 corde
1251 5438 1357 5485 suo,
1376 5425 1465 5476 sed
1485 5426 1759 5478 crediderit
1779 5426 2014 5492 futurum,
2041 5432 2144 5493 liet,

2258 5379 2365 5447 _cat_a
2392 5382 2571 5447 vestra.
2596 5375 2676 5447 27ἶ
2699 5376 2761 5426 Ει
2786 5393 2955 5427 rursus
2972 5379 3534 5447 venitHierosolymam,
3557 5375 3822 5447 etaim-am-

2259 5435 2453 5487 bularet
2466 5439 2513 5486 in
2527 5440 2731 5502 templo,
2746 5450 2993 5493 venerunt
3004 5441 3063 5491 ad
3080 5455 3194 5493 eum
3204 5435 3821 5511 Sacerdotes,'etSeniores,

1943 5535 2307 5597 BLANCHINI
2344 5542 2575 5601 NOTE.

631 5676 713 5742 (α)
760 5673 825 5725 Et
855 5671 927 5724 ita
954 5668 1266 5759 cod..Cant.
1301 5674 1344 5725 εἰ
1384 5670 1560 5813 ἔᾶςτε.
1588 5702 1660 5757 Τ
1685 5671 1761 5743 (ὁ)
1800 5672 1874 5727 Ita
1924 5683 1979 5730 et
2008 5677 2131 5767 cod.
2163 5677 2322 5734 Cant.
2376 5685 2436 5739 τὸ
2464 5685 2638 5756 μέλλον
2660 5683 2687 5742 ὃ
2713 5688 2797 5742 ἐὰν
2824 5683 2941 5763 εἴπῃ
2986 5695 3256 5766 ﬁnieram
3278 5695 3442 5766 αὐτῷ.
3468 5723 3540 5736 --
3564 5693 3637 5767 (c)
3660 5692 3732 5749 Ita
3779 5692 3826 5746 et

631 5759 669 5794 ι.
698 5741 793 5795 Gr.
823 5760 1257 5813 προσιυχομινοι.
1287 5770 1357 5780 -
1391 5748 1408 5813 (
1510 5742 1578 5798 Et
1603 5754 1673 5799 tta
1715 5743 1837 5800 cod.
1873 5743 2027 5803 Cant.
2072 5769 2308 5813 ερχεται.
2343 5782 2412 5793 --

561 5753 669 5798 lex.
698 5741 793 5795 Gr.
823 5741 1257 5813 προσευχόμενοι.
1287 5770 1357 5780 -
1391 5741 1471 5813 (ά)
1510 5742 1578 5798 Et
1603 5744 1673 5799 ita
1696 5741 1837 5800 eod.
1873 5743 2027 5803 Cant.
2072 5746 2308 5829 ἔρχεται.
2343 5782 2412 5793 --
