3956 6206
507 247 612 301 819
1046 246 1315 303 EUSEBII
1361 242 1697 301 VERCELL.
1739 246 2185 304 EVANGELIUM
2225 247 2365 301 (LEM
2411 245 2636 301 VARUS
2672 245 2829 302 COD.
2870 246 3264 305 COLLATUM.
3698 244 3795 301 8'20

898 363 1129 421 CODEX
1174 360 1713 417 VERCELLENSIS.

512 457 676 512 modo
703 457 837 512 dixit

510 530 586 583 illi
621 530 761 584 Deus
782 572 795 592 ,

510 600 699 655 dieens
728 618 740 654 :
781 599 895 669 Ego

510 685 628 725 sum
662 672 805 726 Deus

511 743 783 795 Abraham
806 784 819 806 ,
852 752 907 797 et

511 812 655 868 Deus
687 812 800 867 [Sac
821 854 835 876 ,

512 893 567 937 et
594 885 738 939 Deus
766 882 979 939 Jacobi

511 955 601 1008 27.
645 954 761 1009 Non
791 966 875 1009 est
904 955 1049 1011 Deus
1078 970 1220 1011 mor-

510 1038 750 1092 tuorum,
782 1027 877 1081 sed

514 1099 530 1128 ¹
555 1098 821 1151 vivorum.
856 1097 966 1152 Vos

514 1184 645 1238 ergo
675 1169 903 1223 multum

508 1241 727 1294 erratis.

511 1310 603 1366 28.
648 1311 716 1365 Et
744 1311 822 1379 (a)
846 1312 1109 1368 accedens
1131 1312 1171 1381 1-

515 1398 655 1437 unus
686 1398 750 1435 ex
781 1382 930 1436 Scri-

515 1454 617 1520 bis,
650 1468 770 1507 cum
800 1470 895 1507 au-

513 1524 681 1578 disset
710 1524 834 1579 illos

514 1597 535 1626 ’
562 1598 889 1664 conquiren-

517 1676 623 1733 tes;
663 1666 851 1720 videns
873 1710 887 1731 ,

515 1741 769 1805 quoniam
808 1740 903 1793 be—

518 1824 589 1862 ne
620 1808 723 1864 illits
755 1825 869 1863 res-

521 1879 729 1947 pondit,
757 1880 838 1932 in-

519 1952 832 2019 terrogabat

517 2036 641 2075 eum
678 2038 689 2070 :
721 2022 878 2089 Quod

518 2102 603 2147 est
632 2093 943 2147 mandatum

521 2164 797 2231 primum?

517 2234 610 2287 ‘29.
656 2235 721 2287 Et
745 2234 903 2290 Jesus
929 2237 1005 2291 ait
1028 2236 1107 2293 illi
1140 2256 1152 2292 :

517 2306 597 2377 (ά)
628 2306 878 2377 omnium
910 2309 1018 2376 pri.

520 2392 665 2429 mum
694 2376 735 2445 ’ξ’
764 2394 776 2429 :
810 2379 943 2433 Audi
973 2377 1051 2435 Is-

520 2447 718 2512 trahel,
755 2449 1012 2504 Dominus

518 2518 659 2591 Deus
689 2518 761 2589 (e)
795 2530 980 2575 uoster
1011 2522 1075 2591 αι’,
1109 2539 1171 2577 ιι-

517 2590 609 2643 50.
653 2607 753 2643 nus
783 2602 867 2645 est
894 2610 907 2655 ;
941 2602 996 2647 et
1028 2590 1115 2648 7di-

517 2662 653 2729 liges
686 2661 972 2718 Dominum

520 2734 685 2786 Deum
718 2741 868 2786 tuum

518 2819 582 2856 ex
608 2813 719 2857 toto
741 2820 863 2859 cer-

517 2876 583 2929 de
606 2884 720 2935 tuo.
762 2886 811 2930 et
844 2892 909 2932 ex

518 2956 628 3001 tota
671 2950 849 3002 anima

521 3030 631 3083 tua,
674 3030 731 3072 et
757 3036 819 3073 ex
853 3030 933 3074 to-

515 3092 584 3143 tis
616 3090 815 3144 viribus

520 3162 589 3229 (Ῑ)
632 3162 737 3214 tuis
761 3162 820 3230 ιζ’.
845 3173 900 3217 et
923 3179 988 3218 ex
1014 3175 1096 3220 lo-

522 3244 571 3285 ιιι
604 3233 871 3285 ltil‘llttltli-

519 3304 608 3357 5|.
655 3320 719 3355 ne
749 3311 866 3368 tua;
901 3315 955 3359 et
988 3321 1109 3374 pro-

522 3375 782 3441 pinquum

519 3455 691 3508 tuum,
736 3456 853 3499 tau-

520 3532 679 3582 quam
714 3524 767 3570 te
802 3518 879 3584 ip-

519 3602 655 3639 sum.
694 3586 807 3640 Hoc
833 3596 917 3641 est

522 3673 773 3723 maguum

519 3728 858 3783 mandatum.
948 3738 957 3749 ’

520 3799 611 3852 39..
653 3799 722 3854 Et
754 3800 892 3855 dixit
914 3800 989 3855 illi

588 4033 806 4109 Mutilus
843 4046 917 4089 est
948 4040 1045 4090 hoc
1095 4038 1207 4091 loco
1234 4037 1397 4093 codex
1434 4049 1706 4109 argenteus
1741 4041 1941 4109 integro
1976 4056 2103 4108 qua-

588 4058 806 4090 mutuus
843 4058 917 4089 εει
948 4058 1045 4090 noc
1095 4058 1207 4091 ιοσο
1234 4058 1397 4093 σοαεπ
1434 4058 1493 4092 ατ

513 4108 741 4161 ternione
768 4125 785 4173 ;
815 4124 944 4179 quae
972 4110 1107 4162 enim
1133 4110 1349 4180 legimus
1381 4114 1435 4164 in
1486 4058 1526 4163 θ

1346 454 1533 511 Scriba
1571 471 1582 506 :
1609 454 1751 509 Vere

1346 526 1535 580 dixisti
1567 526 1678 579 Ma-

1346 598 1539 666 giSter,
1570 596 1690 665 quia

1351 684 1491 721 unus
1517 678 1600 721 est
1628 668 1793 734 Deus,

1352 749 1407 794 et
1434 754 1539 792 nou
1569 749 1675 802 est,

1356 821 1571 880 praeter
1591 811 1785 877 ipsum.

1350 884 1441 937 55.
1470 880 1535 935 Ει
1562 880 1787 949 diligere

1354 954 1507 1007 illum
1535 967 1601 1006 ex
1633 960 1719 1005 to-

1349 1039 1403 1080 to
1432 1024 1621 1086 corde,
1654 1032 1708 1077 et

1349 1113 1413 1153 ex
1446 1094 1593 1148 omni
1614 1094 1722 1147 vir-

1353 1178 1483 1231 tute,
1518 1175 1573 1218 et
1601 1166 1679 1233 (Ιι)
1708 1180 1770 1219 ex
1803 1179 1918 1219 om-

1352 1238 1509 1294 nibus
1537 1238 1664 1289 viri-

1355 1314 1451 1365 bus
1480 1309 1535 1377 '1‘;
1570 1318 1625 1361 et
1654 1307 1847 1377 dilige-

1353 1399 1411 1437 re
1444 1379 1773 1449 proximum,

1352 1464 1608 1521 tanquam
1634 1465 1712 1514 se,

1358 1525 1478 1592 plus
1504 1530 1586 1575 est
1607 1536 1726 1575 om-

1357 1600 1505 1649 nium
1537 1593 1687 1646 holo-

1356 1674 1693 1726 caustorum,

1356 1748 1409 1789 et
1441 1734 1760 1789 hostiarum.

1356 1808 1444 1861 54.
1492 1806 1556 1859 Ει
1585 1820 1707 1859 cum
1736 1806 1903 1862 vidis-

1353 1886 1439 1932 set
1464 1892 1587 1930 eum
1615 1877 1797 1943 .Iesus,

1353 1951 1478 2019 quia
1501 1963 1689 2001 sensa-

1356 2032 1406 2075 te
1428 2019 1733 2086 respondit,

1354 2092 1429 2144 ait
1460 2091 1576 2144 illi:
1604 2090 1719 2145 Non

1353 2177 1413 2216 es
1441 2163 1601 2231 longe
1622 2177 1658 2233 7a
1680 2178 1802 2233 reg-

1355 2251 1425 2287 no
1450 2233 1564 2287 Dei.
1598 2232 1664 2286 Et
1691 2232 1784 2289 ne-

1352 2320 1440 2359 mo
1470 2304 1703 2358 audebat

1354 2376 1585 2444 amplius
1622 2375 1771 2431 illum

1357 2448 1655 2516 interroga-

1348 2524 1437 2580 35.
1481 2535 1561 2573 re.
1606 2520 1671 2573 Et
1706 2534 1927 2589 respon-

1354 2596 1491 2650 dens
1516 2592 1697 2655 Jesus,
1731 2590 1812 2644 di-

1352 2666 1530 2729 cebat,
1553 2664 1756 2716 docens

1352 2739 1406 2791 in
1433 2734 1635 2803 templo
1669 2750 1682 2785 :

1353 2806 1640 2877 Quomodo
1663 2806 1748 2859 di-

1352 2889 1481 2936 cunt
1510 2879 1754 2941 Scribae,

1354 2953 1477 3023 quia
1508 2950 1757 3023 Christus
1789 2950 1917 3005 Fili-

1356 3021 1415 3076 us
1447 3034 1528 3077 est
1564 3021 1774 3075 David?

1352 3096 1441 3149 56.
1482 3094 1601 3161 Ipse
1634 3094 1796 3147 David
1829 3094 1879 3147 in

1351 3168 1557 3235 Spiritu
1588 3166 1789 3219 Sancto

1352 3238 1483 3291 dicit
1517 3255 1527 3288 Ζ
1560 3237 1704 3289 Dixit

1354 3309 1615 3361 Dominus
1654 3307 1879 3361 Domino

1358 3395 1498 3437 meo.
1533 3380 1663 3431 sede

1356 3450 1422 3503 ad
1466 3450 1714 3503 dextram

1357 3537 1530 3574 meum
1559 3537 1572 3584 ;
1606 3520 1702 3573 do-

1356 3608 1457 3645 nec
1488 3606 1683 3657 ponam

1358 3664 1609 3715 inimiCus

1360 3743 1505 3799 tuos,
1538 3732 1737 3787 scabile

1356 3803 1465 3858 lum
1500 3805 1694 3874 pedum

2652 361 2886 416 CODEX
2930 362 3375 419 VERONENSIS.

2215 454 2414 507 dixerit
2446 454 2520 506 illi
2549 472 2561 507 :

2217 524 2362 578 Deus
2392 525 2561 578 Abra-

2219 601 2364 659 ham,
2398 608 2449 648 et

2217 666 2360 719 Deus
2378 666 2494 721 lsac
2512 710 2525 733 ,

2219 747 2271 790 et
2300 737 2443 790 Deus

2218 808 2305 860 27.
2353 808 2561 863 Jacob?
2593 807 2709 863 Non

2219 889 2299 931 est
2336 880 2474 932 Deus

2220 965 2327 1003 moi
2344 959 2580 1015 tuorum,

2220 1021 2313 1074 sed
2344 1022 2497 1074 vivo-

2222 1108 2362 1145 rum.
2398 1093 2502 1145 Vos

2221 1178 2351 1233 ergo
2378 1164 2605 1219 multum

2221 1237 2436 1287 erratis.

2217 1306 2305 1359 28.
2354 1306 2415 1359 Et
2444 1305 2519 1375 (a)
2550 1322 2708 1363 acce—

2218 1377 2353 1429 dens
2383 1377 2420 1445 οῖ
2450 1394 2587 1433 unus

2217 1448 2285 1500 de
2315 1448 2540 1513 Scribis,

2217 1520 2307 1586 qui
2338 1522 2530 1573 audie-

2218 1600 2301 1643 rat
2334 1590 2458 1644 illos

2218 1663 2636 1729 conquirentes;

2217 1743 2271 1785 et
2301 1736 2512 1797 videns,

2217 1804 2468 1870 quoniam
2501 1804 2637 1857 bene

2221 1874 2322 1926 illis
2353 1874 2651 1941 responde-

2221 1946 2310 2010 rit,
2334 1946 2699 2014 interrogabat

2219 2031 2365 2076 eum,
2403 2016 2474 2087 (ὁ)
2503 2018 2689 2073 dicens
2719 2038 2731 2073 :

2219 2087 2473 2157 Magister
2500 2087 2563 2157 1',

2219 2161 2360 2226 quod
2391 2169 2472 2212 est
2501 2162 2732 2227 primum

2221 2241 2565 2298 praeceptum
2596 2232 2619 2286 τ

2223 2302 2314 2355 29.
2350 2300 2807 2373 (c)_Respoudeus

2220 2381 2399 2425 autem
2423 2371 2604 2441 Jesus,

2219 2444 2355 2497 dixit
2378 2444 2443 2495 ad
2471 2460 2636 2502 eum:

2222 2514 2303 2584 (ά)
2327 2516 2580 2590 omnium
2610 2520 2719 2590 pri-

2223 2601 2367 2638 mum
2397 2585 2438 2656 τ’
2468 2604 2481 2639 :

2221 2658 2358 2711 Audi
2400 2659 2649 2728 Istrahel,

2225 2732 2481 2786 Dominus
2509 2733 2654 2790 Deus

2224 2801 2295 2876 (ρ)
2331 2814 2515 2858 noster
2544 2806 2607 2876 ἦ,
2644 2825 2782 2864 ιιιιιις

2220 2875 2307 2951 ξι).
2352 2888 2463 2941 est;
2498 2875 2768 2951 etdiliges

2224 2950 2512 3006 Dominum
2553 2950 2723 3009 Deum

2226 3033 2373 3076 ιιιιιιιι
2405 3042 2469 3077 θλ
2501 3035 2614 3079 1010

2220 3096 2383 3148 corde
2419 3107 2530 3157 tuo,
2571 3107 2625 3150 et

2220 3182 2285 3219 ex
2312 3178 2419 3219 tota
2451 3174 2629 3221 anima

2221 3248 2331 3298 tua,
2364 3247 2417 3291 et
2443 3256 2505 3292 ex
2543 3241 2668 3294 l0liS

2222 3311 2426 3362 viribus
2458 3312 2527 3381 (ι’)
2558 3312 2661 3365 tuis
2693 3312 2755 3381 τ’,

2220 3390 2275 3435 et
2304 3396 2364 3434 ex
2396 3392 2500 3434 ιυι..
2528 3384 2635 3436 νίτ-

2223 3461 2333 3505 tute
2365 3462 2473 3505 tua.
2512 3454 2621 3507 lluc

2220 3534 2303 3575 est
2331 3524 2562 3591 primum
2592 3540 2745 3580 nian-

2220 3596 2425 3649 datum.

2221 3666 2309 3740 3i.
2353 3667 2663 3740 secundum
2690 3667 2769 3740 (g)
2801 3668 2874 3722 si—

2221 3736 2346 3791 mile
2424 3739 2497 3791 illi
2526 3755 2538 3792 :
2569 3736 2769 3807 Diliges

2222 3823 2528 3876 proxumum
2562 3821 2735 3877 tuum,

1840 3917 2073 3976 CODEX
2103 3921 2495 3981 BRIXIANUS.

585 4335 676 4410 es.
706 4337 861 4405 Quod
889 4351 975 4395 est
1004 4348 1350 4408 praeceptum
1381 4339 1661 4410 primum?

586 4406 677 4461 29.
714 4406 1073 4480 ltespondens
1100 4406 1279 4465 autem
1302 4406 1483 4477 Iesus,
1514 4412 1649 4466 dixit
1679 4411 1744 4465 ad
1778 4426 1901 4467 eum
1940 4430 1953 4465 :
1987 4410 2117 4467 Om-

514 4477 663 4531 nium
698 4477 928 4547 prinium
972 4481 1283 4536 mandatum
1310 4482 1410 4537 hoc
1438 4493 1541 4537 est.

1531 4111 1720 4182 ulgalis
1757 4128 1788 4164 a
1821 4127 1936 4180 cap.
1980 4125 2056 4164 xtt
2085 4151 2101 4175 ,

3050 456 3190 509 sicut
3219 465 3268 508 te
3297 454 3493 523 ipsum.

3050 526 3217 593 Majus
3244 534 3425 579 autem
3458 526 3647 579 horum

3052 598 3361 650 mandatum
3396 612 3503 650 non
3536 607 3639 651 est.

3050 667 3137 723 32.
3185 669 3248 721 Et
3275 669 3348 721 ait
3378 668 3457 721 illi
3489 668 3634 722 Scri-

3052 740 3119 792 ba
3151 756 3164 792 :
3194 739 3343 792 Bene
3375 740 3558 793 dixisti

3051 810 3303 879 Magister
3334 812 3385 863 in

3053 892 3361 944 veritatem,
3394 882 3536 950 quod

3055 967 3189 1005 unus
3216 951 3357 1005 Deus
3388 970 3400 1005 :
3428 969 3529 1009 nec

3052 1035 3131 1076 est
3165 1024 3323 1086 alius,
3358 1039 3516 1092 prae-

3053 1094 3141 1148 55.
3187 1105 3269 1147 ter
3296 1094 3470 1161 illum,
3501 1096 3573 1151 ita

3053 1165 3358 1234 diligendus
3387 1183 3454 1219 ex

3053 1246 3165 1291 tote
3206 1237 3392 1303 corde,
3435 1248 3492 1293 et

3051 1306 3131 1377 (Ιι)
3174 1324 3239 1360 ex
3266 1310 3390 1361 totis
3414 1311 3492 1362 vi-

3056 1379 3204 1433 ribus
3226 1378 3288 1449 f,
3322 1388 3377 1433 et
3399 1396 3466 1435 ex

3053 1458 3165 1502 tota
3194 1453 3401 1513 anima;
3436 1458 3491 1505 et

3053 1521 3282 1590 diligere
3313 1522 3499 1589 proxi-

3056 1608 3224 1658 mum,
3253 1602 3528 1661 tamquam

3054 1678 3115 1717 se
3146 1666 3319 1729 ipsum
3348 1681 3362 1719 ;
3394 1664 3498 1721 hoc

3055 1735 3228 1803 majus
3256 1746 3341 1789 est
3368 1738 3546 1791 omni-

3054 1806 3173 1869 bus,
3204 1821 3363 1875 quam
3396 1807 3493 1860 ho.

3054 1876 3443 1933 locattstomata
3474 1921 3491 1944 ,

3053 1956 3108 2000 et
3131 1948 3419 2004 sacriliciu.

3055 2019 3143 2073 54.
3191 2020 3391 2074 Videns
3422 2034 3605 2077 autem
3631 2021 3718 2078 Je-

3054 2104 3169 2156 sus,
3199 2092 3341 2161 quod
3366 2094 3585 2164 sapien-

3056 2169 3137 2216 ter
3162 2164 3566 2231 respondisset,

3054 2234 3190 2287 dixit
3223 2237 3297 2289 illi
3331 2256 3343 2290 :
3377 2236 3493 2290 Non

3055 2321 3113 2379 es
3137 2307 3295 2376 longe
3316 2324 3343 2361 a
3358 2324 3530 2379 regno

3057 2377 3173 2431 Dei.

3055 2447 3122 2501 Et
3151 2465 3309 2503 nemo
3335 2451 3445 2520 jam
3476 2468 3573 2506 au-

3053 2520 3219 2575 debat
3241 2538 3362 2576 eum
3399 2524 3566 2578 inter-

3054 2608 3180 2661 roga
3190 2610 3246 2647 re
3274 2595 3585 2663 quiequam,

3052 2663 3141 2735 [55.
3187 2666 3253 2718 Et
3286 2666 3615 2735 respondens

3052 2734 3232 2796 Jesus.
3267 2736 3470 2791 docens
3502 2738 3553 2790 in

3055 2809 3275 2876 templo.
3396 2809 3529 2863 dixit
3552 2810 3592 2878 ’ξ’
3623 2826 3635 2860 ;

3053 2881 3337 2947 Quomodo
3370 2882 3453 2932 di-

3053 2962 3183 3004 cunt
3214 2952 3439 3007 Scribae
3454 2996 3468 3014 ,

3053 3022 3333 3076 Christum
3366 3038 3490 3080 esse

3058 3097 3222 3147 lilium
3256 3094 3459 3149 David?

3054 3170 3142 3223 '55.
3190 3171 3303 3235 ipse
3344 3170 3489 3222 enim

3060 3240 3223 3293 David
3254 3239 3307 3292 iu

3053 3312 3254 3381 Spiritu
3282 3323 3470 3363 sancto
3493 3308 3623 3365 dicit
3650 3324 3663 3358 :

3056 3383 3195 3436 Dixit
3229 3383 3491 3435 Dominus

3057 3455 3285 3507 Domino
3310 3469 3454 3518 meo,

3056 3527 3184 3580 sede
3209 3527 3271 3577 ad
3305 3526 3439 3579 dex-

3057 3600 3153 3651 tris
3187 3598 3357 3659 meis;
3399 3597 3494 3649 d0-

3061 3686 3157 3722 uec
3190 3684 3382 3737 ponam

3060 3740 3310 3793 inimicos
3342 3750 3493 3799 tuos,

3056 3810 3343 3867 scabillum
3371 3808 3566 3879 pedum

2212 4056 2345 4094 vers.
2391 4042 2447 4105 5,
2480 4058 2639 4111 usque
2668 4044 2736 4096 ad
2756 4060 2870 4111 xm,
2896 4060 3028 4098 vers.
3054 4044 3124 4098 52
3144 4083 3159 4107 ,
3195 4042 3277 4095 hic
3305 4042 3655 4095 desiderantur
3683 4053 3697 4089 :
3720 4036 3786 4087 iu-

2216 4112 2360 4166 curia
2385 4129 2445 4165 ne
2460 4116 2823 4183 compacloris,
2852 4133 2918 4169 an
2941 4117 3153 4171 alterius
3179 4115 3413 4183 piaculo,
3446 4115 3703 4166 incertum.

1799 4222 2034 4279 CODEX
2070 4221 2543 4286 CORBEIENSIS.

2294 4343 2432 4399 Ibid.
2466 4347 2725 4401 Dominus
2752 4348 2897 4403 Deus
2927 4356 3132 4410 noster,
3165 4346 3424 4401 Dominus
3454 4359 3589 4400 unus
3613 4351 3706 4398 est.

2295 4418 2385 4473 '50.
2411 4416 2591 4483 Addit,
2623 4434 2690 4473 ex
2722 4420 2973 4474 omnibus
3000 4418 3203 4473 viribus
3233 4420 3355 4471 tuis.

1769 4574 1969 4631 VARIA
1979 4575 2156 4634 ΝΤΕὸ
2193 4576 2597 4634 LECTIONES.

574 4676 591 4705 ¹
632 4677 737 4725 Gal.
776 4676 1060 4725 viventium.
1098 4672 1245 4737 Vulg.
1267 4674 1504 4721 rivorum.

574 4747 595 4775 ³
630 4740 737 4789 ϐαι.
774 4740 1148 4801 conquirentes,
1179 4733 1472 4799 quoniam...
1504 4747 1645 4795 eum,
1692 4733 1948 4797 Magister,
1985 4733 2117 4797 quod

2224 4678 2314 4720 est.
2338 4671 2508 4737 ‘Vulg.
2541 4674 2919 4735 conquirentes;
2955 4679 3008 4723 et
3050 4672 3252 4735 videns,
3302 4673 3628 4735 quoniam.....
3667 4678 3781 4721 rum.

2223 4734 2351 4795 quod
2378 4734 2531 4784 esset.

1187 4857 1481 4898 LECTIONES
1512 4856 1717 4897 CODlCIS
1744 4854 2159 4896 VINDEBONENSIS
2189 4858 2461 4898 ABEUNTES
2483 4859 2548 4897 AB
2580 4858 2829 4899 EDITIONE
2859 4859 3131 4899 V'ULGA'I‘A.

507 4972 792 5028 resurgent.
834 4958 1166 5028 non_legistis
1182 4960 1247 5028 in
1286 4955 1411 5028 libro
1442 4954 1831 5028 M_oysis,ﬁsupe_r
1877 4954 2108 5028 rubum...

508 5017 684 5087 heus,"
695 5017 864 5075 dicens
892 5017 1159 5081 :Ego'sum
1182 5020 1322 5087 Deus
1341 5018 1605 5087 Abraham,
1635 5018 1770 5087 Deus
1796 5017 1948 5087 Isaae,
1975 5018 2113 5064 Deus

506 5080 693 5143 Jaeob'?
758 5090 835 5137 28.
880 5080 989 5134 Illis"
1016 5084 1299 5145 respondit,
1350 5081 1669 5145 interrOgavit
1711 5093 1858 5145 eum,
1904 5080 2107 5145 dicens:

506 5139 763 5213 ﬁlagister,
804 5148 1059 5213 quodest
1104 5139 1428 5213 praeceptum
1478 5141 1727 5213 primum?
1794 5139 2112 5213 Restioml‘eus

506 5193 894 5273 5313;3"16535‘,
923 5193 1055 5257 dixit
1081 5193 1139 5254 ad
1165 5193 1349 5273 guinis.
1377 5193 1608 5273 Omnium
1638 5206 1845 5273 pn'm‘um
1872 5193 1905 5251 ε’
1924 5202 2106 5251 Audi...

504 5279 743 5329 Dominus
764 5265 898 5322 Deus
912 5281 1095 5321 vestnr.
1163 5270 1240 5318 50.
1258 5265 1717 5329 DiligosDomiuiuu
1736 5265 1894 5329 Deu_m
1914 5272 2110 5329 tuum...

506 5326 571 5391 ex
616 5340 733 5389 totis
766 5336 950 5386 viribus
985 5336 1111 5392 tuis,
1153 5339 1205 5380 et
1243 5342 1367 5378 ex...
1407 5326 1510 5377 Hoc
1536 5330 1763 5389 primum.
1830 5326 1910 5376 31.
1948 5328 2110 5375 simile

578 5513 655 5583 (a)
686 5514 749 5566 Et
769 5511 839 5563 ita
869 5518 977 5583 lex.
1011 5507 1105 5564 Gr.
1134 5500 1607 5583 προσελθών.-(ὺ)

1205 5616 1216 5627 .
1249 5571 1411 5629 εἶπεν.
1462 5571 1550 5614 σ-’

1340 5644 1534 5791 ’Ξ-(ίλ)

502 5582 657 5653 Cant
691 5582 980 5653 ἀποκριθεὶς
1024 5618 1098 5653 ._.
1144 5614 1156 5627 -

503 5684 573 5695 ——
597 5650 667 5721 (ε)
702 5656 773 5706 lla
808 5648 863 5721 et
892 5662 997 5703 tex.
1030 5648 1123 5703 Gr.
1149 5648 1309 5721 ringi».

508 5716 662 5782 deest
694 5732 762 5781 et.
793 5720 955 5777 etiam
988 5721 1041 5777 in
1073 5716 1204 5775 text.
1235 5716 1329 5771 Gr.

2217 4958 2388 5008 huic...
2424 4957 2578 5020 majus
2596 4964 2759 5005 autem
2778 4956 2969 5020 horum.
3036 4956 3117 5005 5‘2.
3141 4955 3282 5004 Bene
3301 4954 3487 5020 dixisti,
3509 4953 3722 5020 Magister
3745 4948 3781 4994 in

2216 5022 2446 5084 veritate,
2474 5013 2599 5081 quod
2626 5032 2754 5084 unus
2777 5018 2839 5067 sit
2864 5017 3017 5076 Deus,
3044 5032 3148 5084 nec»
3171 5025 3259 5084 est
3277 5017 3402 5084 alius
3437 5027 3631 5079 praeter
3653 5013 3781 5084 illum.

2215 5088 2294 5133 55.
2343 5084 2414 5133 Ita
2452 5083 2734 5143 diligendus
2790 5097 2914 5129 ex...

2960 5096 3022 5129 ex
3065 5082 3177 5129 totis
3221 5078 3463 5130 viribus“)
3527 5088 3575 5128 et
3606 5093 3659 5127 ex
3702 5078 3784 5122 tota

2215 5150 2373 5198 anima
2407 5140 2621 5202 Suafet
2659 5144 2871 5205 dlllgt‘l‘l‘,
2912 5146 3183 5204 proximum
3206 5179 3217 5197 .
3246 5150 3491 5205 tamquam
3528 5154 3581 5188 se.
3622 5140 3783 5205 it-Slll'lli

2219 5197 2368 5259 hoe...
2397 5197 2623 5257 omnibus
2647 5197 3153 5254 hokiaustdmatibus.
3218 5205 3296 5253 3i.
3328 5197 3513 5252 \idens
3538 5197 3687 5250 autem
3712 5197 3783 5245 Je-

2215 5286 2358 5323 sus...
2392 5284 2486 5320 nou
2525 5272 2671 5331 longe
2698 5280 2771 5318 cs.
2837 5269 2915 5318 55.
2949 5269 3102 5324 dixit.
3139 5267 3339 5316 docens.
3410 5266 3493 5316 56.
3534 5264 3638 5327 Ipse
3674 5262 3781 5311 euiiu

1846 5405 2214 5464 BLANCIllNI
2251 5398 2477 5458 NOT/E.

1623 5502 1793 5567 addit,
1817 5503 1989 5555 dicens
2015 5516 2031 5553 :
2058 5497 2328 5570 Magister,
2360 5496 2518 5570 etiam
2544 5491 2664 5545 cod.
2690 5490 2847 5543 Cant.
2871 5490 3025 5570 ὶςέγωγ
3046 5486 3490 5570 διδὰεξκαλετ-(ε)
3516 5488 3586 5540 lla
3607 5480 3782 5570 etneod.

1708 5555 1845 5626 Alite
1893 5573 2115 5638 primunt
2137 5555 2175 5634 ,⁷
2200 5555 2350 5620 datast
2375 5565 2497 5634 quia
2523 5605 2536 5627 ,
2584 5576 2633 5615 et
2667 5576 2848 5638 postea
2870 5555 3150 5638 ileeseesb
3185 5560 3235 5612 iu
3268 5560 3391 5638 Cod.
3424 5555 3625 5638 {pinuque
3649 5555 3781 5638 Cant.

1545 5626 1671 5697 l’bs't
1697 5646 1799 5696 tuis
1828 5626 1983 5697 de'est
2012 5650 2057 5694 et
2088 5626 2150 5693 ωε
2181 5649 2284 5691 tota
2311 5626 2474 5690 mente
2498 5626 2606 5698 tua,
2642 5626 2842 5701 pariter
2870 5634 2919 5684 in
2952 5630 3074 5685 eod.
3104 5632 3260 5684 Gaut.
3285 5661 3355 5672 -—
3379 5630 3452 5707 (g)
3477 5626 3597 5707 [fusi
3622 5626 3779 5691 simile,

1568 5717 1638 5771 lttt
1670 5728 1721 5771 et
1752 5717 1869 5773 cod.
1907 5715 2063 5771 Cant.
2102 5716 2149 5791 ἐξ
2178 5713 2292 5777 ὅλης
2322 5721 2409 5775 τῆς
2434 5712 2713 5785 δυνάμεως.
2742 5739 2810 5750 -ο
2946 5708 3019 5763 Ita
3043 5720 3096 5764 et
3124 5708 3245 5764 cod.
3276 5703 3432 5764 Cant.
3467 5703 3590 5764 εἶπε.
