3956 6206
145 252 245 311 823

506 357 734 417 CODEX
762 356 1303 420 VERCELLENSIS.

143 456 222 511 14.
251 454 456 510 Etcum
485 452 628 510 vide-
949 452 1141 510 fuisset
1165 454 1276 510 sal-

137 528 269 592 ritis,
292 522 493 580 abomi—
947 540 1013 581 va
1044 525 1156 580 ulla
1178 540 1269 582 ca-

136 599 390 671 nationem
416 595 503 651 de-
945 611 1010 652 ro
1039 613 1053 649 :
1086 596 1183 671 sed
1208 612 1375 671 prop.

135 667 403 724 solationis
944 675 1031 723 ter
1055 667 1281 735 electos,

131 749 287 802 stare,
318 737 406 793 ubi
436 750 544 811 non
944 753 1084 811 quos
1110 739 1297 811 elegit,

130 817 349 881 oportet,
381 810 470 878 qui
944 808 1129 866 brevia
1293 854 1306 869 .

132 881 270 952 legit,
296 881 449 952 intel-

131 950 282 1025 legat,
306 950 459 1025 quid-
943 952 1035 1025 21.
1066 952 1325 1025 Ettunc,
1353 953 1399 1009 si
1427 953 1548 1025 quis

128 1022 245 1091 quid
270 1022 441 1093 legit,
943 1024 1099 1080 vobis
1125 1023 1329 1081 dixerit
1353 1042 1368 1079 :

128 1095 285 1160 Tunc,
311 1092 398 1160 qui
421 1092 536 1151 fue-
941 1094 1085 1151 Ecce
1115 1095 1203 1152 hic
1227 1095 1475 1152 Christus
1506 1113 1520 1149 :

128 1109 285 1178 tunc,
311 1109 398 1220 qu
421 1109 536 1151 tue-
941 1109 1085 1151 nece
1116 1109 1203 1152 me
1227 1109 1475 1179 υηιιῑειυβ
1502 1113 1520 1179 _:

127 1176 226 1239 rint
250 1182 321 1239 in_
365 1180 423 1239 ιι)
942 1166 1238 1239 (b)aut-l-:
1267 1166 1595 1224 Eeeetllie:

940 1238 1108 1293 nolite
1135 1239 1322 1295 crede-

939 1308 1032 1363 22.
1066 1325 1146 1365 re.
1180 1309 1421 1382 Surgent

937 1382 1084 1436 enim
1118 1382 1348 1450 pseudo-

939 1451 1151 1524 ehristi,
1180 1460 1234 1507 et
1262 1467 1420 1524 pseu-

938 1521 1283 1594 d0propbae;

942 1602 1026 1649 tae
1050 1611 1066 1660 ;
1092 1602 1148 1651 et
1176 1594 1376 1651 l'acient

942 1664 970 1737 ’7
992 1666 1168 1735 signa,
1198 1675 1253 1721 et
1283 1681 1409 1737 pro-

940 1736 1106 1807 digia,
1138 1736 1205 1792 ad
1233 1736 1325 1795 se-

126 1237 267 1303 daea,
300 1234 503 1303 fugiant

124 1306 173 1362 in
197 1306 494 1372 montibus;

128 1378 206 1435 15.
228 1389 295 1444 et,
327 1378 416 1448 qui
444 1392 611 1450 super

126 1458 306 1505 tectum
332 1450 449 1504 lue-

122 1519 206 1587 rit,
238 1535 337 1575 non
363 1520 486 1576 des-

123 1591 300 1647 cendat
316 1591 386 1647 .in
424 1591 521 1648 do-

121 1677 219 1731 mo,
249 1662 337 1719 sed
374 1677 473 1719 nec

122 1734 267 1789 intret
292 1735 444 1791 tolle-

121 1820 174 1860 re
196 1806 384 1875 aliquid
939 1806 1268 1876 ducendum,

122 1877 180 1948 de
200 1876 351 1932 domo
375 1892 467 1932 sua
491 1894 504 1930 :
937 1879 983 1934 si
1016 1879 1133 1935 ﬁeri
1165 1889 1369 1948 posset,

124 1947 195 2021 16.
225 1957 295 2015 et,
322 1949 411 2019 qui
435 1950 490 2005 in
517 1963 656 2021 agro
934 1952 1098 2021 etiam
1128 1947 1272 2006 elec-

121 2017 282 2084 fuerit,
312 2017 416 2076 non
556 2017 579 2021 ⁷
936 2020 1028 2078 25.
1058 2032 1164 2077 tos.
1196 2021 1392 2078 Videte
1420 2039 1432 2075 :

120 2098 398 2147 revertatur
940 2093 1178 2149 praedixi
1213 2108 1309 2149 vo-

122 2161 288 2218 tollere
310 2176 428 2219 ves-
936 2161 1020 2221 bis
1048 2166 1253 2221 omnia.

121 2232 376 2290 timentem
934 2237 1024 2291 21.
1054 2235 1162 2293 Sed
1188 2236 1241 2292 in
1272 2235 1379 2291 illis
1405 2233 1522 2291 die-

119 2318 275 2378 suurn.
936 2307 1058 2374 bus,
1088 2316 1211 2378 post
1239 2308 1385 2364 illam

125 2376 196 2429 l7.
226 2375 327 2433 Vae
353 2385 535 2434 autem
932 2375 1303 2449 praessuram,

120 2460 389 2519 praegnan-
935 2451 1016 2505 Sol
1046 2451 1306 2508 obseura-

122 2518 260 2581 tibus’.
285 2531 337 2576 et
356 2520 463 2576 lac-

123 2590 330 2647 tantibus
359 2593 411 2647 in

121 2659 210 2716 illis
233 2662 433 2719 diebus.

122 2729 196 2805 i8.
226 2731 287 2787 Et
309 2743 482 2805 orate,
511 2736 527 2766 ¹
558 2748 636 2790 ne

122 2800 278 2860 bieme
302 2807 429 2862 haec

932 2521 1098 2588 bitttr,
1124 2535 1175 2579 et
1205 2524 1286 2579 lu-

933 2608 1000 2648 na
1031 2610 1138 2650 non
1170 2595 1321 2650 dabit

930 2666 1280 2735 splendorem

929 2736 1025 2793 25.
1054 2752 1212 2793 suum
1239 2755 1254 2803 ;
1286 2747 1342 2796 et
1367 2735 1497 2791 stel-

933 2808 1017 2864 lae
1045 2819 1207 2865 erunt
1236 2810 1304 2867 de

122 2874 195 2956 19ἷ
226 2874 349 2956 ﬁant
363 2887 566 2956 _:_erunt
930 2880 1086 2936 caelo
1111 2880 1309 2956 caden-

122 2947 244 3018 enim
273 2947 322 3003 in
346 2948 459 3005 die-
932 2960 1036 3018 tes,
1068 2961 1122 3007 et
1151 2955 1324 3009 virtu-

122 3013 211 3071 bus
235 3018 332 3074 illis
355 3021 375 3052 ²
402 3020 496 3076 tri-
935 3013 1313 3079 tes'caelorum

124 3086 423 3158 bulationes,
931 3093 1055 3221 gis)
1082 3107 1384 3153 moventur.

124 3159 286 3221 quales
315 3178 415 3217 non
1011 3204 1024 3218 .
1057 3166 1123 3220 Et
1151 3174 1278 3221 tune
1305 3169 1384 3221 vid

123 3159 286 3240 quales
315 3178 415 3217 non
931 3159 1129 3240 26.111
1140 3174 1278 3240 tunc
1305 3168 1458 3224 vide-

125 3230 317 3287 l'uerunt
343 3250 520 3290 num-s
934 3238 1066 3292 bunt
1089 3237 1285 3295 Filium

124 3316 273 3385 quam
286 3305 415 3385 tales
937 3309 1173 3385 hominis
1188 3351 1205 3376 ,

125 3372 183 3425 ab
210 3374 349 3431 initio
371 3393 493 3435 ere-
935 3372 1246 3437 venientem

124 3454 312 3521 aturae,
338 3465 425 3505 us-
937 3465 1059 3508 cum
1091 3454 1345 3521 nubibus,

125 3530 214 3588 que
236 3517 424 3588 adhuc,
939 3538 1062 3578 cum
1092 3525 1265 3580 virtu-

125 3586 207 3666 sed
236 3586 492 3666 neqne'li-
550 3664 559 3666 _
942 3603 995 3666 te
1020 3610 1235 3666 magna,

126 3656 201 3711 20.
233 3656 335 3717 ent.
365 3663 433 3719 Et
460 3664 565 3719 nisi

128 3726 358 3789 Dominus
389 3735 632 3791 brevias-

126 3809 196 3855 set
222 3803 329 3879 dies
358 3805 434 3879 (α)
465 3822 634 3879 prop-

126 3879 194 3923 ter
215 3875 407 3933 electos

128 3955 257 4012 suos,
282 3945 322 4018 -ι-
350 3964 455 4005 non

939 3665 1029 3720 27.
1062 3665 1129 3721 et,
1146 3668 1343 3736 gloria.
1374 3668 1440 3725 Et
1462 3718 1471 3727 .

944 3747 1070 3792 tunc
1097 3741 1274 3794 mittet

941 3810 1165 3864 nuntios
1186 3826 1202 3876 ;
1236 3820 1290 3866 et

939 3881 1268 3937 concollinet

939 3951 1145 4008 electos
1166 3951 1235 4009 de

1143 246 1598 308 EVANGELIUM
1639 246 2016 307 SECUNDUM
2056 245 2368 304 MARCUM.

3305 246 3411 301 826

2258 358 2490 418 CODEX
2532 357 2986 419 VERONENSIS.

2653 462 2771 511 etos
2791 469 2921 512 suos
2949 454 3014 528 -ιι,

2654 595 2812 653 ﬁeret
2842 596 2993 653 salva

2650 668 2763 724 ulla
2784 683 2953 724 caro:
2985 669 3084 727 sed

2651 749 2876 812 propter
2895 740 3126 809 electos,

2653 811 2791 882 quos
2815 811 3001 882 elegit,

2651 882 3045 940 brebiabuntur

2651 954 2770 1009 dies
2792 953 2894 1009 illi.

2649 1025 2741 1079 21.
2783 1025 2852 1080 Et
2879 1033 3031 1092 tunc,
3055 1024 3101 1081 si
3137 1023 3263 1096 quis

2649 1096 2804 1152 vobis
2829 1097 3034 1152 dixerit
3060 1115 3074 1151 :
3111 1096 3213 1153 Ec-

2648 1182 2713 1223 ce
2735 1167 2823 1223 liic
2842 1178 2927 1224 est
2949 1166 3109 1223 Chri-

2648 1249 2767 1312 stus
2793 1237 2914 1312 :_(b)
2946 1239 3029 1294 vel
3054 1237 3096 1310 -ιι
3117 1256 3132 1295 :

2648 1309 2793 1366 Ecce
2819 1309 2929 1366 illic
2961 1327 2977 1368 :
3007 1324 3076 1366 ne

2647 1380 3013 1438 credideritis.

2647 1453 2739 1507 22.
2790 1451 3070 1523 Exurgent
3093 1451 3240 1508 enim

2649 1522 3051 1594 pseudocbristi
3073 1565 3089 1590 ,

2646 1605 2699 1651 et
2727 1595 3174 1667 pseudoprophe-

2648 1666 2757 1731 tae’;
2789 1675 2846 1722 et
2872 1666 3079 1723 dabunt

2648 1738 2826 1808 signa.
2855 1746 2911 1793 et
2930 1745 3170 1805 ostenta,

2647 1809 2715 1865 ad
2742 1808 3082 1865 seducendos

2648 1881 2918 1947 homines,
2941 1881 2987 1936 si
3016 1879 3133 1936 ﬁeri

2647 1960 2846 2022 potest,
2874 1952 3038 2007 etiam
3069 1951 3180 2007 ele-

2645 2034 2786 2079 ctos.
2813 2023 2925 2080 Vos
2953 2036 3085 2094 ergo
3112 2066 3115 2071 .

2644 2095 2735 2151 25.
2776 2094 2987 2151 videte:
3019 2106 3149 2149 ecce

2646 2165 2888 2235 praedixi
2912 2164 3073 2222 vobis

2644 2239 2851 2294 omnia.

2643 2308 2736 2363 24.
2782 2349 2796 2363 .
2842 2349 2855 2362 .
2901 2347 2917 2363 .
2961 2349 2977 2364 .
3023 2347 3038 2364 .
3081 2307 3193 2364 illis
3218 2303 3411 2363 diebus

2644 2389 2769 2451 post
2792 2380 3195 2438 tribulationem

1804 2882 1894 2940 19.
1935 2893 2094 2940 erunt
2122 2884 2268 2942 enim

1801 2953 1860 3011 in
1888 2954 2079 3011 diebus
2110 2955 2181 3010 il-

1803 3025 1871 3082 lis
1902 3026 2208 3082 tribulatio-

1805 3110 1904 3153 nes
1932 3097 2089 3162 tales,

1804 3169 1995 3237 quales
2025 3183 2134 3224 non

1807 3239 2030 3295 luerunt
2057 3239 2126 3294 ab

1807 3310 1965 3365 initio
1985 3324 2144 3367 crea-

1810 3391 1987 3449 turae,
2014 3398 2080 3437 ex
2105 3395 2218 3454 quo

1808 3453 1994 3509 omnia
2015 3453 2147 3509 coni

1809 3523 1945 3579 didit
1969 3525 2135 3592 Deus,

1811 3611 1984 3667 usque
2012 3611 2179 3662 nunc,

1811 3682 1989 3793 telaque
2015 3678 2179 3725 erunt

1814 3810 1882 3865 Et
1903 3810 2007 3866 nisi
2033 3809 2337 3867 brebiasset

1813 3881 2083 3938 Dominus
2111 3882 2230 3937 dies

1816 3952 1894 4024 (a)
1924 3964 2148 4024 propter
2167 3953 2281 4009 ele-

2651 3204 2665 3219 ο
2747 3203 2763 3218 ο
2845 3206 2857 3219 I
2940 3204 2954 3219 ο
3034 3202 3048 3218 ο
3130 3201 3144 3217 ο
3226 3200 3241 3216 ο
3323 3200 3337 3213 ο

2656 3850 2669 3864 ι
2751 3846 2765 3863 ο
2846 3846 2861 3862 ι
2940 3846 2957 3862 ο
3039 3845 3052 3860 ο
3134 3844 3149 3858 ο
3232 3841 3246 3857 ο
3328 3840 3341 3855 ⁸

1423 4069 1659 4129 CODEX
1696 4069 2097 4128 BRIXIANUS.

187 4178 393 4259 Ilutilus
442 4194 520 4240 est
560 4186 662 4259 hoc
692 4187 806 4241 loco
852 4186 1018 4242 codex
1041 4197 1313 4259 argenteus
1335 4188 1535 4259 integro
1561 4205 1691 4259 qua-

126 4254 366 4322 lernione;
392 4272 524 4328 quae
558 4258 696 4313 enim
729 4259 947 4331 legimus
976 4260 1031 4313 in
1067 4257 1304 4331 Vulgatis
1349 4276 1381 4314 α
1422 4254 1537 4331 οἲιρ.
1573 4254 1648 4316 in
1674 4300 1689 4327 ,

1799 4204 1931 4242 vers.
1949 4186 2006 4252 5,
2026 4201 2185 4257 usque
2210 4183 2278 4238 ad
2297 4198 2417 4248 xm,
2442 4197 2576 4257 vers.
2609 4179 2703 4257 32,
2737 4179 2821 4257 hic
2841 4178 3241 4257 desiderantur:
3266 4176 3416 4230 incu-

1798 4260 1880 4313 ria
1908 4275 1974 4314 ne
1993 4250 2340 4328 comportari:
2361 4295 2376 4321 ,
2400 4269 2468 4308 an
2492 4253 2711 4308 alterius
2735 4251 2963 4323 piaculo,
2996 4250 3267 4303 incertum.

1391 4374 1624 4433 CODEX
1662 4372 2132 4431 CORBEIENSIS.

190 4488 527 4562 listantem
554 4533 572 4558 ,
619 4489 712 4547 ubi
754 4505 860 4546 non
884 4499 1100 4561 oportet
1135 4532 1147 4544 .
1186 4527 1201 4544 .
1236 4528 1253 4545 .
1279 4490 1370 4562 qui
1404 4492 1459 4547 in
1495 4489 1699 4547 Judaea

128 4568 254 4634 sunt,
274 4561 480 4634 fugiant
510 4565 566 4618 in
600 4563 902 4634 montibus.

189 4631 269 4704 15.
300 4631 372 4691 ei.
397 4635 487 4704 qui
521 4636 577 4689 in
600 4633 990 4704 superioribus,
1026 4651 1132 4691 non
1165 4632 1522 4689 descendant.

190 4701 269 4757 17.
303 4701 623 4763 νειθήιιιθιη
647 4701 1089 4778 praegnantibus,
1118 4716 1175 4765 et
1201 4706 1589 4761 nutrientibus.

1884 4489 1972 4545 19.
1998 4488 2187 4560 quales
2219 4503 2328 4543 non
2360 4487 2592 4560 luerunt
2612 4485 2681 4540 ab
2707 4484 2862 4540 initio
2889 4498 2917 4537 a
2943 4491 3218 4547 creatura,
3245 4496 3418 4555 usque

1817 4556 2212 4630 modo,'neque
2240 4568 2403 4615 erunt
2426 4566 2556 4630 post
2581 4556 2736 4613 haec.

1884 4625 2085 4687 20(Et
2124 4625 2237 4687 "nisi
2287 4625 2589 4687 breviasset
2633 4630 2775 4684 Deus
2823 4625 2941 4683 dies
2995 4635 3222 4696 propter
3271 4625 3413 4683 elec-

1820 4713 1903 4758 ιοε
1929 4716 2079 4757 SUOS.

1354 4823 1747 4882 VARIANTES
1785 4822 2085 4881 LECTION
2093 4822 2197 4879 ES.

183 4932 333 5003 ‘_Gat.
358 4944 418 5003 _u_t
436 4950 503 4987 ne
521 4935 607 4988 tiat
629 4937 744 5003 fuga
768 4947 932 4990 vestra
956 4940 1142 5003 hieme,
1172 4939 1252 4991 vel
1273 4939 1475 4991 sabbato
1498 4952 1510 4988 :
1537 4945 1701 4991 erunt.

138 4993 264 5059 Vulg.
287 5005 340 5050 ut
358 5000 529 5053 hieme
549 5013 646 5052 non
669 4993 819 5053 flant:
846 5010 1010 5053 erunt.

1876 4939 1899 5005 ξ
1930 4938 2037 5005 (ξω.
2065 4937 2392 5005 tribulationis
2413 4936 2569 5005 tales.
2584 4936 3112 5005 rVgtlg._tribulationes
3133 4934 3280 4988 tales.

1880 5001 1902 5032 ³
1935 5000 2041 5052 ϐαι.
2066 5002 2205 5063 signa
2228 5014 2421 5065 magna,
2443 5007 2514 5052 et.
2550 4999 2713 5067 Vulgi
2723 5002 2880 5065 signa,
2907 5006 2976 5053 et.

814 5141 1106 5184 LBCTIONES
1136 5140 1343 5183 CODICIS
1365 5141 1773 5185 VINDEBONENSIS
1794 5144 2071 5185 ABEUNTES
2094 5145 2160 5185 Αι
2190 5144 2441 5185 EDI'I'IONE
2468 5145 2733 5187 νυιοΛτΑ.

136 5233 283 5308 linem.
313 5241 419 5308 ημ.
438 5241 560 5308 Cum
576 5251 741 5308 autem
759 5243 1001 5308 videritis,
1023 5245 1482 5308 aspernationeni...
1502 5247 1549 5294 in
1570 5258 1709 5296 mon-

137 5304 242 5371 tem.
311 5304 380 5371 l_5.
406 5304 590 5371 tollere
622 5305 899 5371 aliquidde
921 5304 1065 5371 domo
1082 5304 1194 5355 sua.
1217 5368 1228 5371 Α
1262 5307 1339 5355 18.
1365 5304 1615 5371 Et_orate,
1642 5320 1709 5371 ne

137 5359 286 5433 itit-tne
309 5364 437 5417 lhnt.
507 5367 585 5416 19.
604 5359 931 5418 tribulationis
951 5369 1094 5433 tales,
1115 5368 1406 5433 qualesAnon
1426 5359 1629 5420 fuerunt
1648 5370 1710 5419 ab

138 5428 565 5495 init-inhereaturae,
593 5443 751 5492 usque
785 5443 940 5495 nunc;
964 5431 1052 5479 sed
1092 5428 1258 5495 neque
1287 5430 1424 5480 ﬁent.
1490 5434 1568 5485 20.
1610 5433 1711 5484 Sed

142 5488 219 5557 nisi
256 5488 493 5557 Dominus
531 5488 806 5557 breviasset
825 5488 935 5557 dies
971 5488 1188 5557 promer:
1209 5492 1397 5544 electos
1432 5508 1565 5557 suos,
1613 5508 1709 5545 non

141 5545 269 5601 iteret
298 5552 429 5603 salva
450 5555 610 5604 omnis
632 5568 773 5619 caro;
799 5555 887 5607 sed
917 5545 1117 5619 propter
1142 5554 1357 5619 electos,
1386 5570 1510 5620 quos
1534 5545 1710 5621 elegit,

1815 5245 2195 5309 lireviavitdies.
2208 5245 2261 5296 21
2273 5285 2283 5296 .
2294 5245 2429 5309 Ecce
2446 5246 2527 5295 lilc
2539 5246 2788 5309 Christus;
2805 5247 2882 5297 vel
2897 5260 3016 5297 ecce
3036 5246 3127 5297 .22.
3141 5246 3426 5309 Exsul-gent

1817 5308 1950 5374 enim
1970 5308 2503 5374 PseudoprOpltetae.:.
2522 5312 2697 5374 signa,
2707 5316 2767 5374 et
2778 5308 2998 5373 prodigia
3020 5311 3081 5374 ad
3095 5308 3424 5374 seducendos,

1816 5372 1856 5419 si
1900 5375 2065 5431 potest
2102 5370 2211 5419 ﬂeri
2252 5373 2399 5419 etiam
2440 5370 2649 5423 electos.
2677 5370 2879 5422 Videte.
2924 5370 3009 5422 ’23
3045 5372 3110 5422 Et
3147 5371 3324 5420 stellae
3361 5371 3425 5421 de

1817 5432 1959 5495 caelo
1999 5440 2149 5495 erunt
2181 5433 2445 5495 cadentes,
2483 5441 2534 5483 et
2558 5436 2766 5484 virtutes
2796 5435 3047 5484 caelorum
3080 5434 3423 5483 movebuntur.

1816 5494 1896 5544 26.
1923 5507 2032 5559 cum
2061 5494 2290 5559 nubibus.
2355 5494 2438 5545 2⁵1.
2482 5502 2535 5546 el.
2582 5505 2696 5547 tunc
2729 5499 2894 5546 mittet
2934 5495 3172 5559 Angelos,
3211 5499 3261 5541 et
3306 5505 3422 5559 con-

1817 5558 2050 5620 gregabit
2077 5556 2267 5609 electos
2291 5571 2317 5607 a
2352 5565 2583 5621 quattuor
2611 5559 2871 5610 ventis.....
2901 5559 2957 5607 ad
2989 5552 3231 5608 summum
3260 5552 3426 5602 caelo-

1473 5662 1844 5721 BLANCHINI
1868 5663 2100 5721 NOTE.

216 5770 289 5852 (a)
311 5750 469 5841 Addit
500 5755 706 5856 propter
734 5756 923 5845 electos
949 5755 1090 5853 suos,
1119 5755 1283 5843 etiam
1311 5777 1436 5843 cod.
1466 5776 1625 5843 Cant.
1654 5762 1739 5840 δὶὲι
1759 5783 1883 5844 τοὺς
1908 5756 2166 5843 inium-aii:
2191 5756 2374 5840 «xi-ros.
2397 5807 2469 5822 --
2497 5778 2572 5851 (ὁ)
2598 5752 2668 5840 Et
2688 5782 2759 5838 ita
2785 5787 2894 5837 tex.
2920 5760 3014 5839 Cr.
3044 5762 3095 5839 ἤ.
