3956 6206
619 263 720 321 851
1171 257 1445 317 EUSEBll
1485 254 1827 314 VERCELL.
1871 251 2323 311 EVANGELIUM
2361 248 2505 308 CUM
2548 247 2782 306 VARUS
2819 246 2976 304 COD.
3017 243 3420 304 COLLATUM.

1019 381 1251 441 CODEX
1295 377 1837 436 VERCELLENSIS.

624 463 735 521 illis
768 481 783 518 :
812 472 867 520 et
890 463 1039 520 bibe-

624 546 750 592 runt
771 551 838 592 ex
867 549 936 591 80

623 607 717 664 24.
742 621 954 662 omnes.
988 605 1056 662 Et

625 679 762 735 dixit
786 679 866 733 eis
901 695 912 730 :
943 677 1044 734 Hic

626 759 711 807 est
740 749 975 818 Sanguis

623 836 776 877 meus
807 820 931 874 novi

627 892 940 950 testamenti
973 933 990 958 ,

625 963 718 1033 qui
747 977 845 1032 pro
873 963 1012 1019 mul-

623 1036 694 1090 tis
723 1033 974 1090 etl'unde-

627 1116 718 1162 tur
755 1105 808 1160 in
837 1121 924 1160 re-

627 1178 945 1233 missionem

628 1257 884 1320 peccato-

625 1335 770 1375 rum.

625 1391 720 1447 25.
762 1393 934 1446 Amen
952 1388 1076 1445 dico
1105 1404 1199 1445 vo-

624 1462 755 1528 bis,‘
784 1463 910 1533 quia
934 1477 1040 1516 non

625 1533 858 1588 adiciam

625 1604 816 1661 bibere
846 1620 914 1660 ex

623 1674 804 1732 fructu
834 1676 915 1729 vi-

625 1762 784 1812 neae,
811 1761 978 1816 usque

625 1819 681 1873 in
707 1818 851 1872 diem
878 1817 1051 1886 illum,

1457 468 1541 514 est
1570 478 1584 512 :
1627 457 1870 514 Percuti-

1458 545 1545 585 am
1570 539 1754 601 pasto-

1461 617 1601 666 rem.
1632 611 1687 656 et
1714 601 1827 658 dis-

1461 681 1756 744 pargentur

1461 761 1592 828 oves
1610 759 1764 815 grae-

1458 831 1561 888 gis.

1457 889 1550 943 28.
1594 887 1724 952 Sed,
1753 896 2040 958 postquam

1462 974 1714 1014 surrexe-

1463 1046 1545 1096 ro,
1577 1030 1901 1098 praecedam

1461 1117 1559 1157 vos
1588 1103 1640 1156 in
1675 1102 1829 1158 Gali-

1460 1173 1552 1228 29.
1579 1174 1773 1228 laeam.
1799 1174 1992 1230 Petrus

1460 1255 1638 1300 autem
1663 1247 1739 1299 ait

1462 1317 1539 1371 illi
1574 1333 1588 1371 :
1625 1317 1687 1370 Et
1712 1317 1755 1370 si
1786 1331 1902 1371 om-

1463 1403 1561 1443 nes
1583 1388 1603 1419 ³
1631 1387 1859 1443 scanda-

1461 1460 1793 1526 lizabuntur,

1460 1540 1543 1586 set
1572 1546 1678 1586 non
1707 1546 1827 1599 ego.

1460 1602 1552 1658 50.
1580 1604 1644 1657 Et
1667 1602 1800 1657 dicit
1823 1603 1872 1658 ei
1909 1603 2066 1659 Jesus
2100 1621 2112 1656 :

1461 1675 1635 1728 Amen
1669 1675 1791 1728 dico
1815 1677 1884 1730 ti-

1462 1744 1542 1809 bi,
1573 1745 1829 1815 quoniam

1464 1816 1566 1871 hac
1597 1827 1777 1880 nocte,
1811 1833 1907 1873 an-

2719 365 2952 424 CODEX
2993 361 3534 420 VERCELLENSIS.

2831 461 3042 504 DEFICIT
3074 458 3422 500 VERONENSIS.

2325 546 2416 601 52.
2452 545 2516 600 Ει
2537 545 2559 575 ⁸
2581 542 2811 600 veniunt

3167 539 3318 594 Abba
3346 538 3524 602 Pater,

2329 618 2382 673 in
2411 616 2626 687 praedi-
3166 609 3450 687 possibilia
3476 622 3589 663 om-

2326 681 2553 743 um'cui.
2586 727 2600 740 .
2633 724 2651 742 .
3167 681 3254 734 nia
3284 681 3377 736 libi
3411 697 3428 736 :
3460 689 3600 733 tran-

2327 761 2452 814 dam
2474 759 2665 814 Getsa-
3167 751 3280 807 sl‘er
3302 752 3410 807 hoc
3440 765 3532 820 po-

2331 832 2495 885 mani.
2532 831 2596 884 Et
2623 829 2695 882 ait

2330 903 2441 957 illis
2471 921 2484 956 :
2517 902 2717 957 Sedete

2331 974 2438 1036 hic,
2464 974 2637 1028 donec

2330 1045 2450 1114 (sic)
2475 1045 2555 1098 vis
2576 1057 2748 1097 orem.

2329 1117 2420 1171 55.
2447 1117 2514 1171 Et
2541 1115 2778 1169 adsumit

2331 1187 2575 1251 Petrum,
2608 1197 2663 1240 et
2690 1186 2781 1240 Ja-

2329 1259 2548 1324 cobum,
2583 1265 2636 1311 et
2665 1256 2756 1312 Jo-

2332 1329 2546 1384 hannen
2577 1343 2790 1391 secum;

2329 1411 2385 1456 et
2414 1401 2595 1470 coepit
2622 1401 2749 1456 obs-

2333 1483 2640 1542 tupescere,

2329 1554 2383 1598 et
2405 1543 2639 1598 acediari
2660 1585 2673 1606 ,

2329 1625 2384 1669 ct
2405 1615 2662 1669 deiicere.

2330 1686 2422 1740 54.
2448 1686 2600 1740 Tunc
2628 1685 2764 1740 dicit
2793 1685 2910 1739 eis:

2329 1757 2374 1841 ρ
2403 1774 2564 1827 quam
2596 1758 2709 1838 tris-

2332 1838 2400 1884 ιίε
2424 1838 2507 1884 est
2527 1843 2708 1882 anima

3166 823 3344 879 culum
3377 838 3407 877 a
3447 835 3530 876 me
3557 837 3570 874 :

3168 895 3261 949 sed
3294 909 3402 949 non
3430 892 3571 964 quod

3168 981 3270 1035 ego
3294 965 3435 1029 dico,
3450 963 3567 1019 sed

3166 1038 3308 1106 quod
3335 1048 3390 1092 tu
3421 1037 3521 1090 vis.

3168 1105 3256 1163 57.
3286 1107 3356 1163 Et
3375 1109 3395 1139 τ
3411 1106 3608 1162 invenit
3634 1105 3692 1160 il-

3169 1179 3251 1234 lus
3271 1179 3552 1234 dormien-

3168 1260 3269 1306 tes.
3299 1253 3365 1306 Et
3384 1252 3460 1304 ait
3485 1251 3584 1305 Pe-

3170 1332 3253 1376 tro
3286 1341 3298 1374 :
3323 1323 3534 1384 Simon,

3167 1394 3372 1448 dormis
3399 1395 3422 1446 ἲ
3453 1407 3558 1448 non

3168 1466 3387 1534 potuisti
3419 1480 3479 1519 u-

3169 1553 3290 1590 nam
3319 1536 3513 1591 horam

3168 1609 3257 1664 ‘58.
3287 1607 3551 1678 vigilare?
3583 1603 3673 1661 Vi-

3167 1681 3355 1750 gilate,
3382 1689 3436 1733 et
3458 1692 3583 1734 ora-

3170 1761 3220 1806 te
3247 1768 3262 1816 ;
3295 1767 3361 1804 ne
3387 1751 3555 1804 intre-

3171 1823 3238 1877 tis
3267 1823 3317 1876 in
3345 1832 3516 1890 temp-

2331 1916 2450 1956 mea
2479 1915 2650 1968 usque
3172 1894 3457 1968 t_aIio_nem.

2331 1973 2398 2027 ad
2427 1962 2656 2025 mortem
2687 1987 2700 2022 :
3171 1966 3405 2034 Spiritus
3436 1962 3652 2034 quidem

2333 2043 2525 2099 sedete
2552 2041 2661 2106 hic,
3173 2046 3454 2106 promptus

2331 2126 2385 2167 et
2412 2116 2432 2145 ⁵
2463 2113 2700 2183 vigilate.

2334 2185 2424 2241 55.
2452 2186 2520 2240 Ει
2542 2197 2793 2254 progres-

3172 2120 3276 2173 esi,
3309 2121 3438 2161 caro
3464 2119 3559 2160 ve-

3173 2195 3233 2234 ro
3259 2177 3493 2232 inﬁrma.

627 1904 736 1960 quo
756 1889 936 1943 bibam
1464 1898 1517 1960 te
1544 1904 1703 1958 quam
1731 1888 1844 1957 gal—

625 1958 777 2016 illum
809 1974 1008 2016 novum
1463 1958 1547 2014 lus
1575 1969 1778 2024 cantet,

626 2031 681 2086 in
722 2046 890 2102 regno
1465 2040 1548 2084 ter
1578 2046 1664 2084 me
1684 2032 1855 2088 abne-

624 2101 718 2159 26.
754 2101 868 2158 Dei.
902 2104 968 2158 Et
1003 2117 1126 2160 cum
1461 2102 1552 2158 51.
1584 2103 1756 2172 gabis.
1786 2104 1888 2170 Qui
1924 2113 2046 2160 tan-

628 2175 862 2247 liymnos
884 2175 965 2230 di-
1462 2175 1719 2247 to_magi§
1751 2175 1834 2230 di-

627 2244 859 2314 xissent,
888 2248 1034 2302 exie-
1461 2244 1621 2300 cebat
1645 2263 1658 2298 :
1681 2246 1745 2300 Et
1778 2247 1820 2301 si
1845 2263 1905 2303 o-

625 2328 756 2372 runt
780 2319 830 2372 in
863 2333 1022 2373 mon-
1465 2317 1731 2384 portuerit

623 2397 733 2444 tem
773 2388 992 2444 Oliveti.
1463 2403 1552 2442 me
1583 2389 1720 2443 mori
1747 2398 1830 2444 te-

625 2460 717 2514 27.
749 2459 976 2515 Etdixit
1005 2460 1111 2517 illis
1150 2459 1348 2531 Jesus:
1461 2472 1611 2531 cum,
1643 2474 1753 2514 non

627 2533 649 2564 ⁹
671 2531 876 2586 Omnes
908 2547 1004 2588 vos
1189 2529 1191 2531 ’
1464 2538 1516 2602 te
1543 2529 1844 2602 abnegabo.

623 2603 944 2659 scandalum
1463 2600 1733 2656 Similiter
1761 2614 1816 2658 et

627 2674 908 2760 patiemini
935 2747 948 2758 υ
1461 2686 1653 2760 omnes
1671 2673 1792 2760 .dis-

627 2747 683 2802 in
718 2762 826 2812 me,
859 2747 984 2816 quia
1461 2747 1626 2817 cipuli
1653 2747 1811 2802 dixe-

627 2819 893 2890 scriptum
1461 2828 1609 2875 runt.

3173 2251 3260 2305 59.
3297 2250 3364 2304 Et
3393 2249 3588 2303 iterum
3618 2243 3728 2300 abi-

3172 2322 3263 2376 40.
3289 2323 3330 2375 it
3355 2335 3532 2375 orare.
3564 2316 3632 2372 Et

3172 2395 3340 2454 venit,
3362 2401 3418 2446 ct
3439 2394 3590 2445 inve-

3172 2463 3250 2520 nit
3275 2464 3396 2518 illos
3417 2461 3546 2518 dor—

3172 2537 3400 2592 mientes
3435 2551 3448 2587 :
3479 2534 3576 2600 (e-

3172 2614 3294 2662 rant
3320 2605 3465 2660 enim

3175 2678 3317 2734 oculi
3344 2677 3568 2732 illorum

3175 2753 3196 2781 ⁸
3224 2748 3496 2818 degravati
3523 2744 3544 2817 )

3176 2832 3232 2878 et
3259 2822 3472 2892 ignora-

2334 2273 2429 2311 sus
2459 2256 2699 2326 paulum,

2333 2329 2353 2359 °
2379 2328 2582 2383 decidit
2607 2328 2658 2379 in

2330 2399 2524 2454 faciem
2549 2412 2638 2451 su-

2332 2485 2429 2540 per
2457 2481 2656 2524 tcrram
2683 2483 2698 2540 ς

2330 2539 2386 2596 et
2406 2541 2619 2603 orabat,
2651 2539 2696 2593 si

2332 2613 2448 2668 lieri
2475 2619 2675 2682 potest,

2332 2693 2390 2738 ut
2418 2683 2674 2736 transiret

2331 2755 2400 2809 ab
2429 2755 2520 2809 illo
2564 2752 2696 2806 liora
2727 2769 2738 2804 :

2330 2827 2422 2882 56.
2452 2835 2506 2881 et
2534 2824 2750 2880 dicebat
2783 2841 2793 2874 :

1965 2958 2196 3018 CODEX
2236 2961 2631 3018 BRIXIANUS.

621 3077 702 3132 ait
732 3075 859 3130 illis.
892 3073 990 3130 Hie
1037 3081 1122 3130 est
1147 3072 1380 3144 Sanguis
1428 3088 1582 3128 meus
1611 3073 1734 3128 novi
1765 3075 2100 3128 testamenti.
2129 3074 2223 3144 qui

621 3164 722 3218 pro
753 3144 1314 3218 multisell‘undetur.
1351 3146 1522 3218 Amen
1553 3145 1699 3218 dico,
1724 3145 2054 3218 vobis.iquia
2111 3160 2220 3199 non

627 3216 858 3271 adiciam
911 3217 1098 3270 bibere
1144 3219 1210 3269 de
1253 3217 1606 3286 generatione
1656 3217 1783 3270 vitis
1834 3216 2016 3284 hujus.
2050 3230 2222 3287 usque

623 3289 680 3343 in
728 3289 872 3342 diem
908 3287 1082 3340 illum.
1114 3301 1236 3341 cum
1285 3287 1417 3342 illud
1475 3287 1654 3342 bibam
1703 3303 1901 3342 novum
1948 3288 2002 3341 in
2059 3302 2226 3356 regno

635 3359 755 3413 Dei.
792 3359 856 3413 Et
907 3359 1107 3414 livtnno
1131 3358 1301 3412 dicto.
1335 3359 1586 3413 exierunt
1639 3361 1692 3414 in
1733 3369 1972 3414 montem
2005 3359 2225 3414 Oliveti.

631 3431 701 3485 Et
727 3431 802 3483 ait
832 3430 912 3483 eis
936 3415 1117 3484 Jesus.
1141 3429 1276 3496 Quia
1296 3445 1487 3484 omnes
1508 3430 2012 3486 scandalizabimini
2043 3432 2093 3483 in
2116 3446 2223 3485 me.

629 3501 756 3570 quia
807 3501 1066 3572 scribtum
1119 3509 1224 3555 est.
1260 3501 1569 3556 Percutiam
1597 3511 1892 3572 pastorem.
1929 3512 1982 3556 et
2013 3501 2227 3570 dispar-

629 3583 827 3641 genlur
858 3587 1014 3643 oves.
1044 3571 1150 3626 Sed
1210 3581 1561 3643 posteaquam
1593 3588 1969 3627 resurrexero.
2003 3588 2227 3643 praece-

630 3645 753 3697 dam
785 3659 883 3698 Vus
907 3644 960 3696 in
991 3642 1273 3698 Galileam.
1300 3642 1492 3699 Petrus
1522 3651 1702 3698 autem
1732 3645 1810 3698 ait
1841 3645 1912 3698 ei.
1947 3642 2018 3698 Et
2042 3645 2087 3698 si
2109 3659 2227 3699 om-

633 3730 732 3769 nes
761 3713 1107 3770 scaudalizati
1143 3715 1366 3785 fuerint.
1403 3715 1498 3770 sed
1529 3731 1630 3785 ego
1659 3729 1788 3768 non.

703 3785 866 3840 Etait
898 3785 972 3839 illi
999 3776 1178 3840 Jesus‘.
1215 3791 1383 3842 Amen
1433 3776 1707 3841 dico'tibi
1731 3787 1857 3856 quia
1911 3785 2013 3840 hac
2066 3798 2224 3842 nuch

625 3856 940 3928 priusquam
974 3857 1056 3912 bis
1083 3858 1263 3927 gallus
1289 3867 1488 3912 cantet.
1524 3867 1607 3912 ter
1637 3873 1725 3912 me
1756 3857 2000 3926 negavis.
2032 3857 2102 3911 At
2133 3860 2226 3914 ille

627 3929 860 3998 amplius
883 3929 1228 3998 loquebatur.
1248 3930 1370 3984 Etsi
1403 3930 1703 3999 oportuerit
1733 3945 1820 3983 me
1851 3930 1988 3984 mori
2023 3940 2220 3985 tecum.

629 4016 738 4054 nou
770 4011 820 4055 te.
849 4001 1079 4070 negabo.
1113 4000 1376 4056 Similiter
1405 4012 1585 4056 autem
1615 4010 1669 4056 et
1697 4015 1887 4055 omnes
1941 4001 2222 4056 dixerunt.

629 4071 701 4128 Et
726 4080 994 4129 venerunt
1017 4072 1073 4128 in
1100 4072 1299 4138 locum,
1348 4073 1433 4128 cui
1491 4087 1688 4129 nomen
1741 4071 2222 4129 est.Gethsemani

2332 3075 2398 3130 Et
2424 3075 2500 3128 ait
2525 3075 2810 3144 discipulis
2837 3077 2972 3131 suis.
2999 3075 3200 3132 Sedete
3221 3075 3309 3130 hic
3335 3073 3513 3129 donec
3545 3085 3721 3126 orem.
3751 3068 3810 3122 Et
3836 3066 3899 3119 ad.

2329 3147 2524 3202 sumsit
2558 3148 2799 3202 Petrum.
2832 3157 2888 3203 et
2915 3147 3201 3204 Jacobum.
3234 3156 3290 3202 et
3315 3145 3622 3217 Iohannem
3651 3148 3898 3217 secunpci

2328 3219 2508 3287 coepit
2538 3233 2733 3288 pavere
2761 3229 2818 3274 et
2877 3219 3122 3274 taedere.
3173 3228 3230 3274 et
3279 3215 3510 3272 anxiari.
3567 3214 3637 3269 Et
3682 3215 3756 3266 ait
3798 3211 3898 3288 illis.

2331 3283 2640 3360 Tristis'est
2671 3291 2851 3344 anima
2885 3305 3004 3346 mea
3046 3305 3222 3360 usque
3273 3289 3340 3342 ad
3390 3295 3646 3342 mortem.
3682 3283 3899 3360 sustinete

2333 3359 2420 3416 hic
2473 3370 2529 3415 et
2588 3363 2830 3430 vigilate.
2901 3361 2967 3416 Et
3039 3355 3163 3416 cum
3219 3360 3584 3431 processisset
3646 3355 3894 3431 paululum.

2331 3432 2565 3501 procidit
2614 3429 2778 3503 super
2810 3441 3032 3487 terram.
3068 3444 3124 3488 et
3165 3429 3356 3488 orabat
3383 3439 3464 3503 _ut
3494 3429 3698 3503 si_lieri
3740 3433 3896 3501 posset

2333 3503 2591 3556 transiret
2611 3501 2767 3557 abeo
2790 3505 2924 3557 liora
2948 3504 3058 3558 illa.
3095 3514 3150 3559 et
3182 3504 3340 3558 dixit.
3366 3501 3518 3558 Abba
3551 3501 3732 3554 Pater.
3761 3509 3894 3549 omni:

2332 3575 2610 3644 possibilia
2647 3575 2740 3628 tibi
2799 3583 2946 3629 sunt.
2999 3575 3237 3630 transfer
3284 3571 3708 3644 calicemiburg:
3755 3583 3781 3621 a
3821 3579 3895 3644 me.

2333 3637 2429 3700 sed
2461 3660 2564 3699 non
2598 3645 2740 3715 quod
2770 3662 2870 3716 ego
2902 3647 3051 3701 νυιυ.
3083 3647 3179 3702 sed
3211 3645 3354 3716 quod
3385 3654 3443 3699 tu
3499 3643 3604 3716 vis.
3659 3640 3726 3695 Et
3759 3637 3894 3716 fenil-

2329 3727 2384 3771 et
2441 3710 2648 3771 invenit
2710 3710 2830 3772 eus'
2855 3717 3195 3773 dormientes
3229 3710 3325 3771 'Et
3395 3717 3472 3768 ait
3523 3715 3702 3769 Petro.
3754 3710 3893 3764 Simos

2329 3787 2558 3842 dormis.
2616 3802 2721 3842 non
2773 3790 2997 3857 potuisti
3054 3805 3157 3843 una
3214 3788 3346 3842 hora
3415 3786 3661 3860 vigilare.
3711 3781 3893 3860 Vigilnlc

2329 3870 2384 3914 et
2414 3869 2591 3914 orate.
2626 3876 2694 3914 ne
2725 3851 2940 3914 iu'tretis
2963 3861 3014 3915 in
3045 3861 3442 3915 temtationem.
3467 3851 3703 3926 Spiritus
3723 3851 3894 3924 quidem

2329 3942 2598 3999 promtus.
2633 3947 2762 3986 caro
2794 3943 2974 3986 autem
3024 3932 3260 3986 inﬁrma.
3300 3931 3364 3983 Et
3398 3932 3595 3984 iterum
3625 3926 3753 3980 abiit
3776 3937 3891 3999 oratr

2329 3998 2564 4057 eundem
2590 4018 2897 4058 sermonem
2923 4005 3132 4058 dicens.
3168 4003 3235 4056 Et
3267 4015 3521 4057 reversus
3549 3999 3749 4054 denuo.
3781 3998 3890 4068 inv:-

2331 4075 2413 4128 nit
2434 4088 2530 4130 eos
2555 4073 2910 4130 dormientes.
2943 4083 3101 4131 erant
3122 4075 3271 4131 enim
3304 4073 3448 4129 oculi
3479 4085 3668 4128 eorum
3707 4074 3888 4139 gravati.

1933 4207 2164 4267 CODEX
2204 4209 2677 4267 CORBEIENSIS.

701 4306 794 4361 24.
841 4305 1069 4368 Omittit,
1103 4305 1231 4359 novi
1259 4303 1597 4360 testamenti.

703 4377 797 4431 25.
841 4392 949 4432 non
982 4376 1164 4431 bibam
1195 4375 1264 4430 de
1285 4377 1642 4444 generatione
1666 4373 1812 4428 vitis.

702 4448 795 4502 27.
819 4448 1028 4503 Omnes
1050 4462 1146 4502 vos
1168 4447 1522 4502 scandalizari
1549 4445 1782 4510 habetis,
1803 4444 1924 4514 quia
1945 4444 2232 4513 scriptum.

705 4518 796 4573 29.
843 4518 910 4572 Et
940 4520 983 4572 si
1011 4534 1202 4575 omnes
1224 4519 1577 4575 scandalizati
1607 4516 1834 4585 fuerint,
1865 4516 1964 4574 sed
1995 4531 2097 4586 ego
2127 4532 2236 4572 non

641 4589 1071 4647 scaudalizabor.

2409 4302 2499 4356 55.
2545 4317 2766 4371 pavere,
2801 4313 2856 4358 et
2885 4301 3137 4358 taediari.

2367 4446 2378 4456 _
2411 4374 2502 4430 58.
2535 4373 2775 4445 Surgite,
2806 4384 2861 4430 et
2913 4385 3090 4442 orate,
3123 4383 3181 4430 ut
3238 4380 3479 4430 transeat
3503 4385 3537 4426 a
3582 4371 3729 4429 vobis
3760 4377 3892 4426 tenu-

2342 4455 2505 4572 ιι059.
2538 4517 2603 4571 Et
2626 4517 2823 4573 iterum
2854 4517 2986 4573 abiit
3010 4531 3194 4573 orare.

2416 4588 2508 4645 40.
2540 4589 2606 4644 Et
2632 4590 2884 4656 veniens,
2910 4590 3118 4646 invenit
3144 4601 3241 4646 eos
3263 4587 3623 4645 dormientes.

1882 4700 2283 4758 VARIANTES
2322 4698 2618 4756 LECTION
2626 4702 2730 4758 ES.

701 4825 717 4856 ⁸
756 4823 864 4872 Gat.
892 4823 1120 4885 quoniam
1147 4833 1244 4870 non
1283 4820 1464 4885 bibam
1485 4818 1565 4885 dei
1592 4816 2039 4885 germine_vitis...
2073 4815 2236 4885 bibam

639 4886 886 4934 vobiscum
910 4879 1089 4934 novum
1115 4885 1162 4932 in
1187 4896 1344 4944 regno
1374 4881 1487 4931 Dei.
1525 4879 1672 4944 Vulg.
1699 4881 1816 4943 quia
1832 4879 1931 4939 jam
1957 4892 2055 4944 non
2076 4879 2239 4927 bibam

636 4947 700 4996 de
729 4949 819 4995 hoc
843 4949 1096 5008 genimine
1121 4964 1133 4988 ι.
1150 4941 1288 4994 ἱιὶε.ἷ.
1321 4945 1483 5008 bibam
1509 4941 1686 5008 llO‘i‘tl—lll
1712 4941 1757 5008 in
1787 4956 1943 5003 regno
1966 4941 2078 4990 Dei.

699 5011 719 5041 ²
754 5001 871 5059 Gut:
889 5010 1075 5057 Omnes
1101 5021 1184 5056 vos
1224 5007 1613 5057 scandalizamini
1648 5007 1698 5053 in
1739 5007 1828 5053 ista
1850 5001 2029 5053 Tnocte.
2091 5001 2236 5067 Vulg.

638 5072 824 5121 Omnes
847 5070 1282 5119 scaudalizabimiui
1310 5071 1355 5117 in
1381 5083 1456 5116 me
1477 5069 1524 5116 in
1553 5077 1695 5116 nocte.
1726 5068 1833 5115 ista.

702 5137 724 5164 ⁸
754 5135 859 5182 Gut.
887 5132 1191 5182 seandalizati
1219 5132 1427 5189 fuerint,
1449 5131 1558 5179 sed.
1587 5129 1733 5195 Vulg.
1759 5128 1944 5195 fuerin}
1970 5129 2016 5195 in
2039 5134 2111 5186 te,
2131 5127 2238 5195 sed.

701 5195 723 5226 ⁸
758 5197 863 5246 Gut.
888 5203 1134 5246 venerunt
1157 5195 1202 5242 in
1223 5195 1586 5258 praedium,cui
1606 5190 1788 5243 nomen
1809 5200 1887 5242 est
1904 5190 2239 5241 Gctltsamani.

2351 4814 2501 4882 Vulg:
2531 4819 2735 4882 veniunt
2756 4819 2806 4867 in
2833 4818 3109 4882 praedium,
3137 4819 3213 4882 cui
3238 4832 3415 4882 nomen
3439 4817 3773 4871 Getbsemani.

2405 4880 2426 4947 ξ
2452 4879 2570 4947 ἲξω.
2594 4881 2794 4947 vigilate
2819 4879 3036 4947 mecum.
3071 4881 3216 4947 Vulg.
3246 4881 3467 4944 vigilate.
3633 4941 3642 4947 _

2407 4941 2427 4972 θ
2461 4944 2567 4993 Gut.
2611 4937 2817 5006 piocidit
2853 4947 2905 4992 in
2928 4944 3106 4994 faciem
3141 4937 3278 4993 suam
3294 4937 3494 5006 "super.
3548 4941 3688 5007 Vulg.
3733 4937 3894 5004 procidii

2343 5016 2570 5140 surda.
2598 5069 2734 5140 venit
2757 5068 2818 5140 ad
2837 5081 2942 5140 eos,
2963 5075 3021 5140 et
3041 5069 3295 5119 invenit...
3325 5067 3535 5133 vigilare
3556 5080 3759 5120 mecum.
3793 5062 3895 5122 νκωι
3918 5069 3919 5098 ἶ

2347 5131 2500 5192 venit.
2525 5138 2577 5179 et
2605 5131 2853 5180 invenit...
2879 5131 3108 5192 vigllare.

2409 5191 2430 5222 ⁸
2467 5192 2572 5242 Gut.
2601 5192 2844 5254 ingravati
2869 5205 2896 5241 a
2916 5191 3105 5245 sumne.
3141 5193 3288 5260 Vulg.
3312 5195 3520 5258 gravati.

1342 5315 1635 5356 LECTIONES
1651 5313 1855 5354 CODICIS
1875 5313 2286 5354 VINDEBONENSIS
2315 5314 2591 5354 ABEUNTES
2620 5315 2686 5354 ΑΒ
2710 5316 2961 5355 EDITIONE
2994 5317 3268 5357 νυιρΑτΑ.

638 5431 802 5482 meus,
825 5419 908 5482 qui
951 5425 1027 5468 est
1051 5418 1162 5468 novi
1195 5418 1498 5482 testamenti.
1563 5417 1642 5482 23;.
1666 5415 1792 5482 quod
1813 5413 1911 5482 jam
1946 5427 2042 5462 non
2076 5413 2238 5482 bibam

637 5482 703 5533 de
725 5477 1051 5545 generatione
1069 5482 1198 5545 vitis.
1265 5481 1344 5530 26.
1374 5479 1454 5545 E_t,
1473 5493 1588 5545 cum
1604 5477 1802 5545 laudern
1815 5478 2077 5545 dixissent,
2096 5477 2240 5524 exie-

639 5538 757 5594 rttni.
780 5547 830 5592 in
856 5552 1072 5593 montem
1095 5543 1295 5592 Oliveti.
1364 5538 1448 5592 27."
1472 5542 1529 5590 Et
1549 5544 1616 5589 ait
1651 5539 1745 5588 illis
1779 5538 1926 5586 Jcsus
1956 5539 2108 5596 :Quia
2135 5552 2239 5585 om-

640 5621 734 5657 nes
753 5621 836 5656 vos
857 5606 1136 5656 scandalum
1164 5606 1411 5667 patiemini
1435 5605 1488 5667 in
1513 5616 1611 5662 uie,
1635 5603 1746 5664 quia
1770 5602 2003 5667 scribtum
2020 5608 2165 5667 est...
2181 5608 2246 5667 et

641 5683 762 5718 oves
797 5662 1199 5732 dispargentur}
1230 5669 1307 5732 28.
1346 5665 1448 5732 Sed
1489 5662 1820 5732 posteaquam.
1987 5662 2056 5732 ait
2080 5664 2163 5732 ei_:_
2181 5662 2244 5732 Ιιξι

643 5733 682 5777 si
706 5723 1137 5780 omnes'sca'ndaliz
1155 5731 1203 5779 ιιί
1228 5730 1432 5788 fuerint,
1472 5723 1560 5776 sed
1604 5723 1700 5786 ego
1723 5737 1839 5773 non.
1905 5725 1987 5775 50.
2014 5723 2097 5788 Cui
2118 5724 2242 5773 dixit

644 5790 792 5839 Jesua
822 5807 830 5838 :
857 5793 1014 5841 Amen
1037 5793 1146 5840 dico
1171 5794 1279 5852 tibi,
1307 5793 1397 5839 hac
1424 5796 1583 5848 nocte,
1610 5791 1743 5851 prius
1777 5801 1921 5848 quam
1951 5787 2109 5849 gallus
2127 5799 2241 5835 can-

2347 5423 2440 5478 tet,
2478 5421 2553 5478 ter
2592 5428 2671 5465 me
2711 5416 2999 5477 abnegabis.
3067 5417 3147 5467 51.
3176 5415 3249 5465 Ad
3273 5412 3891 5478 ille...Etiamsi0portueril

2347 5475 2490 5540 simul
2537 5491 2616 5525 me
2657 5475 2908 5540 commori,
2954 5491 3068 5527 non.
3137 5480 3216 5528 52.
3255 5479 3565 5529 Gesscmani.
3629 5475 3713 5528 55.
3751 5488 3797 5528 et
3824 5487 3890 5525 ωε»

2345 5538 2498 5604 (Ῐίεηίἱ
2511 5601 2528 5604 _
2557 5540 2636 5588 54.
2664 5539 2759 5589 illis
2785 5553 2796 5588 :
2825 5538 3116 5604 Contristata
3137 5551 3214 5591 est
3237 5543 3395 5604 anima
3415 5555 3524 5591 mea
3547 5556 3700 5604 usque
3723 5545 3777 5590 ad
3805 5553 3889 5588 mur-

2347 5601 2702 5661 temJianete,
2728 5609 2777 5651 et
2807 5601 3023 5665 vigilate.
3090 5604 3170 5652 35.
3191 5603 3463 5665 prociditiu
3478 5601 3649 5654 faciem
3671 5617 3810 5665 super
3824 5612 3889 5647 trr-

2345 5675 2475 5728 ram;
2503 5672 2555 5712 et
2579 5665 2748 5728 orabat
2783 5672 2840 5714 ut
2884 5666 3154 5728 transiret,
3183 5668 3226 5715 si
3268 5665 3372 5715 ﬁeri
3421 5674 3601 5726 potest,
3631 5669 3693 5716 ab
3727 5681 3784 5715 eo
3814 5665 3887 5728 heri
3918 5669 3919 5706 ὲ

2345 5724 2485 5774 haec.
2553 5729 2631 5774 .16.
2678 5727 2734 5776 Et
2778 5728 2904 5777 dixit
2929 5739 2940 5776 :
2969 5724 3313 5792 Abba'Patcr,
3360 5724 3602 5790 possibilia
3643 5735 3794 5781 omnia
3835 5724 3919 5776 tibi:

2347 5798 2401 5834 δυ
2410 5797 2456 5835 Di
2467 5824 2475 5834 .
