3956 6206
99 273 197 332 833

1081 255 1539 316 EVANGEIJUM
1578 250 1958 313 SECUNDUM
1997 248 2314 311 MARCUM.

451 377 677 436 CODEX
716 372 1262 435 VERCELLENSIS.

96 480 226 539 haut,
245 471 363 542 quid
394 485 505 527 res-

94 547 381 618 ponderent.

91 615 169 675 II.
200 616 263 672 ei.
294 615 358 670 Et
385 626 471 668 ve-

93 690 160 744 nit
186 689 352 751 tertio,
384 693 436 738 et

89 761 203 817 dicit
227 758 324 813 illis
354 778 368 815 :

92 828 445 900 Dormilejam,

91 912 138 958 et
161 902 388 969 requies-

89 976 197 1029 cite.
220 972 470 1029 Consum-

89 1055 243 1099 tuatus
270 1053 349 1100 est
376 1043 435 1098 [i-

91 1116 163 1170 nis
198 1132 211 1169 :
249 1115 458 1171 advenit

88 1187 205 1242 hora
234 1203 248 1251 ;
275 1197 328 1242 et
355 1201 445 1242 cc-

88 1276 142 1313 ce
170 1256 381 1312 traditur

90 1329 236 1385 Filius
256 1328 421 1384 homi-

88 1401 161 1455 nis
190 1402 237 1454 in
260 1400 424 1456 mani—

92 1473 174 1525 luts
196 1482 436 1540 peccato-

86 1543 165 1598 4‘2.
202 1558 331 1598 rum.
360 1541 539 1612 Surgi-

92 1627 153 1678 Ic,
177 1629 353 1669 eamus
380 1630 394 1667 :
427 1627 515 1670 ec-

91 1701 143 1740 ce
163 1685 431 1756 adpropin-

91 1758 269 1825 quavit,
296 1758 382 1826 qui

93 1843 163 1881 me
175 1827 388 1882 traditu-

94 1914 168 1952 rus
185 1908 278 1954 est.

94 1969 167 2024 45.
192 1968 369 2042 Adhuc
391 1985 456 2027 eo
478 1969 711 2042 loquen-

96 2050 157 2104 te,
176 2042 308 2095 venit
330 2040 421 2098 Iu-

94 2110 173 2167 das
201 2113 215 2143 ¹
238 2112 473 2170 Scarioth

96 2198 210 2238 IIIIIIS
234 2199 297 2239 ex
317 2200 408 2240 III.

95 2263 261 2309 etcum
287 2256 375 2312 illo

96 2326 225 2379 turba
239 2341 349 2383 cum

94 2397 274 2465 gladiis,
297 2406 348 2454 et
374 2397 477 2454 fus-

96 2467 231 2530 tibus,
252 2483 279 2523 a
301 2468 454 2526 Sum-

97 2540 181 2592 mis
205 2538 458 2595 Sacerdo-

98 2610 231 2673 tibus,
252 2621 303 2666 et
325 2612 468 2667 Scri-

97 2679 182 2746 bis,
205 2691 254 2737 et
276 2681 459 2738 Senio-

97 2753 241 2809 ribus.

96 2824 167 2876 44.
195 2823 338 2880 Dedit
361 2833 562 2894 autem,

96 2896 168 2961 qui
188 2910 297 2950 eum
326 2907 430 2952 tra-

97 2964 248 3038 debat,
268 2967 495 3038 signum,

97 3036 255 3091 dicens
281 3054 293 3092 :
318 3036 520 3107 Quem-

97 3120 294 3179 cumque
313 3126 391 3166 os-

99 3179 274 3236 culatus
303 3180 418 3238 fue-

99 3262 163 3313 ro,
189 3251 291 3319 ipse
317 3261 397 3310 est
416 3271 430 3308 :
448 3262 526 3310 te-

99 3329 201 3377 nete
218 3322 380 3391 illum,

898 478 954 523 et
984 469 1004 498 ²
1034 466 1220 522 ducite
1248 481 1374 523 eum

896 537 1208 609 diligenter.

895 611 989 666 45.
1021 611 1086 664 Ει
1101 610 1364 677 accessit,
1392 619 1448 666 et

898 683 973 736 ait
1002 681 1077 735 illi
1102 697 1115 733 :
1148 681 1299 736 llabc

898 751 1071 807 Babbi
1102 769 1115 806 :
1141 760 1197 807 et
1224 767 1374 809 oscu-

901 824 1041 878 latus
1067 833 1152 879 est
1171 839 1317 879 eum.

898 895 989 950 46.
1023 893 1175 950 Tunc
1197 896 1275 949 illi
1306 893 1443 966 inje-

898 976 1091 1021 cerunt
1109 967 1158 1020 ei
1190 981 1300 1021 ma-

899 1053 1022 1103 nus,
1050 1046 1107 1093 et
1129 1045 1320 1094 tenue-

897 1118 1021 1163 runt
1044 1123 1188 1164 eum.

894 1179 986 1234 47.
1014 1178 1164 1235 Unus
1190 1190 1369 1235 autem

892 1250 1115 1321 quidam
1144 1251 1276 1307 edu~

894 1322 971 1376 xit
995 1321 1256 1392 gladium,

890 1402 947 1448 et
968 1395 1239 1464 percussit

890 1479 1109 1519 servum
1132 1464 1153 1494 ³
1180 1466 1339 1521 Sum-

896 1536 968 1590 mi
998 1535 1263 1591 Sacerdo-

893 1608 985 1672 tis,
1008 1615 1064 1661 et
1108 1621 1298 1676 ampu-

897 1678 1037 1733 tavit
1067 1677 1144 1731 illi
1167 1694 1266 1733 au—

896 1748 1147 1803 riculam.

894 1821 983 1877 48.
1019 1819 1174 1875 Iesus
1215 1829 1397 1877 autem
1427 1820 1512 1876 di—

895 1893 976 1946 xit
1003 1892 1084 1946 eis
1115 1909 1128 1944 :
1161 1890 1300 1947 Tan-

892 1978 1053 2033 quam
1082 1962 1149 2017 ad
1172 1963 1247 2017 la—

895 2044 1108 2089 tronem
1138 2049 1223 2090 νε-

894 2106 1055 2161 nistis
1079 2120 1202 2160 cum

891 2177 1109 2246 gladiis,
1141 2182 1198 2231 et
1218 2175 1346 2241 :qu-

894 2249 1061 2311 tihus,
1086 2262 1314 2319 conpre-

894 2319 1139 2374 hendere
1170 2320 1302 2374 me?

893 2390 984 2447 49.
1013 2389 1249 2446 Cottidie
1274 2405 1423 2447 eram

894 2462 1195 2528 vobiscum,
1220 2462 1275 2518 in

899 2534 1102 2603 templo
1128 2533 1230 2589 do—

895 2620 1048 2671 cens,
1080 2614 1136 2660 et
1163 2621 1273 2661 non

895 2676 1206 2732 detinuistis

895 2762 1005 2803 me.
1030 2746 1161 2812 Sed,
1186 2756 1245 2803 ut
1270 2747 1353 2803 in-

895 2820 1147 2889 pleantur

892 2891 1230 2958 Scripturae.

896 2962 987 3019 50.
1010 2963 1099 3029 Et,
1127 2962 1318 3019 relicto
1344 2978 1433 3030 eo,

894 3048 1089 3089 omnes
1121 3032 1274 3101 luge-

895 3106 987 3161 51.
1018 3113 1166 3160 runt.
1194 3105 1263 3160 Et
1285 3104 1441 3175 juve-

896 3178 979 3231 nis
1006 3176 1224 3247 quidam

894 3246 1229 3318 sequebatur

897 3334 1049 3387 eum,
1080 3321 1250 3375 amic—

3256 249 3363 308 851

2156 365 2388 426 CODEX
2433 361 2972 423 VERCELLENSIS.

2271 476 2484 520 DEFICIT
2511 475 2854 516 VERONENSIS.

1767 546 1852 590 tus
1882 537 2165 593 sindonem

1761 622 1925 678 supra
1948 609 2151 664 nudum

1764 695 1961 751 corpus
1993 697 2005 734 :
2033 689 2087 735 et
2103 679 2192 735 de.

1765 752 2043 806 tiuuerunt

1763 821 1853 878 52.
1887 836 2032 878 eum.
2059 820 2143 878 Ad
2170 822 2282 888 ille,

1765 894 2081 964 relinquens

1763 967 2071 1028 sindonem,

1763 1037 1939 1092 nudus
1966 1035 2102 1107 fugit

1762 1108 1831 1161 ah
1858 1109 1960 1163 eis.

1761 1179 1851 1233 55.
1874 1180 1937 1234 Et
1961 1178 2233 1235 duxerunt

1760 1249 1943 1305 Jesum
1972 1251 2040 1305 ad
2069 1252 2223 1307 Sum-

1762 1338 1908 1376 mum
1928 1323 2123 1378 Sacer-

1761 1393 1943 1447 dotem
1974 1408 1988 1458 ;
2019 1403 2073 1448 et
2108 1408 2241 1449 con-

1762 1464 1987 1519 veniunt
2016 1480 2130 1519 om-

1763 1550 1862 1591 nes
1901 1536 2122 1591 Pontili—

1760 1620 1874 1671 ces,
1907 1618 1961 1662 et
1985 1607 2234 1673 Scribae,

1760 1689 1817 1732 et
1844 1677 2121 1734 Seniores.

1762 1748 1854 1805 54.
1887 1749 1954 1803 Ει
1990 1749 2187 1805 Petrus
2213 1763 2301 1807 se-

1762 1828 1921 1875 ειιῐιιε
1958 1831 2042 1877 (351.
2072 1837 2196 1876 eum

1764 1890 1787 1922 δ
1815 1907 1988 1963 usque
2017 1893 2071 1948 in
2110 1893 2235 1949 atri-

1764 1978 1853 2017 um
1878 1964 2090 2019 Summi

1766 2033 2073 2091 Sacerdotis
2097 2053 2110 2089 :

1760 2117 1816 2160 et
1832 2115 1949 2161 erat
1971 2107 2169 2162 sedens

1759 2191 1882 2231 cum
1916 2177 2108 2232 minis-

1760 2248 2097 2315 tris,calﬁci-

1757 2334 1858 2376 ens
1888 2335 1948 2375 se
1975 2320 2043 2376 ad
2075 2321 2144 2391 ig-

1759 2407 1907 2447 nem.

1760 2463 1848 2519 55.
1874 2461 2151 2534 Principes
2181 2478 2276 2518 au-

1759 2545 1868 2590 tem
1896 2534 2162 2591 Sacerdo-

1760 2617 1893 2671 lum,
1922 2616 1976 2662 et
2003 2604 2206 2679 Conci-g

1760 2678 1889 2733 lium
1922 2686 2094 2733 totum

1758 2750 2074 2821 quaerebant
2076 2759 2096 2803 t

1761 2819 2023 2876 adversus
2047 2819 2236 2876 Jesum

1761 2891 2161 2957 testimonium,

1761 2974 1820 3019 ut
1847 2963 2012 3018 morti
2029 2977 2154 3018 cum

1759 3035 2085 3091 adiicerent:

1760 3119 1815 3161 et
1846 3122 1954 3161 non
1988 3106 2141 3161 inve-

1758 3177 1849 3234 56.
1884 3185 2103 3232 nerunt.
2138 3175 2268 3232 Mul-

1762 3252 1801 3305 ti
1823 3249 1969 3304 enim
1994 3248 2131 3303 falso

1761 3322 2104 3378 testabantur

2598 534 2665 588 de
2696 549 2761 587 co
2783 549 2798 598 ;
2824 542 2879 587 et
2908 547 3015 588 non

2598 613 2756 659 erant
2785 619 2978 674 aequa-

2601 675 2671 730 lia
2702 677 2942 731 testimo-

2600 746 2684 801 nia
2715 761 2930 803 eorum.

2599 818 2689 875 57.
2718 818 2785 892 Et
2803 819 2893 892 alii
2923 832 3145 892 surgen-

2599 902 2701 957 tes,
2730 889 2931 946 dabant

2595 960 2788 1016 falsum
2821 960 2965 1018 testi~

2594 1033 2840 1087 monium

2595 1103 2868 1160 adversus
2889 1120 3037 1171 cum,

2596 1174 2688 1231 58.
2713 1176 3140 1247 dicentes:Qui-

2600 1262 2629 1299 a
2662 1262 2760 1302 nos
2786 1247 2997 1302 audivi-

2601 1333 2722 1372 mus
2743 1334 2866 1373 eum
2891 1319 2967 1372 di-

2599 1400 2810 1445 centem
2843 1408 2857 1444 :
2897 1389 3042 1457 Quo-

2601 1462 2745 1515 niam
2772 1476 2874 1532 ego
2900 1463 3023 1518 des-

2598 1542 2773 1586 truam
2807 1542 2944 1588 tetu-

2594 1603 2745 1673 plum
2782 1603 2884 1659 hoc
2912 1619 3024 1659 ma-

2594 1676 2758 1730 nibus
2779 1675 2968 1730 aedili-

2593 1756 2795 1811 catutn,
2829 1755 2883 1801 et
2908 1747 2930 1778 ⁵
2964 1755 3087 1815 post

2596 1818 2814 1872 tertium
2851 1817 3000 1874 diem

2597 1889 2743 1943 aliud
2775 1891 2952 1944 susci-

2600 1960 2726 2016 tabo
2753 1976 2861 2015 non
2890 1974 3008 2015 ma-

2598 2032 2877 2088 nulactunt
2888 2072 2901 2085 .

2597 2103 2690 2160 59.
2722 2104 2789 2158 Et
2813 2118 2912 2159 nec
2940 2102 3023 2160 sic
3060 2114 3219 2161 erant

2598 2173 2933 2231 convenien-

2597 2247 2673 2301 tia
2699 2248 2947 2302 testimo.

2596 2319 2686 2373 nia
2718 2319 2960 2374 illorum.

2598 2390 2690 2447 60.
2720 2389 2787 2445 Ει
2815 2403 3046 2460 surgens
3063 2387 3221 2445 Prin-

2597 2477 2726 2532 ceps
2747 2461 3015 2518 Sacerdo-

2601 2543 2712 2588 tum
2746 2534 2798 2587 in
2845 2548 2961 2589 me-

2595 2605 2707 2670 dio,
2736 2604 2758 2637 °
2788 2605 3022 2660 interro-

2633 2677 2743 2732 avit
2769 2675 2954 2731 Iesum
2983 2694 2995 2729 :

2646 2748 2740 2802 ihil
2782 2762 3003 2817 respon-

2594 2819 2693 2875 des
2716 2818 2784 2873 ad
2802 2818 2960 2883 haec,

2593 2905 2735 2960 quae
2760 2889 2851 2945 isti
2875 2889 2969 2944 ad-

2599 2975 2791 3017 versus
2815 2968 2869 3016 te
2898 2974 3032 3015 0011-

2600 3040 2867 3087 testantur
2893 3031 2914 3086 i

2597 3104 2689 3159 61.
2725 3104 2788 3158 Et
2812 3102 2887 3158 ait
2917 3101 2990 3157 illi
3024 3118 3037 3157 :
3072 3100 3254 3169 Tu,es

2597 3174 2848 3231 Christus
2890 3174 3060 3230 Filius
3087 3174 3183 3230 be-

2600 3246 2798 3302 nedicti
2818 3246 2843 3300 ?

2597 3318 2689 3375 62.
2706 3316 2866 3375 Iesus
2888 3326 3070 3375 autem
3100 3331 3218 3374 res-

1377 3454 1611 3513 CODEX
1648 3453 2044 3513 BRIXIANUS.
2065 3461 2104 3516 ιε

100 3583 143 3627 et
166 3575 458 3650 ignorabant
498 3577 633 3650 quid
660 3576 710 3650 ei
742 3574 1155 3650 responderent.
1189 3574 1255 3650 Et
1285 3574 1443 3650 venit
1480 3575 1639 3650 tertio
1766 3574 1877 3631 dio.
1921 3574 3140 3650 percussit_servumPrincipis_Sacerdotu_m.
3168 3583 3229 3650 et
3250 3590 3364 3631 am-

99 3653 142 3698 et
161 3648 224 3701 ait
256 3648 376 3706 illis.
406 3645 651 3706 Doriuite
691 3645 845 3716 jam.’
880 3657 936 3702 et
980 3646 1328 3718 requiescite.
1363 3645 1532 3718 Adest
1586 3648 1651 3700 Ii-
1764 3647 1972 3718 putavit
1997 3646 2074 3701 illi
2096 3646 2405 3718 auriculam,
2432 3645 2699 3703 dextram.
2738 3648 2806 3703 Et
2835 3648 3172 3718 respondens
3205 3648 3367 3705 Iesus

100 3718 184 3780 nis,
207 3721 341 3775 venit
370 3722 522 3777 hora.
577 3721 722 3776 Ecce
749 3718 980 3774 traditur
1008 3716 1152 3772 ﬁlius
1185 3716 1422 3792 hominis
1450 3716 1501 3792 in
1538 3732 1655 3771 ma-
1763 3716 1994 3792 aitjllis.
2020 3717 2412 3792 Tamquamad
2442 3718 2707 3792 latronem
2746 3716 2969 3776 venistis
3005 3736 3131 3776 cum
3166 3719 3366 3792 gladiis

102 3801 183 3863 nus
216 3803 569 3859 peccatorum.
598 3791 819 3863 Surgite
845 3803 1057 3847 eamus.
1094 3802 1223 3845 ecce
1247 3788 1657 3860 adpropinqua-
1763 3798 1820 3847 et
1845 3789 2082 3863 [ustibus
2109 3788 2561 3860 conprehendere
2589 3805 2698 3863 me.

101 3857 262 3934 rit__qui
287 3878 368 3934 me
394 3864 596 3919 tradet.
712 3857 736 3863 ⁷
859 3933 863 3934 ν
1271 3931 1280 3934 _
1318 3857 1363 3934 ί
1424 3857 1439 3934 ξ
1534 3857 1559 3934 ξ
1836 3861 2069 3934 Cottidie
2092 3857 2253 3934 erant
2277 3869 2417 3934 aput
2444 3877 2562 3934 vos.
2593 3862 2795 3919 docens
2833 3863 2886 3917 in
2916 3865 3141 3934 templo.
3172 3870 3228 3919 et
3256 3876 3362 3919 non

125 3999 134 4010 _
158 3931 211 4010 Et
240 3931 531 4010 confestim
555 3934 736 4010 adhuc
762 3948 829 3989 eo
855 3933 1133 4010 loquente.
1161 3931 1309 4010 venit
1335 3930 1504 4010 Iudas
1527 3932 1658 3987 Sca-
1767 3933 2153 4010 me_teuuistis.
2184 3931 2293 3986 Sed
2322 3943 2380 3985 ut
2407 3930 3076 4010 inpleantur_Scrihturae.

100 4002 235 4076 rioth.
256 4020 386 4061 unus
410 4022 475 4063 ex
501 4006 813 4061 duodecim.
841 4015 895 4059 ct
921 4002 1045 4059 cum
1074 4004 1169 4057 illo
1197 4003 1503 4076 multitudo.
1529 4017 1653 4076 cum
1840 4006 1904 4059 Et
1932 4004 2302 4076 relinquentes
2328 4018 2451 4076 eum
2478 4019 2671 4060 omnes
2712 4006 2982 4076 fugerunt.
3023 4005 3362 4062 Adulescens

97 4071 260 4146 gladiis
294 4085 346 4131 et
384 4078 636 4133 fustibus.
678 4092 708 4131 a
751 4077 991 4146 Summis
1031 4073 1437 4130 Sacerdotibus.
1489 4083 1545 4146 ct
1587 4075 1657 4129 ab
1763 4084 1943 4130 autem
1990 4075 2208 4146 quidam
2248 4075 2580 4144 sequebatur
2619 4071 2795 4131 illum:
2837 4076 3070 4131 amictus
3110 4076 3360 4132 sindone.

100 4140 289 4201 Scribis.
315 4158 367 4201 et
391 4164 418 4201 a
445 4148 792 4204 Senioribus.
828 4145 1067 4201 Dederat
1099 4155 1279 4199 autem
1320 4148 1397 4199 eis
1427 4144 1657 4199 traditur
1761 4147 1907 4201 sicut
1932 4140 2052 4203 erat
2090 4147 2286 4201 nudus.
2317 4140 2373 4200 et
2410 4155 2702 4201 tenuerunt
2727 4162 2873 4203 eum.
2918 4148 2996 4201 Ad
3039 4147 3131 4203 ille
3173 4148 3361 4202 relicta

100 4212 195 4281 ejus
219 4218 415 4288 signum
443 4220 656 4275 dicens.
698 4220 871 4286 Quem
906 4217 1184 4272 osculatus
1214 4214 1368 4271 fuero
1395 4216 1512 4288 ipse
1549 4225 1655 4270 est.
1762 4218 2010 4274 sindone.
2041 4217 2216 4272 nudus
2244 4217 2377 4288 fugit
2401 4217 2471 4272 ab
2496 4218 2596 4272 eis.
2628 4219 2695 4272 Et
2720 4217 3055 4274 adduxerunt
3087 4218 3269 4275 Iesum
3293 4218 3362 4272 ad

101 4288 250 4359 lcttele
268 4286 410 4344 eum.
447 4300 503 4347 et
536 4289 723 4345 ducite
763 4288 1092 4359 ﬁrmissime.
1133 4289 1196 4342 Et
1234 4302 1357 4342 cum
1394 4286 1655 4359 venisset.
1762 4289 2071 4359 Principem
2097 4286 2476 4344 SacerdOtum.
2506 4299 2558 4343 et
2584 4304 2827 4346 convene
2854 4329 2867 4342 .
2897 4328 2910 4342 .
2939 4327 2954 4342 .
2982 4328 2997 4343 .
3024 4327 3040 4343 .
3071 4329 3085 4344 .
3115 4329 3130 4345 .
3158 4328 3172 4344 .
3202 4330 3217 4345 .

102 4357 535 4434 Statimaccedens
560 4360 630 4417 ad
657 4375 805 4434 eum.
836 4360 932 4414 ait.
959 4358 1156 4434 Rabbi.
1185 4368 1241 4413 et
1273 4358 1550 4414 osculatus
1576 4367 1661 4413 est
1828 4357 2155 4434 Mutilusie‘st
2178 4359 2343 4415 codex
2368 4360 2558 4433 pagina
2586 4361 2811 4434 integra,
2841 4360 3036 4417 scilicet
3064 4379 3096 4418 a
3124 4376 3271 4418 versu
3296 4362 3368 4419 55

101 4438 221 4482 cum.
245 4429 309 4486 At
335 4431 431 4487 illi.
461 4446 660 4488 manus
685 4432 991 4499 iniecerunt
1016 4431 1070 4484 in
1097 4444 1244 4485 eum.
1273 4440 1331 4485 et
1371 4438 1661 4485 tenuerunt
1765 4448 1925 4500 usque
1953 4432 2021 4487 ad
2049 4432 2141 4487 62.

101 4508 220 4555 cum.
248 4500 386 4559 Unus
411 4512 597 4562 autem
618 4503 690 4560 de
714 4502 1217 4559 circumstantibus.
1242 4503 1529 4573 evaginato
1549 4501 1661 4572 gla-
1837 4502 1996 4560 Iesus
2011 4504 2354 4575 autemjdixit
2380 4504 2476 4561 illi.

1357 4615 1589 4673 CODEX
1627 4615 2136 4676 CORBEIENSIS.i

159 4705 234 4760 II.
265 4708 497 4782 Dormite
523 4712 661 4781 jam.
682 4719 748 4782 et
775 4709 1125 4782 requiescite.
1158 4708 1331 4767 Adest
1357 4710 1501 4766 enim
1536 4723 1663 4767 eon-
1834 4711 1926 4766 48.
1955 4725 2080 4766 cum
2104 4709 2321 4782 gladiis,
2352 4718 2409 4768 et
2442 4710 2701 4769 fustibus.

105 4779 357 4836 summatio
382 4799 394 4834 :
424 4791 482 4837 et
501 4779 653 4839 venit
679 4781 834 4837 hora.

157 4846 237 4923 te.
271 4866 394 4909 ecce
426 4852 698 4923 proximat
725 4853 955 4909 traditor
992 4868 1167 4911 meus.

263 4935 377 5005 cum
418 4916 613 5007 gladiis
640 4934 697 4980 et
722 4922 979 4992 fustibus,
1013 4940 1043 4981 a
1094 4922 1442 4995 Principibus
1472 4924 1658 4982 Sacer-

106 4984 265 5046 domm
294 4984 463 5051 missi.

159 5059 242 5139 44.
264 5073 437 5139 tenete
458 5082 605 5139 eum,
629 5077 684 5124 et
713 5067 892 5123 ducite
921 5067 1230 5139 diligenter.

161 5128 242 5201 45.
265 5135 334 5189 ait
359 5135 475 5191 illi:
512 5128 701 5201 Rabbi,
732 5148 789 5194 et
816 5128 1091 5194 osculatus
1123 5148 1205 5194 est
1237 5154 1383 5194 eum.

162 5198 239 5256 47.
264 5204 333 5288 Et
363 5223 503 5264 unus
529 5207 598 5265 de
636 5198 1115 5268 circumstantibus
1141 5221 1397 5288 exempto
1445 5209 1652 5282 gladio,

108 5277 341 5337 percussit
364 5293 604 5339 servum.

322 5506 603 5595 Scarioth...
627 5514 759 5564 missi
784 5527 810 5564 a
831 5512 1067 5565 Summis.
1111 5510 1259 5579 Vulg.
1287 5512 1610 5565 Iscariotes...
1638 5526 1666 5563 a

108 5555 310 5618 Summis.

162 5626 179 5701 ξ
328 5632 509 5701 ducite.
541 5632 893 5701 fulgaducite.

161 5687 183 5779 ἰ
207 5690 306 5779 ξιξε-
329 5687 799 5779 §Eﬂelf99§9£isl
812 5687 1516 5779 Wageeaeﬁecetdetis:

212 5752 311 5801 Gal.
329 5767 487 5819 usque
510 5758 561 5809 in
584 5752 839 5813 atrium...
863 5772 917 5816 et
927 5752 1279 5815 'mlefaciebat
1313 5776 1370 5814 se
1391 5764 1451 5814 ad
1475 5765 1660 5825 ignem.

1834 4783 1924 4855 5t.
1957 4782 2187 4837 amictus
2217 4782 2448 4839 sindone
2475 4798 2639 4853 supra
2672 4782 2875 4841 nudum
2906 4798 3125 4855 corpus.

1832 4852 1926 4909 56.
1960 4862 2016 4909 et
2043 4869 2148 4909 non
2178 4864 2336 4910 erant
2365 4852 2746 4912 convenientia
2777 4852 3110 4913 testimonia.

1834 4924 1926 4980 57.
1956 4926 2025 4982 Et
2052 4925 2148 4981 alii
2172 4934 2520 4996 exurgentes.

1833 4998 1924 5052 58.
1966 4997 2081 5074 _E_go
2109 4997 2384 5074 destruam
2417 4998 2677 5074 templum
2719 4997 2817 5055 Dei
2857 4998 3227 5074 mauufactum
3255 5047 3272 5074 ,
3314 5015 3370 5063 ct

1763 5076 1885 5139 post
1914 5068 2149 5139 triduum
2181 5068 2325 5125 aliud
2355 5069 2633 5125 suscitabo
2664 5085 2770 5124 non
2800 5072 3190 5131 manufactum.

1954 5138 2023 5224 Et
2048 5154 2157 5196 non
2175 5149 2343 5224 erant
2368 5141 2612 5224 aequalia
2639 5142 2951 5224 testimonia
2979 5144 3219 5224 illorum.

1772 5209 1945 5286 -_6I:_
1964 5210 2061 5267 Ille
2098 5221 2278 5286 autem
2321 5209 2514 5286 tacuit,
2558 5219 2633 5286 et
2652 5212 2786 5286 nihil
2825 5215 3128 5286 respondit.
3171 5220 3368 5278 lterato

1761 5282 1872 5337 ait:
1902 5280 1985 5338 Tu
2004 5324 2020 5351 ,
2051 5298 2111 5340 es
2134 5283 2388 5341 Christus
2415 5282 2589 5342 Filius
2614 5284 2709 5342 Dei
2734 5280 3049 5344 benedicti?

1284 5394 1686 5455 VABIANTES
1724 5394 2133 5455 LECTIONES.

1780 5509 1926 5580 Vulg.
1966 5525 2124 5578 usque
2165 5513 2296 5566 intro
2334 5516 2383 5566 in
2422 5517 2661 5570 atrium...
2702 5516 2760 5567 ad
2795 5518 2982 5580 ignem,
3020 5523 3072 5569 et
3110 5519 3359 5573 calefacie-

1772 5578 1859 5626 bat
1902 5589 1975 5625 se.

1831 5640 1855 5672 ⁸
1889 5638 1996 5690 Gal.
2019 5646 2130 5713 post
2151 5638 2386 5690 triduum.
2414 5638 2561 5704 Vulg.
2586 5652 2677 5702 per
2698 5640 2930 5691 triduum.
2968 5701 2978 5712 .

1833 5700 1856 5731 ϐ
1892 5702 1981 5731 (In!
2028 5702 2361 5731 ιηιοιηρηηαΙ-ιοι
2483 5702 2741 5731 attint-lnam
2793 5699 2925 5731 Vuln
2966 5705 3259 5731 Iulum-nam":

1892 5702 1999 5751 Gaz.
2023 5699 2445 5762 interrogabat....
2483 5699 2761 5764 quicquam.
2793 5699 2941 5767 Vulg.
2964 5701 3364 5766 interrogaviu...

1775 5763 2051 5825 quidquam.
