3956 6206
631 232 739 295 835
1170 228 1441 293 EUSEBll
1484 228 1823 293 VERCELL.
1865 230 2312 296 EVANGBLIUII
2351 236 2491 295 CUM
2531 232 2765 295 VARIIS
2799 233 2956 294 COD.
2994 230 3395 292 COLLATUM.
3794 236 3851 295 835

1026 347 1261 406 CODEX
1297 346 1846 407 VERCELLENSIS.

636 445 904 515 pandens.
932 443 1016 498 di-

636 516 715 571 xit
738 517 785 571 ei
818 535 834 569 :
866 516 978 585 Ego
1012 529 1132 570 sum
1166 533 1177 569 :

637 598 693 642 et
731 587 979 642 videbitis

640 658 832 712 Filium
866 657 1037 711 homi-

640 732 724 789 nis
749 729 816 783 ad
847 728 1094 783 dextram

637 800 853 857 virtutis
882 815 969 857 se-

641 871 881 933 dentem,
904 881 959 925 et
986 885 1080 926 ve-

642 943 881 997 nientem
910 959 1000 997 su-

640 1028 740 1084 per
770 1014 940 1068 nubes
968 1028 1064 1069 cae
1076 1043 1095 1053 -

643 1083 735 1139 δῖ).
769 1085 827 1139 li.
857 1083 1011 1141 Tunc

643 1155 907 1225 Princeps
928 1156 1019 1211 Sa-

643 1227 924 1282 cerdotum

643 1298 911 1352 conscidit
924 1312 1049 1367 pro-

644 1370 790 1423 tinus
811 1369 977 1425 vesti-

644 1451 828 1494 menta
858 1456 976 1505 sua,

643 1512 831 1566 dicens
861 1529 874 1564 :
903 1510 1045 1578 Quid

645 1583 821 1636 adhuc
841 1582 991 1637 desi-

645 1654 901 1709 deramus
934 1664 1045 1708 tesv

645 1724 736 1778 64.
766 1724 1038 1780 timonia?
1069 1724 1181 1780 Au-

642 1794 799 1850 distis
832 1796 848 1825 ¹
878 1796 1133 1863 blasphe-

646 1866 810 1920 miam
838 1866 852 1920 l
877 1865 1007 1920 auid

646 1937 802 1991 vobis
823 1937 1037 1993 videtur
1057 1937 1081 1989 ?

647 2007 718 2062 Et
759 2022 952 2064 omnes
980 2024 1108 2064 cono

643 2079 1040 2137 demnaverunt

644 2166 770 2207 eum
808 2167 931 2207 esse
956 2168 1016 2207 re
1028 2180 1048 2192 ο

645 2237 736 2276 um
767 2224 980 2278 mortis.

642 2292 733 2350 65.
762 2294 831 2365 Et
854 2302 1153 2365 coeperunt

643 2364 863 2435 quidam
890 2364 979 2422 in?

646 2450 848 2502 spuere
874 2436 926 2490 in
958 2435 1035 2490 fa-

645 2507 786 2561 cicm
813 2507 932 2576 ejus
960 2524 975 2571 ;
1005 2517 1062 2564 et

648 2579 669 2610 ²
696 2578 1118 2649 colaphizabaut

647 2663 793 2704 eum.

647 2719 736 2774 66.
763 2721 831 2775 Et
856 2736 980 2776 cum
1012 2730 1162 2778 esset

646 2790 845 2847 Petrus
874 2794 926 2847 in
957 2809 1015 2849 a-

644 2864 773 2927 trio.
800 2864 947 2919 venit

647 2935 715 2990 ad
742 2936 889 2990 illum
911 2951 1014 2991 una

649 3023 718 3062 ex
741 3006 956 3063 ancillis

649 3077 924 3149 Principis
952 3078 1052 3136 Sa-

649 3151 934 3205 cerdotum
958 3166 973 3204 :

651 3220 740 3275 67.
775 3232 847 3285 et,
890 3237 1011 3276 cum
1042 3221 1209 3277 vidis-

652 3300 737 3345 set
766 3291 986 3349 Petrum

649 3361 1015 3418 calﬁcientem

652 3446 714 3515 se
740 3433 808 3488 ad
849 3433 1049 3504 ignem,

653 3514 870 3559 intuens
896 3520 1042 3572 eum,

654 3574 790 3629 dixit
821 3593 834 3630 :
865 3574 936 3630 Et
961 3583 1017 3629 tu
1037 3589 1160 3631 cum

648 3643 779 3701 Jesn
804 3645 1037 3702 Nazare-

651 3730 727 3772 ιιο
753 3732 898 3773 eras.

655 3980 937 4036 dexteram
963 3976 1200 4031 virtutis.
1229 3986 1282 4031 et
1311 3977 1640 4032 venientem.
1666 3991 1789 4031 cum
1828 3977 2063 4032 nubibus
2096 3979 2256 4033 caeli.

652 4139 747 4181 sun
789 4124 884 4176 ait.
921 4119 1058 4190 Quid
1097 4119 1274 4173 adhuc
1310 4134 1532 4189 egemus
1572 4119 1818 4174 testibus.
1848 4120 2088 4175 Audistis
2113 4122 2257 4176 blaso

656 4404 838 4463 dicere
866 4408 936 4461 ei.
963 4404 1280 4473 Prophetiza
1306 4405 1481 4461 nobis.
1506 4404 1575 4459 Et
1605 4405 1857 4460 ministri.
1883 4407 2118 4462 libenter
2143 4408 2254 4463 ala-

658 4481 893 4551 pisgeum
919 4476 1237 4551 caedebant.

729 4548 799 4603 Et
836 4564 958 4605 cum
998 4546 1377 4630 essetnP-etr‘us
1415 4547 1646 4630 in.at_rio
1684 4548 2137 4630 deorsumvenit
2182 4549 2250 4630 ad
2355 4546 2556 4626 reliqua
2578 4546 2757 4613 omnia
2781 4546 2996 4630 periere.

656 4637 779 4680 cum
813 4635 916 4676 una
946 4635 1012 4675 ex
1049 4619 1262 4674 ancillis
1293 4618 1502 4675 Summi
1542 4619 1876 4676 Sacerdotis.
1914 4625 1972 4675 et
2007 4636 2132 4678 cum
2171 4624 2252 4677 vi-

728 4811 818 4867 65.
840 4809 905 4865 Et
927 4808 1158 4867 ministri
1175 4825 1297 4867 cum
1316 4810 1591 4867 voluntate
1612 4810 1780 4882 alapis
1798 4826 1921 4868 eum
1933 4809 2252 4869 caedebant.

1468 439 1561 494 68.
1589 441 1672 498 Ad
1697 441 1794 497 ille
1821 442 2056 513 negavit,

1469 517 1690 573 dicens:
1723 516 1860 573 Nes-

1468 589 1556 644 ciu
1588 608 1601 641 :
1636 588 1731 645 sed
1775 602 1874 644 nec

1472 661 1619 725 novi,
1643 675 1803 730 quem

1471 730 1642 784 dicas.
1679 734 1743 785 Et
1767 732 1874 786 exi-

1471 801 1508 855 it
1544 801 1676 855 foris
1698 812 1824 859 ante

1471 874 1689 937 atrium,
1710 883 1768 929 et

1471 943 1648 1013 gallus
1677 958 1805 999 can-

1474 1015 1564 1070 69.
1597 1017 1746 1069 tavit.
1785 1015 1873 1083 Et,
1898 1029 2020 1070 cum

1473 1102 1596 1141 eum
1620 1086 1787 1141 vidis-

1473 1166 1558 1211 set
1584 1158 1781 1212 iterum

1477 1228 1677 1296 puella,
1708 1228 1889 1295 coepit

1477 1299 1660 1353 dicere
1685 1300 1917 1354 circum-

1477 1372 1746 1425 stantibus
1779 1394 1791 1423 ;

1476 1440 1615 1507 Quia
1644 1451 1699 1497 et
1726 1442 1816 1497 hic

1477 1515 1566 1568 70.
1601 1530 1670 1568 ex
1691 1515 1796 1569 illis
1818 1521 1924 1570 est.
1957 1510 2024 1566 Et

1477 1600 1694 1639 rursum
1719 1601 1809 1641 ne-

1476 1655 1643 1726 gavit.

1477 1726 1543 1780 Et
1587 1735 1708 1796 post
1739 1726 2020 1797 pusillum,

1479 1798 1806 1868 iterum,qui

1476 1870 1797 1923 circumsta-

1475 1940 1627 2006 bant,
1659 1940 1809 1994 dice-

1477 2011 1607 2065 bant
1638 2010 1742 2065 :Et
1765 2022 1820 2066 tu
1843 2026 1912 2067 ex

1476 2082 1565 2135 7t.
1597 2082 1708 2137 illis
1737 2098 1816 2138 es.
1843 2083 1911 2138 Et
1935 2096 2066 2140 coe-

1477 2154 1557 2223 pit
1577 2154 1842 2210 devolare

1475 2239 1557 2289 se,
1587 2226 1776 2280 dicens
1805 2244 1819 2281 :
1860 2223 1998 2292 Quia

1476 2310 1585 2350 non
1607 2298 1731 2352 novi
1757 2297 1855 2352 ho-

1478 2367 1678 2422 minem
1710 2367 1877 2434 hunc,

1478 2453 1638 2505 quem
1669 2439 1870 2494 dicitis.

1479 2508 1570 2563 72.
1596 2510 1660 2563 Et
1690 2512 1935 2578 protinus

1481 2580 1752 2635 secundus

1479 2652 1655 2719 gallus
1680 2668 1811 2707 can-

1484 2723 1635 2777 tavit.
1670 2724 1737 2778 Et
1762 2739 1939 2780 reme-

1483 2806 1725 2849 moratus
1749 2804 1835 2851 εει

1483 2865 1675 2920 Petrus
1704 2866 1726 2897 ³
1754 2881 1879 2921 ver-

1483 2935 1633 3003 bum,
1668 2938 1814 3007 quod

1482 3008 1695 3063 dixerat
1721 3010 1802 3063 illi

1482 3078 1663 3151 lesus,
1695 3089 1751 3135 et
1778 3079 1961 3151 coepit

1483 3149 1641 3206 ﬂere.

1661 3221 1889 3278 CAPUT
1930 3220 2046 3278 XV.

1488 3293 1537 3347 l.
1572 3293 1641 3348 Et
1670 3295 1842 3364 prima
1873 3294 1956 3349 lu-

1478 3379 1543 3419 ce
1570 3364 1859 3421 consilium

1480 3435 1731 3491 fecerunt

1482 3506 1764 3576 Principes
1791 3506 1891 3562 Sa—

1482 3578 1789 3643 cerdotum,

1482 3663 1607 3703 cum
1644 3648 1839 3703 Senio-

1481 3719 1663 3787 ribus,
1696 3726 1755 3775 et
1779 3718 1922 3775 Scri-

2740 345 2976 406 CODEX
3015 342 3553 405 VERCELLENSIS.

2827 457 3047 501 ηιιειτ
3088 457 3378 498 VEBONENSI
3387 459 3427 497 ἒ.

2332 519 2443 585 bis,
2476 527 2531 574 et
2564 516 2688 589 (sic)
2718 525 2892 571 totum

2333 590 2629 644 concilium
2651 606 2666 643 ;

2336 669 2393 713 et
2418 662 2656 715 vinctum

2334 731 2521 787 Jesum
2551 729 2751 800 perdu-

2341 814 2542 857 xerunt
2570 806 2623 860 in

2336 875 2502 939 atrio,
2528 887 2582 929 et
2610 884 2722 930 tra-

2339 946 2599 1001 diderunt

2340 1016 2535 1072 Pilato.

2338 1087 2397 1141 2.
2443 1090 2505 1141 Et
2534 1090 2835 1159 interroga-

2343 1160 2419 1211 vit
2450 1161 2599 1215 illum
2625 1159 2717 1214 Pi-

2342 1228 2485 1284 latus
2510 1250 2522 1283 :
2563 1231 2668 1296 Tu,
2695 1245 2757 1286 es

2342 1299 2459 1355 Rex
2488 1302 2723 1357 Iudaeo—

2341 1374 2497 1426 rum’
2527 1374 2591 1428 Et
2620 1386 2735 1426 res-

2342 1444 2533 1511 pondit
2559 1444 2606 1498 ei
2636 1461 2647 1496 :
2682 1442 2762 1497 Tu

2343 1514 2397 1568 5.
2442 1516 2596 1569 «Ιὶοἱε.
2635 1516 2698 1569 Ει
2726 1527 2889 1568 accu-

2342 1586 2535 1641 Sabant
2563 1602 2688 1641 eum

2341 1656 2638 1711 Pontiﬁces

2344 1728 2534 1782 multa.
2564 1728 2683 1798 Ipse

2343 1809 2525 1853 autem
2552 1800 2689 1856 nihil

2344 1870 2643 1940 respondeo

2342 1940 2397 1994 4.
2444 1943 2551 1997 bat.
2593 1941 2794 1998 lterum

2342 2022 2527 2069 autem
2560 2013 2701 2071 Pila-

2346 2094 2432 2139 tus
2465 2085 2694 2141 interro-

2341 2156 2506 2258 iii’f.‘
2534 2174 2704 2258 fﬁ‘fj

2387 2227 2504 2283 Non
2534 2244 2758 2298 respono

2343 2298 2444 2354 des
2470 2300 2642 2355 nihil?
2663 2316 2758 2356 ec-

2343 2384 2408 2425 ce
2444 2382 2643 2439 quanta
2673 2381 2726 2427 te

2346 2441 2400 2496 5.
2441 2453 2722 2499 accusant.
2752 2440 2913 2498 Jesus

2345 2524 2523 2586 autem
2553 2517 2748 2586 ampli-

2346 2599 2409 2638 us
2439 2585 2573 2639 nihil
2615 2585 2733 2641 res-

2348 2657 2568 2724 pondit;
2598 2658 2669 2712 ita
2697 2668 2755 2713 ut

2347 2729 2636 2783 miraretur

2346 2796 2552 2855 Pilatus
2586 2840 2599 2853 .
2633 2838 2649 2851 .
2680 2840 2694 2855 .
2730 2840 2744 2854 .

2347 2869 2984 2927 6....diem.....

2347 2939 2549 2996 festum
2587 2957 2677 2998 so-

2349 3012 2976 3068 lebat........u-

2348 3099 2475 3138 num
2502 3099 2568 3138 ex
2600 3085 2748 3140 vinc-

2350 3154 2438 3221 tis,
2468 3170 2779 3226 quemcum-

2347 3240 2750 3297 quepe...-

2349 3298 2401 3350 7.
2442 3306 2587 3352 sent.
2614 3298 2635 3329 ⁸
2663 3297 2797 3353 Erat
2825 3311 2920 3351 au-

2349 3376 2485 3434 tem,
2523 3369 2808 3439 qui....
2845 3410 2858 3424 .
2897 3393 2969 3420 .-

2348 3439 2561 3495 labatur
2587 3440 2690 3495 Ba-

2348 3511 2545 3566 rabbas
2575 3549 2591 3565 .
2627 3551 2640 3565 .
2681 3553 2693 3565 .

2348 3580 2417 3637 iis
2436 3624 2450 3648 ,
2480 3583 2574 3653 qui
2603 3583 2830 3638 seditio-

2348 3667 2761 3712 uem......

2349 3734 2664 3781 rant....

1985 3810 2217 3869 CODEX
2257 3811 2650 3875 BRIXIANUS.

655 3907 772 3977 Ego
810 3921 951 3961 sum.
995 3914 1049 3980 et
1089 3902 1342 3980 videbitis
1379 3903 1575 3980 Filium
1609 3905 1843 3961 hominis
1879 3904 2158 3980 sedentem
2190 3906 2256 3980 ad
2360 3906 2530 3963 disset
2567 3911 2783 3967 Petrum
2821 3912 3229 3969 calefacientem
3266 3926 3329 3967 se
3364 3909 3638 3980 aspiciens
3672 3905 3792 3960 illum
3810 3900 3865 3980 ait.

2362 3981 2425 4035 Et
2468 3991 2523 4036 tn
2559 3998 2682 4038 cum
2721 3983 2850 4040 Jesu
2890 3985 3173 4039 Nazarene
3207 3998 3351 4038 eras.
3381 3969 3451 4036 Αἰ
3491 3981 3585 4037 ille
3620 3969 3871 4047 negaﬂldi'

725 4052 989 4126 Princeps
1009 4056 1203 4126 autem
1238 4048 1593 4103 Sacerdotum
1636 4047 1890 4126 scindens
1930 4050 2257 4126 vestimenta
2358 4068 2508 4126 cens.
2535 4055 2719 4125 Neque
2741 4057 2877 4111 scio.
2905 4071 3083 4126 neque
3112 4054 3236 4109 novi
3263 4054 3395 4126 quid
3407 4052 3453 4126 _d
3479 4093 3493 4106 .
3522 4091 3540 4106 .
3566 4092 3579 4104 .
3607 4089 3621 4102 .
3649 4093 3661 4104 .

2434 4125 2496 4178 Et
2535 4113 2667 4181 exiit
2695 4126 2827 4181 foris
2851 4113 3203 4183 ante-atrium
3234 4113 3293 4180 et
3312 4124 3491 4195 gallus
3516 4113 3869 4195 cantavit-NR“?

653 4187 1103 4267 phemiaquuid
1129 4191 1282 4246 vobis
1310 4187 1542 4267 videtur.
1588 4192 1654 4267 E_t
1691 4205 1886 4247 omnes
1924 4191 2256 4267 condemua-
2358 4210 2451 4250 sus
2488 4208 2666 4254 autem
2707 4214 2828 4253 cum
2872 4199 3097 4253 vidisset
3132 4197 3285 4252 illum
3314 4187 3518 4251 ancilla
3557 4190 3720 4267 coepit
3739 4187 3870 4267 uicere

658 4260 849 4323 verunt
877 4260 1006 4339 eum
1027 4278 1325 4339 es_se_reu_tn
1354 4262 1567 4339 mortis.
1611 4263 2005 4339 Eteoeperunt
2030 4263 2251 4339 quidam
2355 4271 2829 4325 circumstantibus
2865 4271 3000 4339 Quia
3040 4269 3129 4324 hic
3165 4284 3234 4323 ex
3270 4267 3380 4324 illis
3407 4276 3514 4323 est.
3545 4260 3869 4320 Atilleitemll

654 4338 1041 4412 conspuerejn
1070 4334 1453 4412 facieejusaet
1478 4333 1731 4412 cglaphis
1768 4336 2254 4412 eum_caedere._et
2358 4342 2596 4408 negavit.
2635 4342 2704 4394 Et
2735 4352 2856 4411 post
2886 4333 2986 4412 pus
3009 4383 3024 4396 .
3051 4382 3065 4395 .
3100 4383 3114 4396 .
3141 4379 3157 4394 .
3188 4379 3202 4393 .

2428 4412 2635 4468 Cetera
2661 4412 2780 4470 dua:
2806 4415 2985 4481 tineae,

3169 521 3276 578 tus,
3308 515 3399 583 qui
3429 515 3483 569 in

3170 586 3327 644 sediti
3358 631 3371 644 .
3406 631 3420 643 .
3454 630 3468 643 .
3506 628 3519 640 .
3552 616 3576 630 -

3173 676 3241 716 ne
3271 662 3506 718 homici-

3170 733 3319 787 dium
3352 732 3501 788 fece-

3172 805 3227 861 8.
3269 814 3373 859 rat.
3405 804 3493 867 Et,
3524 815 3708 859 accen-

3170 890 3228 929 sa
3263 886 3378 929 tota
3404 872 3580 936 turba.

3173 946 3354 1016 coepit
3385 954 3573 1014 postu-

3174 1017 3312 1083 lare,
3342 1016 3488 1072 sicut
3512 1031 3652 1071 sem-

3177 1104 3275 1158 per
3317 1089 3555 1145 l‘aciebat
3585 1087 3606 1117 ‘

3176 1231 3231 1287 9.
3275 1271 3290 1285 .
3333 1228 3672 1313 respondens

3179 1343 3194 1357 .
3241 1344 3255 1357 .
3300 1343 3313 1355 .
3361 1342 3375 1356 .
3419 1300 3714 1369 Is,dixit:

3177 1372 3359 1457 vultis
3386 1373 3472 1426 di-

3179 1454 3389 1499 mittam
3421 1459 3564 1500 νο...

3181 1515 3382 1570 Reeem

3176 1584 3513 1642 Judaeorum
3536 1584 3562 1628 ν

3180 1658 3267 1713 10.
3306 1700 3318 1711 .
3366 1699 3379 1713 .
3426 1701 3438 1711 .
3485 1698 3498 1711 .
3545 1656 3762 1720 atenitn,

3177 1768 3438 1856 animus
3482 1738 3699 1800 '"°"‘°’

3180 1871 3529 1928 tradiderunt

3182 1943 3637 2000 ...umPrin—

3175 2016 3325 2082 cipes
3344 2015 3552 2071 Sacer-
3844 2078 3851 2084 θ

3179 2087 3266 2141 H.
3297 2086 3517 2143 dotum.
3547 2125 3563 2141 .
3589 2121 3719 2140 ....
3744 2092 3854 2149 ωφι

3182 2167 3621 2214 ....mtur-

3305 2269 3319 2282 .
3366 2269 3379 2283 .
3420 2243 3615 2285 80280-

3306 2341 3321 2353 .
3367 2337 3383 2353 .
3425 2310 3488 2353 ιιι
3517 2314 3615 2353 ma.

3184 2314 3632 2357 ....utma-

3177 2374 3259 2444 gis
3286 2374 3306 2403 "
3342 2371 3624 2428 Barabbal

3180 2445 3490 2499 dimitteret

3183 2515 3310 2570 illis.

3185 2586 3273 2642 l2.
3306 2583 3663 2651 Respondeas

3183 2665 3364 2712 autem
3392 2655 3545 2711 Pila-

3184 2737 3270 2783 tus
3299 2730 3500 2783 iterum
3519 2769 3535 2793 ,

3179 2795 3596 2902 iiaﬂ'ts:.9.‘:i‘

3182 2885 3314 2942 ergo
3344 2871 3366 2902 ⁸
3395 2870 3567 2923 vultis

3182 2943 3373 2996 faciam
3403 2940 3528 3012 (sic)
3556 2939 3661 2996 Re-

3182 3028 3304 3083 gem
3330 3011 3572 3083 Iudaee-

3188 3079 3273 3140 ἱὸ.
3316 3082 3476 3138 rum?
3506 3081 3589 3138 Ad
3617 3079 3690 3136 illi

3183 3155 3426 3212 exclama
3436 3169 3531 3209 ve-

3183 3235 3331 3292 runt,
3357 3228 3379 3260 '
3404 3225 3597 3281 dicen:

3186 3308 3266 3354 tes
3293 3316 3307 3353 :
3335 3295 3571 3353 Cruciﬁ-

3187 3368 3277 3425 14.
3315 3384 3383 3439 ge
3410 3383 3562 3423 eum.
3595 3365 3719 3421 Pila.

3187 3448 3274 3495 tus
3299 3447 3484 3494 autem

3186 3511 3323 3566 dixit
3344 3511 3457 3565 illis
3480 3526 3499 3565 :
3524 3506 3659 3578 Quid

3189 3583 3334 3638 enim
3359 3580 3509 3637 male

3191 3653 3339 3724 egit?
3364 3651 3449 3708 Ad
3482 3651 3563 3732 tua

3191 3732 3343 3781 tanto
3374 3737 3550 3795 magis

3012 4429 3127 4485 φιω
3147 4413 3419 4485 advertam
3432 4410 3680 4485 “sine
3704 4396 3868 4485 “PF!”

2358 4486 2780 4558 imperceptibitu
2826 4471 2983 4552 sunt;
3015 4471 3260 4556 quodque
3514 4471 3869 4536 Migrandum

1939 4711 2176 4770 CODEX
2213 4712 2682 4773 CORBEIENSIS.

728 4884 818 4954 us.
850 4882 918 4936 Et
944 4884 1075 4937 exiit
1104 4884 1279 4947 foras,
1310 4892 1363 4937 et
1387 4884 1564 4954 gallus
1593 4885 1858 4940 cantavit.

731 4953 818 5008 71.
864 4954 959 5026 Ille
995 4963 1172 5010 autem
1211 4953 1407 5025 coepit
1427 4955 1720 5022 devotare,
1760 4964 1814 5011 et
1847 4954 2073 5026 iurare:
2116 4954 2253 5024 Quia

657 5040 765 5082 non
797 5025 944 5079 novi.

735 5096 823 5149 '72.
856 5095 1013 5169 Prius
1036 5113 1195 5169 quam
1223 5096 1395 5168 gallus
1420 5105 1641 5166 cantet,
1677 5107 1763 5155 ter
1788 5114 1874 5154 me
1903 5097 2145 5167 negabis.

731 5169 857 5225 CAP.
895 5162 1010 5224 XV.
1041 5162 1112 5210 -'—-
1140 5170 1189 5225 l.
1226 5162 1499 5226 duxerunt
1537 5171 1593 5227 in
1618 5162 1817 5228 atrium
1842 5212 1857 5239 ,
1892 5179 1948 5225 et
1974 5162 2249 5224 duxerunt

723 5356 740 5388 ί
761 5354 866 5406 Gut.
890 5355 1241 5420 blasphemiam
1268 5355 1400 5418 ejus:
1424 5354 2069 5420 quid,Vulg.blasphemi_am
2088 5369 2106 5420 :_
2112 5355 2249 5417 quid.

722 5423 744 5452 ²
777 5423 884 5471 Gal.
927 5416 1142 5482 colaphis
1178 5416 1308 5469 eum
1335 5416 1551 5469 caedere
1580 5428 1631 5470 et
1652 5416 1899 5482 dicereet
1921 5416 2252 5482 :_Pr0phetiza

659 5485 821 5545 nobis,
859 5479 1051 5534 Christe
1093 5499 1107 5537 ;
1145 5483 1256 5545 quis
1280 5491 1375 5545 est,
1400 5484 1485 5545 qui
1524 5489 1573 5533 te
1615 5480 1888 5544 percussit?
1922 5479 1985 5529 Et
2020 5481 2252 5530 ministri.

764 5544 971 5609 γραφη..
997 5544 1303 5609 Prophetiza.
1327 5544 1389 5609 Et
1410 5544 1638 5609 ministri.

660 5670 857 5720 dixerat
881 5672 927 5719 ei
952 5670 1117 5722 Jesus.

730 5732 891 5795 ξ-(ίαι.
915 5730 1023 5795 Non
1044 5731 1317 5793 respondes
1354 5730 1651 5793 quicquam?
1688 5730 1831 5795 Vulg.
1857 5727 1964 5780 Non
1988 5728 2260 5792 respondes

667 5792 930 5851 quidquam
943 5792 970 5842 ‘l

2362 4813 2557 4869 Pilato.

2432 4886 2488 4945 4.
2519 4884 2643 4941 vide
2670 4892 2869 4957 quanta
2901 4892 2951 4957 te
2981 4894 3260 4957 accusant.

2435 4957 2487 5009 7.
2522 4972 2645 5011 cum
2679 4954 2952 5011 seditiosis
2982 4956 3187 5011 clusus.

2435 5028 2522 5082 ll.
2545 5028 2827 5097 Principes
2848 5038 3028 5082 autem
3052 5026 3403 5081 Sacerdotum
3430 5018 3779 5093 persuaserunt
3794 5015 3875 5061 tur-

2360 5099 2463 5155 bae
2482 5141 2497 5162 ,
2527 5108 2586 5154 ut
2615 5096 2785 5170 magis
2815 5098 3120 5154 Barabbam
3148 5096 3416 5171 dicerent.
3511 5162 3545 5171 κ
3645 5159 3657 5171 ,

2431 5158 2519 5227 13.
2550 5171 2622 5226 At
2653 5158 2735 5226 illi
2760 5172 3166 5237 clamaverunt,
3198 5169 3475 5225 dicentes:
3505 5158 3749 5229 Crucilige
3766 5159 3871 5206 enm-

1862 5262 2259 5320 VARIANTES
2297 5262 2699 5320 LECTIONES.

2416 5356 2437 5423 if
2473 5355 2579 5423 Qut.
2604 5353 2730 5423 _N__am
2751 5356 2799 5403 in
2823 5367 3054 5423 carcere,_
3072 5356 3173 5416 qui,
3208 5352 3352 5416 Vulg.
3372 5336 3828 5423 Iit-atautcutijtflid

2417 5417 2440 5447 θ
2473 5402 2579 5465 Gal.
2603 5402 2810 5477 illisper
2832 5402 2963 5465 diem
2986 5402 3277 5477 sdleiutiem,
3302 5402 3359 5463 ἴιι
3379 5412 3645 5463 dimitteret
3665 5411 3785 5453 unum
3797 5402 3867 5443 ειη·

2354 5489 2515 5548 clunt;
2534 5475 2746 5548 Pilatus.
2770 5477 2917 5544 Vulg.
2944 5478 3059 5530 illis.
3414 5539 3424 5548 _
3502 5536 3545 5548 η
3568 5532 3625 5548 γ’-
3661 5518 3825 5548 “mm

2420 5518 3357 5603 θ’’ἑιὶιἶ’ὗὶῖἶδςζοᾚέιὲῖἔιὶιῶἦίἧῖὲω
3381 5539 3471 5588 eis.
3502 5532 3638 5595 Vulg.
3661 5518 3868 5577 Barth!“

726 5609 748 5640 ³
782 5602 888 5658 ῧαὶ
924 5608 1063 5657 verbi
1099 5602 1242 5666 Iesu,
1265 5607 1396 5670 quod
1428 5605 1626 5656 dixerat
1664 5606 1729 5658 ei.
1760 5602 1909 5670 Vulg.
1934 5604 2096 5666 verbi,
2125 5603 2254 5667 quod
2358 5605 2634 5655 dimitteret
2658 5606 2749 5652 eis.
2854 5602 2859 5603 ⁷
3373 5662 3385 5673 .

726 5677 857 5720 terat
881 5672 927 5719 ei
952 5670 1117 5722 Jesus.
1862 5727 1896 5729 η
2186 5728 2195 5729 ί
2424 5667 2445 5697 ⁸
2482 5667 2586 5716 Gut.
2614 5664 2781 5729 vultis,
2802 5674 2859 5716 ut
2878 5661 3241 5729 faciam._Vulg.
3269 5660 3431 5729 vultis,
3457 5658 3624 5710 faciam

2579 5704 2586 5712 .
2615 5688 2781 5728 Vultis,
2803 5688 2859 5716 ut
2880 5688 3122 5728 ωιίιιιιι.]
3142 5688 3241 5728 Illy-
3272 5688 3431 5728 νωιξθι
3458 5688 3641 5710 ww“
3660 5708 3768 5728 η..-
3802 5700 3829 5728 ,4
3850 5712 3867 5728 .

2425 5730 2446 5759 ε
2482 5700 2588 5779 522'.
2620 5700 2865 5790 ’(ἷὶἑὲιίιᾶ
2880 5700 3219 5790 Ἔπῗέἰθὶιέῗ
3229 5700 3638 5787 tamen:
3660 5708 3778 5773 Ws
3800 5700 3848 5750 τι

2364 5794 2624 5840 mavernnt
2650 5804 2661 5840 :
2687 5789 2925 5853 Crucitige
2951 5802 3084 5839 eum.
