3956 6206
36 334 39 347 ,
88 269 179 332 837
1008 291 1035 311 φ
1084 256 1540 324 EVANGELIUM
1579 266 1598 322 ε

1809 266 1958 324 DUM
1999 263 2315 323 MARCUM.
3265 264 3368 322 839

449 377 686 436 CODEX
724 376 1259 436 VERCELLENSIS.
2158 376 2393 438 CODEX
2431 374 2982 439 VERCELLENSIS.

97 478 375 535 clamabant
402 491 414 528 :
896 486 1039 540 mor,
1063 484 1119 530 et
1149 489 1351 544 pavor:
1386 481 1441 530 et
1464 491 1559 531 ne-
2267 490 2478 531 DEFICIT
2512 489 2856 530 venoueasrs.

97 550 334 620 Crucilige
894 547 1028 601 mini
1054 544 1344 620 quicquam
1376 546 1459 601 di-
1764 560 1864 620 nec
1895 546 2013 620 illis
2042 546 2410 603 crediderunt.
2594 547 2716 620 guis
2743 548 3033 617 loquentur
3056 547 3213 620 novis
3243 558 3258 600 :

96 623 249 683 illum.
276 616 295 620 ⁷
895 628 1124 682 xerunt;
1156 616 1418 674 timebam
1760 616 1851 673 M.
1893 617 2217 686 Novissime,
2249 634 2464 676 recum-
2598 618 2684 673 18.
2728 616 3011 688 serpentes
3028 619 3360 683 tollent:et,

98 694 173 749 15.
212 692 403 747 Pilatus
427 696 605 745 autem
894 689 948 745 9.
984 688 1148 743 enim.
1172 689 1452 761 ’Surgens
1473 698 1653 747 autem
1761 688 2017 745 bentibus
2043 689 2150 747 illis
2170 690 2422 747 undecim
2486 760 2489 761 7
2596 690 2642 746 si
2675 690 3010 746 mortiferum
3050 690 3178 759 quid

94 805 105 818 .
180 804 191 816 .
266 806 278 817 .
353 801 367 814 .
446 799 460 815 .
542 801 554 812 .
638 802 650 812 .
733 800 745 812 .
893 775 1084 826 mane,
1120 762 1291 829 prima
1322 760 1514 815 Sabba-
1759 762 2130 831 apparuit;et
2170 760 2523 828 cxiirobravit
2600 760 3031 827 iiiberint,‘non
3061 761 3141 816 eis
3174 776 3273 815 no-

93 875 109 891 .
183 874 194 887 .
269 871 282 886 .
360 874 373 887 .
451 872 466 886 .
542 869 556 884 .
636 869 650 884 .
896 833 954 904 ti,
989 832 1237 904 apparuit
1266 832 1444 899 primo
1760 832 2200 904 incredulitatem
2232 832 2472 901 illorum,
2598 833 2982 901 cebitzsuper
3008 846 3204 904 aegros

155 904 271 979 (Hic
293 905 344 979 in
359 904 593 979 interiori
615 902 821 979 Codicis
895 903 1097 979 Mariae
1121 903 1391 979 Magdale-
1760 914 1813 958 et
1837 903 2093 979 duritiam
2120 906 2300 979 cordis
2325 921 2339 957 :
2599 919 2796 979 manus
2820 902 3119 979 inponent,

86 974 373 1049 autograplii
417 975 648 1049 margine
692 975 819 1029 lari—
895 989 1016 1049 nae,
1041 974 1109 1029 de
1137 976 1509 1049 quaejeccrat
1761 975 1882 1043 quia
1917 976 2033 1041 liis,
2063 977 2153 1047 qui
2178 976 2427 1049 7viderant
2595 976 2815 1049 etbe_ue
2839 976 3137 1049 iubebunt.

85 1051 175 1103 nia:
198 1040 328 1101 'sunt
372 1040 651 1100 reciso'rum
693 1061 820 1116 qua—
897 1046 989 1116 10.
1009 1040 1214 1115 septem
1235 1040 1540 1100 daemonia.
1563 1040 1657 1099 illa
1761 1040 1886 1116 eum
1915 1040 2305 1112 resurrexisse,
2598 1047 2686 1103 19.
2731 1046 2796 1103 Et
2845 1047 3105 1102 Dominus
3139 1045 3362 1116 quidem

85 1129 192 1175 tuor
212 1116 616 1189 foliorum.)__7__
706 1112 715 1116 ’
894 1112 1118 1189 vadens,
1149 1117 1415 1189 nuntiavit
1765 1112 1852 1189 15.
1896 1133 2002 1172 non
2035 1117 2405 1173 crediderunt.
2457 1116 2524 1173 Et
2596 1118 2783 1183 Jesus,
2831 1129 3115 1188 postquam
3151 1112 3362 1172 locutus

235 1187 460 1245 CAPUT
484 1186 639 1244 XVI.
896 1187 1005 1253 bis,
1036 1189 1125 1258 qui
1149 1202 1272 1245 cum
1291 1203 1360 1259 eo
1384 1186 1620 1253 fuerant,
1760 1187 1901 1243 dixit
1929 1189 2008 1244 eis
2038 1209 2050 1245 :
2084 1190 2295 1245 Euntes
2315 1190 2336 1223 ³
2364 1191 2418 1244 in
2597 1197 2683 1246 est
2708 1189 2808 1252 eis,
2834 1186 3151 1259 assumptus

135 1259 304 1386 illam
324 1273 434 1330 quat
462 1269 742 1323 sequuntur
766 1260 822 1313 in
896 1260 1227 1330 lugentibus,
1256 1270 1309 1315 et
1336 1258 1515 1315 ﬂenti—
1764 1260 2022 1317 mundum
2039 1262 2531 1333 universum,prae-
2600 1263 2760 1317 estin
2782 1258 3109 1325 caelum,et
3133 1274 3219 1317 se-

171 1376 182 1386 .
234 1329 574 1386 Vercellensi.
626 1331 822 1386 scripta
897 1330 985 1384 11.
1020 1330 1324 1385 bus.Etilli
1349 1330 1656 1386 audientes.
1763 1331 1942 1385 dicate
1974 1331 2329 1386 Evanaclium
2599 1332 2959 1386 ditadextris
2987 1331 3104 1386 Dei.

80 1329 182 1388 cod.
234 1329 574 1403 Vercellensi,
626 1331 822 1403 scripta
897 1329 985 1403 ll.
1020 1330 1324 1403 bu_s.Etilli
1349 1330 1656 1403 audientes,
1763 1331 1942 1403 dicate
1974 1331 2329 1403 Evangelium
2381 1329 2393 1333 ⁷
2440 1401 2449 1403 7
2514 1402 2519 1403 7
2599 1332 2959 1388 ditadextris
2987 1331 3104 1387 Dei.

79 1414 183 1459 sunt
209 1402 442 1458 secundis
463 1403 603 1455 curis
629 1402 692 1456 ab
711 1402 819 1456 alio
894 1402 1015 1471 quin
1048 1401 1281 1467 viveret,
1314 1411 1369 1456 et
1404 1401 1484 1455 vi-
1764 1400 1852 1456 16.
1895 1404 2042 1457 omni
2083 1400 2389 1459 creaturae.
2424 1401 2525 1470 Qui
2599 1404 2691 1460 ΞΟ.
2734 1404 2810 1459 liii
2843 1414 3025 1458 autem
3059 1401 3307 1473 profecti,

79 1475 365 1546 Antiquario
412 1476 598 1546 juxta
627 1473 813 1546 editio-
893 1487 990 1529 sus
1009 1474 1249 1546 essetab
1279 1488 1366 1541 ea,
1400 1487 1507 1528 non
1764 1473 2082 1546 crediderit,
2112 1484 2164 1530 et
2196 1474 2434 1544 baptisa.
2604 1474 3061 1546 praedicaverunt

77 1564 180 1600 nem
207 1547 264 1601 S.
295 1543 650 1617 Hieronymi.)
892 1544 1261 1617 crediderunt.
1551 1615 1558 1617 7
1766 1553 1853 1600 tus
1882 1544 2078 1612 fuerit,
2106 1543 2293 1603 salvus
2317 1547 2451 1610 erit;
2603 1543 2826 1616 ubique,
2850 1546 3083 1601 Domino
3106 1559 3309 1616 coope-

76 1618 126 1672 7.
163 1614 594 1679 Galilaeamfibi
623 1614 746 1671 eum
896 1616 984 1671 l2.
1030 1615 1157 1669 Post
1180 1614 1317 1673 haec
1337 1615 1658 1670 auteniduo-
1764 1617 1854 1686 qui
1884 1632 2016 1671 vero
2063 1632 2171 1674 non
2207 1617 2526 1685 crediderit,
2603 1614 2782 1685 rente,
2812 1628 2867 1673 et
2893 1632 3105 1673 sermo-

80 1688 342 1754 videliitis,
373 1689 519 1743 sicut
544 1687 652 1742 dixi
896 1686 997 1742 bus
1025 1702 1088 1741 ex
1120 1687 1201 1742 eis
1231 1687 1517 1742 ambulau-
1765 1687 2239 1744 condemnabitur.
2605 1705 2727 1743 nem
2753 1689 3116 1743 conﬁrmante

78 1761 125 1816 8.
163 1761 330 1815 vobis.
363 1760 435 1816 At
463 1759 589 1831 illae
618 1773 825 1815 exeun-
896 1758 1042 1831 tibus
1075 1769 1327 1814 ostensus
1360 1768 1447 1813 est
1478 1759 1533 1814 iu
1564 1757 1663 1813 sli-
1767 1758 1857 1813 17.
1884 1761 2059 1831 Signa
2085 1768 2266 1815 autem
2294 1774 2411 1825 eos,
2435 1759 2527 1829 qui
2604 1758 2628 1793 ⁸
2654 1758 3008 1831 sequentibus
3036 1758 3229 1829 signis.

80 1840 169 1893 tes.
199 1832 451 1903 fugerunt
484 1828 553 1885 de
580 1845 694 1887 mo-
896 1830 1158 1903 a77efiigie,
1190 1830 1445 1903 euntibus
1475 1831 1528 1886 iu
1565 1831 1665 1887 vil-
1765 1828 2273 1898 crediderint,liaec
2297 1828 2531 1901 sequen-

80 1901 351 1967 numento;
386 1903 605 1957 invase-
900 1901 991 1956 15.
1033 1901 1159 1956 lam.
1192 1901 1260 1956 Et
1287 1901 1367 1957 illi
1400 1909 1624 1968 euntes,
1768 1910 1855 1959 tur
1888 1920 1900 1957 :
1933 1903 1989 1959 ln
2018 1906 2239 1961 nomine
2267 1918 2390 1959 meo
2642 1918 2954 1961 EXPLICAVI'I'
2993 1917 3339 1960 svsuesuuu

81 1981 152 2029 rat
175 1976 313 2031 enim
343 1987 440 2029 eas
471 1973 489 2005 ⁸
522 1980 629 2027 tre-
900 1972 1534 2039 nuntiaveruutceteris;
1768 1972 2054 2031 daemonia
2085 1975 2321 2031 eicient:
2356 1972 2459 2029 lin-
2703 1988 2989 2033 SECUNDO!
3026 1989 3268 2030 uncum.

1337 2108 1575 2167 CODEX
1612 2108 2091 2168 CORBEIENSIS.

148 2254 228 2309 l5.
258 2251 474 2308 Pilatus
500 2258 682 2306 autem
709 2249 915 2306 dimisit
942 2248 1051 2305 illis
1082 2248 1407 2305 Barabbam.
1438 2246 1664 2314 Omittit,
1843 2246 1934 2305 139.
1962 2246 2098 2303 Cum
2130 2258 2312 2304 autem
2344 2247 2560 2305 videret
2588 2246 2884 2315 Centurio,
2915 2246 3015 2319 qui
3034 2247 3216 2319 stabat
3245 2261 3377 2301 con-

83 2324 262 2380 volens
287 2325 500 2395 populo
529 2321 868 2395 satisfacere.
1054 2392 1062 2395 Α
1774 2331 2008 2395 traeum
2030 2363 2043 2383 .
2078 2321 2223 2395 quod
2246 2362 2260 2388 ,
2292 2321 2371 2375 sic
2402 2321 2648 2395 clamans
2673 2363 2687 2386 ,
2717 2319 2903 2395 emisit
2934 2317 3214 2395 spiritum.

141 2397 221 2450 17.
256 2388 643 2463 imposuerunt
671 2393 724 2450 ei
756 2394 952 2464 iactant
984 2392 1229 2464 apineam
1268 2407 1556 2450 coronam.
1792 2462 1801 2464 7
1842 2392 1935 2464 es.
1966 2393 2030 2447 Et
2050 2388 2325 2448 advocans
2346 2393 2757 2457 Ceoturionem,
2786 2388 3167 2461 interrogavit,
3192 2389 3237 2444 si
3263 2388 3379 2459 jam

142 2467 224 2522 19.
254 2462 736 2537 Etpercutiebant
765 2479 889 2537 eum
922 2463 989 2519 de
1020 2462 1287 2537 arimdine
1318 2466 1369 2519 in
1401 2472 1590 2535 caput.
1773 2462 2085 2537 deiuuctus.

138 2538 223 2593 2i.
257 2540 321 2593 Et
346 2532 1076 2608 angariaveruntSimonem
1097 2532 1669 2608 Cyrenaeum,_'tran_s-
1702 2579 1708 2587 .
1844 2534 1936 2591 47.
1971 2545 2302 2608 notaverunt
2332 2535 2508 2592 locmn
2532 2578 2546 2603 ,
2582 2536 2672 2591 ubi
2706 2534 3033 2608 ponebatur.
3106 2556 3119 2566 ·

78 2620 277 2734 surget;
310 2650 326 2666 .
362 2647 376 2666 .
412 2605 675 2680 (patrem
705 2607 1043 2675 Alexandri,
1079 2605 1401 2664 ut'tolleret.
1439 2605 1667 2673 Omittit,
1778 2679 1794 2734 1
1845 2606 2156 2733 cimini.
2181 2639 2252 2648 —
2274 2605 2333 2662 4.
2366 2618 2419 2663 et
2447 2618 2713 2663 venerunt
2735 2648 2749 2675 ,
2782 2616 2838 2664 et
2865 2606 3192 2693 invenerunt
3223 2618 3380 2659 rcvo-

82 2691 129 2734 et
198 2698 225 2734 ιι
271 2722 285 2734 .
1801 2692 1953 2734 utum
2003 2695 2241 2734 nouem.

82 2691 129 2737 et
152 2681 285 2736 Ruﬁ.
1778 2681 1953 2734 lutum
1981 2681 2241 2748 lapidem.
3111 2684 3117 2693 '

140 2752 229 2808 23.
258 2761 569 2808 murratum
598 2751 805 2806 vinum.
1849 2750 1906 2808 5.
1939 2744 2194 2807 viderunt
2230 2750 2642 2809 adolescentem
2669 2750 2932 2808 amictum
2964 2748 3160 2805 stolam
3191 2744 3383 2803 caudi-

140 2822 225 2877 24.
256 2824 542 2879 mittentes
568 2830 794 2879 sortem.
829 2821 1041 2887 omisso,
1070 2836 1238 2893 super
1267 2822 1370 2888 eis,
1394 2822 1515 2893 quis
1543 2819 1674 2893 quid
1780 2822 1906 2893 dam
1927 2864 1943 2891 ,
1975 2831 2031 2879 et
2057 2832 2416 2893 expaverunt.

83 2893 300 2950 tolleret.
842 2964 845 2965 7
1142 2890 1157 2893 “
1411 2890 1425 2893 “
1476 2964 1501 2965 77
1552 2890 1573 2965 ί
1851 2892 1906 2948 6.
1932 2890 2154 2958 'videte',
2187 2909 2316 2950 ecce
2348 2894 2529 2950 locum
2560 2895 2711 2965 ejus,
2747 2892 2838 2949 ubi
2872 2890 3083 2963 positus
3110 2897 3254 2946 erat.

141 2966 227 3022 25.
256 2966 387 3023 Erat
414 2974 608 3024 autem
652 2965 783 3022 hora
820 2964 930 3023 diei
971 2965 1162 3030 tertia,
1200 2973 1256 3023 et
1294 2964 1676 3021 custodiebant
1853 2966 1908 3019 7.
1940 2965 2081 3020 sicut
2112 2965 2222 3020 disi
2255 2966 2432 3021 vobis.

83 3052 213 3092 eum.
266 3105 281 3108 7
1066 3106 1071 3108 _
1458 3106 1477 3108 7
1607 3105 1620 3108 _
1854 3035 1910 3093 8.
1956 3037 2023 3108 Et
2060 3044 2322 3094 exeuntes
2357 3038 2523 3101 illae,
2554 3036 2915 3108 proiugerunt
2942 3050 2973 3089 a
3000 3039 3382 3108 monumento.

141 3108 224 3164 9.6.
258 3105 328 3165 Et
349 3121 472 3167 erat
499 3108 896 3180 superscriptio
920 3106 1166 3164 criminis
1187 3109 1388 3179 scripta
1420 3106 1566 3164 :ch
1595 3105 1681 3162 Ju-
1856 3107 1946 3180 iii.
1985 3107 2079 3180 Illa
2111 3117 2296 3180 autem
2331 3105 2737 3179 praecurrens,
2766 3106 3063 3162 nuntiavit.

83 3178 351 3237 daeorum.
570 3177 586 3180 ’
784 3177 799 3180 ’
1305 3177 1314 3179 “
1854 3177 1985 3305 illic
2016 3179 2203 3234 desunt
2233 3177 2431 3251 aliquot
2458 3196 2637 3234 versus
2666 3180 2722 3233 in
2753 3185 2875 3250 ms.)

145 3250 229 3305 δι.
261 3252 692 3305 lamasaotbani.
1891 3250 1942 3305 8.
1985 3265 2151 3305 super
2192 3251 2515 3305 lancuentes
2554 3262 2749 3305 manus
2787 3250 2875 3305 imt

145 3250 229 3324 3i.
261 3252 692 3322 lamasaptbani.
1111 3322 1121 3324 _
1474 3320 1484 3324 7
1638 3322 1646 3324 7
1854 3244 1959 3324 18.
1985 3265 2151 3324 super
2192 3244 2515 3324 languentes
2554 3262 2749 3306 manus
2787 3244 3109 3322 imponent,
3153 3254 3208 3302 et
3245 3244 3386 3303 bene

144 3323 227 3395 56.
256 3320 661 3395 circumposuit
691 3324 974 3390 arundini,
1010 3332 1065 3379 et
1093 3322 1258 3379 dabat
1293 3361 1305 3376 .
1343 3363 1355 3376 .
1393 3362 1405 3375 .
1441 3320 1490 3377 si
1528 3322 1679 3380 venit
1781 3337 1844 3380 se
1876 3320 2175 3395 habebunt.

87 3393 287 3463 Helias,
317 3406 374 3453 et
402 3393 639 3467 deponit
668 3410 815 3452 eum.
1852 3394 1942 3451 19.
1977 3404 2236 3467 receptus
2264 3402 2351 3452 est
2380 3394 2433 3455 in
2462 3393 2703 3451 coelum.

1286 3528 1687 3588 VARIANTES
1722 3529 2127 3591 LECTIONES.

140 3643 156 3674 ι
188 3642 291 3695 Gat.
314 3649 509 3705 terror,
537 3651 591 3694 et.
606 3653 772 3704 pavor.
1861 3643 1883 3677 δ
1915 3646 2022 3696 Gal.
2048 3659 2145 3696 non
2170 3658 2256 3697 eos
2277 3647 2495 3698 nocebit.

136 3705 159 3775 ξ
187 3705 290 3775 Qut.
312 3706 436 3775 [iam
459 3706 614 3775 Iesus
635 3718 829 3775 mane.“
899 3773 905 3775 7
1855 3708 1879 3742 ⁵
1911 3709 2020 3760 Gal.
2046 3710 2465 3773 prosequentibus
2480 3709 2658 3775 signis.
2681 3709 2867 3760 Amen.

142 3766 161 3798 ³
193 3767 299 3821 Gut.
324 3769 378 3819 in
399 3770 640 3820 mundum
663 3766 965 3831 praedicate.

1011 3887 1306 3932 EXPLlClT
1353 3888 1768 3934 EVANGELIUM
1811 3888 2157 3935 SECUNDUM
2199 3887 2497 3934 MARCUH.

92 4005 245 4013 ῌκκ
1608 4012 1613 4013 γ
1760 4011 1811 4013 κᾼ
1840 4000 3397 4013 Ακγῖκᾉᾼγμψ--αῌψ--Δ

2258 4013 3398 4039 πως-εἴη

1247 4139 2258 4285 APPENDIX

453 4388 621 4471 AD
693 4378 1489 4471 EVANGELIUM
1563 4380 2025 4468 EUSEBII
2097 4373 3002 4468 VERCELLENSIS.

1178 4651 1690 4727 MONITUM
1741 4648 2281 4724 EDITORIS.

155 4799 401 4867 Quamvis
425 4800 487 4854 in
520 4799 616 4853 hac
646 4795 930 4869 appendice
978 4789 1231 4848 nonnulla
1269 4789 1498 4861 reperire
1522 4788 1590 4843 sit
1640 4794 1970 4841 monumenta
1996 4802 2111 4856 quw
2139 4785 2207 4838 ad
2234 4783 2580 4857 Evangeiium
2608 4785 2857 4856 Eusebii,
2893 4792 3047 4864 cujus
3104 4788 3277 4862 Opera
3322 4790 3407 4847 hic

89 4894 277 4950 edenda
300 4895 632 4965 suscepimus
653 4935 668 4961 ,
703 4908 806 4946 non
830 4888 1061 4946 strictam
1090 4885 1308 4940 habeant
1331 4883 1670 4949 relationem,
1700 4880 1766 4935 iis
1788 4890 1960 4935 tamen
1988 4879 2227 4934 lectorem
2251 4895 2311 4935 eo
2342 4880 2512 4935 minus
2536 4880 2891 4954 fraudandum
2919 4883 3243 4949 censuimus,
3268 4881 3409 4955 quod

88 4987 161 5041 vet
185 4987 427 5043 notiones
458 4984 868 5059 patwoqraphiw
907 4977 1313 5053 pretiosissimas
1345 4975 1649 5043 exhibeant,
1677 4974 1757 5029 vet
1784 4971 2042 5030 codicibus
2064 4972 2317 5028 versionis
2344 4972 2497 5029 Italae
2520 4974 2824 5045 quibuscum
2855 4983 3024 5034 textus
3048 4975 3267 5035 Eusebii
3286 4992 3412 5034 nos-

91 5078 149 5131 tri
178 5078 400 5135 cotlatus
425 5087 506 5134 est
531 5075 862 5132 ittustrandis
889 5073 1189 5128 inserviant.

1058 5196 1629 5285 EPISTOLA
1700 5193 2372 5279 BLANCHINI.

712 5340 1178 5420 Comparantur
1201 5335 1521 5398 variantes
1545 5330 1822 5413 quaedam
1854 5330 2150 5393 lectiones
2184 5330 2748 5413 Evangelistarum

96 5467 551 5525 EminentiSsimo
574 5476 629 5522 et
650 5460 1114 5522 reverendissimo
1131 5455 1361 5531 principi
1388 5472 1451 5513 ac
1481 5456 1705 5513 domino
1882 5454 2210 5511 Blancliinus
2237 5455 2572 5517 Veronensis
2590 5498 2607 5525 ,
2661 5462 2951 5535 presbyter
2976 5463 3413 5535 congregationis
3454 5468 3457 5473 '

162 5563 225 5618 D.
258 5561 430 5620 Nerio
464 5559 529 5615 S.
580 5559 642 5613 li.
680 5558 740 5617 E.
795 5550 1354 5615 cardinaliCorsino,
1404 5563 1698 5622 regnorum
1810 5546 2047 5603 Oratorii
2070 5547 2339 5616 Romani,
2376 5550 2714 5609 felicitatem.

162 5652 521 5726 Portugalliae
560 5647 852 5720 protectori
882 5643 1466 5711 benemerentissimo,
1494 5639 1698 5713 Josepb
1876 5639 2147 5707 Quoniam
2178 5649 2204 5679 ει
2254 5641 2455 5698 nudius
2507 5643 2697 5697 tertius
2746 5643 3127 5699 sanctissimus
3153 5643 3413 5701 dominus

164 5806 187 5831 δ
220 5794 433 5866 Nempe
462 5790 558 5847 die
578 5790 640 5846 2|
677 5791 880 5863 Aprilis
898 5787 1062 5861 hujus
1082 5786 1212 5843 anni
1246 5783 1404 5842 1749.
