3956 6206
158 282 246 340 ειι

1034 271 1427 330 LECTIONES
1466 269 1862 326 VARIANTES
1903 267 2557 327 EVANGELISTARUM.

3332 272 3440 328 8J2

156 409 285 461 mus,
312 404 436 465 quae
483 389 554 447 de
583 390 689 446 illis
733 398 954 445 sanctus
1011 387 1307 460 Gregorius
1361 386 1731 459 predecessor
1757 386 1806 447 Α
1836 384 2146 440 sultationis
2172 385 2436 441 ofﬁcium.
2480 384 2634 455 Quod
2664 385 2790 440 dum
2820 395 3022 456 praesto
3048 428 3063 454 ,
3093 387 3197 458 ipsi
3226 402 3443 459 quoque

160 495 325 541 uoster
354 481 424 539 ad
452 483 626 555 ipsum
654 482 992 540 Gennadium
1035 482 1255 553 scripsit
1282 523 1297 547 ,
1322 482 1408 536 his
1434 481 1618 535 verbis
1649 487 1675 516 ι
1714 496 1729 533 :

170 575 259 633 Ubi
286 576 414 631 enim
460 575 753 630 meritorum
782 584 1066 630 vestrorum
1115 573 1307 645 loquax
1342 589 1445 627 non
1487 570 1734 625 discurrit

167 667 369 738 opinio?
392 666 513 735 Quae
551 677 598 721 et
623 667 754 721 bella
775 682 863 721 vos
898 669 1191 738 frequenter
1219 674 1477 737 appetere,
1512 680 1615 718 non
1641 664 1733 717 de-

163 762 338 816 siderio
363 759 607 831 [audendi
630 761 919 833 sanguinis,
949 759 1040 814 sed
1064 759 1348 814 dilatando:
1376 773 1535 811 causa
1559 757 1735 827 reipu-

163 853 315 918 blicae,
347 853 399 905 in
417 868 516 923 qua
545 850 711 906 Deum
753 853 857 907 coli
885 852 1232 920 conspicimus
1252 892 1268 918 ,
1318 851 1582 921 loquitur:
1608 865 1738 916 qua-

158 957 297 1001 tenus
324 943 510 1001 Christi
552 962 734 999 nomen
763 960 853 1013 per
897 943 1130 1014 subditqs
1159 952 1333 1014 gentes
1363 941 1517 996 Fidei
1545 942 1739 1014 praedi-

158 1041 346 1094 catione
370 1038 765 1108 circumquaque
786 1036 1062 1091 discurrat.
1111 1034 1364 1105 Ejusdem
1393 1034 1566 1088 sancti
1602 1047 1739 1103 pon-

160 1134 307 1188 tiﬁcis
352 1130 500 1187 verbi
549 1145 942 1201 prOSeqttemtir
992 1127 1278 1183 :Plurimo
1332 1144 1425 1199 pro
1462 1125 1739 1199 pascendis

157 1226 324 1280 oribus
353 1223 488 1287 beati
520 1221 670 1277 Petri
719 1222 1083 1292 Apostolorum
1128 1221 1379 1291 principis
1429 1218 1739 1273 utilitatibus

156 1317 518 1373 Excellentiam
557 1316 790 1372 Vestram
832 1316 1135 1387 priestitisse
1174 1314 1472 1369 didicimus.
1516 1311 1736 1367 Oratio-

155 1428 270 1468 nem
322 1410 542 1466 tandem
591 1419 830 1465 nostram
863 1410 1209 1465 absolvemus
1234 1449 1247 1474 ,
1277 1405 1736 1476 quemadmodum

156 1516 206 1562 et
235 1516 449 1561 sanctus
476 1504 772 1575 Gregorius
804 1503 1089 1574 epistolam
1112 1499 1346 1557 absolvit
1378 1514 1532 1553 suam
1567 1519 1580 1553 :
1609 1498 1741 1553 Per-

156 1601 397 1655 solventes
423 1609 654 1670 paterna:
674 1598 943 1652 charitatis
971 1595 1272 1667 alloquium,
1306 1594 1525 1664 petimus
1557 1589 1744 1646 Domi-

156 1712 301 1760 num,
336 1693 765 1764 Salvatoremque
813 1701 1079 1754 nostrum,
1127 1690 1216 1758 qui
1258 1688 1607 1742 Eminentiam
1642 1685 1745 1740 Ve-

1840 493 1904 534 ex
1935 480 2117 533 animo
2153 480 2435 550 gratulor;
2465 479 2553 534 cui
2601 479 2704 534 etsi
2750 493 2944 549 magna
2984 489 3066 534 est
3097 480 3449 549 gravissimo-

1839 588 1958 627 rum
1993 574 2332 644 negotiorum
2388 574 2643 645 imposita
2693 575 2902 641 moles,
2935 591 3058 630 eam
3090 585 3269 631 tamen
3327 578 3446 647 ipse

1839 682 2048 723 summa
2080 683 2204 722 cum
2230 668 2392 725 laude
2432 679 2594 740 atque
2639 669 2880 725 omnium
2920 668 3281 725 admiratione
3328 685 3448 726 sus—

1841 762 2008 818 tinet:
2032 779 2096 818 ex
2121 779 2228 834 quo
2252 764 2629 833 consequitur,
2676 771 2736 817 ut
2774 778 2881 818 non
2908 763 3071 818 modo
3096 763 3261 834 Regis
3285 764 3450 820 Fide-

1842 857 2032 912 lissimi
2065 858 2327 913 voluntati
2351 858 2573 921 serviat,
2608 857 2750 926 quod
2775 872 2989 911 summa
3014 857 3174 911 laude
3198 857 3448 927 dignum,

1842 953 1934 1008 sed
1954 954 2119 1008 etiam
2147 963 2204 1008 ut
2229 955 2482 1009 consulat
2512 952 2778 1022 Majestati
2798 994 2812 1017 ,
2834 968 2941 1023 quo
2974 951 3300 1007 laudabilius
3329 967 3452 1008 csse

1845 1045 1977 1100 nihil
2009 1056 2204 1116 potest.
2233 1045 2393 1102 Vivat
2421 1046 2588 1117 igitur
2615 1046 2666 1100 in
2695 1061 2868 1099 annos
2903 1045 3191 1116 plurinms,
3212 1055 3372 1117 atque
3401 1048 3453 1100 in

1844 1150 2106 1194 internum
2135 1141 2279 1194 vivat
2308 1154 2431 1194 cum
2458 1139 2701 1203 Christo,
2724 1141 2879 1208 cujus
2899 1138 3090 1194 Ordini
3134 1138 3338 1193 Militiae
3352 1154 3458 1203 que

1846 1248 2042 1288 nomen
2071 1232 2243 1288 dedit.
2270 1232 2370 1288 ilic
2397 1243 2482 1288 est
2505 1239 2756 1287 votorum
2788 1247 3034 1287 meorum
3067 1246 3302 1301 scapus;
3338 1232 3457 1287 bazc

1847 1325 2206 1399 Evangeliarii
2254 1325 2641 1397 quadruplicis,
2674 1325 2818 1394 qutid
2852 1339 2980 1394 gero
3009 1325 3060 1378 in
3095 1334 3341 1393 pectore,
3375 1324 3459 1378 di-

1847 1418 2108 1487 sciplina;
2138 1418 2240 1472 hoc
2265 1418 2659 1487 magisterium.
2688 1416 2843 1472 Nunc
2869 1433 3020 1481 vero,
3049 1418 3346 1471 cardiualis
3370 1433 3455 1472 sas

1849 1510 2192 1580 pientissime
2211 1552 2226 1576 ,
2253 1519 2462 1564 tantum
2492 1511 2675 1574 abest,
2711 1521 2769 1565 ut
2789 1526 2890 1581 ego
2912 1530 2939 1561 a
2974 1510 3277 1580 majoribus
3296 1512 3410 1566 tuis
3439 1554 3454 1577 ,

1848 1603 1996 1657 omni
2028 1602 2226 1658 decore
2251 1602 2624 1671 afﬂuentibus,
2652 1603 2717 1657 ad
2746 1603 2796 1658 te
2825 1605 3128 1659 ornandum
3156 1609 3452 1676 quidquam

1850 1694 2094 1751 hauriam
2123 1738 2139 1764 ,
2171 1697 2413 1753 utetiam
2438 1697 2492 1752 in
2518 1708 2568 1752 te
2598 1697 2669 1752 sit
2691 1738 2705 1762 ,
2738 1697 2882 1768 quod
2915 1696 2979 1752 ad
3007 1697 3131 1752 illos
3158 1698 3458 1755 redundet.

154 1800 301 1845 stram
322 1805 415 1861 pro
439 1789 629 1843 solatio
655 1797 848 1843 sancta:
871 1784 1171 1856 reipublica:
1200 1782 1602 1837 misericorditer
1624 1797 1747 1852 pro-
1778 1785 1826 1846 B
1856 1789 1911 1846 Si
1941 1798 2122 1845 tamen
2148 1789 2279 1844 mihi
2302 1790 2369 1844 de
2402 1798 2455 1846 ιθ
2476 1789 2696 1845 aliunde
2722 1791 2951 1861 petenda
2979 1802 3127 1846 esset
3147 1790 3288 1854 laus.
3315 1791 3463 1846 unde

159 1894 320 1956 tegat,
374 1894 423 1938 et
454 1884 527 1937 ad
576 1883 902 1937 dilatandum
931 1897 1023 1952 per
1072 1880 1319 1942 ﬁnitimas
1356 1887 1531 1953 gentes
1559 1891 1747 1931 nomen

154 1981 256 2051 ejus
288 1978 456 2049 magis
487 1977 755 2049 magisque
778 1975 976 2030 brachii
1002 1974 1080 2028 sui
1111 1972 1357 2044 firmitate
1384 1974 1655 2042 confortet.

230 2071 338 2127 Huc
366 2087 547 2144 usque
589 2070 1019 2141 sapientissimus
1069 2067 1393 2122 Benedictus
1422 2079 1559 2136 papa
1606 2062 1745 2131 XIV,

164 2164 249 2237 qui
276 2166 553 2237 praiclaris
596 2178 817 2219 suorum
867 2162 1328 2232 prmdecessorum
1373 2157 1639 2229 exemplis
1670 2158 1753 2213 in-

164 2258 372 2325 sistens,
395 2258 597 2315 Joanui
626 2257 695 2322 V,
718 2257 786 2312 de
815 2254 1083 2312 catholica
1115 2254 1241 2320 ﬁde,
1266 2268 1329 2309 ac
1358 2253 1426 2308 de
1454 2251 1751 2323 apostolica

165 2352 286 2409 sede
311 2350 885 2413 benemerentissimo,
915 2349 1128 2404 titulum
1160 2363 1224 2402 ac
1246 2356 1566 2403 ornamenta
1592 2345 1755 2402 FIDE-

165 2462 342 2502 ussnn
388 2445 626 2516 largitus
668 2450 771 2499 est.
818 2440 1207 2499 Sanctissimus
1238 2440 1365 2495 Pius
1410 2437 1455 2494 V
1483 2439 1754 2508 (quantus

166 2538 484 2610 Pontifex!)
538 2538 718 2593 Sacra?
747 2535 1015 2607 Majestati
1042 2533 1350 2592 Sebastiani
1401 2532 1753 2604 Portugalliae

167 2639 218 2687 ct
248 2633 635 2703 Algarbiorum
681 2632 864 2701 regis,
910 2630 1081 2699 ipsius
1106 2629 1334 2685 Joannis
1363 2627 1405 2684 V
1437 2626 1625 2697 optimi
1656 2627 1755 2682 de-

168 2727 425 2793 cessoris,
459 2740 568 2796 pro
615 2723 895 2780 immensis
937 2723 1252 2787 laboribus,
1284 2730 1449 2791 atque
1476 2718 1754 2790 operibus,

166 2820 225 2875 ad
253 2819 537 2876 catholica:
584 2819 704 2874 lidei
754 2817 1195 2888 pr0pagationem
1227 2812 1621 2886 procurandum
1664 2829 1759 2868 ex-

168 2912 383 2978 haustis,
412 2911 791 2969 honorabilem
823 2911 1059 2981 aliquem
1096 2909 1339 2973 titulum,
1372 2918 1641 2978 tamquam
1671 2921 1759 2961 re-

168 3020 276 3059 rum
324 3006 590 3076 praeclare
640 3012 913 3073 gestarum
967 3002 1149 3073 jugem
1199 3001 1467 3066 iudicem,
1508 2996 1761 3053 conferre

169 3100 408 3169 Optabat;
444 3110 506 3156 ut
539 3098 681 3153 idem
710 3096 1037 3153 Benedictus
1062 3109 1195 3165 papa
1215 3092 1358 3157 XIV,
1386 3091 1476 3147 die
1501 3090 1574 3146 25
1605 3104 1759 3145 men-

1853 1883 2006 1951 plura
2034 1867 2388 1953 suppeterent
2420 1892 2765 1951 ornamenta,
2788 1900 2948 1953 quam
2973 1899 3001 1938 a
3030 1884 3315 1940 Clemente
3339 1884 3455 1951 Xll,

1855 1986 2047 2046 patruo
2073 1986 2189 2044 tuo,
2239 1976 2307 2031 ad
2333 1978 2631 2032 multorum
2674 1977 2954 2046 invidiam,
2994 1977 3061 2031 ad
3093 1977 3340 2032 omnium
3364 1978 3464 2032 ad-

1854 2071 2200 2125 mirationem
2245 2069 2504 2139 pontiﬁce
2528 2085 2657 2125 vere
2683 2084 2902 2139 magno,
2949 2069 3038 2124 cui
3068 2070 3118 2123 in
3162 2070 3327 2124 terris
3368 2085 3460 2123 sn-

1854 2178 2096 2234 premam
2128 2162 2470 2233 dignitatem,
2496 2162 2555 2219 S.
2579 2163 2646 2217 Β.
2679 2163 2741 2218 Ε.
2774 2163 3133 2218 cardinalium
3166 2163 3460 2232 collegium

1855 2273 1961 2312 non
1981 2257 2137 2329 quasi
2163 2265 2403 2327 optatam
2423 2258 2744 2321 contulisse,
2767 2258 2863 2313 sed
2887 2258 3042 2329 quasi
3068 2256 3308 2312 debitam
3332 2256 3458 2329 per-

1856 2353 2086 2407 solvisse
2115 2352 2343 2422 quisque
2372 2352 2694 2406 testabatur.
2724 2352 2801 2406 De
2832 2352 2938 2405 tuis
2966 2362 3149 2406 autem
3180 2349 3458 2418 laudibus,

1858 2453 2056 2518 quanta
2100 2446 2391 2502 scribenda
2439 2444 2660 2502 forent!
2694 2446 2801 2502 Sed
2830 2448 2957 2517 quia
2991 2459 3168 2503 tecum
3197 2448 3349 2516 quasi
3379 2448 3462 2502 lo-

1857 2556 2014 2611 quor,
2051 2555 2121 2596 ne
2146 2541 2353 2596 servire
2384 2541 2491 2595 tuis
2519 2540 2746 2595 auribus
2788 2541 3000 2607 videar,
3035 2541 3164 2595 nolo
3187 2540 3277 2595 hic
3305 2540 3465 2611 plura

1859 2632 2123 2688 scribere;
2157 2633 2364 2705 itaque,
2396 2632 2691 2688 cardinalis
2721 2632 3127 2698 sapientissime
3155 2632 3282 2705 (cui
3314 2649 3463 2687 sum-

1862 2741 2002 2780 mam
2027 2724 2253 2796 juvandi
2284 2726 2497 2781 litteras
2529 2726 2863 2781 voluntatem
2895 2726 3041 2782 Deus
3067 2725 3299 2799 tribuit),
3326 2741 3464 2796 quo-

1861 2817 2007 2872 niam
2052 2817 2120 2872 ad
2157 2818 2414 2873 eximium
2464 2818 2633 2873 decus
2678 2818 2935 2888 ingenita;
2987 2819 3303 2873 clementia:
3354 2826 3460 2875 tua:

1861 2925 1999 2965 nova
2030 2925 2173 2964 nunc
2208 2920 2260 2964 te
2309 2919 2467 2965 vocat
2495 2911 2734 2977 occasio,
2763 2912 3003 2980 suscipe,
3039 2926 3245 2981 quaaso,
3302 2912 3463 2981 hujus

1864 3001 2044 3071 operis
2066 3002 2462 3072 prosecutionis
2491 3002 2633 3073 apud
2671 3006 2872 3074 Regem
2919 3002 3323 3061 Fidelissimum
3360 3021 3458 3076 pa-

1866 3094 2177 3150 trocinium.
2209 3094 2453 3150 Restitue
2484 3095 2597 3161 illi,
2628 3111 2749 3166 qua:
2773 3105 3075 3167 temporum
3103 3098 3461 3166 perversitas,

170 3193 240 3247 sis
269 3191 588 3249 Decembris
618 3190 781 3257 1748,
826 3188 1105 3245 mandavit
1130 3186 1344 3249 litteris,
1379 3184 1432 3239 in
1460 3198 1632 3237 aevum
1662 3197 1758 3253 pe-
1786 3175 1833 3241 C
1863 3190 1979 3254 vel,
2022 3200 2079 3244 ut
2129 3189 2238 3245 alio
2282 3188 2466 3245 verius
2525 3204 2688 3244 causa
2753 3191 3056 3257 derivetur,
3112 3203 3462 3262 peccatorum

171 3287 491 3342 renuaturis.
533 3283 641 3342 Sed
686 3282 882 3339 Joanni
932 3281 994 3348 V,
1045 3279 1200 3349 cujus
1252 3277 1472 3348 pietatis
1523 3291 1588 3331 ac
1633 3272 1759 3329 ﬁdei

171 3388 511 3434 monumenta
544 3393 653 3433 non
682 3386 949 3441 vetustas,
979 3388 1087 3428 non
1116 3372 1321 3427 oblivio
1361 3367 1567 3424 delebit
1610 3367 1717 3423 ulla
1742 3407 1757 3433 ,

173 3481 341 3527 tantus
364 3472 549 3528 honos
574 3469 975 3525 reservabatur.
1011 3464 1115 3535 Ipsi
1140 3464 1287 3519 enim
1319 3462 1558 3532 primum
1590 3459 1762 3514 FIDE-

172 3579 349 3620 Ltssnn
374 3577 535 3622 REGIS
566 3561 752 3617 titulus
773 3560 1008 3615 collatus
1046 3565 1160 3623 est,
1213 3570 1374 3627 quem
1407 3570 1527 3609 cum
1558 3551 1759 3623 posteri

174 3653 508 3711 hereditario
526 3654 649 3726 jure
673 3652 1062 3721 adipiscentur,
1085 3649 1311 3704 Joannis
1340 3647 1378 3702 V
1425 3646 1611 3711 ﬁdem,
1643 3660 1762 3715 qum

172 3749 402 3804 omnium
446 3749 708 3804 virtutum
741 3753 824 3801 est
850 3744 1025 3808 radix,
1069 3758 1135 3796 eo
1178 3740 1531 3813 praedicante,
1560 3753 1762 3809 cogno-

173 3852 350 3910 scent;
381 3853 459 3910 et,
489 3857 616 3897 cum
646 3840 1024 3911 cognoverint,
1056 3838 1159 3908 ipsi
1185 3852 1397 3907 quoque
1419 3835 1611 3890 :rmula
1643 3835 1763 3888 imi-

175 3937 366 3992 tatione
414 3935 813 4008 praedicabunt.
846 3933 1068 3998 Tuone,
1100 3932 1251 3989 card.
1297 3929 1758 3997 eminentissime,

172 4043 235 4082 an
264 4045 386 4086 meo
411 4030 593 4086 dicam
637 4029 780 4084 felici
811 4027 1105 4098 contigisse
1132 4025 1262 4093 fato,
1290 4036 1351 4082 ut
1375 4042 1553 4081 moras
1581 4036 1765 4081 necte-

171 4131 251 4177 ret
275 4122 457 4178 divina
510 4120 800 4179 clementia
827 4120 1035 4191 jamdiu
1064 4126 1289 4174 maturae
1318 4118 1478 4189 hnjns
1528 4117 1765 4187 Evange-

176 4217 307 4272 liarii
331 4216 695 4289 quadruplicis
724 4212 985 4271 editioni?
1006 4211 1086 4268 Tu
1114 4211 1365 4283 quidem,
1401 4212 1446 4267 si
1471 4219 1619 4265 tuum
1639 4225 1764 4265 sen-

175 4326 284 4367 sum
310 4315 623 4385 explorem,
670 4312 752 4365 vis
797 4326 884 4367 me
910 4308 1017 4365 hoc
1047 4309 1288 4363 tribuere
1315 4306 1547 4362 fortuna:
1577 4320 1713 4360 mea:
1746 4323 1760 4360 :

176 4420 403 4477 namque
454 4406 531 4460 ita
579 4403 872 4470 eveniens,
920 4402 989 4458 ad
1036 4417 1219 4473 regem
1262 4398 1598 4455 JoannemV
1642 4397 1766 4453 huic

174 4496 328 4569 Operi
384 4495 677 4570 gloriosior
723 4495 901 4550 aditus
951 4502 1118 4564 patet.
1152 4492 1215 4547 Ei
1267 4507 1504 4563 namque
1552 4490 1765 4546 sistitur

1865 3297 2110 3337 meorum
2142 3281 2225 3337 vis
2254 3282 2473 3351 eripuit.
2507 3280 2636 3337 Haec
2678 3293 2760 3337 est
2810 3284 2951 3338 actio
2980 3282 3141 3354 digna
3169 3284 3455 3350 cardinali,

1862 3373 2022 3444 digna
2056 3362 2332 3443 principe;
2366 3373 2531 3428 Nerio
2554 3387 2685 3429 vero
2707 3382 2763 3428 et
2799 3374 3063 3429 cardinali
3091 3417 3107 3443 ,
3141 3385 3196 3431 et
3218 3377 3463 3447 principe

1864 3470 2203 3540 dignissima.
2239 3469 2383 3524 Vidit
2403 3469 2546 3524 alma
2577 3468 2772 3534 Roma,
2796 3469 2926 3524 dum
2965 3485 3193 3540 magnus
3221 3480 3346 3526 tuus
3370 3486 3465 3542 pa-

1868 3571 2023 3618 truus
2055 3562 2280 3630 viveret,
2339 3572 2484 3617 tuam
2515 3563 2845 3633 printer-itam
2898 3562 3063 3616 vitam
3099 3581 3114 3617 :
3147 3563 3216 3617 ab
3243 3579 3305 3619 ea
3330 3564 3465 3619 nihil

1865 3672 2118 3727 umquam
2143 3655 2372 3721 humile,
2398 3654 2532 3709 nihil
2557 3655 2874 3720 obscurum,
2904 3654 3038 3709 nihil
3060 3656 3313 3727 vulgare;
3342 3672 3461 3713 am-

1866 3748 1952 3818 pla
1976 3750 2178 3809 omnia,
2208 3748 2489 3817 praeclara.
2520 3747 2760 3801 inusitati
2786 3748 3043 3818 exempli.
3070 3749 3202 3815 Qum
3228 3758 3308 3817 tu,
3332 3765 3465 3821 quo-

1866 3842 2013 3895 niam
2043 3856 2071 3894 a
2116 3850 2167 3896 te
2206 3840 2328 3910 ipso
2367 3840 2659 3896 dissentire
2702 3854 2809 3895 non
2848 3849 3027 3909 potes,
3059 3858 3203 3897 nunc
3245 3860 3465 3916 quoque

1867 3944 2094 4005 praestas
2124 3934 2413 3999 universis,
2441 3949 2770 4005 semperque
2791 3936 3098 4004 praestabis.
3122 3937 3462 4007 Quicumque

1866 4026 2031 4082 futuri
2072 4034 2199 4081 sunt
2228 4042 2293 4082 ex
2336 4026 2438 4081 bac
2470 4026 2710 4080 editione
2735 4028 3011 4096 protectus
3045 4026 3066 4099 (
3079 4029 3131 4081 in
3159 4029 3461 4085 restituent-

1865 4119 1949 4174 dis
1979 4120 2278 4190 praesertim
2319 4117 2645 4173 lectionibus
2672 4127 2986 4173 sanctorum
3023 4120 3243 4175 Patrum
3273 4123 3461 4191 primi-

1866 4212 2127 4280 tivorum,
2155 4212 2247 4283 qui
2276 4220 2512 4281 quatuor
2561 4220 2750 4266 sancta
2780 4210 2909 4266 Jesu
2936 4212 3140 4269 Christi
3167 4214 3462 4287 Evangelia

1864 4306 1951 4361 vel
1979 4304 2230 4370 recitant,
2260 4306 2345 4361 vel
2366 4304 3109 4378 commentariisillustrant),
3140 4306 3241 4364 bos
3271 4325 3463 4366 omnes

1866 4399 2128 4469 singulari
2164 4414 2382 4468 prorsus
2413 4407 2467 4455 et
2497 4398 2908 4467 incomparabili
2970 4399 3198 4456 Joannis
3248 4402 3289 4458 V
3338 4420 3460 4459 mu-

1866 4490 2159 4547 niﬁcentiaa
2202 4489 2424 4556 deberi,
2456 4504 2558 4561 ego
2581 4500 2690 4544 tam
2712 4490 2946 4555 sincero,
2975 4507 3139 4559 quam
3168 4505 3322 4564 grato
3344 4496 3464 4552 ani-

176 4605 365 4661 gerens
414 4592 470 4647 in
523 4590 702 4647 fronte
750 4590 964 4645 titulum
1003 4587 1363 4651 FIDELISSIII,
1397 4586 1450 4639 in
1491 4601 1601 4653 quo
1650 4584 1768 4654 ipse
1791 4571 1845 4632 Ι)
1872 4599 1960 4637 mo
1976 4583 2153 4654 palam
2181 4592 2478 4653 aperteque
2498 4585 2775 4651 proﬁteor,
2791 4597 3116 4655 semperque
3139 4590 3464 4658 praedicabo.

176 4682 282 4741 Rex
306 4686 408 4743 sibi
428 4685 556 4758 jure
576 4684 784 4755 optimo
800 4683 955 4738 valde
972 4681 1317 4753 gloriabitur.
1342 4679 1411 4735 At
1431 4678 1561 4733 illud
1585 4693 1763 4733 meum

178 4780 449 4834 cstetiam
482 4776 792 4841 ostendere,
826 4790 923 4830 cur
974 4787 1074 4844 ego
1123 4771 1177 4827 in
1225 4787 1291 4827 eo
1345 4782 1448 4826 tuze
1490 4768 1775 4826 felicitatis.

182 4870 349 4940 majus
375 4884 596 4941 quoque
645 4867 857 4939 pondus
885 4881 1194 4937 agnoscam.
1227 4863 1361 4921 Nam
1384 4906 1401 4932 ,
1429 4864 1474 4918 si
1504 4873 1560 4919 tu
1590 4864 1663 4918 ita
1702 4863 1771 4918 de

181 4977 263 5018 me
291 4964 468 5019 sentis
490 5004 505 5028 ,
530 4977 744 5032 aequum
793 4969 878 5017 est
900 4960 1029 5015 mihi
1059 4976 1087 5014 a
1123 4969 1175 5015 te
1222 4958 1478 5023 concedi,
1511 4968 1565 5013 ut
1590 4973 1691 5029 ego
1716 4956 1768 5012 id

181 5054 245 5112 tle
267 5065 317 5112 te
348 5056 556 5123 magis;
585 5054 838 5126 quoniam
866 5064 921 5108 tu
943 5068 1232 5124 regnorum
1264 5049 1609 5122 Portngallite
1648 5064 1772 5119 pro-

184 5157 351 5204 tector
380 5148 966 5204 benemerentissimus
1006 5161 1086 5201 es.
1136 5144 1639 5201 Excellentissimus
1691 5142 1776 5197 vir

184 5239 243 5295 Ι).
279 5241 599 5297 Emmanuel
637 5240 872 5313 Pereyra
926 5240 993 5294 de
1041 5238 1323 5308 Sampajo,
1359 5235 1775 5291 commendator

183 5331 380 5389 Militia:
410 5333 625 5387 Domini
657 5331 838 5389 Nostri
865 5333 996 5389 Jesu
1025 5330 1226 5385 ChriSti
1249 5372 1263 5396 ,
1297 5338 1353 5385 et
1376 5327 1618 5398 Negotiis
1666 5326 1778 5381 Ma-

180 5425 390 5496 iestatis
437 5426 568 5481 Suze
604 5427 741 5498 apud
800 5428 995 5483 Sedem
1042 5422 1398 5494 apostolicam
1456 5419 1776 5492 pra'posittts

188 5518 722 5589 plempotentiarins,
754 5531 859 5576 tua:
891 5519 1013 5573 lidci
1035 5559 1049 5581 ,
1082 5515 1474 5586 sapientiaeque
1494 5525 1773 5567 commen-

188 5610 333 5668 davit
382 5614 513 5677 hoc,
545 5614 685 5683 quod
716 5628 859 5669 nunc
886 5629 914 5667 a
966 5626 1055 5668 me
1082 5611 1308 5681 geritur,
1341 5608 1654 5663 christiana:
1684 5623 1779 5664 ex-

1871 4676 1941 4732 Et
1987 4676 2189 4730 utinam
2230 4676 2360 4729 mihi
2410 4675 2512 4732 sub
2554 4675 2744 4731 iisdem
2795 4677 3092 4745 auspiciis,
3138 4693 3467 4754 sumptaque

1871 4767 2022 4839 regio
2054 4767 2213 4821 liceat
2242 4781 2455 4837 quoque
2483 4766 2535 4820 in
2568 4767 2742 4821 lucem
2774 4768 3024 4823 emittere
3047 4769 3155 4825 duo
3182 4773 3287 4827 alia
3329 4788 3469 4845 prae-

1874 4862 2069 4917 stantia
2104 4861 2371 4915 volumina
2425 4860 2788 4932 llexaplorum
2819 4860 3296 4934 Origenianorum,
3345 4885 3468 4940 qua:

1873 4970 2027 5021 auro,
2057 4964 2392 5025 argentoque
2419 4956 2655 5023 cariora,
2691 4957 2890 5010 mirum
2923 4957 2975 5010 in
3001 4958 3218 5014 modum
3248 4976 3467 5018 causam

1878 5046 2002 5102 ﬁdei
2044 5045 2326 5101 catholica:
2372 5056 2590 5101 tuentur
2630 5057 2686 5102 et
2726 5048 2949 5116 juvant!
3000 5049 3113 5105 Hoc
3161 5057 3470 5124 argumenti

1874 5156 2082 5211 genus,
2142 5150 2418 5210 protector
2473 5139 2949 5210 eminentissime,
2999 5144 3110 5200 lere
3148 5146 3478 5205 intontatum

1878 5232 2178 5297 hactenus,
2212 5233 2419 5303 regium
2458 5231 2816 5287 Mectenatem
2873 5246 3117 5304 exoptat.
3168 5237 3275 5294 Sed
3315 5240 3385 5296 de
3411 5257 3478 5299 eo

1878 5341 1985 5380 una
2020 5335 2197 5379 tecum
2229 5325 2387 5379 alias.
2436 5323 2595 5380 Nunc
2620 5339 2754 5381 vero
2797 5327 3063 5396 quosdam
3105 5331 3339 5387 omissos
3377 5333 3478 5390 SS.

1881 5420 2103 5475 Patrum
2137 5420 2293 5475 locos
2321 5418 2416 5473 tibi
2448 5419 2633 5485 mitto,
2664 5419 2930 5489 sistoque.
2961 5431 3175 5492 tumque
3197 5426 3482 5493 sapientia:

1885 5511 2115 5583 subjicio
2144 5511 2549 5578 discutiendos;
2599 5522 2651 5566 ut
2681 5528 2747 5567 ex
2793 5512 2926 5582 ipsis
2965 5514 3212 5581 deﬁnias,
3246 5533 3313 5570 an
3357 5519 3484 5588 jure

1881 5604 2139 5670 dixerim,
2173 5604 2394 5660 codices
2417 5613 2638 5658 nostros
2663 5606 2892 5667 Aureos,
2923 5605 3249 5676 Argenteos,
3275 5606 3489 5679 Ptlrpu-

262 5778 295 5808 α
319 5769 443 5826 Lib.
498 5782 512 5822 ι
562 5764 751 5822 lndict.
782 5766 837 5829 9.
870 5764 1029 5835 epist.
1057 5763 1149 5829 75,
1191 5768 1323 5817 tom.
1364 5759 1408 5815 ll
1450 5773 1603 5832 oper.
1637 5758 1772 5816 edit.
1800 5756 1974 5816 Paris.
2010 5754 2171 5820 1705.
2197 5769 2251 5823 p.
2274 5753 2402 5810 560.

645 5863 912 5924 Ριτιοι.
960 5857 1103 5920 ΧΠ.

3011 5853 3090 5919 27
