3956 6206
113 244 225 298 865

793 237 1203 301 DESCRIPTIO
1237 239 1392 299 COD.
1435 244 1549 301 MS.
1590 242 2115 301 GRIECO-LATINI
2153 240 2724 302 EVANGELIORUH.

3319 242 3427 301 866

845 482 1403 579 EPISTOLA
1483 442 2131 578 BLANCHINI'
2197 490 2689 578 ALTERA.

110 670 471 714 DESCRIBI'I’UR
495 670 666 714 CODBX
694 670 780 713 I5.
807 669 1254 713 GRECO-LATINUS
1284 668 1703 712 ΕνΑΝῦῑιιοιιυι
1740 669 1809 710 ΕΤ
1836 667 2108 723 ACTORUI,
2139 669 2193 711 IN
2216 669 2567 713 BIBLIOTBECA
2596 669 3038 713 CANTABRIGIENSI
3067 671 3425 716 ASSERVATUS.

1371 777 1925 835 ————euaae

103 907 198 963 Cl.
227 921 294 962 ac
320 905 647 963 doctissimo
667 904 788 960 viro
816 903 1070 977 Philippo
1096 903 1281 960 abbati
1322 901 1600 961 Garbellio
1629 915 1722 971 pa-
1747 903 1797 963 Α
1825 917 1985 972 quam
2014 902 2215 969 adhuc,
2239 902 2385 975 quod
2407 902 2599 973 sciam,
2624 905 2667 960 si
2693 903 3176 974 Montl'auconium,
3200 921 3431 978 paucos-

184 999 352 1055 trieio
373 999 632 1055 Brixiano
674 997 881 1069 Joseph
922 995 1258 1052 Blanchinus
1299 993 1632 1051 Veronensis
1658 991 1717 1048 S.

183 1092 252 1149 P.
280 1092 345 1149 D.

179 1186 307 1243 Non
338 1202 401 1243 es
432 1186 673 1254 nescius,
701 1184 943 1243 Garbelli
966 1183 1306 1249 doctissime,
1332 1189 1594 1253 quantam
1619 1178 1721 1236 Sav

100 1293 333 1335 orarum
392 1279 700 1335 litterarum
756 1278 1000 1334 cultores
1032 1276 1378 1349 perceperint
1428 1273 1718 1329 utilitatem

101 1390 171 1427 ex
205 1371 414 1443 insigni
454 1372 545 1426 illa
573 1371 815 1426 editione
871 1369 1113 1441 Vulgata:
1159 1368 1397 1438 Antiqua:
1442 1365 1646 1420 Latinae
1670 1374 1721 1420 et

101 1464 270 1520 Italic
298 1463 566 1520 Versionis
593 1462 868 1534 Evangelii
896 1462 1181 1517 secundum
1210 1459 1542 1525 Mattltteum,
1584 1474 1612 1513 e
1635 1473 1722 1512 ve-

101 1561 419 1616 lustissimis
460 1569 619 1615 erutre
672 1558 1060 1625 Monumentis,
1110 1557 1282 1612 studio
1323 1566 1370 1610 et
1416 1556 1592 1611 labore
1644 1554 1715 1610 D.

100 1655 338 1711 Joannis
370 1654 696 1726 Martianay,
746 1653 1044 1726 Presbyteri
1073 1650 1397 1707 Benedictini
1425 1667 1452 1705 e
1491 1648 1720 1719 Congre-

100 1752 321 1825 gatione
356 1750 417 1807 S.
447 1748 651 1815 Mauri,
695 1762 856 1820 quam
887 1749 1003 1818 ipse
1034 1746 1268 1817 primmn
1299 1743 1525 1798 Parisiis
1574 1756 1720 1797 anno

110 1844 257 1899 1695
292 1841 568 1898 litterario
605 1840 726 1897 orbi
776 1839 1024 1896 tradidit.
1054 1835 1208 1906 Quod
1264 1834 1485 1906 quidem
1519 1834 1604 1889 vel
1645 1848 1715 1889 ex

104 1952 172 1993 eo
194 1946 398 2007 aperte
417 1934 678 2006 cognosci
709 1941 915 2006 potest,
935 1931 1081 2004 quod
1107 1930 1308 1999 ubique
1335 1929 1499 1985 Liber
1525 1928 1618 1984 ille
1644 1927 1718 1983 ita

104 2031 355 2086 feliciter
375 2037 636 2100 exceptus
660 2036 767 2094 est,
798 2036 859 2082 ut
880 2026 1091 2082 venalis
1145 2024 1410 2079 hodierna
1446 2022 1535 2078 die
1576 2021 1718 2092 apud

105 2135 340 2181 nostros
362 2124 526 2179 Italos
556 2122 882 2194 bibliopolas
914 2121 1139 2177 minime
1167 2118 1504 2188 reperiatur;
1528 2132 1721 2189 quam-

104 2220 189 2274 vis
222 2218 416 2274 nullus
459 2217 691 2273 exsistat
736 2216 1050 2271 Divinarum
1098 2213 1505 2283 Scripturarum
1537 2211 1720 2267 studio

1823 1013 1931 1069 que
1953 998 2093 1054 alios
2120 998 2386 1069 excipias,
2415 998 2573 1069 cujus
2599 998 2710 1054 sint
2736 1000 2937 1067 relatis,
2954 999 3275 1071 formaque,
3305 1017 3433 1073 pro-

1824 1095 2057 1163 diderit;
2084 1112 2192 1150 non
2215 1096 2454 1152 alienum
2480 1096 2665 1166 putavi
2695 1099 2883 1153 testari
2920 1098 3037 1165 tibi,
3071 1100 3200 1170 quid
3223 1101 3292 1157 de
3322 1100 3432 1157 illis

1822 1190 2038 1260 opiner.
2112 1190 2375 1247 Codicem
2440 1191 2861 1262 Erangeliorum
2923 1193 3433 1267 Cautabrigiensem

1823 1283 2303 1340 Graeco-Latinum
2365 1294 2527 1342 antea
2580 1285 2887 1343 describam
2943 1302 3012 1344 ex
3069 1287 3265 1345 eodem
3310 1289 3433 1346 Mil-

1824 1376 1919 1432 lio.
1965 1377 2034 1432 Et
2079 1378 2330 1448 quamvis
2382 1378 2491 1433 sint
2542 1378 2651 1434 illa:
2699 1379 3032 1436 membrana:
3084 1397 3182 1451 per
3214 1382 3432 1452 aliquos

1823 1468 1910 1523 vel
1937 1467 2177 1541 Ogygias,
2210 1485 2504 1541 numquam
2557 1480 2737 1526 tamen
2771 1482 2997 1542 propter
3024 1487 3118 1529 eas
3166 1474 3428 1545 adducar,

1820 1561 2137 1629 utaliquem
2192 1577 2412 1618 versum
2456 1562 2565 1620 mei
2616 1562 3000 1635 Quadruplicis
3050 1565 3434 1640 Evangeliarii

1822 1657 2103 1723 castigem;
2135 1654 2415 1725 quoniam,
2460 1656 2506 1710 si
2537 1670 2632 1711 eas
2660 1656 2988 1728 quandoque
3029 1673 3284 1729 sequare,
3332 1659 3435 1715 lal-

1820 1745 1974 1813 leris,
2007 1747 2299 1803 autl‘alles.
2338 1748 2435 1803 Est
2463 1749 2716 1820 equidem
2761 1750 2941 1807 Codex
2972 1751 3066 1808 ille
3114 1752 3432 1823 antiquissi-

1821 1851 1961 1903 mus,
1990 1839 2083 1893 sed
2121 1838 2452 1906 mendosus,
2500 1849 2560 1897 ut
2598 1843 2809 1898 caeteri.
2860 1842 3082 1899 Retinet
3123 1843 3244 1914 ipse
3282 1845 3431 1901 anti-

1821 1946 1983 1999 quam
2008 1930 2216 2000 italam,
2244 1948 2366 2005 qme
2397 1943 2577 1990 tamen
2621 1935 2865 1992 cariosas
2894 1944 2949 1992 et
2996 1934 3289 1994 cdentulas
3315 1938 3431 1996 lec-

1822 2022 1999 2078 tiones
2022 2023 2203 2081 habet.

1893 2115 2070 2172 Graeci
2113 2118 2346 2174 adeundi
2378 2126 2505 2175 sunt
2534 2120 2783 2186 codices,
2816 2120 2913 2176 sed
2950 2120 3283 2194 incorrupti,
3311 2122 3433 2181 sine

1820 2212 2017 2283 quibus
2072 2229 2235 2271 nemo
2291 2224 2441 2285 putet
2484 2216 2672 2273 Italam
2708 2218 2966 2287 inveniri,
3014 2236 3082 2278 ac
3130 2222 3430 2293 inventam,

106 2312 401 2377 incensus,
436 2311 527 2379 qui
556 2309 675 2380 ejus
708 2309 944 2365 lectione
969 2323 1159 2363 carere
1188 2307 1299 2361 ullo
1330 2306 1493 2361 modo
1521 2304 1712 2377 possit.
1748 2305 1793 2366 Β
1820 2305 2029 2376 absque
2060 2307 2292 2363 maculis
2314 2309 2399 2365 edi
2424 2324 2607 2379 posse.
2635 2311 2747 2382 Ego
2779 2328 2954 2384 neque
2992 2314 3242 2371 Doctoris
3268 2314 3437 2371 Maxi-

103 2405 297 2475 Quare
342 2403 395 2459 in
437 2403 848 2473 Prolegomenis
890 2402 1050 2471 hujus
1083 2398 1447 2471 Erangeliarii
1474 2397 1721 2467 Quadru-

104 2500 293 2571 plicls,
323 2499 582 2569 quoniam
607 2496 741 2552 mihi
764 2511 900 2568 opus
926 2505 1044 2552 erat
1088 2495 1156 2551 de
1190 2496 1413 2564 antiqua
1436 2494 1568 2550 Itala
1599 2509 1721 2549 ver-

102 2594 268 2648 sione
300 2589 492 2645 Latina
520 2588 688 2644 multa
719 2587 935 2658 praefari
956 2630 970 2652 ,
1013 2603 1081 2643 ne
1112 2589 1249 2642 forte
1278 2586 1493 2643 viderer
1527 2586 1722 2656 aliqui-

102 2686 202 2743 bus
240 2700 367 2741 rem
417 2700 448 2738 a
492 2683 895 2755 sapientissimo
945 2681 1261 2737 Martiaan
1292 2680 1465 2735 multo
1492 2680 1721 2750 diligen-

106 2782 241 2849 tius,
274 2780 580 2850 majorique
599 2794 725 2835 cum
756 2777 1044 2848 dignitate,
1075 2792 1238 2847 quam
1265 2775 1333 2831 de
1357 2790 1443 2831 me
1473 2774 1720 2845 polliceri

102 2874 402 2939 auderem,
426 2872 537 2944 jam
556 2880 754 2940 actam,
778 2885 970 2943 agere,
1004 2869 1308 2926 existimavi
1340 2869 1499 2939 longe
1527 2868 1723 2924 melius

104 2971 236 3026 huic
270 2968 504 3024 editioni
532 2965 870 3033 consultum,
898 2975 953 3021 et
980 2980 1009 3020 a
1042 2980 1129 3020 me
1159 2963 1482 3033 prudentius
1520 2962 1721 3017 factum

103 3063 193 3131 iri,
224 3062 285 3117 si
319 3072 391 3127 te,
424 3059 671 3132 aliosque
690 3058 837 3115 Italae
879 3058 1145 3113 versionis
1172 3067 1448 3112 amatores
1501 3056 1723 3111 invitas-

104 3169 221 3210 sem
262 3153 350 3225 (a)
392 3152 460 3206 ad
502 3150 733 3223 legenda
778 3150 1170 3222 Prolegomena
1211 3148 1458 3220 ejusdem
1505 3149 1724 3204 Martia-

109 3249 235 3314 περὶ,
266 3244 374 3316 qui
395 3243 527 3300 illud
558 3252 934 3314 argumentum
961 3243 1223 3315 singulari
1268 3241 1578 3298 eruditione
1609 3252 1721 3297 tra-

109 3339 303 3394 ctavit.
336 3335 496 3392 Nunc
528 3351 660 3407 ergo
685 3337 752 3391 ad
776 3336 1199 3401 ostendendum,
1230 3336 1439 3399 Italam.
1470 3352 1589 3407 quae
1606 3342 1725 3391 erat

109 3434 420 3489 verborum
459 3429 775 3487 Graecorum
831 3430 1104 3496 tenacior,
1157 3445 1280 3488 cum
1332 3428 1724 3499 perspicuitate

110 3522 430 3589 sententim,
453 3530 644 3578 nOstro
660 3521 1045 3592 Evangeliario
1065 3522 1407 3593 quadruplici
1433 3522 1722 3588 contineri,

110 3616 376 3673 Graecum
408 3614 733 3686 originalem
762 3622 973 3670 textum
996 3656 1011 3677 .
1048 3615 1103 3670 in
1149 3614 1545 3685 antiquioribus
1586 3630 1718 3670 mss.

1824 2399 1897 2454 mi
1932 2398 2234 2456 ins1itutum
2266 2402 2399 2457 satis
2431 2402 2689 2470 laudare,
2723 2420 2825 2461 nec
2863 2406 3173 2477 aliquorum
3220 2407 3437 2465 animo-

1822 2493 2039 2548 sitatem
2070 2493 2202 2549 satis
2241 2496 2425 2551 mirari
2454 2511 2618 2566 queo,
2663 2498 2863 2568 quibus
2913 2499 3067 2555 labor
3098 2500 3436 2570 Hieronymi,

1822 2588 1914 2658 qui
1946 2588 2154 2644 aditum
2210 2590 2312 2645 sibi
2360 2589 2428 2645 ad
2481 2590 2808 2659 purissimos
2860 2590 3082 2648 Grmcos
3119 2593 3297 2649 fontes
3339 2607 3439 2662 pro

1823 2679 2169 2736 emendando
2196 2681 2390 2739 Latino
2420 2692 2655 2755 quatuor
2672 2684 3093 2754 Evangeliornm
3122 2684 3315 2742 codice
3340 2699 3439 2756 pa-

1825 2772 2033 2831 tefecit.
2066 2775 2436 2846 improbatur;
2471 2777 2727 2848 quoniam
2753 2778 3156 2835 correctionem
3188 2794 3341 2835 suam
3369 2795 3439 2836 ex

1825 2866 2063 2922 cmnosis
2092 2868 2199 2923 illis
2239 2884 2302 2924 ac
2361 2869 2693 2926 turbulentis
2726 2870 3040 2926 Latinorum
3077 2872 3437 2942 interpretum

1824 2960 2041 3016 lacunis
2063 2959 2422 3014 hauriendam
2446 2975 2570 3017 esse
2601 2976 2706 3016 non
2739 2960 2912 3016 duxit.
2942 2961 3218 3019 Censores
3244 2962 3440 3021 habuit

1823 3055 2192 3128 Hieronymus
2230 3070 2329 3110 sua
2363 3056 2528 3111 etiam
2583 3066 2775 3121 aetate;
2815 3056 2941 3127 qui,
2978 3066 3040 3111 ut
3090 3056 3210 3128 ejus
3255 3056 3432 3114 labori

1827 3163 2011 3203 moras
2034 3156 2338 3215 necterent,
2370 3147 2641 3219 ﬁdemque
2681 3147 3075 3214 detraherent,
3108 3158 3273 3221 atque
3299 3163 3440 3220 opus

1825 3241 1971 3312 quod
2002 3240 2444 3312 aggrediebatur,
2477 3252 2792 3312 suspectum
2822 3242 3090 3298 Ecelesiis
3134 3243 3437 3313 efﬁcerent,

1825 3339 2273 3402 praemonuerunt
2299 3332 2548 3404 ignarum
2570 3333 2863 3405 vulgus,ut
2893 3343 3115 3391 caveret
3134 3336 3275 3403 sibi;
3305 3351 3445 3409 quo-

1827 3426 1975 3481 niam
2035 3441 2068 3482 a
2122 3425 2337 3481 Latinis
2376 3426 2783 3496 exemplaribus
2841 3428 3158 3485 recedebat.
3213 3429 3321 3488 Sed
3384 3431 3441 3489 in

1826 3518 2165 3586 defensione,
2192 3535 2354 3590 quam
2390 3535 2492 3590 pro
2528 3534 2588 3574 se
2640 3519 2958 3576 beatissimo
3000 3537 3155 3591 papa:
3203 3523 3439 3580 Damaso

1825 3614 2068 3684 scripsit,
2092 3614 2166 3668 ita
2195 3629 2318 3668 eum
2350 3611 2615 3684 (cupiens
2643 3614 2856 3669 amoliri
2892 3630 2920 3668 a
2950 3629 3011 3670 se
3034 3615 3179 3671 illam
3219 3616 3438 3688 Opinio-

112 3711 266 3767 libris
323 3719 759 3779 praeservatum,
802 3709 1082 3765 adeamus.
1137 3709 1201 3765 Si
1248 3710 1405 3774 enim,
1440 3698 1793 3779 inquiebatC
1828 3706 1995 3779 nem)
2029 3706 2357 3778 alloquitur,
2390 3714 2448 3762 et
2492 3706 2660 3762 dicit:
2711 3706 2919 3763 Novum
2962 3708 3110 3779 Opus
3141 3713 3314 3783 facere
3363 3729 3445 3770 me

110 3806 166 3862 S.
198 3806 603 3877 Hieronymus,
623 3804 689 3859 ad
712 3804 997 3860 Damasum
1025 3804 1296 3869 scribens,
1321 3803 1525 3858 Latinis
1551 3819 1725 3859 exem-

111 3901 353 3971 plaribus
384 3898 515 3966 ﬁdes
553 3908 627 3952 est
669 3897 984 3963 adhibenda,
1033 3898 1379 3970 respondeant
1402 3898 1725 3967 quibus?tot

111 3999 242 4051 enim
286 4002 420 4052 sunt
447 3993 765 4061 exemplaria
803 4010 951 4064 pene,
982 4002 1103 4065 quot
1153 3993 1374 4047 codices.
1405 3992 1501 4048 Sin
1551 4002 1725 4046 autem

110 4091 299 4146 veritas
334 4099 412 4144 est
443 4087 726 4156 qurerenda
751 4086 818 4141 de
841 4086 1097 4158 pluribus,
1128 4102 1222 4140 cur
1252 4102 1357 4141 non
1388 4085 1457 4139 ad
1487 4084 1723 4140 Graecam

110 4186 377 4259 Originem
400 4189 727 4246 revertentes,
752 4196 832 4245 ea,
858 4196 971 4250 qua:
1000 4180 1078 4235 vel
1129 4195 1160 4232 α
1196 4178 1394 4234 vitiosis
1416 4176 1725 4246 Interpreti-

112 4279 203 4333 bus
231 4277 381 4332 male
404 4275 631 4338 reddita,
650 4275 731 4329 vel
751 4289 783 4328 a
804 4270 1530 4344 prwsumptoribusimperitis
1556 4285 1729 4325 emen-

110 4372 234 4426 data
266 4368 595 4443 perversius,
640 4366 719 4421 vel
749 4383 781 4421 a
810 4366 1037 4421 librariis
1067 4363 1468 4419 dormitantibus
1519 4372 1609 4417 aut
1634 4361 1728 4415 ad-

111 4462 223 4518 dita
264 4469 420 4526 sunt,
468 4469 558 4513 aut
611 4466 826 4521 mutata,
887 4455 1237 4528 corrigimus?
1266 4454 1331 4509 Et
1366 4453 1529 4525 paulo
1557 4461 1678 4523 post
1712 4469 1725 4506 :

114 4554 246 4609 Herc
300 4567 540 4623 presens
589 4550 1006 4621 Prtefatiuncula
1052 4549 1327 4621 pollicetur
1363 4556 1585 4617 quatuor
1611 4555 1726 4600 tan-

110 4656 219 4701 tum
272 4643 594 4718 Evangelia.
645 4650 789 4709 etc.,
847 4642 1082 4696 codicum
1129 4638 1424 4695 Graecorum
1462 4636 1733 4693 emendata

112 4739 424 4799 collatione.
448 4736 540 4792 sed
576 4734 842 4790 Veterum.
880 4735 1114 4790 Sanctus
1144 4730 1731 4804 quoquet-Augnsﬁnus

114 4830 167 4886 in
192 4832 293 4887 lib.
320 4848 364 4886 ιι
388 4829 459 4885 de
482 4827 737 4884 Doctrina
755 4826 1068 4884 Christiana
1095 4827 1342 4883 eamdem
1366 4825 1609 4897 regulam
1627 4832 1734 4878 tra-

114 4923 218 4978 dit.
246 4923 333 4978 De
385 4919 534 4976 Italae
573 4919 842 4975 versionis
888 4920 1208 4990 interprete,
1260 4932 1364 4989 ope
1410 4916 1731 4973 Latinorum

114 5014 375 5071 codicum
397 5010 764 5077 emendando,
791 5025 898 5066 non
928 5020 1010 5065 est
1033 5025 1214 5065 meum
1240 5017 1504 5076 statuere,
1531 5024 1733 5065 verene

1828 3804 1969 3875 aegis
1990 3819 2053 3857 ea:
2081 3804 2273 3867 veteri;
2304 3812 2361 3857 ut
2392 3810 2507 3871 post
2555 3803 2875 3873 exemplaria
2907 3802 3302 3875 Scripturarum
3327 3817 3435 3864 toto

1833 3895 1968 3951 Orbe
1984 3894 2242 3966 dispersa,
2269 3895 2415 3966 quasi
2461 3894 2676 3965 quidam
2704 3895 2900 3951 arbiter
2939 3898 3172 3963 sedeam;
3222 3908 3269 3953 et
3321 3901 3444 3969 quia

1829 3993 1961 4047 inter
1989 4010 2042 4048 se
2066 3993 2298 4058 variant,
2318 4007 2434 4062 qua:
2457 3993 2558 4047 sint
2583 3992 2702 4053 illa.
2731 4008 2846 4063 qua:
2869 4009 2986 4047 cum
3019 3993 3202 4050 Grarca
3226 4012 3447 4054 consen-

1830 4087 1960 4140 tiant
2000 4086 2242 4153 veritate,
2282 4086 2577 4139 decernam.
2612 4082 2745 4138 Pius
2772 4085 2955 4152 labor,
3009 4087 3101 4141 sed
3147 4088 3443 4160 periculosa

1832 4177 2200 4248 prwsumptio,
2229 4183 2336 4231 etc.
2372 4174 2501 4241 Quis
2526 4174 2660 4229 enim
2826 4191 2943 4229 cum
2971 4177 3025 4231 in
3079 4195 3267 4235 manus
3297 4182 3445 4237 volu-

1830 4286 1945 4324 men
1970 4269 2328 4339 assumpserit,
2351 4278 2400 4323 et
2430 4284 2462 4322 a
2481 4269 2645 4322 saliva
2665 4309 2679 4335 ,
2709 4284 2860 4338 quam
2886 4271 3044 4325 semel
3064 4272 3281 4339 imbibit,
3305 4276 3445 4333 vide-

1831 4361 1921 4427 rit,
1952 4362 2245 4434 discrepare
2284 4361 2424 4433 quod
2451 4362 2670 4429 lectitat,
2722 4378 2825 4417 non
2870 4364 3051 4420 statim
3102 4380 3341 4439 erumpat
3388 4371 3444 4427 in

1832 4470 2027 4519 vocem,
2052 4472 2132 4510 me
2156 4454 2433 4526 falsarium
2459 4495 2475 4522 ,
2505 4471 2587 4510 me
2615 4454 2895 4512 clamitans
2949 4473 3057 4515 esse
3094 4463 3403 4535 sacrilegum
3425 4507 3441 4534 ,

1832 4552 1921 4623 qui
1958 4552 2181 4608 audeam
2204 4552 2407 4624 aliquid
2425 4553 2480 4608 in
2499 4553 2754 4609 veteribus
2780 4555 2928 4611 libris
2955 4557 3172 4628 addere,
3212 4571 3440 4629 mutare,

1835 4646 2129 4718 corrigere?
2157 4647 2417 4702 Adversus
2456 4663 2611 4718 quam
2652 4647 2902 4703 invidiam
2942 4636 3324 4723 duplexﬁcausa
3364 4672 3447 4711 me

1836 4741 2155 4803 consolatur,
2188 4739 2327 4810 quod
2347 4748 2393 4794 et
2408 4749 2486 4807 tu,
2512 4741 2603 4809 qui
2631 4740 2883 4797 Summus
2922 4741 3185 4799 Sacerdos
3221 4762 3296 4811 es,
3329 4747 3448 4818 ﬁeri

1828 4832 2004 4902 jubes;
2032 4841 2081 4885 et
2109 4846 2284 4884 verum
2305 4846 2409 4885 non
2438 4846 2569 4897 esse,
2595 4832 2734 4901 quod
2762 4833 2951 4901 variat,
2976 4835 3131 4889 etiam
3162 4836 3447 4894 maledico-

1835 4940 1951 4979 rum
1982 4924 2269 4979 testimonio
2309 4923 2695 4992 comprobatur.
2721 4923 2793 4980 Et
2818 4936 2943 4995 post
2973 4940 3146 4997 pauca
3175 4945 3189 4982 :
3216 4927 3447 5002 Magnus

1838 5019 1923 5071 hic
1944 5018 1998 5071 in
2029 5018 2221 5071 nostris
2258 5016 2523 5071 codicibus
2550 5033 2697 5072 error
2726 5018 2975 5087 inolevit;
3006 5021 3130 5076 dum
3149 5064 3166 5089 ,
3203 5024 3345 5095 quod
3391 5027 3447 5083 in

118 5107 290 5177 aliqui
323 5104 589 5168 sentiant,
620 5120 689 5159 an
722 5118 901 5159 secus.
938 5104 1007 5158 Αι
1036 5100 1166 5157 illud
1200 5116 1379 5158 meum
1412 5109 1497 5156 est
1543 5100 1731 5157 multis
1756 5104 1812 5167 D
1837 5108 2017 5165 eadem
2044 5125 2100 5164 re
2115 5109 2249 5165 alius
2274 5108 2605 5181 Evangelista
2627 5110 2746 5182 plus
2768 5111 2934 5180 dixit,
2962 5112 3018 5167 in
3042 5114 3169 5180 alio,
3198 5117 3323 5185 quia
3343 5116 3446 5172 mi.

116 5198 447 5265 ostendere,
486 5211 700 5269 aequum
732 5211 856 5252 esse
908 5195 1041 5250 mihi
1095 5194 1363 5260 concedi,
1406 5203 1467 5248 ut
1517 5207 1620 5263 ego
1663 5192 1732 5248 de

119 5292 250 5349 ltala
285 5310 400 5349 non
432 5292 615 5348 minus
641 5300 758 5346 tuto
776 5290 1026 5361 judicare
1053 5292 1279 5359 possim,
1325 5304 1388 5345 ex
1414 5288 1731 5344 Graecorum

118 5389 421 5444 verborum
456 5385 770 5452 tenacitate,
809 5400 933 5440 cum
981 5383 1371 5455 perspicuitate
1419 5383 1728 5440 sententiae.

120 5480 273 5538 Miltii
305 5481 609 5538 editionem
631 5480 696 5537 N.
718 5481 782 5536 Τ.
815 5490 871 5536 ιιι
896 5481 1008 5551 jam
1032 5480 1286 5551 legendo,
1323 5489 1379 5535 et
1405 5478 1731 5550 pervolven-

121 5573 420 5630 dotrivisti
449 5592 462 5628 :
494 5588 620 5629 cum
648 5581 831 5629 autem
861 5572 1120 5643 pleraque
1144 5571 1386 5637 illorum,
1435 5586 1555 5642 quae
1602 5584 1732 5625 con-

124 5665 274 5727 tulit.
309 5664 681 5735 Exemplaria,
713 5670 998 5735 pervetera
1024 5677 1149 5719 esse
1176 5670 1413 5728 constet,
1439 5677 1541 5718 nec
1587 5662 1735 5731 quis-

124 5782 145 5855 i
202 5779 286 5856 (a)
328 5778 465 5839 Vide
494 5779 913 5853 Prolegomena,
933 5778 1041 5836 col.
1066 5790 1210 5851 οοοο
1235 5784 1291 5835 et
1317 5790 1434 5846 seq.

1839 5217 1937 5256 nus
1963 5203 2293 5273 putaverint,
2330 5201 2648 5257 addiderunt
2678 5218 2697 5257 :
2725 5204 2804 5258 vel
2832 5204 2957 5259 dum
2976 5208 3213 5261 eumdem
3240 5224 3445 5264 sensum

1837 5294 1974 5348 alius
1991 5295 2145 5349 aliter
2170 5294 2453 5364 expressit,
2481 5296 2595 5361 ille,
2624 5296 2714 5368 qui
2735 5313 2895 5352 unum
2923 5314 2950 5352 c
2977 5311 3200 5369 quatuor
3220 5302 3447 5373 primum

1840 5384 2051 5458 legerat,
2083 5386 2152 5440 ad
2175 5390 2286 5461 ejus
2325 5387 2617 5458 exemplum
2642 5401 2854 5446 cazteros
2879 5406 3079 5462 quoque
3116 5393 3448 5449 wstimaverit

1842 5483 2209 5538 emendandos.
2256 5481 2407 5539 Unde
2444 5484 2670 5552 accidit,
2720 5496 2779 5540 ut
2822 5486 2964 5554 apud
2997 5502 3091 5541 nos
3143 5488 3298 5540 mista
3342 5488 3447 5542 sint

1842 5576 2041 5643 omnia;
2061 5587 2108 5631 et
2134 5576 2188 5630 in
2218 5574 2403 5632 Marco
2432 5578 2584 5647 plura
2609 5575 2789 5641 Lucis,
2831 5588 2982 5649 atque
3012 5578 3281 5646 Mattbtei;
3319 5594 3442 5634 rur-

1843 5683 1956 5721 sum
1982 5668 2035 5721 in
2065 5666 2312 5724 Manlian)
2332 5668 2485 5739 plura
2507 5667 2730 5724 Joannis
2749 5706 2763 5732 ,
2790 5675 2838 5721 et
2860 5666 3056 5731 Marci;
3078 5677 3127 5723 et
3171 5670 3225 5725 in
3249 5672 3448 5732 cwteris
