3956 6206
185 305 312 362 8ἓῖ5

959 304 1460 372 EVANGELIARH
1497 299 1806 368 ΒΒΙΧΙΑΝῙ
1849 297 2230 358 LECTIONES
2269 301 2729 369 lNSiGNIORES.

3401 305 3506 362 854

181 438 476 492 quamque
508 423 617 488 tui,
645 423 796 489 cujus
842 421 1102 492 judicium
1149 423 1525 492 sapientiaque
1570 419 1795 479 eminet,
1823 417 1878 475 Α
1906 415 2311 485 intelligentes,
2356 419 2472 472 ausi
2523 428 2652 473 sunt
2703 418 2755 472 in
2803 415 3009 472 Irenaeo
3055 432 3118 472 ac
3167 417 3504 485 Tertulli:qu

179 530 394 585 magna
429 516 546 569 laus
575 527 656 570 est
679 527 990 570 consecuta.
1026 517 1256 571 Litteras
1285 530 1456 584 nuper
1485 529 1514 567 a
1545 522 1618 578 te,
1649 512 1797 580 prin-

175 623 327 678 ceps
379 609 829 675 eminentissime,
881 610 1100 679 accepi,
1151 610 1201 663 in
1247 609 1442 679 quibus
1493 606 1704 669 scribis,
1742 613 1799 656 ut

177 716 296 771 ego
330 701 615 772 quemdam
659 701 933 771 Evangelii
964 701 1023 757 S.
1054 701 1279 756 Joannis
1311 702 1484 753 locum
1518 698 1570 751 in
1595 695 1796 751 Codice

178 793 580 864 Evangeliario
630 791 933 849 Veronensi
999 793 1152 848 mira:
1221 793 1556 862 antiquitatis
1619 789 1796 860 inqui-

178 901 335 940 ram.

263 977 414 1033 Talis
460 987 640 1034 autem
677 989 760 1036 est
792 1003 805 1037 :
839 980 942 1049 Qui
980 997 1082 1034 non
1127 996 1192 1033 ex
1236 979 1508 1052 sanguine,
1542 992 1702 1046 neque
1731 992 1795 1030 ea:

173 1072 455 1126 voluntate
507 1074 698 1138 carnis,
739 1090 831 1128 nec
879 1091 943 1129 ea:
984 1074 1245 1128 voluntate
1291 1073 1410 1138 viri,
1441 1072 1530 1126 sed
1570 1087 1632 1125 ex
1681 1069 1791 1124 Deo

175 1174 343 1220 natus
369 1175 446 1219 est
476 1165 656 1238 (Joan.
700 1183 739 1232 1,
776 1165 887 1239 15).
917 1167 1042 1221 lltec
1074 1168 1252 1231 lectio,
1279 1181 1396 1234 quze
1431 1165 1522 1218 tibi
1559 1164 1647 1218 uni
1679 1163 1790 1232 pri-

175 1274 339 1311 muni
393 1259 620 1312 innotuit
655 1259 851 1330 (neque
894 1259 1036 1314 enim
1081 1259 1223 1325 aliis,
1257 1259 1398 1329 quod
1451 1259 1640 1319 sciam,
1676 1264 1791 1311 erat

174 1359 317 1404 ante
352 1349 622 1420 prodita),
653 1352 723 1404 cl.
758 1352 891 1405 viris
921 1351 1165 1421 Scipioni
1213 1350 1510 1404 marchioni
1553 1349 1785 1414 Mail‘eio,

174 1442 420 1513 aliisque
463 1443 804 1512 postmodum
839 1445 949 1498 visa
995 1453 1078 1498 est
1128 1443 1368 1516 insolens
1396 1452 1450 1496 et
1481 1443 1784 1513 peregrina,

174 1551 286 1589 nec
341 1545 585 1589 veterum
619 1535 717 1590 SS.
768 1535 984 1589 Patrum
1043 1535 1369 1590 testimoniis
1411 1533 1781 1604 comprobata.

173 1624 303 1692 Ego
344 1627 590 1695 geminos
635 1627 924 1696 parallelos
953 1628 1010 1684 S.
1046 1627 1232 1682 lrenaci
1277 1630 1424 1681 locos
1458 1627 1507 1680 in
1545 1640 1662 1680 mea
1706 1627 1786 1678 in-

171 1717 420 1772 tuleram
474 1717 821 1783 adversaria;
870 1734 933 1773 ac
981 1718 1344 1782 Tertulliani,
1396 1727 1450 1772 et
1500 1717 1782 1788 Augustini

1903 506 2078 561 locum
2129 509 2435 571 invertere,
2485 525 2550 564 ac
2595 511 2938 579 depravare:
2972 518 3026 564 et
3075 510 3165 565 ubi
3218 511 3504 582 legebatur

1902 609 2055 652 natas
2085 611 2180 666 est,
2215 603 2366 670 quasi
2404 617 2500 670 pro
2545 604 2775 670 imperio
2815 607 3050 670 jussere,
3087 612 3144 656 ut
3193 605 3498 673 legeretur,

1899 691 2009 743 nati
2035 701 2187 748 sunt.
2219 692 2577 747 conformiter
2610 693 2852 762 Vulgatze
2883 693 3135 747 editioni.
3179 693 3366 749 Lectio
3399 697 3498 751 Pa-

1902 792 2070 850 trum,
2106 803 2241 855 quos
2288 789 2551 852 recitavi,
2587 789 2722 842 mire
2777 789 2934 842 torsit
2988 787 3200 858 ingenia
3255 791 3497 859 illorum,

1897 880 1989 948 qui
2019 882 2070 934 in
2101 882 2422 937 earumdem
2459 883 2679 937 Patrum
2725 898 2890 953 opera
2917 884 3341 938 commentarios
3364 887 3495 939 scri-

1901 984 2138 1040 pserunt.
2175 976 2309 1045 Ego,
2345 988 2395 1031 te
2443 987 2802 1046 prmcentore,
2837 985 2888 1031 te
2937 975 3099 1039 dure,
3133 978 3311 1032 locum
3364 995 3498 1032 non-

1898 1066 2060 1120 nullis
2107 1069 2512 1136 exemplaribus
2563 1069 2750 1138 primm
2800 1069 2976 1123 tctatis
3006 1069 3092 1122 aio
3124 1085 3246 1124 esse
3277 1072 3493 1125 confor-

1897 1174 2061 1212 mem.
2096 1158 2151 1213 Si
2185 1162 2308 1226 quis
2336 1160 2630 1216 dissentire
2658 1162 2811 1226 velit,
2845 1178 2873 1215 e
2901 1162 3184 1216 doctorum
3220 1163 3497 1218 hominum

1894 1266 2121 1305 numero
2147 1264 2479 1308 summotum
2509 1255 2570 1306 iri
2605 1269 2665 1307 se
2695 1255 2850 1308 sciat.
2883 1255 3035 1308 Nunc
3067 1271 3218 1319 vero,
3253 1259 3496 1312 eminen-

1894 1345 2104 1398 tissime
2155 1347 2410 1415 princeps
2435 1388 2448 1411 ,
2485 1347 2745 1413 quosdam
2801 1348 3036 1402 Brixiani
3071 1349 3274 1404 codicis
3307 1352 3454 1405 locos
3478 1393 3491 1417 ,

1892 1439 1981 1506 qui
2033 1439 2160 1492 mihi
2215 1440 2542 1513 insigniores
2592 1442 2882 1506 videntur,
2915 1443 3043 1496 volo
3068 1443 3133 1498 ad
3169 1453 3220 1498 te
3253 1446 3492 1500 mittere.

1891 1529 2090 1599 Accipe
2118 1548 2212 1585 eos
2254 1535 2302 1585 in
2346 1533 2540 1603 pignus
2565 1534 2809 1604 obsequii
2845 1535 2968 1589 mei.
3003 1535 3133 1589 Mihi
3163 1537 3380 1603 quidem
3403 1579 3416 1602 ,
3447 1540 3489 1590 si

1890 1624 2017 1692 quid
2054 1627 2347 1691 rescribes,
2383 1644 2536 1696 aeque
2566 1638 2777 1697 gratum
2813 1626 3051 1682 futurum
3086 1639 3202 1690 est.
3239 1645 3301 1685 ac
3331 1632 3372 1684 si
3405 1649 3490 1686 me

1891 1717 2129 1771 omnium
2175 1719 2569 1774 beneﬁciorum
2599 1736 2800 1790 genere
2825 1721 3134 1775 cumularcs
3157 1763 3169 1784 ,
3204 1721 3286 1775 vir
3315 1725 3491 1777 omni-

169 1812 446 1882 quosdam
498 1813 656 1876 alios,
704 1813 928 1884 majoris
975 1815 1136 1869 etiam
1184 1814 1458 1884 ponderis.
1501 1813 1579 1867 Tu
1630 1828 1780 1879 vero,
1811 1801 1862 1861 Β
1890 1827 2043 1881 genae
2072 1814 2414 1878 eruditionis,
2448 1830 2510 1870 ac
2545 1815 2606 1871 S.
2642 1815 2705 1869 R.
2739 1816 3000 1870 Ecclesiae
3033 1816 3365 1885 praecipuum
3396 1819 3491 1872 de-

169 1905 471 1959 cardinalis
504 1906 938 1976 sapientissime,
973 1922 1041 1961 ne
1067 1908 1187 1976 quis
1240 1907 1471 1974 dubitet,
1503 1908 1628 1978 quin
1685 1907 1778 1971 ita,

169 2006 234 2050 ut.
286 1998 446 2052 habet
493 2014 596 2054 ms.
645 1999 781 2054 liber
825 1998 1178 2062 Veronensis,
1229 2000 1420 2069 legerit
1463 2000 1696 2052 lrenaeus
1728 2001 1778 2052 in

172 2105 281 2145 suo
328 2092 535 2156 codice,
570 2103 680 2147 tres
724 2094 857 2147 alias
898 2094 1141 2162 ejusdem
1194 2093 1518 2146 sanctissimi
1562 2092 1781 2162 Lugdu-

170 2185 371 2239 nensis
401 2185 638 2256 episcopi
672 2185 1054 2250 auctoritates,
1087 2203 1204 2252 qua!
1238 2202 1322 2240 me
1369 2185 1643 2254 fugerant,
1668 2202 1782 2240 me-

168 2292 302 2332 cum
333 2279 764 2344 communicasti,
815 2295 910 2349 per
937 2281 1147 2334 litteras
1175 2296 1342 2334 succo
1374 2282 1578 2349 plenas,
1619 2287 1781 2349 atque

170 2369 410 2424 refertas
469 2371 778 2426 eruditione
833 2373 1111 2442 singulari.
1163 2372 1230 2428 Ut
1276 2389 1406 2439 ergo
1453 2373 1780 2428 Veronensis

170 2464 537 2533 Evangeliarii
570 2468 744 2520 locum
792 2468 1030 2532 recitavi,
1068 2469 1136 2520 ita
1175 2465 1298 2538 (ais)
1327 2468 1377 2522 in
1408 2468 1658 2534 'l‘ertull.,
1692 2467 1777 2522 Jo.

169 2557 586 2629 Chrysostomo,
639 2558 830 2627 Vigilio
872 2559 1157 2628 Tapsensi,
1200 2571 1253 2614 et
1297 2560 1381 2616 J0.
1445 2562 1780 2616 Damasceno

172 2652 402 2720 legitur;
429 2652 671 2720 quamvis
695 2653 875 2707 excuti
902 2653 1002 2706 hoc
1025 2654 1292 2722 aliquibus
1314 2671 1418 2708 non
1443 2656 1628 2725 possit,
1649 2656 1776 2722 quin

171 2745 466 2813 depravata
499 2746 567 2798 sit
609 2745 769 2799 lectio
791 2787 804 2808 ,
839 2745 904 2799 ad
932 2745 1190 2800 hodierna
1216 2747 1425 2808 Grmca,
1461 2755 1515 2800 et
1545 2748 1778 2803 maxime

174 2840 241 2894 ad
274 2839 461 2893 Latina
491 2841 820 2906 exemplaria
840 2841 1177 2909 corrigenda.
1215 2842 1366 2910 Apud
1400 2841 1470 2895 cl.
1499 2850 1659 2911 atque
1687 2858 1776 2895 sa-

178 2932 577 2999 pientissimum
605 2931 884 2986 dominum
908 2932 1181 2994 Sabatier,
1208 2935 1358 3002 Cujus
1387 2935 1526 2988 inter
1551 2944 1777 2989 c:eteras

175 3038 420 3077 summas
443 3025 649 3090 laudes,
685 3025 822 3080 hanc
845 3037 990 3081 Certe
1013 3030 1238 3096 primam
1264 3043 1385 3082 esse
1411 3040 1609 3090 statuo,
1635 3031 1776 3098 quod

176 3117 482 3173 Bibliorum
551 3135 831 3175 sacrorum
885 3120 1099 3175 Veteris
1169 3122 1503 3177 Testamenti
1561 3123 1777 3177 Latinas

175 3212 460 3265 versiones
488 3226 696 3273 omnes,
733 3229 855 3282 qua:
883 3213 932 3266 in
964 3215 1240 3268 codicibus
1265 3229 1394 3268 mss.
1427 3227 1478 3269 et
1509 3215 1772 3282 Antiquo-

180 3318 300 3356 rum
355 3301 504 3355 libris
551 3305 773 3372 reperiri
827 3315 1136 3374 potuerunt,
1185 3308 1236 3359 in
1285 3308 1455 3360 lucem
1510 3308 1772 3371 emiserit,

179 3398 350 3450 multa
380 3408 504 3451 sunt
537 3398 742 3454 Veteris
771 3400 1103 3457 Tcstamenti
1135 3403 1281 3470 loca,
1313 3419 1435 3473 qua:
1479 3403 1683 3457 lrenaeo
1715 3420 1777 3458 ac

181 3488 520 3543 Tertulliaeo
559 3493 780 3546 omnino
832 3504 959 3548 sunt
1004 3496 1276 3565 pecularia
1311 3515 1322 3549 :
1355 3513 1416 3549 ea
1475 3512 1640 3560 vero,
1688 3499 1775 3566 qni

179 3582 486 3647 fastidioso,
521 3595 577 3639 ut
610 3587 679 3641 ita
712 3587 911 3653 dicam,
941 3591 1118 3658 palato
1148 3601 1308 3653 sunt,
1342 3590 1608 3658 ingustata
1644 3606 1780 3653 pra--

181 3676 423 3730 terihunt
469 3677 520 3732 in
571 3691 758 3733 nostro
805 3681 1177 3750 l'lvangeliario
1205 3682 1562 3750 quadruplici.
1621 3682 1779 3735 Pater

180 3771 458 3828 Ansaldus
503 3771 860 3828 dominicanze
909 3773 1125 3828 familim
1171 3776 1334 3830 decus
1382 3786 1436 3829 et
1489 3791 1781 3829 ornamen-

183 3872 323 3924 tum,
360 3864 409 3916 iu
449 3864 679 3920 lectione
713 3875 1023 3920 sanctorum
1069 3867 1281 3920 Patrum
1321 3868 1564 3936 apprime
1595 3885 1780 3922 versa-

178 3965 293 4016 tus,
328 3965 380 4023 et
432 3957 616 4010 talium
667 3974 848 4012 rerum
898 3958 1064 4028 judex
1115 3960 1360 4030 egregius
1387 4001 1401 4022 ,
1438 3961 1715 4015 miriﬁcam
1750 3977 1777 4013 a

177 4057 259 4111 te,
291 4061 354 4100 ex
388 4048 609 4102 recitata
651 4050 852 4104 codicis
883 4051 1211 4106 Veronensis
1240 4052 1493 4118 lectiOne,
1538 4055 1782 4123 percepit

177 4139 542 4208 voluptatem.
577 4143 786 4206 Audio,
819 4145 996 4212 ipsum
1029 4146 1360 4201 concinnare
1405 4146 1551 4216 Opus
1593 4149 1783 4201 miriti-

177 4246 350 4295 cum,
413 4241 470 4286 ttt
521 4234 775 4288 ostendat
828 4247 1070 4290 sanctum
1144 4237 1438 4301 Irenaeum,
1495 4239 1780 4292 Tertullia-

179 4339 338 4390 num,
370 4336 506 4392 etc.,
551 4326 623 4394 ita
657 4327 936 4398 legendum
980 4330 1257 4384 censuisse
1293 4347 1305 4383 :
1339 4347 1433 4384 nec
1469 4330 1781 4386 Veronense

177 4417 466 4487 exemplar
496 4434 722 4488 peccare
747 4461 761 4486 ,
790 4422 932 4491 quod
964 4421 1032 4476 ab
1059 4421 1177 4476 aliis
1207 4422 1367 4484 modo
1399 4425 1780 4493 superstitibus

183 4526 322 4566 mss.
359 4511 637 4566 codicibus
665 4513 825 4583 longe
855 4515 1093 4568 recedat.

263 4603 375 4672 Ego
407 4619 620 4674 quoque
649 4619 766 4658 eam
803 4607 1089 4660 lectionem
1131 4607 1342 4660 illustro
1375 4607 1427 4661 in
1461 4609 1685 4677 cpistola
1720 4609 1783 4661 ad

185 4695 618 4751 illustrissimum
648 4739 662 4762 ,
692 4714 1016 4768 semperque
1046 4700 1172 4753 mihi
1206 4701 1492 4756 colendum
1523 4701 1784 4758 Joannem

187 4788 540 4844 Franciscum
584 4789 828 4845 Muselliu
857 4813 881 4841 τι
917 4801 1117 4846 sant-tae
1151 4793 1485 4848 Veronensis
1533 4795 1788 4848 Ecclesiae

189 4885 747 4957 archipresbyterum.
787 4886 854 4942 de
891 4887 1113 4942 Litteris
1139 4931 1152 4948 .
1185 4889 1251 4942 de
1282 4890 1662 4946 Ecclesiastica
1709 4893 1789 4945 di-

191 4977 445 5052 sciplina,
487 4994 551 5034 ac
600 4979 668 5034 de
719 4980 1076 5036 Hehrteorum
1123 4984 1188 5036 ad
1239 4984 1398 5048 fidem
1445 4983 1784 5044 Catholicam

192 5071 552 5126 conversione
596 5073 802 5139 optime
857 5075 1377 5145 meritum;.qnam,
1428 5079 1518 5145 qui
1573 5079 1784 5146 legerit,

198 5161 399 5216 videbit
426 5163 574 5215 nullo
607 5164 768 5217 modo
797 5165 903 5220 dici
936 5182 1094 5233 posse
1120 5207 1134 5225 .
1167 5166 1461 5232 irenzcum,
1498 5168 1787 5224 Tertullia-

198 5269 320 5307 nnm
354 5253 598 5323 aliosque
626 5254 814 5309 Patres
848 5258 1214 5328 antiquiores,
1268 5259 1564 5320 Veroueusi
1611 5262 1787 5314 Evan-

195 5347 420 5414 geliario
469 5349 694 5403 minime
726 5352 1048 5417 patrocinari
1085 5352 1267 5423 :quod
1313 5363 1525 5418 tamen,
1558 5364 1614 5408 ut
1657 5355 1790 5409 mihi

202 5441 423 5495 relatum
450 5449 552 5507 est,
589 5441 807 5496 erudito
836 5443 1078 5498 Barzano
1104 5445 1339 5502 videtur.
1371 5446 1642 5513 Felicius,
1672 5464 1790 5503 mea

202 5537 493 5601 sententia,
537 5551 757 5590 causam
801 5550 915 5608 aget
951 5540 1018 5592 cl.
1053 5538 1326 5593 Ansaldus
1352 5581 1366 5605 ,
1395 5541 1486 5611 qui
1517 5542 1697 5596 omnia
1726 5541 1790 5596 ad

206 5627 459 5680 trutinam
508 5629 686 5698 exiget
724 5632 1152 5686 accuratissime.
1207 5634 1358 5700 Quod
1399 5649 1460 5688 ea
1496 5635 1693 5701 lectio,
1739 5644 1794 5690 et

209 5720 601 5788 antiquissima,
649 5730 702 5776 et
750 5723 907 5778 bona:
962 5733 1106 5780 notre
1155 5726 1246 5789 sit,
1294 5741 1396 5793 ego
1427 5727 1648 5795 quidem
1699 5743 1796 5798 pro

220 5824 358 5872 certo
391 5813 608 5880 habeo;
641 5817 885 5886 quamvis
933 5816 1190 5886 exstitere
1224 5819 1504 5887 nonnulli,
1535 5824 1645 5894 qui,
1689 5834 1796 5890 non

1888 1921 1981 1959 cus
2013 1917 2060 1960 et
2095 1917 2498 1964 ornamentum.

1961 1998 2149 2053 Matth.
2207 2017 2314 2063 xxv,
2364 2003 2456 2056 δι.
2511 2002 2782 2060 Brixian..
2839 2003 2891 2055 in
2951 2015 3138 2057 terram
3193 2005 3488 2062 Genesaret.

1887 2067 2305 2148 Crarcns’legit,
2363 2072 2699 2148 Genesqreth.
2755 2073 2989 2130 Codices
3037 2075 3214 2132 Gratci
3267 2081 3487 2148 quidam

1885 2139 2087 2202 ferunt,
2120 2141 2370 2206 Genesar,
2404 2146 2489 2197 vel
2525 2143 2800 2198 Genesera.

1958 2211 2114 2286 Joan.
2146 2230 2258 2276 vni,
2293 2215 2385 2268 5-9.
2420 2216 2683 2275 Brixian.,
2713 2215 2885 2270 Exivi!
2909 2217 2971 2269 de
2993 2217 3205 2286 leniplo,
3235 2223 3487 2275 transiens

1887 2300 1977 2349 per
1999 2285 2219 2336 medium
2257 2302 2468 2346 eorum,
2501 2297 2548 2339 et
2580 2287 2703 2339 ibat.
2750 2288 2971 2341 Grmcus
3025 2285 3163 2351 rm,
3211 2288 3408 2354 Ἰησοῦς
3432 2291 3484 2348 δὲ

1886 2354 2092 2434 ἐκρύϐη.
2118 2360 2199 2410 καὶ
2219 2359 2413 2434 ἐξῆλθεν
2434 2361 2596 2434 ὲκΔτ-οὖ
2624 2362 2768 2434 ἱεροῦ.
2787 2358 2984 2414 διελθὼν
3006 2358 3089 2415 διὰ
3115 2362 3274 2434 μέσον
3299 2366 3482 2418 αὐτῶν.

1885 2426 1977 2478 me
2004 2436 2232 2500 παρῆγεν
2261 2426 2428 2490 οὕτως
2450 2471 2461 2489 .
2495 2429 2546 2482 id
2581 2426 2705 2482 est:
2733 2428 2886 2482 Jesns
2917 2441 3086 2483 autent
3115 2426 3383 2488 abscondit
3410 2453 3482 2498 se,

1885 2507 1930 2548 et
1959 2499 2112 2550 emittit
2144 2501 2206 2551 (Ie
2234 2502 2444 2568 templo,
2479 2501 2732 2553 transiens
2775 2519 2867 2566 per
2907 2503 3130 2554 medium
3172 2504 3404 2570 illorum,
3437 2519 3483 2559 et

1885 2570 2134 2635 prwteriit
2176 2571 2272 2648 sic;
2311 2573 2822 2648 Quaitamcnﬁapud
2859 2573 3139 2648 Vulgatam
3169 2616 3182 2638 ,
3307 2576 3481 2648 Ciny-

1883 2653 2206 2716 sostomum,
2240 2641 2296 2696 S.
2331 2643 2614 2716 t'yrillum,
2645 2643 2701 2696 S.
2729 2641 3113 2710 Augustinum,
3138 2641 3481 2716 OptimOsque

1883 2711 2100 2765 codices
2132 2715 2563 2780 quamplurimes
2591 2730 2697 2767 non
2731 2716 3002 2781 leguntur.

1955 2781 2085 2836 Luc.
2125 2798 2239 2846 vm,
2269 2784 2356 2838 54.
2394 2785 2658 2848 Brixiam,
2690 2784 2818 2852 Ipse
2848 2797 3018 2838 autem
3050 2787 3261 2855 ejiciens
3305 2806 3480 2842 onmes

1882 2851 2044 2928 foras,
2078 2864 2120 2928 et
2157 2864 2569 2928 tenensinanum
2601 2851 2740 2928 ejus,
2788 2865 2894 2909 etc.
2930 2851 3153 2910 Grarcus
3181 2859 3310 2923 legit
3334 2901 3348 2925 ,
3378 2863 3483 2914 Αὐ-

1881 2926 1967 2984 τὸς
1999 2923 2303 3004 sesama».
2344 2925 2442 2990 ἔξω
2489 2923 2683 2987 πάντᾶς
2706 2969 2718 2990 ,
2754 2931 2837 2981 καὶ
2883 2932 3174 3004 κρατήσας,
3216 2923 3344 2995 etc.,
3378 2931 3478 2984 hoc.

1882 3008 1962 3067 est
1986 3036 1998 3056 ,
2031 2994 2157 3067 [pse
2186 3009 2352 3048 autem
2391 2998 2471 3065 eji.’
2490 2998 2597 3050 iens
2623 3002 2762 3067 {oras
2795 2994 2967 3050 omnes
2990 3039 3002 3060 ,
3034 3009 3079 3051 et
3120 3009 3293 3052 tenens
3321 2994 3338 3065 ,ν
3367 3012 3473 3056 etc.

1883 3065 2272 3119 Desiderantur
2311 3069 2426 3120 ha-c
2458 3065 2630 3120 verba
2654 3069 2792 3128 apud
2824 3072 2879 3122 ὃ.
2919 3069 3296 3136 Ambrosium,
3330 3072 3470 3130 Grai-

1884 3140 2660 3203 rosquccodicesnonnullos;
2694 3140 3477 3208 ablataqm‘:fuissircensentur

1883 3210 2154 3278 antdogiae
2185 3226 2341 3263 causa
2366 3252 2379 3275 ,
2411 3227 2530 3278 quae
2562 3211 2834 3275 aliquibus
2863 3212 2991 3265 Oriri
3025 3212 3308 3266 videbatur
3334 3214 3478 3269 inter

1883 3280 2182 3352 versiculos
2216 3281 2280 3333 Pii
2315 3293 2366 3334 et
2396 3283 2484 3344 iii,
2517 3284 2603 3335 ubi
2634 3283 2866 3350 dicitur,
2899 3282 3084 3336 Jesum
3119 3284 3253 3340 intra
3285 3285 3477 3352 puellae

1882 3351 2164 3410 conclave,
2214 3353 2498 3407 dumtaxat
2541 3363 2831 3421 utrumque
2875 3354 3021 3407 illius
3066 3351 3377 3422 parentem,
3414 3375 3476 3414 ac

1884 3429 1992 3473 tres
2022 3440 2051 3473 e
2080 3427 2191 3474 sus
2224 3423 2502 3491 discipulis
2533 3425 2836 3479 admisisse.
3360 3435 3362 3437 ’

1955 3492 2142 3548 Matth.
2180 3510 2243 3556 v,
2275 3497 2363 3548 44.
2418 3496 2657 3548 Brixiae.
2695 3496 2840 3548 addit
2872 3537 2884 3554 ,
2921 3495 3213 3550 Benedicite
3261 3499 3478 3552 maledi-

1881 3564 2107 3642 centilius
2126 3582 2241 3642 eos.
2278 3565 2498 3620 Orneus
2531 3567 2616 3619 hic
2642 3567 2809 3624 addit.
2833 3568 3087 3642 Ἀγαπᾶτε
3112 3572 3231 3630 τοὺς
3258 3571 3478 3642 ἐχθροὺς

1881 3634 2044 3700 ὑμῶν,
2069 3636 2315 3708 εὐλογεῖτε
2343 3640 2462 3699 τοὺς·
2482 3634 3064 3714 καταρωμένους-’ὐμᾶῆ
3094 3641 3254 3701 καλῶς
3284 3651 3473 3697 ποιεῖτε

1879 3708 2002 3766 τοὺς
2047 3716 2325 3778 μισοῦντας
2355 3711 2524 3776 ὑμᾶς,
2567 3708 2665 3763 hoc
2696 3708 2791 3764 ’ρει
2824 3729 2835 3763 :
2867 3708 3082 3779 Utligite
3123 3712 3357 3764 inimicos
3390 3730 3475 3765 ve-

1883 3788 2034 3852 stros.
2084 3779 2363 3852 benedicite
2391 3781 2753 3852 maledicentes
2783 3799 2868 3835 ros
2889 3823 2904 3849 ,
2939 3782 3220 3852 benefacite
3258 3785 3477 3835 odimti-

1884 3847 2106 3922 baseos.
2145 3851 2313 3904 Verba
2341 3894 2354 3915 ,
2384 3851 2670 3906 benedicite
2708 3854 2771 3906 iis
2799 3895 2814 3919 ,
2846 3847 2931 3922 qui
2957 3847 3096 3904 vobis
3137 3855 3472 3918 ntuledicnnt,

1884 3934 1944 3969 ex
1972 3919 2127 3972 Lucae
2154 3938 2222 3983 vr,
2259 3923 2348 3982 ‘28,
2383 3925 2664 3991 desumpta
2697 3939 2820 3977 esse
2852 3919 3130 3986 videntur;
3161 3924 3476 3978 desideran-

1885 3999 2076 4063 turque
2112 3994 2159 4044 iu
2195 3993 2474 4046 codicibus
2499 3995 2717 4059 inultis;
2747 4011 2916 4063 caque
2945 4011 3049 4046 non
3077 3994 3270 4047 habent
3299 3996 3471 4048 Cra-ci

1883 4061 2097 4136 codices
2128 4064 2390 4136 plerique,
2425 4081 2598 4131 neque
2629 4061 3048 4136 Chrysoslomus
3070 4106 3082 4126 ,
3116 4064 3471 4132 Augustinus,

1884 4131 2267 4208 Hieronymus,
2299 4134 2604 4208 salvi:iittts,
2634 4131 2960 4208 Cyprianus,
2987 4131 3324 4208 Fulgentius,
3355 4154 3477 4189 ver-

1884 4203 1966 4276 sio
2007 4203 2226 4273 Coptica
2255 4248 2268 4272 ,
2299 4207 2465 4260 editio
2513 4203 2700 4262 Graeca
2721 4203 2727 4205 ⁷
2749 4208 3008 4276 Stephani
3044 4203 3181 4261 ini-4°
3209 4217 3263 4261 et
3291 4209 3475 4261 versio

1883 4273 2122 4345 Syriaca.

1957 4347 2143 4400 Matth.
2195 4363 2247 4401 v.
2299 4348 2387 4401 47.
2435 4347 2719 4414 Brixiam,
2769 4349 2974 4403 Amicos
3016 4358 3208 4403 vestros
3251 4359 3472 4404 tantum.

1883 4415 2053 4471 Cra-ei
2092 4434 2305 4486 quoque
2358 4420 2575 4472 C(ldlCt’S
2627 4420 2740 4472 fere
2789 4437 2980 4475 on‘incs
3030 4421 3229 4475 habent
3258 4423 3474 4488 amicos,

1885 4504 1990 4542 non
2025 4493 2231 4556 fratres.
2269 4491 2331 4544 Et
2361 4491 2429 4541 ita
2460 4490 2718 4559 Stephani
2746 4507 2935 4546 omnes
2965 4492 3152 4558 Codd.,
3184 4491 3335 4546 Bodl.
3371 4508 3474 4546 ms.

1813 4568 1863 4628 Ι)
1892 4560 1946 4626 7,
1978 4559 2178 4628 aliique
2211 4562 2614 4629 quatnpluriuzi.
2646 4560 2781 4615 Vide
2813 4563 3055 4617 Millium.

1967 4632 2162 4706 Matth.
2189 4649 2259 4706 vt.
2390 4633 2659 4706 Brixiam,
2695 4634 2949 4706 Attendite
2971 4675 2984 4698 ,
3019 4651 3081 4688 ne
3102 4635 3478 4706 eleemosynam

1891 4714 2107 4754 vestram
2136 4703 2342 4769 faciatis
2378 4719 2549 4756 coram
2580 4703 2901 4767 hominibus;
2935 4716 2984 4757 et
3020 4709 3092 4758 ita
3121 4703 3383 4772 plerique,
3417 4722 3481 4757 ac

1891 4773 2059 4826 ferme
2102 4789 2291 4826 omnes
2323 4773 2492 4830 Cra-ci
2524 4775 2760 4827 codices.
2795 4774 2943 4828 lianc
2988 4776 3274 4829 lectionem
3302 4775 3476 4831 Grmci

1891 4844 2080 4918 Patres
2117 4844 2541 4918 Chrysostomu»
2570 4887 2580 4907 ,
2615 4844 3082 4916 'l‘heophylaclus,
3119 4847 3443 4918 Euthymius
3467 4889 3481 4912 ,

1891 4917 1979 4969 alii
2035 4916 2275 4983 plerique
2325 4917 2482 4984 vulgo
2530 4929 2871 4982 sequuntur,
2911 4919 3130 4969 minime
3183 4916 3359 4972 tamen
3397 4935 3485 4972 re-

1891 4996 2218 5055 pugnantem
2270 4987 2532 5054 Vulgata).
2566 4990 2649 5040 cui
2685 4987 2867 5041 favent
2902 4988 3143 5042 nonnulli
3183 5004 3250 5043 ex
3278 4989 3481 5044 codici-

1899 5059 1995 5110 bus
2028 5058 2249 5120 (,Ira‘cis,
2286 5059 2485 5127 Syrus,
2517 5057 2778 5126 Origenes
2821 5059 3005 5112 homil.
3037 5060 3072 5112 ‘2
3125 5061 3176 5112 in
3211 5061 3476 5124 Exodnm,

1898 5142 2215 5194 veteresque
2247 5129 2416 5183 Latini
2445 5130 2649 5184 Patres.

1968 5200 2160 5254 Matth.
2211 5217 2264 5272 tt,
2311 5202 2365 5255 5.
2421 5202 2682 5266 Brixian.,
2739 5201 3022 5268 Leltbwus,
3063 5203 3147 5272 qui
3193 5204 3486 5258 nominatur

1900 5270 2177 5324 Taddazus.
2212 5271 2265 5325 iu
2295 5275 2547 5326 omnibus
2595 5272 2802 5329 Graecis
2840 5270 3116 5328 codicibus
3144 5274 3380 5328 Matlhtci
3412 5275 3489 5332 I8.-

1900 5344 2064 5407 gitttr,
2097 5348 2188 5398 Καὶ
2227 5345 2503 5408 Λεϐϐαῖος,
2537 5344 2562 5398 ὁ
2591 5344 2873 5406 ἒπικληθεῖς
2893 5345 3177 5407 Θαδδαῖος.
3215 5346 3290 5400 Ex
3322 5346 3492 5398 Colla-

1904 5413 2046 5486 tione
2073 5426 2248 5486 autem
2278 5416 2729 5478 evangelistarum
2769 5420 2869 5470 iste
2910 5417 3240 5472 Thaddteus.
3269 5418 3383 5486 ipse
3408 5424 3494 5470 est

1899 5487 1988 5556 qui
2021 5485 2186 5538 Judas
2216 5486 2519 5541 dicebatur.

1973 5556 2162 5610 Matth.
2195 5574 2248 5618 κ,
2279 5561 2332 5612 8.
2367 5559 2422 5611 In
2452 5557 2691 5620 Brixian.
2723 5558 2873 5612 deest
2901 5599 2915 5622 ,
2951 5557 3189 5611 Mortnos
3218 5557 3495 5623 suscitato;

1902 5637 1953 5679 et
1990 5628 2060 5680 ita
2091 5628 2280 5698 Steph.
2331 5647 2431 5681 ms.
2463 5628 2494 5680 9
2519 5670 2530 5685 ,
2562 5629 2802 5681 (ἰυΙΙιεΓΙ.
2834 5630 2865 5682 5
2887 5670 2900 5692 ,
2935 5627 3214 5688 Barhcrin.
3249 5627 3302 5688 9,
3338 5625 3494 5681 Bodl.

1901 5698 1964 5759 6,
2000 5701 2217 5753 Selden.
2266 5699 2300 5752 4
2322 5742 2334 5758 .
2368 5699 2555 5754 Usser.
2585 5699 2653 5759 2,
2684 5698 2882 5765 aliique
2921 5699 3300 5764 quamplurimi
3339 5699 3503 5764 grteci

1903 5770 2138 5839 codices,
2157 5772 2223 5824 de
2250 5771 2444 5839 quibus
2466 5769 2689 5821 Consule
2709 5767 2835 5839 Var.
2859 5765 3006 5839 ιω.
3033 5767 3199 5839 Μίιιὶἱ.
3225 5768 3295 5822 Ea
3319 5778 3499 5839 tamen

1905 5836 2334 5913 l'eruiitV’iilgata,
2357 5839 2602 5912 Syriaca,
2618 5838 2793 5895 Codex
2807 5836 3287 5908 Cantabrigiensia,
3303 5837 3506 5912 aliique
