3956 6206
102 252 222 307 865

787 243 1197 308 DESCRIPTIO
1232 246 1386 306 COD.
1428 249 1542 306 MS.
1583 247 2109 307 GRIECO~LATIM
2146 246 2718 307 EVANGELIORUM.

3312 246 3420 306 866

840 489 1398 586 EPISTOLA
1476 499 2115 584 BLANCHINI
2191 495 2683 583 ALTERA.

103 678 465 721 DESCRIBITUR
490 677 659 721 αουει
687 677 773 719 IS.
801 676 1248 720 GBECO-LATINUS
1277 673 1697 717 EVANGBLIOBUI
1735 674 1803 717 ET
1830 673 2102 728 ACTORUI,
2132 674 2187 716 IN
2210 674 2561 718 BIBLIOTHECA
2590 674 3031 719 CANTABRIGIENSI
3060 675 3419 721 ASSEBVA'I'US.

1366 783 1919 841 ——sm

101 915 194 971 Cl.
224 928 290 970 ac
315 912 642 970 doctissimo
661 911 782 967 viro
810 909 1064 983 Philippo
1091 910 1275 966 abbati
1316 907 1595 967 Garbellio
1623 921 1716 977 pa—
1741 908 1791 969 Α
1819 923 1979 978 quam
2008 908 2209 975 adhuc,
2233 907 2379 981 quod
2401 908 2592 978 sciam,
2618 909 2661 965 si
2686 908 3170 980 Montl'auconium,
3194 926 3425 983 paucos-

183 1007 346 1062 tricio
368 1006 627 1062 Brixiano
668 1004 875 1075 Joseph
917 1001 1252 1059 Blanchinus
1294 999 1626 1057 Veronensis
1652 997 1711 1053 S.

183 1100 248 1156 P.
277 1099 339 1156 D.

181 1192 303 1250 Non
333 1209 396 1250 es
426 1192 667 1261 nescius,
696 1191 938 1249 Garbelli
961 1188 1300 1255 doctissime,
1327 1195 1588 1259 quantam
1613 1184 1716 1242 Sav

101 1301 328 1342 orarum
386 1287 694 1341 litterarum
751 1285 995 1341 cultores
1027 1282 1373 1355 perceperint
1422 1279 1713 1335 utilitatem

102 1397 174 1435 ex
206 1378 407 1451 insigni
448 1379 540 1433 illa
568 1378 810 1433 editione
867 1376 1108 1447 Vulgata:
1154 1374 1392 1444 Antiqua:
1436 1371 1640 1426 Latina:
1665 1379 1715 1426 et

102 1472 268 1528 Itala:
295 1470 561 1527 Versionis
588 1468 863 1541 Evangelii
891 1468 1176 1523 secundum
1206 1465 1537 1531 Mattlneum,
1579 1480 1607 1519 e
1630 1479 1717 1518 ve-

103 1568 413 1624 luslivst'mt's
455 1576 613 1622 erutte
667 1564 1055 1633 Monumentis,
1105 1563 1277 1618 studio
1318 1572 1365 1616 et
1411 1562 1587 1616 labore
1639 1560 1710 1615 D.

100 1663 334 1719 Joannis
365 1661 690 1733 Martianay,
741 1660 1039 1732 Presbyteri
1069 1657 1392 1713 Benedictini
1420 1672 1448 1711 e
1487 1654 1715 1725 Congre-

99 1760 319 1832 gatione
350 1758 413 1814 S.
443 1755 646 1822 Mauri,
689 1770 851 1827 quam
882 1756 999 1825 ipse
1028 1752 1262 1823 primum
1295 1749 1520 1804 Parisiis
1569 1762 1715 1803 anno

110 1851 257 1906 i693
291 1848 563 1906 litterario
600 1847 720 1904 orbi
770 1845 1019 1902 tradidit.
1049 1842 1204 1912 Quod
1259 1840 1480 1913 quidem
1514 1840 1599 1895 vel
1640 1854 1709 1895 ex

101 1959 172 2001 eo
193 1954 394 2014 aperte
413 1941 673 2013 cognosci
704 1947 910 2012 potest,
930 1938 1077 2010 quod
1102 1936 1304 2006 ubique
1331 1934 1495 1991 Liber
1520 1934 1613 1990 ille
1639 1933 1713 1989 ita

100 2038 350 2094 feliciter
370 2044 631 2107 exceptus
655 2043 762 2102 est,
794 2043 854 2089 ut
876 2033 1085 2089 venalis
1140 2030 1406 2086 hodierna
1442 2027 1531 2085 die
1572 2027 1714 2098 apud

100 2143 337 2189 nostros
356 2131 521 2186 Italos
551 2129 878 2200 bibliopolas
909 2128 1134 2183 minime
1162 2124 1499 2195 reperiatur;
1524 2138 1717 2195 quam-

99 2227 190 2282 vis
223 2225 412 2281 nullus
454 2224 686 2280 exsistat
730 2223 1046 2278 Divinarum
1093 2220 1501 2289 Scripturarum
1532 2217 1714 2273 studio

1818 1018 1925 1075 que
1947 1003 2086 1059 alios
2114 1003 2379 1074 excipias,
2409 1004 2567 1075 cujus
2593 1003 2704 1059 sint
2731 1004 2931 1072 aetatis,
2948 1004 3270 1076 formaeque,
3299 1021 3428 1077 pro-

1818 1100 2051 1168 diderit;
2078 1117 2186 1156 non
2209 1101 2448 1158 alienum
2474 1101 2660 1172 putavi
2690 1104 2878 1158 testari
2914 1103 3031 1171 tibi,
3065 1104 3195 1175 quid
3217 1105 3286 1162 de
3316 1105 3427 1162 illis

1817 1196 2033 1266 opiner.
2106 1195 2370 1253 Codicem
2433 1196 2855 1268 Evangeliorum
2918 1197 3427 1271 Cantabrigienscm

1818 1289 2297 1345 Graeco-Latinum
2360 1300 2521 1348 antea
2575 1290 2882 1347 describam
2937 1307 3007 1348 ex
3063 1293 3259 1350 eodem
3305 1294 3427 1350 Mil-

1818 1381 1914 1438 lio.
1960 1382 2029 1437 Et
2074 1384 2324 1453 quamvis
2376 1383 2485 1439 sint
2537 1384 2645 1440 illa:
2694 1385 3027 1441 membratim
3078 1402 3177 1456 per
3209 1387 3427 1457 aliquos

1817 1474 1904 1529 vel
1933 1472 2172 1547 Ogygiae,
2205 1490 2498 1547 numquam
2552 1485 2731 1531 tamen
2765 1488 2991 1547 propter
3018 1492 3113 1534 eas
3161 1478 3422 1549 adducar,

1815 1566 2132 1635 utaliquem
2187 1583 2406 1623 versum
2450 1568 2560 1625 mei
2610 1567 2995 1640 Quadruplicis
3046 1569 3429 1644 Evangeliarii

1816 1662 2098 1729 castigem;
2130 1659 2410 1730 quoniam,
2455 1661 2501 1715 si
2532 1675 2626 1716 eas
2655 1661 2983 1733 quandoque
3023 1677 3279 1733 sequare,
3327 1663 3430 1720 lal-

1815 1751 1969 1818 leris,
2002 1762 2096 1807 aut
2117 1752 2293 1808 falles.
2333 1754 2429 1808 Est
2458 1754 2711 1825 equidem
2756 1755 2935 1811 Codex
2966 1755 3060 1812 ille
3108 1757 3427 1828 antiquissi-

1816 1856 1956 1909 mus,
1984 1844 2078 1899 sed
2117 1844 2447 1911 mendosus,
2496 1853 2554 1901 ut
2593 1848 2803 1902 caeteri.
2854 1846 3077 1903 Retinet
3118 1847 3239 1919 ipse
3277 1850 3425 1906 anti-

1816 1952 1977 2004 quam
2003 1936 2210 2006 italam,
2239 1953 2360 2010 quae
2392 1948 2571 1995 tamen
2616 1939 2860 1997 cariosas
2889 1949 2944 1996 et
2990 1940 3284 1999 cdentulas
3310 1942 3426 2000 lec-

1816 2028 1994 2084 tiones
2018 2028 2198 2086 habet.

1888 2121 2065 2178 Gratci
2108 2123 2341 2179 adeundi
2373 2131 2500 2180 sunt
2529 2125 2778 2191 codices,
2811 2125 2909 2181 sed
2944 2124 3278 2198 incorrupti,
3306 2127 3428 2186 sine

1815 2217 2013 2288 quibus
2067 2234 2230 2276 nemo
2286 2229 2436 2290 putet
2478 2221 2667 2278 Italam
2703 2223 2961 2292 inveniri,
3009 2240 3077 2283 ac
3125 2227 3425 2297 inventam,

102 2320 396 2385 incensus,
431 2317 523 2385 qui
551 2316 670 2386 ejus
703 2316 939 2372 lectione
965 2329 1155 2370 carere
1183 2313 1294 2367 ullo
1326 2312 1488 2367 modo
1517 2310 1707 2383 possit.
1743 2311 1789 2372 Β
1815 2310 2025 2381 absque
2055 2312 2287 2369 maculis
2309 2314 2394 2370 edi
2419 2329 2602 2384 posse.
2629 2316 2742 2387 Ego
2774 2333 2950 2389 neque
2987 2319 3237 2375 Doctoris
3263 2319 3432 2376 Maxi-

99 2414 296 2482 Quare
338 2411 390 2465 in
433 2410 843 2480 Prolegomenis
885 2408 1046 2477 hujus
1079 2404 1442 2477 Evangeliarii
1470 2403 1717 2473 Quadru-

100 2506 291 2579 plicis,
321 2506 577 2576 quoniam
602 2503 736 2559 mihi
759 2517 896 2574 opus
922 2511 1040 2559 erat
1084 2501 1152 2558 de
1186 2502 1409 2571 antiqua
1431 2499 1564 2556 Itala
1595 2515 1716 2555 ver-

95 2600 266 2655 sione
298 2596 488 2653 Latina
516 2595 683 2651 multa
714 2594 930 2665 praefari
952 2636 965 2659 ,
1009 2609 1077 2649 ne
1107 2596 1245 2648 forte
1274 2592 1488 2648 viderer
1523 2592 1717 2662 aliqui-

96 2694 206 2750 bus
242 2706 362 2748 rem
413 2706 443 2745 a
488 2689 891 2762 sapientissimo
941 2687 1257 2744 Martianaeo
1287 2686 1460 2741 multo
1488 2686 1717 2756 diligen-

99 2790 244 2856 tius,
272 2787 575 2857 maiorique
595 2801 721 2841 cum
751 2784 1039 2855 dignitate,
1071 2798 1233 2854 quam
1261 2781 1329 2837 de
1352 2796 1438 2837 me
1468 2780 1717 2851 polliceri

95 2882 397 2946 auderem,
423 2880 532 2951 jam
552 2887 749 2946 actam,
774 2892 966 2950 agere,
999 2876 1304 2933 existimavi
1335 2875 1495 2945 longe
1523 2873 1718 2930 melius

96 2978 242 3034 huic
266 2974 500 3031 editioni
528 2972 866 3039 consultum,
894 2982 948 3027 et
976 2986 1004 3026 a
1039 2986 1125 3026 me
1155 2970 1478 3039 prudentius
1517 2968 1717 3024 factum

95 3070 198 3136 iri,
233 3069 281 3124 si
317 3078 387 3133 te,
421 3066 667 3138 aliosque
685 3065 833 3122 Itala:
875 3064 1142 3120 versionis
1168 3074 1444 3118 amatores
1497 3062 1719 3117 invitas-

96 3176 229 3218 sem
263 3159 349 3231 (a)
387 3158 456 3213 ad
498 3157 728 3230 legenda
774 3156 1167 3228 Prolegomena
1207 3154 1454 3227 ejusdem
1501 3154 1719 3211 Martia—

98 3255 242 3320 mci,
274 3252 371 3323 qui
391 3250 523 3307 illud
554 3259 930 3321 argumentum
957 3250 1219 3321 singulari
1264 3247 1574 3305 eruditione
1606 3258 1717 3303 tra-

98 3345 307 3402 ctavit.
337 3342 492 3399 Nunc
524 3358 655 3413 ergo
681 3344 748 3399 ad
772 3343 1195 3408 ostendendum,
1227 3343 1435 3404 Italam.
1466 3358 1586 3413 quae
1603 3348 1721 3397 erat

99 3439 417 3496 verborum
456 3436 771 3494 Graecorum
826 3437 1101 3503 tenacior,
1152 3451 1277 3493 cum
1328 3434 1720 3505 perspicuitate

97 3529 428 3596 sententiae,
451 3538 640 3585 nostro
657 3528 1041 3599 Evangeliario
1061 3528 1403 3599 quadruplici
1429 3527 1718 3593 contineri,

98 3624 374 3681 Graecum
406 3621 728 3693 originalem
759 3629 969 3677 textum
992 3663 1007 3683 .
1044 3621 1099 3677 in
1145 3620 1542 3691 antiquioribus
1582 3636 1715 3676 mss.

1820 2404 1892 2459 mi
1928 2403 2229 2462 institutum
2261 2408 2394 2463 satis
2426 2408 2684 2475 laudare,
2718 2425 2821 2465 ncc
2859 2410 3169 2482 aliquorum
3216 2411 3432 2468 animo-

1818 2498 2035 2554 sitatem
2064 2499 2197 2554 satis
2237 2501 2420 2556 mirari
2448 2516 2614 2572 queo,
2658 2503 2859 2573 quibus
2908 2503 3063 2559 labor
3094 2504 3431 2575 Hieronymi,

1818 2594 1909 2664 qui
1942 2593 2149 2649 aditum
2205 2595 2308 2650 sibi
2356 2594 2423 2650 ad
2477 2595 2803 2664 purissimos
2855 2595 3077 2653 Grmcos
3114 2597 3292 2653 fontes
3334 2611 3434 2666 pro

1819 2684 2165 2741 emendando
2192 2686 2386 2743 Latino
2415 2697 2651 2759 quatuor
2668 2689 3088 2758 Evangeliornm
3118 2689 3311 2746 codice
3336 2704 3434 2762 pa-

1822 2777 2029 2837 tefecit.
2061 2781 2432 2851 improbatur;
2466 2781 2722 2853 quoniam
2749 2783 3151 2840 correctionem
3184 2799 3337 2840 suam
3364 2800 3435 2841 ex

1821 2871 2060 2927 coenosis
2088 2873 2196 2929 illis
2235 2889 2299 2929 ac
2357 2873 2689 2930 turbulentis
2722 2875 3036 2931 Latinorum
3073 2877 3433 2947 interpretum

1820 2965 2037 3021 lacunis
2059 2964 2418 3019 hauriendam
2442 2980 2566 3021 esse
2597 2980 2703 3021 non
2735 2965 2908 3021 duxit.
2938 2966 3213 3024 Censores
3240 2967 3437 3025 habuit

1819 3060 2187 3133 llicrouymus
2227 3075 2324 3115 sua
2359 3062 2524 3116 etiam
2578 3071 2771 3126 aetate;
2811 3061 2937 3131 qui,
2975 3070 3036 3116 ut
3086 3061 3206 3133 ejus
3252 3060 3428 3118 labori

1823 3169 2006 3209 moras
2030 3161 2335 3219 necterent,
2366 3152 2638 3224 ﬁdemque
2677 3152 3072 3219 detraherent,
3105 3163 3269 3225 atque
3295 3167 3436 3224 opus

1821 3246 1967 3319 quod
1999 3246 2441 3318 aggrediebatur,
2474 3257 2789 3317 suspectum
2818 3246 3087 3302 Ecclesiis
3130 3247 3432 3317 efﬁcerent,

1821 3345 2269 3409 praemonuerunt
2294 3337 2544 3409 ignarum
2567 3338 2860 3410 vulgus,ut
2889 3347 3111 3395 caveret
3131 3340 3272 3408 sibi;
3302 3355 3441 3414 quo-

1824 3432 1971 3487 niam
2032 3447 2063 3487 a
2118 3430 2333 3486 Latinis
2372 3430 2780 3502 exemplaribus
2837 3432 3154 3489 recedebat.
3209 3434 3317 3492 Sed
3380 3435 3437 3493 in

1823 3523 2161 3592 defensione,
2188 3540 2350 3596 quam
2387 3540 2489 3595 pro
2524 3538 2585 3580 se
2637 3525 2955 3581 beatissimo
2996 3541 3152 3596 papa:
3200 3527 3435 3584 Damaso

1822 3620 2065 3689 scripsit,
2090 3619 2163 3674 ita
2191 3635 2314 3674 eum
2345 3617 2611 3691 (cupiens
2639 3618 2853 3674 amoliri
2889 3635 2917 3672 a
2947 3634 3008 3676 se
3031 3620 3176 3676 illaut
3215 3621 3434 3693 Opinio-

100 3718 275 3775 libris
329 3726 755 3785 praeservatum,
798 3716 1078 3772 adeamus.
1133 3715 1198 3772 Si
1244 3716 1402 3781 enim,
1437 3704 1790 3785 inquiebatC
1825 3712 1991 3786 nem)
2026 3712 2354 3784 alloquitur,
2387 3721 2444 3768 et
2489 3712 2656 3769 dicit:
2708 3712 2917 3768 Novum
2959 3712 3107 3784 Opus
3138 3717 3311 3788 facere
3360 3734 3441 3775 me

98 3815 163 3871 S.
200 3812 601 3884 Hieronymus,
619 3811 685 3866 ad
708 3811 993 3867 Damasum
1022 3811 1293 3876 scribens,
1318 3809 1523 3864 Latinis
1548 3826 1722 3865 exem-

97 3906 355 3981 plaribus
384 3905 513 3973 ﬁdes
550 3915 624 3959 est
666 3904 981 3970 adhibenda,
1029 3904 1375 3978 respondeant
1399 3904 1721 3974 quibus?tot

98 4006 252 4061 enim
296 4009 419 4058 sunt
446 4000 760 4069 exemplaria
799 4018 948 4072 pene,
978 4009 1099 4073 quot
1150 4000 1371 4054 codices.
1402 3999 1499 4055 Sin
1548 4009 1721 4053 autem

98 4098 309 4154 veritas
339 4106 412 4150 est
442 4094 723 4163 querenda
748 4093 814 4146 de
838 4094 1093 4166 pluribus,
1124 4109 1219 4147 cur
1250 4109 1353 4148 non
1386 4092 1455 4146 ad
1485 4091 1721 4146 Grtccam

97 4192 376 4267 originem
400 4197 723 4254 revertentes,
748 4203 829 4252 ea,
854 4204 968 4258 qua:
996 4187 1075 4243 vel
1125 4202 1158 4239 a
1193 4186 1390 4241 vitiosis
1413 4183 1722 4252 Interpreti-

100 4288 205 4343 bus
240 4283 381 4337 male
404 4282 628 4345 reddita,
648 4283 724 4336 vel
747 4297 780 4335 a
800 4276 1527 4351 prtzsumptoribusimperitis
1553 4291 1727 4331 emen-

98 4382 244 4435 data
276 4376 592 4448 perversius,
637 4374 716 4429 vel
746 4391 778 4427 a
808 4373 1034 4428 librariis
1064 4370 1465 4426 dormitantibus
1515 4379 1606 4423 aut
1630 4367 1725 4421 ad-

99 4472 231 4527 dita
275 4477 419 4533 sunt,
466 4476 556 4521 aut
609 4473 823 4529 mutata,
884 4462 1234 4535 corrigimus?
1263 4461 1327 4516 Et
1363 4460 1525 4532 paulo
1554 4467 1675 4529 post
1708 4476 1723 4513 :

100 4564 257 4618 Hcce
309 4574 537 4629 presens
587 4557 1003 4627 Praefatiuncula
1049 4556 1325 4629 pollicetur
1360 4564 1581 4624 quatuor
1608 4561 1724 4606 tan-

98 4666 225 4711 tum
280 4649 591 4725 Evangelia,
643 4658 787 4717 etc.,
844 4649 1079 4703 codicum
1126 4645 1421 4702 Gra’corum
1459 4642 1729 4700 emendata

99 4746 425 4807 collatione,
447 4743 538 4799 sed
574 4742 839 4798 Veterum.
877 4742 1111 4798 Sanctus
1141 4737 1728 4811 quoquetiAugustinus

102 4842 158 4897 in
186 4838 302 4895 lib.
327 4854 365 4892 Il
388 4836 458 4893 de
481 4835 734 4892 Doctrina
753 4834 1065 4892 Christiana
1092 4834 1340 4890 eamdem
1363 4832 1606 4903 regulam
1624 4839 1731 4886 tra-

101 4934 218 4989 dit.
255 4930 339 4985 De
386 4926 533 4983 Italae
572 4927 839 4982 versionis
886 4927 1206 4997 interprete,
1258 4939 1362 4997 ope
1406 4924 1728 4980 Latinorum

101 5023 378 5083 codicum
399 5017 761 5085 emendando,
789 5032 895 5073 non
925 5027 1007 5072 est
1030 5032 1212 5072 meum
1237 5024 1501 5083 statuere,
1529 5030 1730 5072 verene

1825 3810 1966 3882 aegis
1988 3825 2050 3863 ea:
2078 3811 2234 3863 veteri
2252 3825 2270 3873 ;
2301 3818 2357 3862 ut
2388 3816 2503 3876 post
2552 3808 2872 3878 exemplaria
2904 3807 3299 3881 Scripturarum
3324 3822 3431 3868 toto

1830 3900 1965 3957 Orbe
1981 3900 2238 3972 dispersa,
2266 3901 2411 3972 quasi
2458 3900 2672 3970 quidam
2701 3900 2898 3956 arbiter
2936 3903 3170 3968 sedeam;
3220 3913 3266 3958 et
3318 3906 3441 3974 quia

1826 3999 1958 4053 inter
1986 4016 2039 4054 se
2064 3998 2295 4064 variant,
2314 4013 2430 4068 qua:
2454 3998 2555 4052 sint
2580 3997 2699 4059 illa.
2728 4013 2842 4068 qua:
2866 4014 2984 4053 cum
3017 3998 3199 4054 Graeca
3223 4016 3443 4058 consen-

1828 4093 1957 4147 tiant
1998 4092 2240 4160 veritate,
2279 4091 2574 4145 decernam.
2609 4087 2742 4143 Pius
2768 4090 2953 4157 labor,
3006 4092 3099 4146 sed
3145 4093 3440 4166 periculosa

1830 4183 2197 4254 prwsumptio,
2226 4190 2333 4236 etc.
2370 4180 2498 4247 Quis
2523 4179 2658 4234 enim
2823 4196 2941 4235 cum
2969 4182 3022 4236 in
3076 4200 3264 4240 manus
3294 4186 3442 4241 volu-

1827 4291 1943 4330 men
1968 4274 2325 4345 assumpserit,
2349 4282 2397 4328 et
2427 4289 2459 4327 a
2478 4274 2643 4328 saliva
2662 4314 2677 4341 ,
2706 4289 2858 4343 quam
2884 4276 3041 4331 semel
3061 4277 3278 4343 imbibit,
3302 4280 3443 4338 vide-

1829 4367 1918 4432 rit,
1949 4368 2243 4439 discrepare
2282 4367 2422 4438 quod
2449 4367 2668 4434 lectitat,
2720 4384 2823 4423 non
2868 4369 3048 4425 statim
3099 4384 3339 4443 erumpat
3386 4375 3441 4431 in

1829 4476 2024 4525 vocem.
2050 4478 2129 4516 me
2154 4460 2431 4532 falsarium
2456 4500 2473 4528 ,
2502 4476 2585 4515 me
2612 4459 2893 4516 clamitans
2947 4478 3055 4519 esse
3092 4468 3401 4540 sacrilegum
3422 4512 3439 4539 ,

1831 4558 1919 4630 qui
1956 4558 2178 4614 audeam
2202 4558 2405 4629 aliquid
2423 4559 2478 4613 in
2496 4558 2752 4614 veteribus
2778 4559 2926 4616 libris
2953 4562 3170 4633 addere,
3209 4576 3436 4634 mutare,

1832 4652 2126 4725 corrigere?
2155 4653 2415 4708 Adversus
2454 4668 2608 4725 quam
2650 4652 2900 4707 invidiam
2940 4642 3321 4727 duplex'causa
3362 4676 3444 4715 me

1834 4748 2153 4809 consolatur,
2186 4746 2325 4817 quod
2345 4754 2391 4800 et
2406 4754 2484 4813 tu,
2510 4746 2601 4816 qui
2629 4745 2881 4802 Summus
2919 4745 3183 4804 Sacerdos
3219 4766 3294 4815 es,
3327 4751 3446 4822 ﬁeri

1826 4839 2001 4910 iubes;
2031 4848 2079 4892 et
2108 4853 2282 4891 verum
2303 4853 2406 4891 non
2436 4852 2567 4903 esse,
2593 4838 2732 4908 quod
2760 4838 2949 4906 variat,
2974 4839 3128 4894 etiam
3161 4840 3445 4897 maledico-

1833 4948 1949 4986 rum
1980 4931 2267 4986 testimonio
2307 4929 2693 4999 comprobatur.
2719 4928 2791 4986 Et
2816 4940 2941 5000 post
2971 4946 3144 5002 pauca
3173 4950 3187 4987 :
3213 4932 3445 5007 Magnus

1836 5026 1921 5079 hic
1941 5025 1997 5079 in
2027 5025 2219 5078 nostris
2256 5023 2522 5078 codicibus
2548 5038 2695 5078 error
2725 5023 2973 5093 inolevit;
3004 5026 3164 5093 dum,
3201 5029 3342 5101 quod
3389 5032 3445 5087 in

105 5115 295 5187 aliqui
327 5111 588 5175 senliattt.
618 5127 687 5166 an
720 5125 899 5167 secus.
935 5112 1005 5166 Αι
1033 5108 1164 5165 illud
1198 5123 1376 5165 meum
1410 5115 1494 5163 εει
1540 5107 1729 5164 ῐηυιιίῧ
1754 5112 1810 5174 D
1835 5116 2015 5172 eadem
2043 5132 2098 5171 re
2114 5116 2247 5171 alius
2272 5115 2604 5188 Evangelista
2626 5116 2744 5188 plus
2766 5117 2932 5185 dixit,
2960 5117 3017 5172 in
3040 5119 3167 5186 alio,
3196 5123 3321 5191 quia
3340 5120 3445 5177 mi-

103 5205 447 5271 ostendere,
486 5219 698 5275 aequum
730 5219 853 5261 esse
905 5202 1038 5258 mihi
1093 5201 1361 5267 concedi,
1403 5210 1465 5255 ut
1515 5214 1619 5271 ego
1661 5199 1730 5255 de

105 5304 254 5361 Itala
288 5317 399 5357 non
431 5299 613 5354 minus
639 5308 755 5354 tuto
774 5297 1024 5369 judicare
1050 5299 1276 5367 possim,
1322 5311 1386 5351 ex
1412 5295 1729 5351 Graecorum

106 5399 420 5455 verborum
455 5393 768 5458 tenacitate,
808 5407 930 5448 cum
979 5392 1370 5462 perspicuitate
1417 5391 1726 5447 sententiae.

107 5492 273 5551 Millii
304 5488 608 5547 editionem
630 5488 695 5544 N.
716 5488 781 5544 Τ.
814 5498 868 5544 ιιι
894 5488 1006 5558 jam
1030 5487 1285 5559 legendo,
1322 5496 1377 5543 et
1404 5485 1729 5557 pervolven-

109 5582 417 5643 dotrivisti
448 5599 462 5635 :
494 5595 619 5636 cum
647 5588 829 5636 autem
859 5579 1119 5650 pleraque
1142 5578 1384 5644 illorum,
1434 5593 1554 5649 quae
1600 5591 1730 5632 con-

112 5677 270 5739 tulit,
306 5672 680 5743 Escmplaria,
712 5677 995 5741 pervetera
1022 5685 1147 5727 esse
1174 5677 1411 5735 constet,
1437 5684 1540 5725 nec
1586 5669 1734 5738 quis-

111 5796 133 5869 ί
194 5792 281 5870 (a)
325 5788 462 5848 Vide
492 5786 912 5859 Prolegomena,
932 5785 1039 5843 col.
1064 5798 1209 5859 0000
1233 5791 1291 5841 et
1315 5797 1433 5853 seq.

1837 5224 1936 5264 nus
1962 5211 2291 5281 putaverint,
2328 5208 2646 5263 addiderunt
2676 5224 2696 5263 :
2724 5209 2802 5264 vel
2830 5209 2955 5264 dum
2974 5212 3211 5266 eumdem
3237 5229 3443 5269 sensum

1835 5300 1972 5355 alius
1989 5301 2143 5355 aliter
2168 5300 2453 5370 expressit,
2480 5302 2593 5366 ille,
2622 5302 2712 5374 qui
2732 5319 2893 5357 unum
2921 5318 2949 5358 e
2975 5316 3199 5374 quatuor
3218 5307 3445 5377 primum

1838 5391 2050 5464 legerat,
2081 5392 2151 5446 ad
2174 5395 2285 5467 ejus
2323 5392 2615 5463 exemplum
2641 5406 2853 5452 caeteros
2877 5411 3078 5468 quoque
3114 5398 3446 5454 wstimaverit

1841 5488 2208 5544 emendandos.
2254 5487 2406 5545 Unde
2443 5490 2668 5557 accidit,
2719 5502 2778 5546 ut
2820 5493 2962 5560 apud
2996 5508 3090 5547 nos
3141 5494 3296 5547 mista
3341 5495 3447 5549 sint

1840 5582 2039 5648 omnia;
2060 5594 2106 5637 et
2132 5583 2188 5636 in
2217 5581 2402 5637 Marco
2430 5584 2582 5653 plura
2608 5581 2788 5647 Lucae,
2829 5595 2981 5654 atque
3011 5584 3280 5652 Mattluei;
3318 5602 3441 5641 rur-

1842 5688 1954 5728 sum
1981 5674 2033 5727 iu
2064 5672 2311 5730 Mattiaco
2331 5674 2484 5745 plura
2506 5672 2730 5729 Joannis
2748 5712 2762 5738 ,
2789 5681 2837 5727 et
2860 5672 3056 5737 Marci;
3078 5684 3127 5729 et
3170 5676 3224 5731 in
3248 5679 3447 5737 steteris
