3956 6206
559 213 663 274 86⁷7

1285 221 1382 278 AD
1419 216 1993 277 EVANGELIARIUM
2031 213 2301 275 EUSEBII
2342 209 2688 273 VERCELL.
2727 204 3106 270 APPENDIX.
3788 210 3875 267 869i
3945 185 3948 254 Ῠ

548 342 863 411 reliquorum
887 382 900 404 ,
929 356 1044 409 qua:
1066 341 1184 394 aliis
1219 341 1432 409 prapria
1465 349 1602 404 sunt,
1644 339 1986 394 inveniantur.
2035 337 2148 392 Hoc
2178 349 2232 408 Α
2255 349 2364 400 cus,
2394 349 2516 388 cum
2548 332 2739 388 eadem
2769 334 3056 408 ἐπιγραφῆξ
3090 332 3161 385 ita
3193 344 3390 400 nempe
3411 328 3717 402 dispositis
3742 328 3880 383 libris

554 432 716 486 etiam
738 431 914 487 codici
942 432 1215 496 Brixiano,
1244 447 1407 502 quem
1449 447 1548 500 ego
1582 442 1675 485 tuo
1705 447 1929 485 munere
1960 430 2161 499 publici

551 525 690 592 juris
723 525 879 588 facio,
913 539 1182 592 quemque
1211 531 1288 580 tu.
1319 524 1400 577 vir
1421 524 1520 589 eL,
1560 524 1759 593 insigni
1787 523 2014 592 epistola
2047 532 2160 587 tua,

563 619 613 670 in
643 617 814 671 fronte
847 617 1033 686 prima:
1061 619 1228 686 partis
1255 616 1416 686 hujus
1449 617 1707 670 editionis
1749 617 2036 686 impressa,
2064 615 2163 669 mi-

560 714 709 768 ritice
742 712 1000 776 illustras,
1039 727 1143 766 non
1190 711 1361 766 semel
1393 710 1630 775 aet-iuit;
1665 710 1757 765 sed
1791 710 2023 764 maxime
2061 708 2157 763 Ms.

560 805 990 874 Cantabrigiensi
1033 803 1470 868 Grieco-Latino,
1501 804 1655 873 cujus
1689 804 1777 858 hic
1829 801 2162 870 descriptio-

558 913 683 952 nem
712 907 919 961 attexo,
942 907 1230 966 antequam
1265 897 1356 950 libi
1387 897 1575 950 sistam
1625 895 1928 965 prarcipuas
1977 892 2164 948 lectio-

561 1004 659 1044 nes
687 990 858 1043 nostri
891 989 1251 1059 Evangeliarii
1284 989 1687 1058 Quadruplicis,
1717 1003 1840 1058 quas
1862 1001 1984 1041 cum
2015 996 2163 1040 textu

559 1079 1013 1151 GrtucoVulgato
1061 1079 1288 1151 aliisque
1317 1081 1508 1135 decem
1569 1081 1830 1135 Romanis
1881 1077 2164 1133 codicibus

562 1189 727 1227 manu
759 1173 997 1227 exaratis
1029 1173 1200 1242 magis
1223 1172 1580 1227 concordant.

561 1284 852 1357 Descriptio
891 1288 1084 1340 codicis
1129 1301 1225 1340 ms.
1258 1286 1650 1348 Grcam-latini,
1687 1283 2088 1355 Evangeliarum’
2119 1292 2166 1337 et

635 1382 879 1434 Actorum
912 1380 965 1433 in
995 1379 1314 1433 Bibliotheca
1342 1378 1755 1448 Cantabrigiensi
1785 1375 2031 1431 asservati
2063 1372 2162 1446 (ιι).

633 1513 1076 1570 Membranaceus
1115 1513 1285 1569 codex
1321 1525 1407 1568 est
1439 1514 1493 1568 in
1530 1525 1715 1583 quarto
1764 1513 1866 1585 (uti
1900 1513 2060 1581 vulgo
2087 1511 2168 1565 lo-

560 1607 805 1680 quimur)
838 1608 1134 1678 grandiori.
1175 1607 1497 1678 Evangelia,
1549 1617 1594 1660 et
1643 1617 1758 1659 acta
1798 1604 2167 1676 Apostolorum

559 1701 967 1770 complectitur.
1017 1700 1306 1766 Lacctum,
1349 1710 1403 1753 et
1446 1699 1730 1768 sexaginta
1769 1714 1832 1752 ac
1873 1712 1965 1751 sex

561 1794 868 1849 mutilatum
895 1795 946 1866 (e
970 1795 1165 1864 quibus
1191 1796 1380 1849 decem
1410 1795 1632 1848 circiter
1655 1792 1924 1861 supplevit
1947 1789 2166 1844 aliunde

561 1888 841 1944 recentior
890 1887 1174 1957 calamus),
1220 1887 1378 1941 initio
1410 1886 1538 1941 belli
1579 1887 1750 1940 civilis
1779 1884 1922 1954 apud
1954 1883 2164 1949 Gallos,

559 1997 707 2036 anno
759 1982 930 2048 1562,
959 1997 1023 2036 ex
1058 1981 1314 2038 coenobio
1343 1981 1400 2036 S.
1448 1981 1669 2044 lrentei,
1705 1978 1984 2049 Lugduni,
2015 1985 2166 2047 post-

557 2094 718 2148 quam
754 2078 827 2131 ibi
856 2079 908 2132 in
947 2077 1172 2148 pulvere
1198 2076 1287 2130 diu
1310 2076 1596 2146 jacnisset,
1632 2084 1820 2129 nactus
1849 2081 1934 2127 est
1973 2072 2113 2127 Beza
2144 2086 2159 2125 ε

560 2173 848 2242 ipsumque
876 2214 888 2234 ,
939 2188 1062 2226 mox
1111 2182 1171 2226 ut
1218 2171 1552 2226 absolvisset
1584 2170 1806 2239 majores
1835 2181 1995 2234 suas,
2031 2181 2164 2236 quas

557 2277 740 2330 vocat,
782 2267 1190 2330 adnotationes,
1236 2265 1381 2320 dono
1419 2265 1570 2319 dedit
1618 2263 1926 2318 Academia:
1968 2261 2165 2316 Cauta-

556 2359 841 2427 brigiensi,
876 2375 1020 2412 anno
1076 2358 1209 2413 1581
1241 2399 1256 2425 ,
1302 2360 1482 2413 missis
1509 2373 1614 2412 una
1643 2357 1858 2422 litteris,
1883 2356 1935 2410 in
1967 2354 2165 2425 quibus

557 2469 712 2507 suum
737 2453 912 2522 aperit
943 2453 1010 2507 de
1037 2451 1241 2507 Codice
1281 2453 1386 2506 isto
1422 2451 1732 2506 consilium.
1770 2451 1827 2504 In
1852 2448 2164 2504 Academia:

558 2546 717 2600 istius
762 2545 1099 2600 Bibliotheca
1143 2547 1256 2613 jam
1306 2544 1533 2613 repositi
1587 2545 1862 2598 variantes
1902 2541 2164 2598 lectiones

559 2639 789 2708 primus,
824 2639 970 2708 quod
1002 2638 1196 2704 sciam,
1230 2639 1474 2707 collegit,
1509 2635 1774 2691 Patricius
1803 2635 2044 2689 Junius:
2070 2639 2163 2705 qui

557 2741 614 2786 et
667 2733 782 2801 ipse
830 2731 1052 2786 tradidit
1082 2748 1174 2785 eas
1206 2732 1276 2785 cl.
1325 2729 1578 2784 Pnteanis
1608 2729 1868 2784 fratribus
1889 2769 1905 2794 ,
1937 2725 2163 2782 Futeani

553 2823 783 2890 Marino,
819 2833 951 2890 etc.;
980 2823 1245 2890 Morinos,
1278 2839 1374 2878 seu
1404 2822 1540 2878 alius
1563 2823 1857 2893 quispiam,
1885 2820 2162 2890 Stephano

555 2919 879 2974 Cnrcellmo.
917 2919 1023 2975 Sed
1056 2929 1109 2974 et
1142 2919 1395 2974 Usscrius
1425 2919 1702 2989 exemplar
1734 2917 1836 2972 hoc
1868 2916 1934 2970 ad
1961 2914 2160 2971 editio-

559 3029 682 3068 nem
711 3013 776 3067 N.
793 3013 943 3068 Tcst.
960 3016 1087 3067 anni
1112 3012 1250 3068 1624
1273 3013 1673 3068 Elzevirianam
1695 3020 1950 3066 accurate
1971 3020 2161 3064 contu-

557 3107 648 3172 lit,
683 3107 913 3177 ejusque
952 3109 1270 3170 varietates,
1305 3119 1356 3160 ut
1399 3114 1456 3160 ct
1482 3107 1711 3160 aliorum
1747 3107 1972 3174 insuper
2002 3102 2160 3173 quin-

555 3199 730 3253 decim
777 3215 910 3255 mss.
948 3201 1227 3265 codicum,
1270 3216 1395 3254 cum
1431 3200 1678 3254 Waltono
1705 3198 2156 3263 communicavit,

537 3292 610 3364 lin
667 3291 968 3346 Bibliorum
1007 3294 1378 3368 πολυγλὼττων
1421 3304 1569 3348 tumo
1597 3305 1774 3359 sexto,
1809 3295 1925 3348 sive
1951 3307 2158 3361 appen-

557 3386 676 3438 dice
707 3386 1075 3453 reponendas.
1107 3386 1404 3456 Exemplar
1436 3388 1611 3456 ipsum
1643 3385 1788 3457 qttod
1817 3385 2036 3449 attinet,
2066 3384 2162 3438 de-

551 3478 816 3543 scriptum
849 3487 935 3533 est
966 3480 1183 3548 quidem
1209 3481 1344 3534 illttd
1371 3482 1567 3536 litteris
1591 3480 2012 3551 grandiusculis,
2044 3478 2160 3534 sive

557 3570 884 3636 uncialibns,
928 3572 1137 3641 absque
1175 3573 1319 3626 omni
1351 3573 1641 3627 verborum
1677 3572 2028 3627 distinctione
2052 3613 2065 3636 ,
2097 3572 2156 3626 li-

556 3664 678 3717 neis
711 3679 818 3716 non
853 3665 904 3717 in
942 3680 1102 3718 unam
1141 3665 1498 3735 eamdemque
1533 3666 1929 3736 longitudinem
1963 3681 2161 3735 expor-

557 3757 756 3820 rectis,
806 3757 900 3811 sed
941 3758 1163 3813 omnino
1204 3757 1596 3824 intequalibns,
1639 3758 1974 3828 lengioribus
2014 3758 2156 3825 aliis,

558 3849 676 3903 aliis
708 3847 1081 3912 brevioribus,
1111 3849 1261 3902 velut
1291 3851 1341 3903 ἐν
1379 3847 1499 3906 εἴδει
1545 3859 1837 3928 στιχηρῶν,
1873 3852 1924 3905 in
1964 3852 2159 3921 quibus

557 3942 752 3997 sedqu
797 3959 826 3997 a
869 3942 1210 4012 descriptore
1249 3955 1468 3998 cantum
1512 3954 1616 4010 est,
1651 3953 1707 3998 ot
1738 3945 1949 4010 Graeca,
1976 3956 2030 4000 et
2057 3945 2162 4000 La-

555 4037 669 4091 tina
707 4037 809 4090 sibi
845 4037 1074 4091 invicem
1115 4036 1545 4105 responderent,
1574 4037 1798 4091 verbum
1829 4037 1941 4093 fere
1967 4038 2156 4104 verbo,

557 4142 779 4185 servato
825 4131 1146 4200 plerumque
1174 4130 1338 4185 etiam
1379 4129 1571 4185 eodem
1604 4131 1722 4201 ipso
1753 4134 2044 4185 verborum
2071 4148 2162 4185 or.

557 4221 707 4277 dine.
740 4222 926 4278 Gra‘ca
967 4223 1246 4277 sinistram
1294 4223 1546 4292 paginam
1575 4234 1876 4291 occupant,
1909 4223 2157 4278 dextram

556 4313 767 4368 L-nina.
814 4315 1038 4370 Periere
1080 4315 1187 4368 duo
1227 4313 1400 4384 prima
1443 4315 1566 4369 folia
1607 4332 1619 4367 :
1671 4315 1736 4369 ad
1769 4315 2010 4381 tertium,
2044 4319 2160 4373 sive

559 4409 807 4477 paginam
855 4409 1137 4478 quintam,
1185 4410 1375 4479 incipit
1426 4409 1615 4464 Latina
1647 4413 1829 4465 versio
1865 4412 2083 4483 (Matth.
2118 4429 2156 4478 I,

2264 425 2402 489 istis,
2428 435 2488 479 ut
2509 425 2878 494 Apostolorum
2901 424 3194 494 Evangelia
3223 434 3696 492 praeponerentur
3718 421 3882 476 Evan-

2263 517 2420 588 gelils
2467 515 2886 588 Apostolicorum
2909 558 2925 583 ,
2966 517 3240 587 quomodo
3273 515 3641 592 Marcum,_et
3669 515 3880 575 Lucam,

2264 611 2653 681 Apostolorum
2698 610 2930 664 comites
2962 620 3120 663 vocat
3151 609 3529 664 Tertullianus
3563 610 3674 676 (ὁ).
3725 607 3882 661 llam

2264 704 2560 773 Evangelii)
2603 703 2793 758 suffixa
2822 710 2907 757 est
2947 705 3109 757 etiam
3158 701 3375 766 notula,
3411 701 3749 771 signiﬁcans
3776 712 3884 770 post

2265 800 2396 854 illud
2435 799 2684 868 proxime
2720 799 2846 868 poni
2880 798 3076 852 librum
3115 798 3356 851 Artunm.
3390 795 3602 850 Verum
3663 796 3784 849 haec
3813 805 3886 848 est

2264 892 2463 946 scriba:
2515 890 2863 945 recentioris.
2917 891 3172 959 Sequens
3235 889 3379 942 enim
3437 885 3685 949 folium,
3752 886 3885 956 quod

2267 984 2443 1054 prima
2497 981 2636 1037 facie
2677 981 2968 1038 duodecim
3020 990 3329 1052 postremos
3381 993 3580 1035 versus
3631 979 3887 1050 Epistolis

2265 1079 2428 1133 tertia:
2480 1076 2549 1130 D.
2600 1075 2824 1130 Joannis
2875 1075 3125 1139 exhibet,
3174 1075 3345 1129 altera
3386 1075 3632 1143 primam
3686 1084 3885 1143 partem

2266 1171 2458 1241 Capitis
2508 1169 2665 1239 primi
2713 1169 2983 1234 Actorum,
3028 1168 3178 1223 clare
3215 1168 3421 1222 indicat
3461 1167 3770 1236 Exemplar
3797 1166 3886 1220 huc

2260 1265 2374 1337 jam
2436 1263 2564 1318 olim
2621 1272 2819 1332 praeter
2867 1261 3152 1332 Evangelia
3193 1273 3248 1317 et
3293 1261 3466 1326 Acta,
3523 1261 3883 1330 cmnplexum

2269 1359 2437 1412 luisse
2482 1351 2779 1410 Catholicas
2823 1355 3014 1409 saltem
3069 1351 3364 1425 Epistolas.
3415 1353 3734 1423 Epistulam
3767 1369 3885 1409 vero

2268 1449 2494 1504 Joannis
2548 1449 2762 1502 tertiam
2811 1449 3199 1518 (praetermissa
3245 1445 3428 1512 Judte,
3461 1448 3571 1502 nisi
3617 1450 3885 1502 tamenin

2273 1542 2412 1608 hoc,
2468 1551 2526 1596 ut
2578 1542 2630 1595 in
2683 1541 2806 1594 aliis
2850 1540 3172 1612 quibusdam
3213 1540 3339 1595 cod.
3390 1540 3669 1610 Epistula:
3710 1538 3886 1594 Jacobi

2272 1634 2456 1688 fratris
2497 1649 2709 1688 annexa
2741 1632 2926 1702 fuerit)
2956 1633 3306 1688 subsecutum
3339 1632 3511 1687 fuisse
3555 1633 3762 1687 librum
3794 1634 3886 1686 Αε-

2017 1694 2162 1800 [θιίξδ
2192 1714 2240 1773 Β
2267 1738 2460 1783 torum.
2480 1728 2570 1783 Sic
2599 1728 2743 1783 enim
2777 1743 2879 1783 ms.
2908 1745 2924 1783 :
2959 1726 3203 1799 Epistula
3221 1726 3444 1781 Joannis
3467 1727 3631 1781 tertia
3654 1727 3882 1796 rxplicit.
3954 1793 3956 1800 ι

2269 1818 2464 1889 Incipit
2508 1822 2667 1875 Actus
2702 1815 3097 1891 Apostolorum.
3129 1819 3318 1876 Codici
3352 1820 3456 1891 ipsi
3489 1819 3567 1874 ad
3608 1834 3768 1875 oram
3801 1821 3883 1890 (ne
3954 1819 3956 1890 ξ

2268 1913 2396 1984 quid
2455 1915 2714 1970 intactum
2777 1914 3190 1985 praetereamus)
3236 1915 3474 1984 ascripta
3514 1925 3657 1968 sum
3698 1916 3880 1969 varia:
3954 1943 3956 1985 ;

2269 2010 2332 2063 ιο
2379 2009 2666 2064 Sectiones
2704 2007 3082 2076 Ammoniante,
3114 2009 3430 2064 charactere
3457 2007 3684 2064 codicis
3713 2009 3881 2078 ipsum
3954 2007 3956 2046 ί

2269 2104 2438 2172 probe
2480 2103 2792 2165 simulante,
2831 2102 2924 2157 sed
2955 2102 3183 2173 pleniori
3217 2101 3493 2166 nonnihil,
3534 2117 3601 2155 ac
3635 2101 3880 2172 nigriori.
3954 2157 3956 2174 ί

2267 2196 2410 2252 Solae
2453 2197 2544 2250 hic
2585 2195 2874 2260 incedunt,
2911 2205 2967 2250 et
3002 2195 3209 2265 absque
3238 2195 3505 2249 comitatu
3534 2193 3761 2249 codicis
3787 2194 3883 2248 Eu-
3954 2191 3956 2265 ί

2263 2288 2513 2350 sebiani,
2555 2303 2698 2357 quo,
2747 2286 2813 2342 ad
2861 2303 3024 2359 quam
3052 2303 3282 2358 quaeque
3321 2287 3567 2341 tabulam
3625 2298 3878 2356 spectat,
3954 2283 3956 2359 ξ

2266 2380 2672 2436 ostenderetur.
2707 2378 2912 2450 Nempe
2938 2379 3153 2444 Scriba,
3187 2395 3310 2434 cum
3337 2379 3449 2449 jam
3479 2379 3636 2434 haud
3667 2380 3886 2435 adesset

2266 2474 2314 2528 ei
2350 2472 2580 2526 minium
2619 2471 2782 2538 forte,
2813 2485 2919 2542 quo
2947 2471 3228 2527 Canonem
3253 2471 3679 2526 cbaracteribus
3709 2474 3886 2528 rubris
3954 2479 3956 2542 ί

2267 2565 2618 2635 exprimeret,
2646 2563 2711 2618 ad
2742 2574 2981 2619 mentem
3011 2561 3223 2618 Eusebii
3247 2563 3345 2635 (c),
3373 2565 3753 2634 scriptionem
3777 2566 3887 2633 ejus
3954 2545 3956 2624 ξ

2265 2660 2320 2714 in
2344 2658 2489 2714 aliud
2517 2669 2731 2729 tempus
2756 2657 3039 2730 distulisse
3065 2659 3302 2722 videtur,
3333 2672 3397 2712 ac
3431 2668 3626 2727 postea
3654 2674 3729 2712 ex
3757 2658 3887 2713 obli-

2265 2755 2450 2818 vione,
2493 2754 2710 2823 aliaque
2751 2753 2936 2822 aliqua
2978 2768 3140 2807 causa
3169 2752 3489 2819 impeditum
3524 2753 3734 2822 fuisse,
3762 2770 3888 2825 quo-

2266 2846 2446 2900 minus
2467 2844 2638 2915 ipsam
2668 2859 2732 2900 ex
2757 2845 3008 2900 instituto
3032 2844 3384 2900 describeret.
3410 2844 3476 2898 2°
3502 2847 3744 2916 Sparsae
3770 2846 3886 2901 Ιιίιςς
3954 2863 3956 2910 ς

2265 2939 2393 2995 inde
2419 2940 2630 2996 vocula:
2659 2942 2830 3016 ἀρχὴ,
2860 2941 3025 3004 τέλος,
3055 2943 3139 2994 καὶ
3163 2939 3296 3012 167s,
3320 2937 3415 2994 ὦδε
3446 2947 3630 3004 στῆκε,
3671 2940 3885 2994 initium
3954 2957 3956 3010 ξ

2265 3041 2316 3084 ct
2350 3033 2512 3084 [luem
2544 3029 2862 3085 Lectionum
2894 3029 3405 3085 Ecclesiastiearum
3434 3029 3810 3094 deputantes,
3839 3041 3888 3084 ut
3954 3029 3956 3094 ἵ

2185 3117 2231 3180 C
2263 3134 2318 3180 et
2368 3125 2660 3178 lectionum
2712 3123 3069 3194 quarumdam
3113 3125 3290 3191 tituli,
3341 3122 3480 3179 fmda
3533 3139 3597 3178 ac
3653 3124 3884 3179 barbara
3954 3117 3956 3170 ῗ

2264 3233 2424 3272 manu
2450 3219 2656 3272 exarati
2681 3217 2785 3288 (tl).
2817 3219 2879 3273 5°
2908 3217 3097 3286 Capita
3126 3218 3377 3289 quasdam
3404 3231 3586 3272 rerum
3619 3218 3687 3272 in
3720 3219 3886 3274 Evan-

2261 3311 2422 3381 geliis
2457 3319 2811 3366 tractatarum
2849 3310 3074 3366 horrido
3116 3310 3436 3365 charactere
3464 3317 3708 3366 exarata
3733 3353 3750 3378 ,
3803 3312 3886 3365 ali—

2263 3403 2481 3474 quando
2509 3404 2560 3457 in
2587 3418 2784 3474 marg.,
2813 3403 3015 3471 saspius
3038 3411 3219 3458 autem
3250 3404 3302 3457 in
3321 3417 3530 3456 summa
3556 3405 3770 3473 pagina
3795 3404 3885 3473 (e).

2265 3495 2475 3551 Notula:
2531 3506 2710 3550 autem
2778 3496 2903 3561 hae,
2959 3496 3292 3566 reliquque
3332 3495 3442 3565 jam
3501 3494 3674 3550 dicts‘e
3707 3538 3724 3561 ,
3789 3512 3886 3550 non
3954 3533 3956 3566 ί

2263 3591 2423 3646 unius
2466 3587 2696 3658 alicujus
2751 3588 3109 3659 descriptoris
3155 3597 3349 3654 erant,
3409 3588 3520 3642 imo
3563 3603 3674 3643 nec
3733 3591 3890 3643 unius
3954 3587 3956 3659 g

2262 3683 2470 3738 saeculi.
2526 3682 2739 3751 Aliquae
2793 3689 3120 3751 pervetustai
3167 3690 3325 3746 sunt,
3376 3681 3498 3734 alite
3555 3682 3889 3750 posterioris
3954 3691 3956 3724 ε

2265 3775 2427 3843 paulo
2465 3772 2590 3837 aevi,
2633 3773 2753 3827 alue
2797 3771 3074 3828 inferioris
3109 3773 3281 3828 multo
3309 3771 3486 3827 adhuc
3517 3773 3736 3838 astatis;
3775 3775 3889 3828 alia.
3954 3805 3956 3854 ξ

2266 3877 2476 3922 tantum
2520 3883 2628 3920 non
2679 3864 2956 3920 lmdierme
2983 3906 2998 3931 ,
3031 3881 3128 3920 seu
3168 3867 3328 3920 etiam
3373 3865 3535 3935 plane
3576 3879 3886 3922 recentes:
3954 3871 3956 3874 '

2265 3960 2491 4029 singula:
2537 3957 2857 4012 Latinorum
2907 3958 3299 4027 quorumdam,
3355 3965 3414 4011 ut
3458 3957 3724 4024 videtur,
3761 3959 3884 4028 qui.

2263 4054 2430 4108 animi
2473 4053 2648 4122 gratia
2671 4093 2684 4118 ,
2717 4051 3108 4107 vocabulorum
3155 4061 3402 4122 portenta
3443 4052 3577 4114 ista.
3608 4055 3695 4106 uti
3735 4064 3885 4123 pote-

2263 4157 2404 4212 rant,
2452 4145 2772 4215 depinxere.
2826 4145 2990 4200 Certe
3021 4155 3202 4201 textus
3231 4147 3348 4214 ipse
3378 4146 3608 4209 codicis,
3657 4146 3886 4201 Gnaeus

2263 4241 2467 4310 pariter
2509 4253 2572 4294 ac
2603 4238 2851 4303 Latinus,
2885 4249 2970 4294 est
2998 4237 3176 4294 Latini
3208 4239 3424 4294 scribae.
3452 4237 3610 4306 Quod
3633 4239 3885 4295 ostendit

2266 4332 2536 4388 Simonius
2585 4330 2686 4402 (Γ),
2736 4347 2804 4388 ex
2851 4331 3208 4387 similitudine
3249 4331 3626 4387 characterum
3709 4341 3886 4388 textus

2265 4425 2548 4493 utriusque
2575 4441 2588 4488 ;
2622 4437 2686 4478 ex
2725 4424 2923 4479 litteris
2947 4441 3078 4492 pure
3107 4426 3311 4480 Graecis
3337 4425 3387 4478 in
3420 4425 3738 4495 oppositam
3769 4442 3885 4480 vcr-

559 4499 649 4565 12)
685 4515 696 4548 :
750 4497 874 4552 Post
927 4502 1433 4570 lransmigrationem
1463 4513 1632 4556 autem
1663 4503 1977 4574 Babylonis,
2021 4516 2154 4573 etc.;

2266 4519 2474 4572 sionem
2516 4515 2808 4582 admissis;
2852 4533 2916 4572 ex
2953 4519 3070 4588 ipso
3114 4518 3362 4572 instituto
3403 4518 3662 4573 codicum
3700 4519 3882 4589 bujus~

555 4590 622 4645 ad
659 4593 910 4662 paginam
944 4602 1153 4648 sextam
1186 4602 1366 4650 textus
1397 4596 1644 4661 Graecus,
1674 4612 1793 4666 cap.
1826 4615 1866 4664 ι,
1890 4614 2035 4653 vers.
2062 4600 2150 4667 ‘20,

555 4687 872 4764 παραλαϐεῖν
918 4690 1148 4762 Μαριὰμ.
1201 4699 1310 4744 etc.
1355 4689 1412 4743 In
1464 4690 1806 4760 Evangeliis,
1853 4689 2156 4746 Matt/iamut

557 4781 807 4847 proxime
838 4773 1085 4849 sequitur
1113 4779 1377 4848 Joannes,
1414 4783 1575 4851 idque
1602 4783 1830 4839 consilio
1863 4785 2032 4855 ipsius
2065 4787 2154 4841 Di—

555 4877 828 4944 gestoris;
883 4875 948 4929 ad
1003 4877 1205 4930 calcem
1260 4877 1406 4931 enim
1459 4878 1697 4932 Matthxi
1756 4879 1872 4934 lucc
1927 4881 2092 4936 habet
2140 4899 2154 4936 :

555 4967 848 5041 Εὐαγγέλιον
881 4970 1008 5024 κατά
1031 4973 1284 5026 Mareotica
1315 4972 1543 5031 ἐτελέσθη
1560 5016 1573 5037 ,
1602 4970 1830 5050 ἄρχεται
1858 4977 2158 5050 Εὐαγγέλιον

557 5061 684 5116 κατὰ
715 5061 956 5120 Ἰωάννην.
989 5061 1254 5119 Joannem
1289 5067 1535 5136 sequitur
1564 5065 1757 5132 Lucas,
1783 5067 1984 5124 Lucam
2012 5070 2158 5126 Mar-

631 5177 967 5256 (a)_1l_lillioin
996 5179 1388 5254 Prolegomenis
1414 5184 1468 5238 in
1500 5197 1690 5239 norum
1727 5184 1867 5240 Test.
1895 5185 2152 5256 errum,

558 5267 680 5322 pag.
719 5252 840 5305 15-2.
1163 5252 1172 5254 ‘
1697 5319 1700 5322 _

633 5321 710 5464 ἑὸ)
743 5323 860 5378 Lib.
893 5340 966 5388 tv,
993 5335 1181 5379 contra
1206 5325 1491 5394 Marcion,
1525 5343 1646 5400 cap.
1683 5321 1739 5383 2.

657 5392 705 5463 ι’)
739 5395 837 5461 Ep.
870 5397 935 5450 ad
963 5396 1308 5464 Carpianum.

657 5392 705 5463 ι’)
739 5395 837 5461 Ep.
870 5397 935 5450 ad
963 5396 1308 5466 Carpianum.

633 5465 714 5537 (tl)
744 5475 818 5522 Χῦ
848 5489 980 5541 risu,
1029 5465 1354 5541 ανναιγνοσμοέ
1393 5491 1526 5548 mpii;
1554 5493 1613 5527 τα
1661 5473 1926 5538 σάϐϐατα,
1975 5493 2154 5546 μεται-

561 5561 749 5615 μορφος
781 5562 1112 5615 ausuros-ttat,
1161 5563 1485 5616 ανναγνοσμα
1513 5565 1630 5619 περι
1677 5563 1769 5599 τον
1799 5565 2033 5618 κυριακῇ,
2067 5567 2155 5599 αν-

560 5633 822 5692 ναγέιρσμα
871 5633 940 5672 εις
988 5636 1064 5667 τιν
1117 5635 1488 5690 παρασκυγην,
1522 5637 1840 5687 ανναγνοσμα
1866 5638 1986 5692 περι
2028 5637 2150 5671 τοον

563 5684 865 5737 σανϐϐκτοου
892 5705 961 5743 εις
987 5706 1076 5742 την
1101 5684 1673 5758 ενκήνηουνὲγκαίνησιν
1691 5684 2015 5762 ανναγνοοίμα
2035 5709 2157 5762 περι

558 5769 620 5806 το
647 5774 861 5827 nuptum
892 5776 990 5808 των
1014 5757 1499 5830 προφουτισματων,
1525 5778 1611 5812 τον
1639 5757 1954 5826 «noluerim»,
1979 5766 2085 5814 etc.

2267 4609 2409 4664 modi
2447 4608 3027 4675 Graeco-Latinorum;
3055 4610 3148 4680 qui
3184 4620 3334 4665 certe
3361 4609 3568 4666 Graecis
3596 4612 3726 4665 usui
3767 4625 3886 4667 esse

2266 4720 2373 4758 non
2424 4710 2719 4772 poterant,
2767 4702 2919 4772 (quid
2962 4704 3107 4758 enim
3142 4703 3274 4773 ipsis
3309 4715 3430 4757 cum
3461 4704 3764 4772 versione,
3793 4719 3884 4759 seu

2261 4799 2424 4854 etiam
2475 4798 2658 4867 lingua
2684 4795 3056 4868 Latinorum?)
3089 4797 3184 4853 sed
3218 4797 3274 4852 in
3293 4797 3738 4855 Occidentalium
3772 4817 3887 4857 om~

2263 4893 2393 4946 nino
2419 4892 2650 4961 gratiam
2692 4890 2930 4946 confecti
2969 4891 3260 4958 videntur;
3289 4903 3346 4946 ut
3373 4903 3524 4948 textu
3552 4892 3755 4950 Graeco
3783 4895 3885 4950 sci-

2261 4985 2394 5041 licet
2421 5000 2452 5040 e
2499 4985 2724 5054 regione
2772 4985 2948 5042 Latini
2983 4987 3182 5057 posito,
3215 4988 3480 5042 baberent
3501 4987 3635 5057 jam,
3679 4990 3882 5058 quibus

2263 5076 2536 5132 facultatis
2567 5078 2773 5146 aliquid
2807 5078 2860 5131 in
2890 5076 3116 5147 Graecis,
3149 5080 3294 5135 unde
3314 5088 3371 5135 et
3397 5080 3455 5136 S.
3485 5079 3738 5136 codicem
3766 5094 3884 5136 me-

2335 5189 2428 5260 (ei
2449 5187 2638 5242 Matth.
2672 5203 2748 5246 ιχ,
2781 5189 2947 5254 35,et
2973 5205 3028 5254 x,
3065 5191 3116 5256 l,
3147 5191 3234 5245 ubi
3260 5190 3440 5260 agitur
3457 5189 3524 5244 de
3544 5191 3876 5246 morborum

2257 5259 2568 5327 curatione,
2600 5268 2655 5313 et
2680 5261 2953 5314 electione
2977 5263 3395 5330 Apostolorum,
3425 5272 3610 5317 exatat
3637 5261 3758 5316 haec
3782 5279 3880 5317 no-

2261 5333 2374 5411 tula
2399 5349 2409 5383 :
2461 5352 2555 5411 ῖου
2604 5333 2836 5408 θεραπιει
2862 5355 2948 5411 κιαι
2978 5353 3087 5411 τονΔ
3116 5334 3432 5411 «caerulae,
3468 5335 3524 5386 lt.
3557 5349 3609 5389 e.
3634 5336 3757 5411 περὶ
3781 5341 3874 5389 τοῦ

2258 5400 2580 5477 θεραπεύειν,
2611 5400 2696 5457 noti
2737 5410 2836 5459 τῶν
2875 5404 3171 5480 ἀποστολων
3197 5422 3240 5480 ;Λ
3265 5403 3390 5459 alibi
3418 5405 3519 5456 isla
3547 5421 3560 5457 :
3593 5427 3681 5460 τθν
3704 5400 3878 5480 ima-tr
3954 5419 3956 5424 '

2260 5473 2443 5547 μὰτέον
2461 5485 2553 5558 βαι
2579 5495 2820 5558 (paratumst
2837 5515 2851 5539 ,
2913 5475 2966 5526 lt.
3017 5489 3068 5527 ο.
3120 5473 3242 5558 ςτερὲ
3267 5481 3366 5531 τῶν
3391 5473 3766 5558 γραμματέοεξ
3788 5473 3874 5530 ’ἐπὶ

2261 5545 2728 5628 φαρισαίωνζςιῑὶΙιὶ
2753 5550 2852 5598 ista
2874 5545 3203 5628 Αποστῑιλσῦ
3233 5569 3323 5628 και
3343 5545 3436 5602 cmi
3455 5545 3582 5628 vis)!
3611 5546 3868 5628 ἳξεϐεδεον,
3954 5591 3956 5594 .

2264 5617 2302 5672 ἱ.
2331 5617 2381 5670 '0.
2412 5619 2534 5682 περὶ
2555 5625 2655 5673 τῶν
2687 5617 3008 5682 ἀποστόλων,
3039 5622 3242 5673 καὶτῶν
3272 5619 3396 5673 υἱῶν
3428 5617 3726 5672 Ζεϐεδαὲθυ.

2341 5688 2407 5758 (Γ)
2454 5685 2591 5742 Hist.
2624 5688 2759 5742 Crit.
2789 5697 2968 5742 textus
2995 5685 3059 5742 Ν.
3094 5688 3156 5743 Τ.
3191 5703 3312 5758 cap.
3338 5687 3438 5744 50.
