3956 6206
93 238 209 299 869

805 228 1220 306 bascanum
1258 234 1415 308 eoi).
1456 236 1569 307 bs.
1609 234 2128 313 GRASCO—LATINI
2169 230 2738 320 evaaeELidttuat.

3294 266 3403 324 870

92 358 203 412 lius
230 359 535 432 intelligere
565 362 643 418 eis
675 362 885 431 liceret,
909 373 966 421 et
993 365 1184 423 Latina
1217 372 1334 432 sita,
1369 358 1539 424 sicubi
1567 374 1702 440 opus
1730 376 1777 436 Α
1807 374 2087 440 exhibere,
2123 394 2285 449 quam
2312 370 2595 436 ediderant
2622 383 2720 450 ipsi
2752 372 3135 454 Evangelistar,
3169 381 3287 449 sed,
3314 384 3412 439 ob;

92 465 279 516 esset,
321 455 618 512 emendare
651 474 664 509 :
715 457 946 528 denique
984 474 1050 515 ex
1081 460 1296 516 mendis
1325 462 1496 530 ipsius
1519 474 1702 516 exciu-

93 545 265 611 plaris
298 540 559 622 ’γραφικοῗς
584 589 598 612 ,
631 556 860 617 quorum
905 550 1084 619 aliqua
1125 554 1257 607 satis
1289 555 1433 609 clare
1467 552 1704 618 produnt

91 654 488 695 amannettsmn
536 641 823 709 Latinum;
869 658 920 699 v.
972 652 1052 714 gr.
1101 634 1388 725 Ἥρώδους,
1417 638 1698 715 Ἱωὰννους,

90 731 323 799 Ἰωάννη,
354 738 735 814 Σαμαριτάνων,
763 739 1146 813 φλαδγελλὼσας.
1168 743 1461 817 λεπρὼσου,
1487 752 1541 797 et
1558 743 1704 812 ejus-

92 825 243 878 modi
276 825 402 880 alia.
439 827 507 881 Et
541 831 653 898 jam
701 826 917 900 quidem
963 832 1033 885 ad
1083 834 1251 903 lpsms
1289 832 1489 888 codicis
1520 840 1703 904 partes

89 918 429 974 accedimus.
478 920 689 988 Latina,
724 923 1137 980 translationem
1183 920 1426 982 italiCam
1459 922 1698 993 exhibet,

89 1016 276 1082 qualis
311 1022 421 1070 tum
450 1017 713 1086 temporis
742 1018 1067 1087 interpolata
1098 1021 1393 1083 ferebatur",
1428 1028 1555 1077 ante
1580 1035 1705 1076 cas-

89 1111 415 1177 tigationem
466 1111 801 1184 Hieronymi.
845 1112 1084 1168 Gra’cum
1131 1126 1264 1169 vero
1311 1122 1513 1170 textum
1557 1114 1706 1169 miri-

88 1203 201 1258 lice
252 1210 566 1274 corruptum
609 1221 671 1260 ac
711 1206 1097 1277 depravatum,
1141 1207 1457 1279 hujusmodi
1501 1217 1703 1277 tamen,

84 1299 191 1369 qui
222 1298 489 1370 originem
532 1311 681 1356 certe
712 1299 929 1357 duxerit
971 1318 1034 1357 ex
1083 1305 1148 1358 iis
1178 1298 1454 1370 fontibus,
1487 1308 1554 1358 ex
1585 1301 1707 1373 qui-

86 1392 199 1446 bus
247 1392 486 1446 manavit
524 1391 704 1449 ltalica
746 1384 963 1450 Versio.
1001 1383 1209 1465 Nempe
1233 1410 1356 1451 eum
1384 1395 1709 1466 exemplari-

86 1484 199 1539 bus
234 1478 595 1556 itite’rpretlttn'
625 1485 879 1542 italorum
901 1530 915 1555 ,
940 1484 997 1544 et
1029 1489 1362 1559 apographis
1392 1488 1519 1564 in‘de
1540 1488 1708 1544 dedu-

86 1581 201 1635 ctis
236 1581 309 1635 ita
341 1580 563 1634 omnino
606 1586 786 1636 aetum
812 1580 1071 1636 arbitror.
1103 1581 1479 1651 Exemplaria,
1510 1578 1707 1650 qdihus

90 1673 435 1740 interpretes
482 1662 585 1741 ipsi
638 1674 722 1729 usi
773 1674 915 1740 sitit,
966 1674 1106 1730 sicut
1150 1673 1539 1743 aliquantulum
1584 1674 1709 1727 hinc

1807 480 2021 522 servato
2048 468 2330 527 dumtaxat
2360 466 2414 528 S.
2452 460 2650 528 'l‘extus
2678 466 2892 542 ordine,
2930 490 2993 531 ac
3016 476 3264 543 historia,
3295 477 3411 531 sino

1803 561 1924 633 gula
1950 556 2240 635 Evangelia
2271 565 2623 622 absolutioria
2652 584 2714 622 ac
2743 567 2981 639 pleniora
3010 562 3262 624 reddere.
3292 567 3408 625 line

1805 654 1950 709 enim
1999 654 2205 711 faciunt
2244 657 2575 715 intromissa:
2604 660 2655 714 iu
2688 661 2953 730 cujus-lue
2984 661 3266 732 Evangelii
3296 674 3410 719 tex-

1807 744 1918 800 tum
1941 749 2213 816 particula:
2238 751 2421 819 variae,
2446 751 2776 823 iutegrwque
2802 753 3011 821 periodi
3040 753 3371 823 reliquorum
3399 770 3413 809 :

1808 839 1912 895 huc
1948 839 2274 913 transposita
2317 845 2371 899 in
2409 860 2733 916 unoquoque
2784 846 3036 913 plurima,
3067 842 3137 901 ob
3165 845 3408 902 historia:

1807 934 2105 990 claritatem
2142 954 2154 988 :
2209 936 2311 992 httc
2349 934 2613 993 traductae
2643 954 2708 993 ex
2740 926 3053 1009 Evangeliis
3083 940 3361 1011 περικοπαί
3397 957 3411 995 :

1808 1018 1915 1081 huc
1966 1024 2410 1099 inierpolationes
2463 1031 2585 1086 aliae
2633 1033 2956 1088 innumerm.
3006 1020 3206 1088 Verum
3255 1042 3310 1087 et
3362 1034 3414 1087 in

1808 1119 1969 1173 aliam
1991 1121 2151 1190 plane
2173 1124 2500 1178 sententiam
2528 1124 2848 1194 pertrahunt
2869 1124 3124 1180 nonnulla
3157 1118 3418 1179 voeabula

1809 1227 1917 1295 pro
1933 1213 2183 1283 genuinis
2208 1210 2311 1269 alia
2328 1259 2344 1284 ,
2371 1218 2682 1287 neutiquam
2707 1218 3157 1295 σημαπικώτερα,
3178 1215 3423 1286 adeoque

1811 1294 1876 1359 ad
1901 1294 2144 1361 historiae
2157 1306 2460 1363 claritatem
2480 1324 2541 1363 ac
2561 1306 2865 1364 ubertatem
2892 1294 3023 1363 nihil
3044 1294 3419 1363 conferentia:

1811 1398 2143 1454 mutationes
2190 1404 2576 1467 numerorum,
2605 1402 2851 1465 casuum,
2885 1404 3170 1471 generum,
3211 1408 3425 1470 tempo-

1812 1506 1952 1556 rum,
1989 1492 2189 1561 passim
2219 1482 2374 1547 factae
2404 1493 2608 1563 absque
2636 1494 2782 1546 omni
2812 1494 2969 1547 causa
2999 1510 3011 1547 :
3041 1492 3425 1563 transpositio—

1812 1598 1908 1640 nes
1940 1586 2191 1653 inlinitze,
2222 1593 2449 1657 quarum
2478 1586 2624 1641 nulla
2655 1586 2849 1642 idonea
2885 1588 3023 1642 ratio
3056 1587 3137 1642 \e'l
3172 1588 3297 1658 tingi
3330 1602 3427 1655 po-

1814 1682 1972 1737 terit:
2006 1690 2281 1736 contracta
2305 1672 2536 1752 denique
2558 1680 2811 1753 plurima,
2834 1686 2887 1737 et
2915 1684 3113 1738 excisa:
3136 1682 3262 1736 hinc
3286 1668 3416 1737 inde

90 1766 230 1822 inde
271 1780 430 1837 passa
470 1763 685 1820 fuerant
732 1781 764 1821 a
809 1760 1016 1822 Scribis
1067 1762 1142 1836 (id
1185 1767 1330 1822 enim
1365 1781 1430 1820 ex
1457 1763 1703 1836 Syriaca,
1737 1767 1784 1829 Β
1817 1770 2026 1843 partes,
2053 1782 2106 1828 et
2147 1764 2362 1844 quidem
2408 1780 2533 1829 tota:
2571 1777 2876 1840 sententiae,
2916 1791 3037 1846 quae
3082 1774 3313 1829 miriﬁce
3358 1773 3426 1829 ad

90 1859 335 1927 aliisque
382 1856 735 1912 Versit’mibus
781 1856 1053 1927 aliquibus
1096 1856 1164 1911 ad
1212 1855 1524 1911 consimiles
1581 1858 1703 1910 cum

90 1953 235 2023 ipsis
268 1950 499 2007 Codices
536 1950 814 2006 adornatis
851 1953 1074 2006 omnino
1100 1950 1338 2022 constat)
1373 1969 1384 2005 :
1418 1951 1489 2004 ita
1518 1950 1571 2004 in
1603 1965 1705 2005 etc-

95 2048 236 2103 teris
298 2048 521 2118 egregie
584 2040 897 2102 referebant
960 2042 1330 2116 Apostolicam
1386 2043 1705 2100 dictionem.

94 2139 262 2207 Quod
308 2150 493 2194 autem
538 2139 591 2194 itt
623 2137 937 2194 Latinorum
984 2154 1176 2192 manus
1224 2132 1565 2199 devenerint,
1612 2120 1710 2190 de-

94 2232 253 2287 ducti
303 2231 503 2288 exinde
537 2224 753 2286 codices
797 2224 1044 2285 mendosi
1078 2229 1352 2300 prodiere.
1387 2218 1587 2298 Scripti
1632 2228 1710 2281 iii-

97 2326 330 2392 mirttm,
357 2330 463 2380 non
494 2324 569 2379 uti
598 2326 796 2380 ézetei'a
826 2314 1157 2393 eXemptaria
1183 2310 1442 2384 Orietttis,
1468 2338 1496 2376 a
1521 2321 1715 2377 scribis

97 2418 354 2485 Graecis,
404 2417 714 2487 lingureque
763 2418 902 2473 adeo
949 2417 1140 2487 patriae
1189 2414 1328 2471 haud
1369 2398 1594 2482 nesciis,
1622 2414 1715 2485 qui

101 2520 317 2567 textum
368 2510 595 2567 nitidum
648 2510 795 2574 fere,
850 2502 1127 2580 probeque
1164 2510 1413 2565 curatum
1441 2509 1714 2574 emisere;

101 2608 201 2662 sed
236 2622 264 2661 a
291 2606 543 2673 notariis,
577 2605 766 2677 quales
794 2606 847 2661 iu
873 2604 1171 2661 Occidente
1196 2594 1407 2661 ferebat
1434 2590 1536 2659 ista
1562 2600 1716 2669 aetas,

102 2702 317 2756 misere
360 2698 596 2755 indoctis
633 2707 691 2754 et
718 2698 998 2766 barbaris,
1030 2700 1120 2769 qui
1157 2698 1225 2754 de
1257 2690 1432 2767 libris,
1462 2712 1599 2769 quos
1629 2694 1723 2752 de-

101 2784 371 2865 scripturi
403 2802 580 2861 erant,
614 2786 750 2848 nihil
779 2793 895 2849 fere
922 2800 1141 2862 norant,
1175 2792 1373 2864 praeter
1396 2795 1541 2864 ipsas
1573 2792 1724 2848 litte-

102 2904 217 2945 ras.
251 2884 394 2942 ﬂinc
420 2896 572 2943 certe
597 2896 771 2942 tractu
806 2889 1089 2956 temporis,
1124 2886 1297 2957 major
1328 2888 1497 2940 multo
1524 2884 1722 2950 adhuc,

104 2983 283 3038 immo
317 2996 447 3036 vero
492 2980 707 3036 tandem
738 2974 943 3036 infinita
976 2984 1135 3051 plane
1174 2981 1452 3047 vitiorum,
1488 2988 1541 3034 et
1588 2979 1730 3048 inje-

104 3074 395 3129 ctitiarttrti
416 3072 709 3128 lectionum
729 3074 809 3128 vis
830 3072 1120 3128 Codicibtts
1143 3074 1259 3128 iSIis
1281 3072 1586 3142 ingruebat.
1604 3060 1726 3125 Mox

1812 1861 2055 1921 historiae
2088 1864 2426 1937 Evangelica:
2455 1868 2822 1938 integritatem
2850 1864 3072 1924 faciunt.
3100 1858 3426 1938 Neutiquam

1811 1958 1958 2014 enim
1985 1958 2293 2030 hujusmodi
2322 1962 2749 2029 prietermiserit,
2772 1962 2858 2016 cui
2881 1963 3233 2016 constitutum
3267 1950 3431 2016 fuerit

1814 2068 1877 2108 ex
1903 2056 2229 2123 unoijuoqbe
2246 2044 2664 2124 Evangeliorutu
2685 2054 3233 2124 conticereintegram
3256 2042 3431 2108 histo-

1816 2145 1951 2198 riam
1980 2132 2383 2214 Evangelicam,
2414 2152 2467 2200 et
2496 2132 2654 2215 quasi
2687 2145 3057 2199 Diales~aron‘.
3096 2144 3267 2200 Immo
3296 2150 3431 2199 vero

1817 2240 2026 2291 certum
2057 2235 2187 2290 illud
2211 2251 2399 2301 unum,
2425 2235 2762 2306 Digestorem
2792 2235 2952 2305 hujus
2978 2240 3174 2300 textus,
3194 2237 3247 2290 iit
3280 2235 3433 2290 h‘lsce

1820 2329 1971 2384 libris
1995 2328 2396 2400 Euangeliorum
2421 2370 2435 2396 ,
2466 2341 2520 2385 et
2544 2324 2761 2385 Actut'tm
2787 2334 3090 2401 grassatum
3138 2326 3307 2386 [disse
3336 2332 3435 2401 pr’o

1819 2412 2090 2488 arbitrio;
2132 2421 2446 2487 addidisse,
2492 2422 2822 2487 snStulisse,
2864 2426 3134 2489 mutasse,
3171 2421 3327 2491 plane
3357 2421 3433 2475 uti

1821 2502 2032 2569 ferebat
2068 2516 2314 2581 animus;
2369 2517 2665 2583 multoque,
2697 2516 2753 2568 tit
2799 2515 2969 2570 verba
2998 2504 3196 2579 dicam,
3241 2506 3433 2570 labore

1823 2604 1955 2664 illud
1988 2610 2187 2679 egisse,
2220 2621 2277 2664 ut
2306 2616 2483 2664 textus
2524 2610 2766 2678 ipSorum
2794 2600 3287 2679 Evangelistarum,
3317 2615 3436 2663 nta-

1821 2719 1923 2775 gna
1956 2705 2041 2759 sui
2079 2696 2262 2774 parte,
2293 2705 2345 2758 in
2375 2705 2539 2758 alium
2568 2704 2857 2774 quemdam
2890 2702 3309 2757 transformatus
3341 2704 3428 2757 itt-

1823 2796 2060 2852 cederet.
2088 2786 2129 2851 Ε
2163 2794 2295 2851 locis
2323 2796 2526 2851 codicis
2556 2796 2762 2851 vitiosis
2786 2794 2836 2850 et
2864 2795 3228 2865 interpolatis,
3258 2804 3428 2865 pauca

1826 2889 2110 2944 dumtaxat
2138 2889 2227 2944 hic
2258 2887 2591 2944 notabimus.
2627 2880 2682 2943 in
2724 2878 3019 2958 Evangelia
3050 2882 3312 2954 Matthzei,
3342 2887 3428 2942 itt-

1828 2982 1996 3052 siguis
2030 2976 2116 3035 illa
2148 2981 2403 3051 pericOpe
2433 2972 2501 3035 de
2522 2980 2711 3049 primis
2732 2972 3072 3035 ac‘euliitib‘bs
3086 2982 3258 3035 Ctn'nm
3283 2974 3428 3051 (cap.

1832 3090 1922 3138 xx,
1946 3080 2086 3129 vers.
2111 3071 2207 3141 28)
2232 3073 2283 3127 in
2306 3070 2649 3144 interpolatis
2673 3073 2821 3129 hisee
2848 3072 3039 3128 Graece
3059 3073 3171 3143 jam
3197 3074 3434 3144 primum

106 3168 261 3222 enim
286 3207 303 3232 ,
340 3167 402 3220 iit
427 3182 456 3219 e
488 3152 697 3220 Latinis
733 3152 1010 3222 doctiores
1048 3166 1213 3236 aliqui
1257 3174 1511 3236 excerpta
1562 3165 1722 3220 unde-

1834 3177 2060 3238 apparet
2093 3185 2107 3225 :
2136 3166 2305 3242 ’Υμεῖς
2337 3165 2390 3223 δὲ
2430 3172 2631 3233 ζητεῖτε
2678 3168 2731 3221 ἐκ
2767 3172 2953 3244 μικροῦ
2981 3168 3219 3232 αὐξῆσαι,
3272 3171 3355 3223 καὶ
3381 3169 3436 3224 ἐκ

108 3258 359 3330 eumqu‘e
395 3258 632 3323 scholia,
665 3267 720 3314 et
762 3244 1089 3329 insigniores
1135 3258 1419 3328 pericOpas
1448 3246 1732 3326 ascripsis-

108 3363 234 3409 scnt
259 3352 335 3408 ad
367 3366 516 3407 oram
545 3367 764 3408 suorum
796 3351 1213 3422 exemplariu'tn,
1241 3348 1473 3407 librariis
1499 3356 1559 3407 ea
1585 3354 1733 3406 tran-

108 3445 409 3517 seripturis
455 3446 585 3500 illud
632 3444 836 3516 negetii
878 3434 1064 3501 datum
1117 3448 1270 3510 erat,
1320 3444 1375 3499 tit
1422 3445 1729 3498 universam

112 3538 255 3594 hanc
290 3537 621 3607 farraginem
642 3537 990 3606 marginalem
1021 3536 1073 3591 in
1107 3530 1516 3608 Apographisui
1535 3540 1732 3605 corpus

111 3630 576 3689 transmitterem.
625 3618 948 3701 Huiusmodi
997 3630 1216 3687 codices
1254 3630 1496 3686 nonnulli
1547 3622 1735 3684 hodie-

110 3742 215 3799 que
246 3732 476 3784 exstant
511 3727 742 3789 misere,
775 3724 1048 3795 supraque
1079 3740 1297 3778 onmem
1330 3711 1547 3778 moduni
1579 3709 1733 3776 mixti

111 3831 165 3876 et
218 3810 508 3876 maculati.
560 3806 869 3874 Pervetusti
902 3819 1147 3888 plerique
1181 3832 1370 3871 unmcs
1392 3858 1408 3884 ,
1438 3822 1493 3871 et
1523 3814 1733 3871 eximiae

110 3916 243 3971 olim
314 3913 460 3984 apud
512 3912 890 3969 Occidentales
944 3910 1317 3976 auctoritatis;
1364 3912 1538 3981 eoq‘it‘e‘
1587 3914 1735 3964 certe

113 4008 392 4075 majoris,
442 4002 583 4076 quod
642 4005 984 4075 interpolatis
1039 4005 1155 4059 istis
1211 4002 1525 4059 Versionem
1576 3990 1733 4057 istam

110 4101 296 4173 magis
345 4097 625 4169 magisque
652 4098 1112 4154 accbmmodatam
1141 4086 1391 4153 dederint
1415 4095 1591 4151 Latini
1619 4084 1733 4150 alii.

111 4194 255 4250 Hinc
311 4192 462 4247 énim
517 4188 660 4247 haud
721 4198 987 4263 quaquam
1045 4188 1351 4246 dubitatum
1408 4192 1564 4256 er‘at,
1606 4188 1735 4258 quin

111 4288 352 4355 Graeca,
409 4276 604 4356 quibus
657 4285 843 4341 Latina
899 4285 1015 4341 haac
1056 4291 1164 4339 tam
1222 4283 1391 4354 probe
1442 4282 1738 4351 respertde-

111 4382 281 4450 bant,
342 4379 699 4450 originariunt
742 4378 893 4435 illum
940 4389 1146 4434 textum
1202 4366 1470 4447 integrum
1519 4370 1576 4430 et
1630 4372 1738 4427 illi-

110 4476 310 4533 batum
358 4462 734 4541 exhibuerint,
776 4471 843 4528 ad
879 4487 1039 4543 quem
1070 4485 1330 4541 expressa
1354 4456 1531 4524 iuerat
1556 4460 1738 4522 Italica

1834 3256 2063 3334 μείζονος
2091 3250 2488 3318 ἕλαττὸνεῖσθαι·
2520 3259 2623 3330 (sic
2663 3261 2805 3314 enim
2839 3256 3153 3332 legendum)
3184 3262 3435 3337 εἰσίερχό-

1834 3374 1978 3425 μενοι
2017 3344 2072 3407 δὲ
2117 3375 2166 3406 κ.
2214 3375 2264 3410 τ.
2314 3351 2362 3405 λ.
2401 3351 2557 3421 cujus
2588 3356 2706 3405 Ctllll
2742 3356 2947 3420 partem
2982 3351 3339 3421 pGSter’im‘em
3371 3360 3438 3407 ex

1836 3440 2026 3508 Lucaz,
2065 3459 2185 3514 cap.
2230 3460 2340 3511 xiv,
2372 3460 2517 3499 vers.
2552 3440 2607 3511 8,
2642 3455 2914 3513 sumptam
2946 3458 3106 3499 neruo
3137 3460 3242 3499 non
3275 3442 3442 3511 norit,

1837 3543 1949 3590 tum
1987 3543 2134 3590 certe
2179 3530 2326 3605 prior
2358 3534 2521 3609 (quod
2551 3535 2788 3591 nondum
2822 3552 2850 3591 a
2881 3548 3153 3606 quoquam
3186 3537 3445 3593 observa-

1838 3640 1972 3697 tum,
1992 3629 2134 3701 quod
2158 3629 2352 3702 sciam)
2377 3630 2557 3685 orttnn
2588 3622 2775 3685 habuit
2802 3648 2866 3685 ex
2892 3626 3096 3686 Crazcis
3122 3624 3274 3686 Catil.
3299 3627 3446 3702 ejus-

1837 3718 1959 3781 dem
2004 3716 2305 3794 Evangelii,
2336 3740 2455 3793 cap.
2492 3740 2630 3789 xxtt,
2665 3739 2807 3779 vers.
2840 3714 2933 3790 27,
2964 3716 3038 3779 Ξ8
3072 3732 3086 3777 :'
3114 3723 3239 3799 Ἐογὼ
3267 3726 3368 3803 γάρ
3397 3716 3446 3779 ἔν

1837 3819 1980 3890 μέσῳ
2007 3818 2149 3890 ὑμῶν
2172 3812 2313 3877 ’ἦλθον
2336 3819 2438 3890 οὐχ
2468 3819 2537 3878 ὡς
2559 3808 2585 3873 ὃ
2616 3810 2957 3890 ἀνακείμενος,
2989 3807 3096 3872 alii
3121 3810 3189 3879 ὦς
3212 3815 3237 3873 ὁ
3265 3817 3444 3874 διακοο

1836 3919 1932 3965 νῶν
1954 3914 2041 3966 καὶ
2060 3911 2208 3984 ὑμεῖς
2227 3912 2468 3976 ηὐξήθητε
2492 3910 2539 3964 ἐν
2563 3918 2625 3985 τῇ
2648 3909 2873 3986 διακονίᾳ
2894 3933 3016 3982 μου,
3042 3912 3109 3971 ὡς
3131 3909 3156 3965 ὁ
3186 3908 3442 3978 διακονῶν,

1839 3998 1886 4060 οἷ
1928 3992 2345 4078 summatm
2372 4028 2421 4060 κ.
2450 4016 2500 4059 ίτ.
2534 4000 2583 4058 λ.
2633 4006 2764 4074 Cap.
2799 4020 2912 4069 χιιι,
2947 4019 3093 4058 vers.
3126 3992 3217 4069 3:),
3244 4019 3366 4060 eum
3394 4006 3448 4061 ltt

1842 4097 2098 4167 parobola
2148 4090 2218 4154 de
2259 4096 2387 4152 ﬁliis
2417 4088 2630 4150 duobus
2659 4096 2710 4149 in
2741 4096 2954 4151 vineam
2981 4096 3060 4150 ire
3085 4095 3277 4165 jussis,
3311 4102 3446 4165 quo-

1840 4208 1958 4248 rum
2004 4192 2157 4263 prior
2183 4207 2243 4248 se
2278 4206 2385 4246 non
2426 4189 2624 4245 iturum
2656 4180 2813 4256 dixit,
2841 4190 3001 4245 iverit
3024 4197 3225 4255 tamen,
3258 4196 3443 4259 poste-

1838 4284 1951 4339 rior
1979 4284 2175 4338 iturum
2205 4298 2285 4349 se,
2313 4279 2407 4338 sed
2438 4286 2541 4337 non
2570 4270 2731 4336 iverit
2758 4296 2879 4337 cum
2908 4281 3239 4337 volontatem
3270 4281 3449 4338 Patris

1842 4378 1894 4433 in
1924 4377 2045 4433 cad.
2079 4374 2353 4448 aliquibus
2383 4373 2575 4431 tcci'sse
2596 4372 2873 4430 diceretur
2901 4372 3157 4447 ἔσχατος,
3194 4389 3289 4430 seu
3318 4378 3444 4444 pos-

1845 4472 2013 4528 terior
2052 4472 2134 4542 (ut
2178 4471 2232 4526 in
2268 4458 2478 4526 Latinis
2518 4468 2797 4524 mettdosis
2837 4478 2963 4524 ante
3008 4460 3447 4540 llierOnymum),

116 4569 337 4625 versio.
394 4554 803 4622 Consentientia
829 4607 844 4631 ,
897 4568 974 4621 sic
1006 4575 1063 4619 ιιι
1087 4560 1567 4631 diximus,Gréeéa
1600 4558 1735 4628 hree,
1765 4533 2021 4635 1)neque
2066 4578 2196 4619 vero
2242 4564 2400 4618 aliter
2446 4562 2671 4618 haberet
2718 4562 3001 4631 exemplar
3038 4560 3450 4631 interpolatoris

113 4674 169 4719 et
200 4660 430 4723 Latina,
456 4661 687 4730 primum
715 4669 864 4715 certe
885 4659 1106 4730 diuque,
1131 4669 1191 4713 ut
1213 4644 1447 4725 videtur,
1466 4658 1739 4719 seorsum,

115 4764 173 4811 et
210 4757 268 4812 in
318 4748 593 4810 distinctis
633 4742 1001 4809 votuminibus
1042 4740 1386 4808 incedebant.
1424 4742 1615 4807 Postea
1646 4765 1743 4805 au-

118 4860 255 4915 tem,
289 4844 439 4920 quod
462 4844 601 4919 apud
632 4836 1012 4904 Occidentales
1043 4846 1240 4917 lingum
1265 4834 1471 4903 Grrecae
1502 4843 1742 4900 studium

116 4932 530 5016 aliquantulum
575 4940 772 4998 ﬂorere
818 4941 1078 5012 emperit,
1135 4928 1363 4995 eruditis
1406 4953 1438 4995 e
1479 4954 1539 4993 re
1567 4937 1742 4991 visum

119 5049 203 5092 est
225 5079 241 5103 ,
284 5032 646 5106 originarium
692 5044 896 5091 textum
924 5077 938 5099 ,
977 5047 1031 5090 et
1060 5033 1367 5090 versionem
1396 5018 1497 5087 sub
1525 5028 1742 5087 oculum

119 5128 291 5185 simul
327 5127 630 5193 cilllbel‘ei
662 5126 824 5198 tuque
851 5126 935 5183 vel
967 5126 1019 5181 in
1049 5125 1237 5181 eadem
1264 5124 1484 5196 pagina,
1518 5123 1661 5194 quod
1691 5123 1744 5178 in

122 5210 419 5277 nonnullis
464 5206 619 5275 libris
656 5218 859 5275 factum
890 5218 1182 5284 videmus:
1216 5218 1299 5273 vel
1325 5206 1376 5272 in
1406 5202 1659 5281 diversis,
1689 5224 1749 5269 ut

121 5316 177 5370 in
207 5306 345 5369 aliis
368 5296 665 5382 aliquibus,
689 5328 751 5369 ac
773 5312 1053 5381 speciatim
1078 5312 1132 5367 in
1160 5310 1264 5367 hoc
1290 5306 1745 5379 Gantabrigiensi.

1845 4654 2052 4725 nostri;
2081 4673 2186 4729 quo
2220 4658 2273 4711 in
2304 4656 2525 4712 Scribas
2552 4664 2603 4710 et
2634 4653 2986 4719 Sacerdotes,
3018 4644 3131 4707 filio
3159 4654 3451 4722 posteriori

1845 4753 1897 4807 in
1923 4752 2089 4820 ipsius
2120 4759 2269 4807 textu
2296 4759 2664 4818 comparatos,
2688 4747 2977 4818 quadraret
3012 4734 3127 4800 haec
3158 4738 3437 4816 parabola‘,

1845 4842 2153 4916 expuncto,
2203 4841 2330 4897 fecit
2366 4834 2554 4902 ἷδὸντες
2584 4840 2950 4915 μετεμελήθητε
2971 4879 2985 4905 ,
3011 4842 3201 4894 contra
3230 4844 3449 4895 onmem

1847 4937 2095 4994 codicum
2127 4928 2312 5001 tidem,
2340 4936 2396 4989 et
2424 4932 2748 4988 Sententiam
2777 4928 3095 4986 Salvatoris.
3126 4922 3283 4999 Apud
3311 4922 3454 4985 Mar-

1848 5049 1972 5090 cum
1995 5074 2009 5098 ,
2044 5032 2164 5099 cap.
2212 5046 2274 5085 ll.
2312 5043 2456 5083 vers.
2487 5022 2579 5093 26,
2611 5024 2934 5096 particulam
2973 5026 3058 5081 ἐτέι
3095 5020 3333 5102 Ἀϐιάθαρ
3358 5031 3453 5080 eos

1848 5124 2158 5202 ἀρχιερέως,
2185 5132 2284 5178 ceu
2321 5118 2567 5175 histeria:
2596 5117 2816 5174 Veritati
2840 5115 2983 5171 haud
3003 5120 3453 5184 consentaneam,

1850 5216 2107 5270 sustulit:
2139 5221 2201 5269 ιιι
2231 5216 2286 5269 et
2323 5212 2511 5277 verba,
2536 5216 2641 5273 πᾶς
2660 5212 2765 5287 ’γὰρ
2788 5204 2919 5288 tropi
2945 5208 3297 5274 ἁλισθήσεται,
3325 5218 3447 5276 cap.

1853 5322 1942 5376 rx,
1984 5322 2129 5364 vers.
2179 5306 2272 5373 49,
2305 5304 2449 5376 quod
2489 5305 2629 5359 forte
2677 5303 2914 5360 absurda
2955 5303 3296 5359 viderentur.
3337 5290 3458 5356 Atia

205 5404 392 5476 llnjus
422 5398 592 5471 certe,
625 5406 694 5461 de
721 5418 829 5477 quo
857 5405 966 5475 jam
1012 5404 1242 5475 agimus;
1271 5402 1458 5459 Grteca
1498 5400 1641 5472 quod
1668 5410 1751 5454 at—
1853 5404 2115 5467 mtttavit,
2143 5396 2485 5469 Evangelicm
2523 5397 2769 5451 veritatis
2790 5395 2995 5451 studio.
3025 5394 3162 5464 Cap.
3192 5411 3283 5463 xv,
3314 5406 3459 5449 vers.

125 5504 294 5566 tinet,
331 5500 421 5554 vix
449 5488 557 5553 diei
583 5498 782 5573 potest,
808 5504 971 5571 quam
1000 5503 1162 5569 Supra
1192 5499 1412 5552 omnem
1442 5482 1661 5551 modum
1698 5482 1751 5549 iit
1854 5486 1959 5562 25,
2002 5499 2123 5551 ciunt
2153 5484 2206 5548 in
2244 5487 2539 5562 exemplari
2582 5500 2680 5547 sub
2724 5490 2885 5546 lucri!
2906 5532 2920 5557 ,
2951 5488 3011 5550 ἦν
3045 5488 3099 5546 δὲ
3132 5492 3242 5566 ὥρα
3280 5490 3459 5573 ξρίιρή,

128 5597 195 5649 iis
240 5580 563 5660 digerendis
596 5578 821 5648 licenter
850 5607 910 5647 se
937 5591 1189 5663 gesserit,
1222 5604 1283 5645 ac
1325 5576 1485 5660 plane
1512 5576 1722 5643 lascivia

1859 5595 1938 5647 καὶ
1955 5591 2299 5667 ἐσταύρωσαν
2318 5584 2772 5654 αὖτόνβιἪώίὶχὶο
2792 5590 2921 5637 vero
2935 5586 3042 5637 non
3066 5585 3167 5635 nisi
3186 5580 3251 5635 ad
3268 5568 3463 5636 iiui'atn

125 5690 198 5744 rit
245 5684 653 5756 Interpulutor,
686 5685 933 5756 quisquis
976 5686 1084 5739 ille.
1122 5683 1179 5739 ιιι
1215 5682 1397 5738 animo
1442 5681 1546 5752 ipsi
1594 5681 1762 5736 finisse
1862 5691 2074 5735 sextam
2108 5719 2120 5741 ,
2148 5694 2244 5733 seu
2278 5679 2436 5745 patilo
2472 5679 2596 5729 ante
2629 5673 2935 5741 rontigetit,
2975 5683 3041 5727 tto
3075 5670 3351 5756 quidl'alsi
3385 5674 3472 5738 (ut

126 5779 315 5878 prima
369 5751 546 5837 trante
589 5751 908 5847 credideris,
948 5775 1306 5849 antiquatam
1354 5751 1763 5844 tutumtutum
1865 5773 1969 5842 ipsi
2018 5766 2325 5839 videbatur.)
2354 5760 2563 5822 diceret
2602 5761 2980 5834 atansum.
3014 5751 3466 5828 mutarum
