3956 6206
110 245 219 300 875

1264 240 1606 300 EPISTOLA
1646 240 1737 297 ΤΗ
1746 239 2000 299 Ευοοιιι
2037 240 2256 298 ΒΕΖΔΕ.

3296 251 3406 309 874

108 356 483 429 interpolatam
511 369 653 423 esse,
681 356 878 427 quibus
897 357 1133 414 obversa
1159 358 1349 417 Graeca
1379 360 1696 432 neutiquam
1725 365 1780 426 Α
1804 359 1921 416 Lat.
1952 361 2348 417 descendentem
2368 402 2384 429 ,
2414 375 2536 435 cap.
2572 379 2662 431 lit,
2693 378 2839 421 vers.
2874 366 2978 435 l6;
3023 383 3076 424 χι
3096 410 3111 435 ,
3143 369 3253 438 29.,
3289 371 3361 426 24
3381 414 3400 441 ,

108 449 461 523 respondent.
487 448 591 505 Ex.
622 464 707 521 gr.
740 464 992 520 quaenam
1022 461 1106 506 est
1131 452 1548 524 signiﬁcationis
1570 452 1692 508 alli-

108 547 249 602 nitas
279 545 421 600 inter
450 544 573 609 ista,
606 543 838 611 κυλλοὺς,
862 544 1158 601 sideratos?
1182 545 1308 602 Mat.
1341 561 1390 604 c.
1424 563 1513 613 xv,
1545 560 1691 602 vers.

104 639 195 695 50.
227 637 428 703 Κυλλοὶ,
481 636 537 692 in
596 651 800 708 genere
860 636 1100 693 membris
1147 638 1374 707 debiles,
1427 640 1653 695 mutilati
1676 681 1693 708 ,

108 731 293 787 manci.
320 729 517 786 Lector
542 729 837 802 quispiam,
868 729 994 800 qui,
1026 731 1214 787 nescio
1241 746 1349 804 qua
1389 730 1459 788 de
1493 746 1654 788 causa
1674 771 1691 800 ,

106 824 313 886 κυλλοὺς
351 822 440 879 hic
465 821 605 888 loci,
637 836 740 894 pro
775 821 891 880 illis
927 822 1147 893 habuit,
1193 823 1391 894 quibus
1434 824 1696 881 debilitas

105 917 218 973 hzec
243 932 309 974 ex
357 915 696 973 sideratione
744 919 1079 989 contigerat,
1120 918 1376 989 exposuit
1409 919 1692 974 ‘sideralos.

102 1009 351 1081 Ejusdem
393 1009 611 1081 generis
650 1016 783 1065 sunt
818 1011 1113 1077 ταλάντων,
1158 1012 1493 1067 denariorum
1515 1054 1531 1079 ,
1568 1025 1691 1082 cap.

100 1119 245 1170 sunt,
266 1118 413 1160 vers.
436 1101 530 1169 24;
552 1103 799 1178 νόμισμα,
822 1103 1113 1170 denarium,
1131 1120 1252 1176 cap.
1279 1120 1410 1175 xxii,
1428 1121 1575 1162 vers.
1596 1104 1690 1173 l9;

99 1200 464 1271 παρασκευήν,
516 1212 712 1250 εωηαηι
743 1212 931 1264 puram
954 1238 968 1263 ,
1013 1212 1133 1267 cap.
1177 1213 1327 1252 xxvn
1348 1240 1363 1264 ,
1395 1213 1542 1254 vers.
1575 1197 1646 1254 62
1678 1216 1691 1251 ;

98 1289 167 1343 ita
193 1290 337 1344 enim
364 1288 480 1358 jam
506 1288 640 1344 olim
667 1288 814 1345 dicta
843 1299 927 1345 est
955 1290 1275 1346 Parasceve.
1306 1290 1519 1347 Glossae
1542 1299 1694 1347 vete-

98 1397 182 1437 res
206 1424 221 1447 ,
265 1397 411 1436 ctena
440 1397 573 1451 pura
596 1423 612 1449 ,
638 1387 971 1463 παρασκευή.
1015 1381 1270 1439 Occurrit
1307 1386 1526 1456 phrasis
1551 1386 1695 1456 apud

94 1472 487 1529 Tertullianum
511 1515 526 1539 ,
562 1473 660 1530 lib.
712 1489 747 1529 v
789 1475 1055 1532 adversus
1099 1475 1362 1533 Marcion.
1392 1519 1408 1544 ,
1438 1492 1491 1534 c.
1522 1479 1557 1535 4
1582 1520 1596 1545 ,
1640 1487 1699 1535 et

95 1567 429 1639 Augustinus
466 1568 521 1624 in
545 1567 705 1625 Joan.
734 1577 888 1626 notat
914 1610 931 1637 ,
963 1569 1287 1627 Parasceven
1316 1588 1347 1628 a
1380 1572 1587 1629 Judzeis
1611 1574 1696 1631 sui

96 1661 355 1732 temporis
386 1660 639 1717 usitatius
662 1660 865 1718 dictam
906 1661 1076 1719 fuisse
1115 1680 1309 1719 caenam
1337 1681 1542 1736 puram.
1584 1664 1696 1722 Cur

96 1766 264 1813 autem
289 1771 442 1812 ctena
472 1756 589 1811 btec
611 1772 746 1827 pura
771 1756 1071 1826 diceretur,
1102 1757 1372 1815 rationem
1400 1758 1543 1815 hanc
1565 1759 1691 1815 red-
1723 1754 1772 1815 Β

95 1852 168 1906 dit
194 1849 550 1907 doctissimus
572 1847 866 1921 Dufmne,
898 1847 976 1921 (a)
1015 1863 1124 1905 non
1153 1849 1299 1920 quod
1327 1860 1541 1908 careret
1570 1867 1691 1907 car—

96 1944 265 2009 nibus,
298 1941 400 1998 sed
429 1940 577 2015 quod
602 1940 887 2013 religionis
914 1950 971 1998 et
992 1940 1130 1998 dicis
1158 1956 1322 1998 causa
1343 1942 1522 2000 ﬁeret.
1550 1942 1687 2000 Nam

93 2047 143 2093 et
190 2036 497 2093 Parascevae
537 2035 780 2094 Iudaicae
829 2037 1072 2093 habuere
1118 2051 1347 2105 carnes,
1391 2047 1448 2094 et
1488 2038 1690 2096 nihilo—

96 2131 263 2188 minus
293 2131 554 2187 dicuntur
573 2147 731 2188 ciente
750 2147 917 2203 parte,
950 2131 1095 2203 quod
1125 2132 1264 2188 dicis
1298 2147 1459 2188 causa
1490 2148 1689 2205 coque-

94 2227 297 2292 bantur,
320 2234 743 2298 coquunturque
763 2226 925 2283 hodie
952 2241 1051 2297 pro
1071 2226 1318 2296 sabbato,
1337 2227 1464 2298 quia
1491 2228 1546 2284 in
1562 2228 1691 2285 sab-

1797 467 1920 509 cum
1956 463 2103 511 esset
2125 455 2180 510 in
2208 453 2328 511 Lat.
2354 471 2509 528 quant
2534 456 2679 512 vobis
2699 498 2715 524 ,
2745 466 2802 515 et
2830 474 2959 515 vero
2976 459 3227 520 Graecum
3257 473 3407 521 esset

1797 545 2003 619 ἦῦμῖν,
2058 555 2119 603 ut
2162 546 2358 604 Latino
2404 549 2786 621 responderet.
2835 550 2929 608 Sic
2978 569 3100 625 cap.
3154 554 3403 627 ejusdem

1795 654 1941 695 vers.
1965 640 2059 706 28,
2080 640 2283 696 factum
2312 651 2396 698 est
2420 644 2613 705 πάντες
2640 642 2688 700 οἳ
2713 652 2989 708 κοπιῶντες
3016 652 3099 704 καὶ
3118 670 3401 725 πεφορτισ-

1794 733 1937 803 μένοι
1961 734 2100 800 ἐστέ,
2128 733 2200 789 ob
2217 733 2337 790 Lat.
2357 750 2535 791 omnes
2562 735 2653 808 qui
2677 736 3007 805 laboratis,et
3036 741 3237 796 onerati
3259 741 3404 797 estis.

1795 821 1931 893 Cap.
1960 840 2060 890 xv,
2091 840 2237 882 vers.
2274 827 2337 882 11
2362 867 2379 895 ,
2408 827 2513 894 20,
2545 828 2617 884 ob
2647 827 2836 885 Latina
2865 829 3109 887 obsoleta
3145 831 3279 904 (sed
3309 848 3402 904 ge-

1798 914 1963 971 nuina
2005 915 2328 989 interpretis
2369 919 2621 993 Vulgati)
2681 925 3066 991 communicat,
3113 926 3405 980 communi-

1797 1017 1917 1063 cant
1942 1051 1958 1076 ,
1991 1010 2029 1064 i.
2069 1024 2146 1077 e.,
2178 1011 2401 1081 polluit,
2432 1013 2717 1083 polluunt,
2751 1030 2850 1086 pro
2876 1026 3065 1083 κοινοῖ,
3099 1024 3360 1077 κοινοῦντα
3385 1062 3400 1086 ,

1797 1101 2041 1172 reposuit
2072 1101 2314 1158 absurde
2358 1114 2586 1161 κοινωνεῖ
2596 1147 2610 1171 ,
2642 1115 3010 1176 κοινωνοῦντα;
3062 1109 3138 1164 uti
3179 1119 3235 1165 et
3277 1108 3400 1166 Act.

1797 1209 1917 1265 cap.
1943 1209 2032 1249 XX!
2054 1237 2069 1261 ,
2104 1209 2249 1251 vers.
2278 1195 2373 1262 28,
2407 1197 2700 1258 ἐκοινώνησε
2743 1200 2829 1256 τὸν
2858 1200 3000 1275 ἅγιον
3024 1202 3180 1257 τόπον
3195 1209 3400 1269 τοῦτον,

1797 1286 1868 1340 ob
1888 1286 2007 1341 Lat.
2027 1287 2424 1342 communicavit
2455 1289 2623 1343 locum
2644 1299 2881 1344 sanctum
2911 1291 3068 1345 hunc.
3094 1291 3183 1347 Sic
3208 1292 3399 1347 Matth.

1796 1395 1916 1451 cap.
1949 1396 2112 1448 XVIII,
2142 1397 2286 1438 vers.
2312 1382 2403 1451 22,
2435 1381 2862 1457 ἑϐδομηκοντάκις
2884 1385 3093 1448 ἑπτάκις
3115 1427 3130 1452 ,
3167 1386 3237 1442 οἱ)
3276 1387 3401 1445 Lat.

1797 1475 2006 1545 septies.
2040 1477 2159 1530 Act.
2185 1491 2309 1547 cap.
2336 1492 2388 1544 v,
2424 1492 2569 1533 vers.
2596 1477 2651 1544 9,
2687 1482 3036 1551 συνεφώνησεν
3084 1480 3209 1551 (pro
3249 1504 3398 1540 συνι-

1797 1564 2190 1640 φωνήθη)ὑμῐν,
2209 1568 2279 1625 ob
2298 1567 2417 1624 Lat.
2447 1570 2681 1625 convenit
2709 1571 2871 1626 vobis.
2900 1572 3055 1629 Mitto
3083 1573 3215 1629 alia.

2188 1743 2459 1801 EPISTOLA
2496 1742 2779 1802 Tasonom
2818 1744 3000 1801 Busa.

1792 1928 2017 2001 Inclyta:
2055 1929 2325 2002 modisque
2364 1928 2607 1985 omnibus
2655 1929 3067 1985 celebratissima:
3105 1927 3400 1984 Academia:

2305 2042 2718 2115 Catuabrigiensi
2736 2086 2751 2111 ,
2776 2052 2885 2100 etc.

1865 2229 2103 2298 Quatuor
2153 2230 2558 2304 Evangeliorum
2585 2273 2600 2300 ,
2648 2242 2697 2287 et
2741 2232 2992 2287 Actorum
3027 2235 3395 2305 Apostolorum

1791 2319 2256 2379 Graeco-Latinum
2326 2325 2592 2395 exemplar
2616 2365 2633 2392 ,
2695 2341 2758 2379 ea:
2801 2324 2862 2380 S.
2913 2323 3105 2380 Irentei
3159 2325 3399 2381 Caenobio

1788 2414 2125 2490 Lugdunensi
2155 2425 2276 2473 ante
2302 2417 2501 2489 aliquot
2529 2433 2696 2473 annos
2738 2428 2919 2472 nactus
2941 2460 2955 2483 ,
2996 2420 3241 2476 mutilum
3281 2422 3396 2491 qui-

1789 2509 1907 2562 dem
1931 2509 2109 2577 illud,
2138 2518 2186 2566 et
2215 2526 2378 2580 neque
2420 2510 2549 2565 satis
2582 2510 2855 2566 emendate
2899 2513 2962 2565 ab
3006 2513 3157 2567 initio
3204 2513 3395 2584 ubique

1792 2602 2133 2675 descriptum,
2161 2618 2324 2674 neque
2345 2604 2419 2657 ita
2440 2613 2496 2657 ut
2523 2605 2756 2676 oportuit
2785 2605 3012 2659 habitum
3036 2606 3192 2676 (sicut
3223 2623 3287 2661 ea:
3303 2625 3395 2678 pa-

1788 2695 1924 2767 ginis
1947 2695 2258 2767 quibusdam
2284 2695 2490 2751 diverso
2522 2695 2823 2751 charactere
2854 2698 3081 2767 insertis,
3110 2708 3159 2751 et
3198 2698 3396 2753 indocti

1786 2788 2082 2861 cujuspiam
2133 2787 2303 2844 Grani
2347 2786 2588 2862 Calogeri
2628 2788 2858 2844 barbaris
2901 2790 3142 2861 ascriptis
3180 2792 3394 2862 quibus—

1786 2880 1911 2934 dam
1933 2882 2069 2935 notis
2090 2879 2354 2953 apparet),
2375 2891 2556 2937 vestrte
2579 2883 2904 2952 potissimum
2925 2884 3242 2950 Academiw,
3257 2894 3390 2953 etc.,

94 2976 277 3046 aetatis,
311 2976 523 3033 diserta
551 2974 843 3032 sententia.
874 2975 1084 3046 Nempe
1123 2989 1248 3030 cum
1289 2973 1522 3031 miriﬁce
1549 2989 1683 3031 con-
1786 2972 2165 3041 celeberrimae,
2197 2973 2479 3029 dicandum
2507 2974 2795 3030 existimavi
2815 3015 2830 3041 ,
2856 2983 2967 3032 etc.
2990 3017 3006 3043 ,
3034 2976 3089 3031 in
3117 2980 3267 3051 cujus
3303 2995 3392 3033 sa-

96 3069 352 3126 senserint
401 3068 504 3124 ista
548 3083 672 3124 cum
720 3068 972 3136 Latinis,
1019 3076 1214 3124 contra
1268 3083 1431 3135 quam
1483 3067 1682 3140 reliqui
1728 3142 1739 3143 ί
1785 3068 1955 3122 crurio
1979 3075 2180 3121 tantum
2202 3066 2298 3122 hoc
2323 3066 2791 3139 veneranda:(nisi
2828 3067 2965 3138 forte
3001 3068 3196 3143 fallor)
3243 3082 3386 3127 vetu-

95 3161 305 3220 Graacia:
335 3162 503 3228 libri,
541 3161 687 3233 iique
715 3162 941 3234 optimi,
985 3160 1144 3217 facile
1185 3160 1319 3231 ipsis
1351 3175 1676 3233 persuasum
1706 3142 1752 3206 C
1783 3161 1931 3215 statis
1956 3160 2329 3215 monimentum
2358 3160 2665 3216 collocatur.

96 3269 226 3328 erat,
248 3274 308 3315 ea
332 3258 430 3315 vel
458 3272 569 3314 non
593 3257 817 3314 omnino
854 3255 1023 3313 fuisse
1060 3254 1265 3312 Graecae
1291 3254 1547 3327 originis,
1581 3256 1679 3312 sed
1858 3250 1927 3306 Et
1952 3252 1999 3306 si
2027 3268 2145 3307 vero
2169 3251 2304 3307 nulli
2330 3253 2515 3308 melius
2552 3270 2711 3325 quam
2739 3268 2827 3309 vos
2858 3255 2961 3327 ipsi
2999 3272 3114 3327 qute
3152 3258 3221 3311 sit
3265 3258 3387 3313 huic

97 3360 215 3421 tota,
242 3360 449 3425 quanta
476 3360 700 3423 quanta,
730 3350 977 3407 traducta
999 3349 1069 3406 de
1091 3349 1298 3406 Latinis
1317 3392 1332 3417 ,
1364 3350 1451 3407 vel
1482 3350 1677 3407 saltem
1782 3343 2067 3414 exemplari
2095 3343 2225 3413 ﬁdes
2262 3343 2503 3399 habenda
2530 3346 2869 3414 wstimarint,
2900 3346 2998 3402 hac
3024 3348 3088 3403 de
3113 3364 3173 3404 re
3213 3360 3385 3405 tamen

98 3448 340 3502 recensita
380 3456 438 3502 et
475 3445 762 3502 emendata
792 3445 964 3501 fuisse
992 3445 1159 3502 variis
1182 3447 1265 3500 sui
1298 3446 1544 3517 partibus
1564 3488 1580 3512 ,
1608 3445 1676 3501 ad

1793 3452 1872 3491 vos
1900 3435 2253 3491 admonendos
2292 3436 2448 3505 duxi,
2479 3445 2678 3491 tentant
2707 3456 2740 3492 α
2766 3455 2846 3494 me
2890 3440 2947 3493 in
2974 3438 3132 3495 Luca:
3161 3456 3383 3513 praeser-

97 3536 321 3596 Latinam
347 3538 688 3597 versionem,
716 3538 811 3595 Sic
838 3539 908 3596 de
934 3540 1068 3611 ipsis
1108 3539 1463 3610 ριιοιηιηιίειιιι
1510 3538 1676 3595 Erus-
1783 3529 1875 3584 tim
1897 3527 2181 3603 Evangelia
2209 3539 2465 3602 repertam
2488 3547 2596 3587 esse
2618 3532 2755 3586 inter
2778 3531 2914 3587 hunc
2939 3534 3166 3589 codicem
3198 3546 3245 3589 et
3276 3552 3379 3591 ca:-

99 3649 216 3701 mus,
242 3633 419 3691 Lucas
443 3633 756 3708 Brugensis,
796 3633 1011 3700 Estius,
1045 3632 1283 3701 Grotius,
1316 3634 1433 3689 alii.
1467 3634 1546 3690 De
1573 3634 1675 3691 hac
1782 3630 1919 3677 teras
1959 3624 2288 3693 quantumvis
2327 3633 2521 3679 veteres
2562 3625 3001 3695 discrepantiam,
3057 3637 3113 3682 ut
3156 3628 3383 3684 vitanda?

98 3726 266 3797 rejam
290 3728 364 3783 ita
398 3725 634 3782 videtur.
666 3726 953 3798 Exscripta
979 3736 1138 3783 erant
1163 3726 1306 3797 apud
1334 3727 1580 3795 Latinos,
1608 3743 1674 3783 ex

1793 3717 2119 3788 quorumdam
2146 3717 2427 3789 offensioni
2465 3721 2834 3775 asservandum
2879 3722 3049 3792 potius
3090 3739 3248 3794 quam
3288 3741 3385 3795 pu-

97 3816 335 3877 ιίδιιοτυηι
367 3819 441 3876 ad
468 3834 608 3892 quos
645 3819 894 3876 confecta
923 3828 1043 3876 ενοι
1081 3820 1214 3877 [mla
1239 3820 1422 3877 νθτείο
1448 3836 1678 3892 apogra-
1783 3807 2082 3864 blicandum
2110 3810 2415 3865 existimem.
2447 3808 2513 3865 In
2539 3811 2638 3867 Itac
2660 3823 2828 3868 tamen
2849 3831 2952 3869 non
2979 3817 3374 3885 sententiarum,

95 3910 232 3979 phis,
262 3914 415 3969 varia
456 3912 646 3969 Graeca
677 3914 1008 3984 exemplaria
1036 3954 1051 3980 ,
1094 3928 1161 3970 ex
1189 3913 1491 3984 ignorantia
1523 3913 1675 3970 scri-
1781 3902 1872 3957 sed
1917 3918 2098 3957 vocum
2143 3903 2437 3959 diversitate
2474 3904 2609 3959 nillil
2649 3911 2879 3977 profecto
2928 3909 3190 3979 comperi,
3244 3910 3383 3964 unde

95 4006 287 4074 parum,
313 4007 733 4079 άοοιίοι-ιιηιαυρ
750 4022 782 4062 e
798 4006 1008 4063 Latinis
1024 4006 1382 4079 quorumdam
1408 4011 1679 4086 περιεργίᾳ
1781 3997 2040 4066 suspicari
2067 3998 2327 4068 potuerim
2353 4015 2385 4053 a
2411 4000 2661 4054 veteribus
2686 4000 2798 4055 illis
2824 4001 3082 4056 luereticis
3103 4002 3264 4071 fuisse
3288 4002 3383 4056 de-

96 4095 204 4169 (ιμιί
229 4107 475 4156 mutuam
509 4115 542 4156 θ
568 4099 884 4157 amcorum
914 4099 1073 4156 libris
1100 4100 1309 4156 scholia
1335 4143 1351 4169 ν
1376 4100 1429 4156 in
1458 4101 1679 4157 codices
1781 4100 2074 4163 pravatum.
2116 4090 2235 4146 Imo
2263 4092 2429 4147 multa
2466 4092 2594 4146 mihi
2629 4091 2807 4147 videor
2852 4094 3252 4165 deprehendisse
3289 4095 3380 4149 ob-

94 4205 149 4245 ex
177 4193 286 4250 suis
315 4194 626 4264 descriptos
652 4193 942 4251 inserenda
977 4192 1243 4251 curabant
1277 4194 1518 4266 graviter
1546 4195 1676 4252 laesa
1779 4185 2065 4240 δενυηιίοηε
2102 4185 2300 4257 digna;
2343 4187 2581 4255 φιαεάαηι
2622 4187 2779 4241 “iam
2821 4188 2896 4242 δῖε
2923 4204 2957 4242 α
2997 4199 3203 4261 τεθερια
3233 4189 3380 4246 Ξενί-

93 4296 144 4340 ει
179 4286 542 4361 interpolata).
586 4286 710 4344 Istis
732 4304 859 4344 mox
885 4286 1249 4358 adaptabatur
1286 4302 1317 4343 a
1347 4287 1675 4359 quibusdam
1782 4291 1937 4348 ptura
1953 4279 2321 4350 discrepantia,
2341 4288 2398 4334 ut
2425 4287 2595 4335 tamen
2617 4296 2735 4334 cum
2761 4289 2986 4334 veterum
3011 4281 3376 4351 quorumdam,

93 4376 267 4437 Latina
291 4382 495 4437 versio.
524 4381 606 4437 Ex
629 4381 731 4438 hac
754 4391 935 4438 autem
951 4381 1315 4438 c0nsensione
1340 4381 1539 4438 factum
1568 4390 1675 4451 est,

1793 4381 1830 4427 et
1862 4370 2192 4440 Grtecorum,
2228 4383 2275 4427 et
2304 4372 2609 4429 Latinorum
2650 4372 2877 4429 Patrum
2906 4376 3115 4446 scriptis
3150 4393 3371 4434 consen-

95 4482 146 4526 ιιι
171 4472 381 4531 indocta
410 4489 603 4530 manus
646 4475 874 4545 paucula
913 4474 1002 4531 hic
1032 4473 1161 4531 inde
1201 4474 1255 4529 in
1292 4482 1442 4530 textu
1481 4474 1675 4531 Gmco
1700 4533 1748 4545 _
1781 4468 1911 4522 tiant
1933 4483 1954 4522 :
1979 4483 2082 4522 non
2109 4483 2275 4538 pauca
2299 4468 2538 4538 denique,
2569 4468 2757 4539 quibus
2783 4479 2981 4525 vetusta
3005 4468 3199 4526 Latina
3218 4472 3379 4527 editio

95 4565 153 4620 ad
178 4565 400 4624 formam
432 4566 747 4624 Latinorum
770 4609 787 4633 ,
817 4576 871 4624 et
899 4583 931 4625 θ
956 4567 1152 4625 Latina
1196 4568 1452 4625 versione
1495 4578 1673 4624 mina.
1699 4561 1755 4595 ν
1780 4561 2148 4616 corroboratur
2170 4577 2189 4616 :
2211 4576 2326 4632 qua:
2350 4561 2526 4616 omnia
2544 4578 2639 4634 pro
2660 4562 2855 4634 ingenii
2883 4564 2983 4619 mei
3006 4564 3222 4620 modulo
3246 4566 3381 4621 inter

96 4661 246 4716 veru,
278 4660 415 4718 [und
450 4662 595 4718 enim
619 4670 845 4733 apparet
876 4661 930 4717 in
961 4661 1167 4719 amcis
1195 4659 1350 4717 Cum,
1385 4660 1671 4738 Ἡρώδους,
1773 4668 1830 4707 se
1854 4659 2179 4723 comparata,
2202 4660 2251 4705 ct
2279 4667 2398 4706 cum
2423 4651 2561 4722 Syra
2584 4661 2631 4707 et
2659 4652 2882 4708 Arabica
2911 4654 3139 4709 editione
3159 4655 3377 4726 collata,

92 4748 329 4818 ἰωὰννους
351 4795 370 4823 ,
405 4757 795 4834 Σαμαριτάνων,
827 4755 1040 4827 aliaque
1067 4754 1122 4811 id
1148 4769 1323 4825 genus
1354 4753 1424 4810 ad
1453 4754 1674 4811 Latino-

1795 4762 1830 4801 n
1857 4745 2079 4815 majores
2111 4760 2253 4799 meas
2281 4745 2647 4801 adnotationes
2674 4762 2706 4801 a
2736 4763 2816 4803 me
2841 4763 2999 4817 super
3038 4750 3335 4806 emendatas
3359 4794 3375 4820 ,

94 4860 202 4902 rum
231 4847 459 4905 formam
493 4849 739 4906 conlecta
762 4857 909 4905 sunt.
940 4849 1131 4906 Matth.
1158 4864 1281 4921 cap.
1314 4864 1345 4903 v
1364 4890 1382 4916 ,
1410 4863 1554 4905 vers.
1575 4847 1669 4918 2i,

1793 4848 1818 4892 rt
1852 4838 1988 4893 brevi
2015 4838 2316 4908 prodituros
2341 4839 2595 4910 congessi.

95 4952 205 4995 cum
243 4940 494 4997 Latinum
534 4950 681 4999 esse;
709 4939 897 5011 agere,
914 4984 930 5011 ,
959 4942 1214 5022 πρόσφερε
1246 4942 1475 4997 mutavit
1505 4940 1671 4997 libra-
1845 4929 1953 4987 Sed
1972 4947 2087 5005 age,
2117 4946 2201 4985 res
2233 4933 2343 4986 haec
2371 4940 2481 4987 tota
2512 4932 2700 4997 uestri,
2735 4932 2891 4987 sicuti
2920 4949 3019 5005 par
3044 4942 3140 5002 est,
3179 4938 3379 5008 judicii

95 5026 197 5087 rius
234 5033 284 5087 in
323 5041 649 5112 προσφερεῖς,
685 5034 764 5089 Ea
786 5034 933 5090 enim
978 5033 1082 5105 ipsi
1119 5044 1238 5091 erat
1265 5033 1504 5091 secunda
1553 5049 1677 5105 ρει-
1774 5032 1902 5079 esto.
1926 5022 2153 5078 Tantum
2174 5042 2208 5079 a
2228 5025 2369 5080 vobis
2391 5033 2532 5097 peto,
2556 5033 2614 5079 ut
2638 5024 2737 5079 ltoc
2761 5024 3136 5098 qualecumque
3161 5046 3377 5085 summa:

96 5136 218 5183 sons
263 5126 448 5185 futuri.
492 5129 807 5188 Καταϐαῖνον
827 5168 842 5197 ,
885 5127 1086 5186 factum
1152 5130 1553 5197 καταϐαίνοντα,
1603 5127 1674 5184 ob

1793 5121 1830 5175 ἰι
1859 5126 2081 5176 vestram
2119 5118 2530 5192 Amplitudinem
2558 5118 2896 5176 observantia:
2932 5136 3061 5178 mete
3082 5124 3241 5179 veluti
3269 5141 3381 5180 mo-

95 2322 210 2377 ban
235 2322 400 2396 coqui
438 2337 549 2377 non
580 2321 763 2378 liceat.
806 2320 936 2378 Haec
967 2321 1080 2400 ille.
1110 2321 1386 2396 Νόμισμα,
1416 2322 1644 2395 ﬁguram
1667 2366 1683 2393 ,

95 2417 214 2475 Luc.
243 2433 366 2490 cap.
404 2433 496 2484 xx,
526 2430 671 2473 vers.
695 2414 790 2471 24.

162 2509 409 2566 Vidimus
441 2508 553 2580 jam
604 2508 786 2580 qualia
817 2507 1023 2564 iuerint
1059 2508 1248 2566 Graeca
1272 2551 1288 2578 ,
1334 2512 1518 2583 qualia
1555 2514 1684 2568 item

94 2601 275 2658 Latina
303 2600 541 2674 hujusce
566 2599 793 2658 codicis.
840 2601 918 2657 De
947 2600 1155 2657 Graecis
1180 2618 1349 2659 unum
1378 2602 1512 2660 illud
1544 2604 1683 2660 ultra

94 2697 338 2767 qumritur
363 2735 385 2763 ,
414 2709 484 2750 an
531 2693 710 2765 aliqua
762 2706 827 2750 ex
875 2701 1033 2763 parte
1073 2695 1336 2766 castigata
1370 2695 1574 2751 fuerint
1613 2695 1684 2752 ad

95 2788 329 2845 Latinum
356 2785 674 2859 exemplar?
704 2786 785 2842 Ea
812 2786 956 2843 enim
988 2797 1109 2843 erat
1131 2786 1199 2843 de
1223 2788 1376 2845 libris
1401 2788 1564 2860 hujus
1583 2803 1682 2860 ge-

95 2884 227 2938 neris
254 2880 602 2940 eruditorum
627 2879 988 2953 quorumdam
1040 2890 1240 2936 nostrae
1283 2889 1338 2937 et
1377 2880 1683 2952 superioris

1776 5365 1851 5408 vtl
1868 5347 2311 5436 ,_§5;‘Emi7ayou
2330 5385 2345 5411 ,
2380 5344 2651 5436 ἐπήγειραν
2665 5360 2838 5436 :“XIV,
2878 5344 2944 5411 2;
2982 5347 3152 5436 τοξῖῳ
3173 5386 3187 5409 ,
3212 5346 3380 5436 εἶτα).

1779 5416 1878 5485 xv,
1894 5420 1991 5486 15;
2014 5416 2457 5495 ἀπαγῆεἱοῦντας,
2478 5416 2909 5495 ἀπαγγέλλοντας,
2931 5431 3025 5480 xv,
3049 5416 3152 5476 27';
3177 5416 3377 5495 εὐθὲωὲς,

1778 5496 1907 5568 αὐτῇ
1935 5500 1999 5568 τῇ
2027 5489 2303 5568 ὦρᾳξξνι,
2331 5489 2407 5568 Δ18
2430 5504 2453 5568 ;_
2475 5489 2923 5568 «potestne/given:
2943 5528 2958 5551 ,
2988 5489 3382 5568 προστεταγμέ-

1777 5555 1897 5626 νουέ
1920 5605 1934 5630 ,
1966 5553 2243 5644 ἱςνιί,’26;
2273 5553 2594 5644 impacta;
2613 5598 2628 5623 ,
2660 5553 3047 5644 imminutae;
3085 5572 3232 5644 Χῗιιη
3261 5553 3377 5644 ’ἓ9ς

1777 5637 2120 5703 κατασείσας,
2142 5629 2501 5697 καταστείλας,
2528 5643 2640 5692 Xlx,
2663 5629 2763 5695 55;
2788 5629 3105 5701 ἐνομίσαμεν,
3128 5629 3378 5697 ἐνόμιζον,

96 5351 307 5429 martia
323 5391 348 5429 ,D
362 5354 441 5406 καὶ
471 5352 724 5429 γνῳστὸν,
754 5354 805 5416 l,
841 5351 941 5421 l9;
975 5352 1154 5429 χρόνῳ
1182 5351 1501 5429 ὡςμχρόνῳ.
1532 5350 1673 5429 ﬁeri,

98 5432 130 5475 l.
156 5420 251 5501 21.:
281 5422 458 5501 truc-at;
477 5420 705 5501 σάρκας,
732 5430 909 5481 πᾶσαν
928 5420 1210 5501 capuam",
1239 5420 1676 5501 iTi'cf‘trs'porrriéw

98 5510 172 5573 ’ἔτι
200 5488 443 5573 iiiis“,
468 5488 616 5573 ν’ἑὲς
652 5499 709 5573 φ)
746 5488 1087 5573 παραγγεὶῖᾳν
1106 5488 1441 5573 Mamilia.
1459 5488 1542 5573 ’νε
1568 5496 1672 5573 9.3;

97 5556 244 5645 δεξι-ᾁ,
271 5556 410 5645 δόξῃ.
431 5556 503 5645 κ’,-
523 5567 588 5622 51
605 5556 632 5645 ’ξ
658 5568 710 5621 ἐκ
736 5556 832 5623 τοῦ’
854 5556 1124 5645 σῦνςδρῖου
1143 5609 1157 5633 ,
1182 5556 1269 5622 ’ἕν’
1378 5556 1674 5645 ᾗυνςδρίῳ,

97 5644 155 5695 ν,
184 5623 285 5699 5b;
318 5621 459 5691 οὗτοι
484 5639 766 5699 ἐστάθησαν
787 5682 798 5702 ,
829 5638 916 5701 οὓς
957 5621 1216 5703 ἔστησαν,
1253 5624 1343 5705 Vt,
1372 5637 1440 5703 6;
1469 5639 1517 5694 οἷ
1543 5621 1676 5700 τινες

97 5706 500 5786 προξενξάμενρξ,
527 5714 612 5767 καὶ
637 5713 1071 5786 προσευξάμενος,
1090 5710 1248 5786 ibid.;
1274 5715 1455 5786 coire,
1482 5715 1673 5786 ταῦτα,
1777 5705 2012 5786 ιη,βῇ
2113 5776 2125 5786 .
2170 5774 2205 5786 _
2259 5774 2278 5786 Δ
2448 5768 2682 5786 “LA”!

98 5763 186 5843 νίι,
211 5775 270 5843 1;
292 5763 648 5855 senatus;
668 5763 1677 5861 saga:saansaan;nam;

1804 5763 1825 5764 Π
1850 5763 1927 5855 (it)
1967 5774 2422 5851 Carol.~Dufresne
2444 5768 2722 5827 Glossario
2744 5767 2886 5832 Lat.,
2911 5779 3040 5821 voce
3062 5763 3236 5819 Camn.

596 5875 874 5940 Ps'rnon.
909 5874 1058 5939 XII.
2767 5861 2846 5927 28
