3956 6206
185 272 300 326 949

1671 269 2030 332 EPISTULA:
2041 314 2053 330 .

3400 281 3506 338 950

186 400 438 456 portatus
469 391 566 446 fuit
597 406 763 463 usque
787 392 852 448 ad
883 393 1186 465 Dauielem)
1217 395 1294 450 sic
1323 407 1409 449 me
1436 393 1672 463 judicavi
1717 392 1784 448 ad
1811 395 1868 454 Α
1893 403 1950 446 ιιι
1975 399 2114 463 quos
2147 394 2478 463 persuadere
2509 403 2616 449 non
2643 397 2880 465 poterat,
2915 397 2970 450 vi
2999 401 3055 450 et
3097 400 3366 464 pelestate
3394 404 3507 452 ter-

186 497 292 538 vos
323 485 676 553 pervenisse,
705 485 832 540 dum
857 494 884 522 ⁸
919 487 1254 556 singulorum
1299 487 1508 541 litteras
1554 487 1793 557 accipio,

185 578 437 646 dumque
468 588 686 634 sanctos
717 581 922 635 amicos
964 591 1182 636 vestros
1209 591 1262 635 et
1291 595 1537 636 atnorem
1568 581 1622 635 in
1663 582 1800 636 scri-

185 673 301 742 ptis
333 672 533 726 vestris
562 686 847 741 percurro.

269 763 335 817 ll.
377 764 742 818 Miscebantur
790 765 924 819 mihi
976 779 1098 819 cum
1147 765 1350 835 gaudio
1397 765 1692 837 lacrymae:
1745 773 1801 819 et

184 859 386 913 avidus
435 857 503 911 ad
553 857 840 928 legendum
895 858 1108 914 animus
1150 863 1506 930 occupatione
1537 859 1796 931 laeryma-

186 968 318 1006 rttm
355 953 664 1008 tenebatur.
699 953 766 1007 Et
792 964 947 1009 erant
979 963 1206 1025 utraque
1237 955 1563 1019 necessaria,
1596 965 1653 1009 ut
1683 955 1796 1008 sin-

185 1049 303 1118 guli
336 1061 531 1102 sensus
563 1048 615 1102 in
650 1047 754 1102 hoc
781 1049 1242 1118 complementum
1275 1049 1529 1104 desiderii
1577 1063 1671 1103 sua
1715 1047 1798 1103 di-

185 1141 445 1196 lectionis
473 1140 648 1195 officia
683 1152 946 1211 cuperent
987 1145 1308 1211 praevenire.
1338 1142 1430 1198 Sic
1460 1157 1554 1212 per
1585 1142 1704 1196 dies
1744 1143 1796 1196 in

185 1239 554 1304 occupatione
606 1236 702 1290 hac
750 1237 1030 1291 vobiscum
1086 1253 1170 1291 me
1218 1237 1470 1292 famulari
1505 1236 1796 1306 judicans,

186 1330 508 1399 praeteritos
552 1330 768 1385 labores
817 1329 1185 1385 obiiviscehar
1215 1347 1227 1382 ;
1254 1329 1325 1383 ita
1377 1330 1520 1384 enim
1563 1329 1800 1398 undique

184 1421 612 1476 circumdabant
640 1438 726 1478 me
752 1422 977 1493 gaudia,
1014 1423 1137 1477 hinc
1167 1423 1413 1477 stabilem
1447 1422 1603 1477 fidem
1626 1465 1639 1490 ,
1673 1421 1801 1476 hinc

187 1514 547 1569 dilectionem
571 1557 584 1578 ,
618 1515 746 1570 hinc
774 1516 1006 1571 fructum
1056 1516 1420 1588 porrigentis;
1453 1523 1514 1570 ut
1543 1517 1594 1570 in
1638 1519 1719 1570 tot
1747 1522 1802 1570 et

187 1607 362 1660 tantis
410 1605 741 1661 constitutus
794 1607 980 1674 bonis,
1030 1609 1212 1662 subito
1279 1623 1393 1672 me,
1446 1617 1505 1660 ιιι
1549 1607 1800 1676 superius

185 1697 332 1762 dixi,
364 1714 472 1752 non
506 1700 556 1753 in
587 1698 822 1766 exsilio,
851 1699 946 1754 sed
978 1699 1257 1754 vobiscum
1305 1713 1426 1753 esse
1469 1696 1794 1768 judicarem.

1898 493 2066 540 reret.
2097 487 2459 558 Congregavit
2490 488 2673 554 itaque
2703 495 2930 543 suorum
2963 487 3391 557 multitudinem,
3415 491 3508 560 qui

1899 594 1997 634 nos
2028 579 2095 634 ad
2124 580 2398 634 officinam
2425 579 2762 635 infidelitatis
2784 593 2898 634 sum
2918 581 3136 651 rapiunt
3157 587 3212 637 et
3237 582 3464 637 eludunt
3490 597 3504 636 :

1895 679 1952 726 et
1987 681 2152 726 totam
2188 673 2324 727 ltanc
2366 681 2686 742 potestatem
2733 673 2988 728 traditam
3020 673 3121 729 sibi
3166 674 3232 729 ab
3266 679 3507 745 Impera-

1900 775 2021 820 tore
2045 765 2253 820 dicunt.
2287 764 2384 819 His
2412 779 2543 836 ergo
2567 765 2734 820 multa
2765 765 3073 820 dicentibus
3102 775 3158 820 et
3187 765 3255 821 de
3283 780 3378 821 sua
3409 781 3505 836 po-

1902 868 2098 914 testate
2147 858 2526 928 gloriantibus,
2585 859 2640 912 in
2691 859 2790 912 hoc
2841 858 2948 912 illis
2997 857 3289 913 ostendere
3336 857 3504 923 volui,

1901 954 2024 1022 quia
2058 953 2191 1006 nihil
2223 962 2380 1007 erant
2406 968 2527 1024 qum
2555 961 2830 1022 poterant,
2859 951 2988 1006 dum
3018 963 3202 1007 tacens
3230 961 3289 1008 ut
3327 955 3510 1008 carni.

1903 1044 2092 1099 ficibus
2133 1060 2332 1116 corpus
2360 1044 2582 1110 tradidi,
2629 1045 2774 1114 quod
2809 1045 3071 1100 Dominus
3099 1044 3316 1100 dicebat
3347 1059 3508 1115 posse

1903 1137 1953 1190 in
1988 1136 2459 1206 persecutionibus
2486 1136 2648 1192 tradi.
2681 1137 2853 1206 Quam
2885 1139 3060 1192 libero
3091 1148 3274 1193 autem
3308 1137 3504 1194 fuerim

1900 1230 2103 1293 animo,
2132 1231 2259 1284 dum
2288 1231 2357 1284 ab
2381 1230 2510 1300 ipsis
2543 1230 2740 1299 patior,
2777 1239 2833 1284 et
2864 1231 3134 1297 recludor,
3167 1239 3223 1285 et
3251 1245 3348 1301 per
3371 1247 3505 1302 qua-

1902 1322 2144 1376 triduum
2170 1336 2380 1388 servor,
2414 1332 2470 1377 et
2498 1322 2843 1377 diversorum
2868 1322 3271 1392 increpationes
3293 1333 3349 1380 et
3377 1339 3505 1394 per-

1903 1416 2187 1470 suasiones
2235 1417 2399 1470 audio
2439 1417 2537 1470 :in
2581 1416 2684 1471 hoc
2726 1416 2964 1482 ostendi,
3015 1419 3141 1486 quia
3192 1433 3292 1474 nec
3343 1434 3508 1474 unum

1901 1524 2213 1565 sermonem
2237 1510 2370 1565 dixi.
2394 1509 2610 1566 Addere
2633 1511 2920 1566 voluerunt
2947 1511 3014 1566 ad
3039 1512 3302 1567 malitiam
3325 1525 3502 1580 suam,

1904 1611 2019 1657 uta
2054 1619 2138 1658 me
2170 1613 2450 1660 cessarent
2478 1604 2694 1671 fratres,
2731 1604 2782 1659 id
2813 1616 2920 1671 est,
2958 1607 3266 1676 presbyteri
3308 1617 3364 1662 et
3393 1608 3511 1663 dia-

1903 1697 2056 1762 coni;
2089 1696 2184 1751 sed
2223 1704 2277 1751 et
2305 1709 2536 1752 Caeteros
2563 1696 2826 1752 dicebant
2855 1710 2915 1751 se
2961 1711 3085 1751 esse
3108 1697 3506 1767 prohibituros,

187 1790 420 1848 Gaudeo
453 1794 656 1862 itaque,
687 1791 887 1847 fratres
919 1792 1227 1847 charissimi
1251 1833 1266 1857 ,
1301 1791 1369 1847 de
1417 1790 1524 1845 fide
1570 1800 1746 1845 vestra
1781 1807 1793 1844 :
1825 1788 1876 1850 B
1904 1807 1970 1846 ne
2000 1791 2066 1845 ad
2101 1808 2188 1847 me
2223 1792 2568 1849 accederent.
2604 1791 2743 1862 Ego,
2777 1805 2844 1846 ne
2874 1792 2942 1846 ab
2983 1792 3280 1848 infidelium
3329 1795 3508 1848 mani-

185 1884 413 1956 gaudeo
455 1884 524 1939 de
562 1885 740 1940 salute
787 1901 907 1953 qua:
949 1885 1108 1939 fidem
1151 1885 1441 1955 sequitur:
1475 1883 1688 1952 gaudeo
1731 1882 1800 1938 de

187 1978 494 2044 fruetihns,
526 1977 671 2047 quod
724 1993 830 2031 non
898 1978 1078 2032 solum
1132 1977 1243 2032 illic
1278 1976 1590 2041 constituti,
1619 1976 1714 2032 sed
1747 1986 1801 2032 et

185 2072 354 2142 longe
401 2072 644 2142 pergitis.
682 2070 748 2126 Ut
777 2071 924 2125 enim
957 2071 1196 2141 agricola
1237 2070 1420 2124 arbori
1451 2070 1606 2124 home
1646 2071 1797 2125 inse-

183 2165 301 2219 ruit
331 2163 409 2219 illi
431 2206 445 2230 ,
477 2178 599 2233 qua:
626 2162 894 2218 fructuum
939 2178 1099 2218 causa
1133 2179 1238 2216 non
1293 2162 1529 2216 securim
1561 2162 1761 2232 patitur
1782 2203 1796 2225 ,

186 2271 301 2312 non
334 2254 548 2326 ignibus
574 2256 946 2326 mancipatur;
980 2256 1052 2310 ita
1085 2266 1141 2310 et
1171 2271 1271 2309 uos
1299 2263 1497 2310 vestrae
1527 2255 1797 2310 sanctitati

185 2365 302 2404 non
333 2349 509 2404 solum
543 2349 824 2403 servitium
855 2347 1152 2403 secundum
1183 2362 1404 2402 carnem
1444 2347 1696 2402 volumus
1743 2353 1801 2401 et

182 2443 446 2513 cupimus
475 2441 776 2506 exhibere,
806 2440 902 2495 sed
950 2442 1162 2494 animas
1210 2449 1425 2493 nostras
1475 2453 1573 2508 pro
1620 2446 1798 2493 vestra

184 2538 374 2592 salute
405 2535 743 2606 impendere.
779 2535 1112 2590 Extendistis
1134 2575 1148 2598 ,
1184 2540 1244 2587 ut
1271 2532 1384 2586 disi
1406 2573 1420 2598 ,
1455 2531 1644 2586 firmos
1675 2545 1797 2586 cum

183 2630 370 2685 fructu
402 2645 584 2684 ramos
608 2673 624 2696 ,
656 2639 711 2684 et
741 2644 838 2699 per
865 2637 976 2682 tam
1012 2629 1171 2698 longa
1223 2636 1494 2681 terrarum
1525 2625 1698 2694 spatia
1729 2625 1799 2679 ad

185 2739 278 2776 me
313 2723 622 2793 pertingere
650 2722 955 2776 laborastis.
987 2720 1210 2776 Gaudeo
1238 2718 1506 2789 agricola,
1538 2727 1593 2772 et
1620 2717 1798 2774 libens

185 2815 214 2852 ιλ
244 2818 414 2871 vestri
464 2816 663 2869 laboris
707 2828 868 2885 poma
897 2814 1163 2884 decerpo,
1196 2813 1320 2883 quia
1371 2821 1578 2866 tantum
1620 2811 1798 2866 facere

185 2907 439 2962 voluistis
464 2927 477 2960 :
503 2923 602 2962 nec
621 2907 794 2962 solum
816 2921 938 2976 ego,
961 2906 1048 2960 vel
1066 2905 1158 2975 qui
1182 2919 1393 2959 mecum
1423 2911 1549 2958 sunt
1569 2903 1798 2958 sanctis-

185 3000 314 3055 simi
350 3002 518 3054 n0stri
570 3000 872 3070 presbyteri
900 3009 956 3054 et
985 2999 1199 3054 diaconi
1239 2998 1324 3052 vel
1357 2997 1542 3052 cmteri
1577 2996 1794 3060 fratres,

184 3094 286 3148 sed
339 3105 392 3148 et
440 3107 630 3148 omnes
681 3093 772 3161 qui
821 3091 1198 3146 desiderantes
1245 3103 1460 3145 sumus.
1517 3088 1792 3158 liepiesds

1904 1883 2024 1950 bus,
2064 1885 2148 1939 vel
2194 1885 2376 1954 potius
2417 1894 2882 1955 trausgressorum
2909 1885 3077 1956 (quod
3109 1884 3354 1941 deterius
3395 1885 3505 1956 est)

1904 1977 2230 2045 infidelium,
2268 1988 2323 2032 ut
2355 1979 2653 2048 Apostolus
2683 1979 2835 2043 dicit,
2879 1977 3268 2034 manducarem
3296 1980 3506 2045 cibum,

1904 2069 2148 2123 libellum
2179 2069 2244 2122 ad
2273 2069 2424 2137 ipsos
2455 2069 2558 2125 hoc
2590 2085 2743 2125 more
2773 2069 2876 2124 feci
2903 2089 2915 2123 :

1986 2176 2333 2221 exuunt.“
2359 2175 2608 2222 unum
2651 2177 2838 2223 non
2875 2177 2960 2223 an
2989 2169 3444 2225 partispartes:

2522 2282 2656 2326 CUM
2693 2282 2857 2326 SUIS.

1905 2367 2104 2423 Servus
2138 2366 2228 2421 Dei
2265 2361 2533 2421 Eusebius
2556 2381 2678 2421 cum
2716 2368 2998 2421 conservis
3027 2365 3140 2423 Suis
3169 2367 3262 2438 qui
3289 2381 3504 2424 mecum

1977 2459 2098 2541 fidei
2155 2475 2314 2513 causa
2371 2459 2650 2526 laborant,
2684 2454 2713 2496 ἀ
2745 2453 3066 2530 Patrophiio
3113 2460 3328 2516 custodi
3380 2471 3503 2517 cum

1973 2545 2109 2585 SUIS.

1974 2622 2062 2678 ιν.
2105 2625 2378 2690 Qua°me
2413 2625 2461 2678 vi
2507 2623 2801 2679 multorum
2848 2633 2903 2679 et
2931 2623 3118 2681 furore
3168 2635 3278 2682 non
3327 2626 3506 2682 solum

1902 2723 2134 2769 tractum
2179 2729 2275 2784 per
2302 2725 2528 2780 terram,
2573 2715 2668 2770 sed
2717 2715 2990 2770 interdum
3032 2717 3235 2773 nudato
3272 2726 3506 2788 corpore

1901 2810 2156 2878 supinum
2209 2811 2463 2876 portastis
2495 2808 2564 2862 de
2609 2810 2710 2862 hoc
2758 2807 2994 2878 hospitio
3034 2811 3176 2879 quod
3228 2801 3358 2864 mihi
3409 2819 3505 2880 per

1901 2911 2112 2953 vestros
2133 2909 2187 2954 et
2211 2912 2439 2969 agentes
2468 2901 2520 2954 in
2545 2901 2710 2955 rebus
2737 2899 2990 2968 dedistis,
3015 2918 3046 2956 e
3066 2915 3177 2972 quo
3207 2911 3502 2975 numquam

1901 2991 2002 3046 nisi
2035 3005 2211 3047 vestra
2241 2993 2498 3047 violentia
2529 3006 2785 3062 egressus
2831 3008 2984 3059 sum;
3017 3005 3070 3049 et
3103 2996 3246 3050 Deus
3291 2999 3418 3065 scit,
3448 2999 3504 3054 et

1898 3089 2088 3143 civitas
2121 3090 2290 3154 novit,
2324 3103 2425 3143 nec
2458 3102 2554 3143 vos
2581 3087 2668 3142 hic
2689 3098 2746 3142 et
2775 3090 2828 3142 in
2861 3087 3047 3142 futuro
3076 3103 3280 3160 negare
3311 3101 3498 3160 potes-

187 3186 336 3241 enim
359 3227 374 3251 ,
409 3195 466 3240 ut
516 3185 810 3255 Apostolus
855 3185 1207 3240 beatissimus
1249 3184 1380 3238 dicit
1426 3182 1446 3254 (
1470 3181 1696 3236 Philem.
1729 3181 1791 3252 7;,
1823 3175 1870 3240 C
1903 3181 1989 3234 tis.
2015 3179 2140 3235 Ideo
2165 3181 2272 3235 Deo
2299 3194 2517 3235 causam
2548 3193 2790 3246 reservo,
2822 3189 2881 3234 ut
2903 3181 3362 3248 quemadmodum
3385 3182 3502 3254 ipse

184 3277 321 3350 20t),
355 3281 566 3334 viscera
601 3294 721 3334 mea
770 3294 892 3333 cum
924 3279 1244 3347 complestis
1289 3276 1539 3331 mandata
1570 3275 1756 3330 divina
1777 3313 1793 3340 ,

187 3393 315 3446 quae
345 3387 367 3414 ο
395 3375 682 3445 complere
728 3375 956 3430 decebat
999 3372 1344 3428 Christianos
1389 3371 1440 3425 in
1474 3370 1795 3441 episcopum

185 3470 275 3526 vel
325 3469 726 3525 ecclesiasticos
775 3469 954 3532 viros,
980 3481 1118 3537 quos
1164 3467 1217 3520 in
1259 3464 1452 3520 exsilio
1482 3463 1604 3517 ﬁdei
1632 3477 1795 3517 causa

187 3561 367 3615 nostis
412 3559 682 3615 laborare.
714 3559 1044 3628 Complestis
1093 3575 1214 3628 quae
1265 3557 1553 3626 Oportebat
1599 3556 1798 3610 fratres

188 3653 454 3710 fratribus
500 3653 696 3718 facere,
749 3664 805 3708 et
858 3653 996 3721 patri
1030 3652 1174 3706 filios
1216 3651 1495 3706 exhibere.
1527 3650 1632 3705 Sed
1673 3665 1797 3704 cum

188 3762 297 3802 nos
336 3746 634 3802 secundum
684 3745 935 3800 mandata
982 3745 1199 3810 divina,
1242 3743 1392 3800 vobis
1441 3743 1684 3798 volentes
1729 3743 1799 3798 de

189 3841 433 3897 terrenis
459 3842 731 3908 caelestes,
765 3839 834 3894 de
859 3839 1081 3894 caducis
1107 3837 1336 3893 stabiles
1364 3879 1377 3904 ,
1405 3837 1473 3893 de
1514 3837 1798 3908 frsgilibus

185 3933 558 4002 sempiternos
607 3929 818 3985 fructus
868 3929 1078 3993 facere;
1107 3929 1376 3996 capimus
1423 3942 1520 3996 per
1559 3925 1799 3981 necessi-

188 4037 361 4082 tatem
407 4028 678 4095 patientes
726 4025 972 4096 quotidie
1017 4023 1308 4078 seminare.
1362 4020 1681 4076 Gaudebant
1729 4019 1799 4074 de

189 4120 402 4176 vestris
431 4119 696 4174 fructibus
735 4132 1040 4187 pauperes:
1073 4113 1450 4186 glorificabant
1477 4114 1648 4168 Deum
1689 4129 1796 4168 non

186 4213 372 4268 solum
417 4211 654 4266 civitatis
701 4209 870 4279 ipsius
899 4209 1148 4263 homines
1171 4248 1186 4276 ,
1217 4205 1312 4262 sed
1359 4216 1413 4260 et
1442 4221 1632 4260 omnes
1666 4223 1679 4260 :
1707 4205 1798 4275 qui

188 4315 375 4359 autem
424 4303 611 4357 videre
645 4311 966 4371 potuerunt,
1000 4316 1162 4372 quant
1193 4315 1403 4353 mecum
1451 4299 1798 4353 dilectionem

190 4395 510 4459 haberetis,
538 4411 607 4450 ex
651 4394 788 4465 ipsis
818 4392 1086 4448 fructibus
1133 4392 1385 4447 videntes
1427 4389 1802 4459 glorificabant

191 4490 392 4554 Deum,
421 4497 480 4544 et
506 4487 657 4542 omni
691 4503 790 4542 nos
811 4485 1020 4541 honore
1045 4500 1171 4540 cttm
1198 4494 1378 4540 vestra
1413 4484 1802 4539 benedictione

190 4582 578 4637 nominabant.

267 4675 356 4729 ιιι.
399 4673 603 4730 Videns
635 4674 736 4728 hoc
782 4672 1034 4727 diabolus
1069 4670 1441 4725 innocentium
1473 4668 1646 4724 hostis
1671 4709 1686 4736 ,
1713 4668 1802 4738 ju-

190 4770 367 4826 stitia:
414 4769 661 4824 inimicus
685 4810 699 4834 ,
735 4767 1041 4822 contrarius
1073 4765 1235 4828 fidei,
1265 4764 1389 4834 quia
1421 4765 1472 4818 in
1505 4763 1609 4818 hoc
1633 4778 1802 4832 opere

192 4861 626 4917 henedicebatur
688 4861 864 4922 Deus,
918 4856 1270 4912 inflammavit
1333 4856 1624 4910 adversum
1700 4863 1801 4910 nos

192 4954 572 5011 Arionianitas
616 4968 780 5016 suos,
812 4953 902 5022 qui
928 4953 1039 5020 jam
1083 4951 1242 5020 longo
1271 4958 1516 5019 tempore
1558 4949 1803 5018 suspira-

195 5051 329 5104 bant
377 5061 484 5102 non
512 5048 694 5101 solum
740 5046 804 5100 de
837 5045 942 5101 hoc
967 5060 1170 5114 opere,
1199 5043 1293 5099 sed
1336 5044 1486 5099 etde
1531 5060 1629 5098 sua
1677 5044 1800 5097 infi-

195 5143 421 5198 delitate
465 5141 532 5195 ad
564 5156 724 5210 quam
775 5156 872 5193 nos
923 5138 1252 5209 persuadere
1301 5152 1406 5193 non
1436 5147 1718 5208 poterant,
1745 5154 1803 5196 ut

196 5239 530 5292 exsisterent
561 5236 818 5299 violenti;
851 5250 1001 5291 more
1033 5235 1132 5290 hoc
1154 5251 1261 5306 quo
1283 5251 1501 5305 semper
1540 5249 1621 5293 eat
1649 5253 1800 5304 usus,

275 5361 300 5385 τι
331 5349 418 5403 Ai.
447 5347 588 5402 Dum
627 5357 795 5402 autem
827 5348 1269 5418 singulorum.....
1291 5350 1655 5418 miscebantur,
1687 5364 1794 5410 etc.

200 5427 482 5482 GALLAND.

275 5496 302 5534 ι)
330 5493 416 5548 ΑΙ.
454 5490 640 5545 Nostri
663 5491 766 5546 (ab.
799 5491 872 5546 In.

279 5579 299 5604 ε
335 5563 420 5618 ΑΙ.
451 5562 737 5626 Complere.
786 5604 796 5616 .
833 5601 846 5614 .
893 5605 905 5618 .
945 5565 1081 5616 viros
1107 5563 1264 5618 decet.
1297 5563 1370 5620 In.

273 5635 300 5676 ἀ
330 5635 445 5690 Cur
473 5634 846 5700 Patrophilum
882 5637 1137 5688 Arianum
1175 5637 1503 5703 antistitem,
1541 5641 1806 5695 custodem

209 5711 386 5782 potius
416 5721 593 5782 quam
613 5703 926 5782 episcopum
970 5706 1206 5782 appellet
1239 5705 1556 5782 _Eusebius,
1606 5713 1806 5768 videsis

205 5777 500 5850 Baronium
531 5779 598 5843 ad
627 5796 751 5837 anu.
781 5781 908 5851 556,
939 5795 1088 5836 num.
1119 5777 1207 5836 97.
1239 5778 1312 5834 in.

1901 3275 2258 3340 ordinaverit,
2289 3274 2453 3329 finem
2501 3273 2672 3344 possit
2709 3276 2980 3344 accipere.
3014 3273 3234 3330 interim
3281 3289 3368 3332 me
3399 3276 3502 3332 hoc

1900 3370 2214 3424 decrevisse
2261 3369 2446 3425 sciatis
2489 3368 2574 3440 (ut
2630 3368 2768 3422 ratio
2818 3383 2959 3422 nunc
3009 3376 3065 3424 et
3105 3369 3161 3422 in
3192 3367 3397 3436 futuro,
3444 3367 3502 3426 et

1903 3462 1992 3516 hic
2027 3461 2197 3531 possit
2238 3459 2440 3531 stare),
2475 3461 2528 3514 in
2561 3461 2795 3529 hospitio
2817 3475 2924 3530 quo
2955 3471 3042 3516 tne
3068 3461 3313 3516 clausum
3345 3469 3501 3516 tene-

1901 3556 1990 3619 tis,
2023 3557 2074 3610 in
2103 3570 2211 3625 quo
2241 3570 2328 3609 me
2359 3567 2480 3626 post
2509 3556 2738 3626 primum
2769 3559 3133 3625 portationem
3157 3556 3500 3614 retrudentes

1899 3648 2200 3716 crudelius,
2232 3649 2352 3704 ausi
2383 3649 2561 3704 fuistis
2591 3649 2718 3705 inde
2754 3649 2948 3704 eodem
2977 3650 3142 3705 modo
3174 3661 3415 3722 portare,
3445 3663 3499 3708 et

1902 3743 1953 3796 in
1988 3757 2146 3796 unam
2188 3743 2382 3798 cellam
2418 3740 2437 3780 τ
2470 3743 2721 3813 rejicere,
2770 3758 2876 3798 non
2907 3758 3105 3813 panem
3148 3745 3510 3800 manducata-

1901 3853 2018 3891 rum
2051 3852 2227 3906 neque
2259 3851 2452 3906 aquam
2485 3836 2808 3902 bibiturum,
2853 3837 2957 3891 nisi
2990 3848 3116 3893 ante
3145 3839 3344 3909 singuli
3375 3848 3500 3908 pro-

1901 3929 2028 3983 fessi
2056 3929 2290 3993 fueritis,
2321 3944 2427 3982 non
2461 3929 2638 3984 solum
2661 3928 2848 3991 verbo,
2879 3927 2972 3983 sed
2996 3939 3052 3984 et
3077 3943 3239 3984 manu
3269 3941 3367 3984 vos
3391 3937 3500 3986 non

1903 4022 2296 4092 prohibituros,
2353 4022 2547 4076 fratres
2592 4037 2744 4076 meos
2793 4021 2888 4092 qui
2936 4035 3147 4077 mecum
3205 4023 3322 4079 haec
3373 4024 3499 4081 fidei

1899 4131 2060 4171 causa
2109 4116 2342 4170 libenter
2384 4117 2682 4185 patiuntur,
2729 4115 2797 4168 de
2841 4116 3080 4182 hospitio
3117 4129 3226 4186 quo
3257 4121 3501 4183 manent,

1900 4206 2234 4262 necessarias
2258 4221 2414 4261 escas
2441 4203 2640 4259 oﬂ'erre
2663 4217 2763 4259 nec
2791 4220 2887 4259 eos
2919 4206 3007 4275 qui
3038 4220 3126 4261 me
3147 4207 3354 4278 dignati
3380 4208 3500 4265 fue~

1901 4302 2009 4355 rint
2037 4301 2332 4371 requirere.
2367 4299 2694 4370 Oportuerat
2719 4299 2939 4369 quidem
2964 4300 3118 4356 exire
3145 4301 3214 4357 de
3241 4309 3498 4370 corpore,

1904 4408 1971 4448 ne
1994 4403 2201 4447 tantutn
2241 4393 2420 4447 scelus
2444 4392 2591 4463 quod
2633 4400 2824 4447 contra
2847 4392 2938 4462 jus
2968 4393 3209 4449 divinum
3241 4401 3296 4450 et
3323 4395 3504 4466 publi-

1903 4505 2026 4542 cum
2059 4487 2431 4553 commisistis,
2464 4501 2610 4557 saepe
2642 4486 2785 4541 seire
2813 4488 3123 4543 volentibus
3166 4497 3392 4559 eogerer
3421 4489 3504 4545 di-t

1828 4557 1879 4617 D
1908 4597 2054 4636 cere.
2089 4579 2194 4635 Sed
2225 4593 2294 4634 ne
2323 4580 2442 4648 quis
2471 4579 2540 4634 de
2566 4578 2878 4635 infidelibus
2912 4591 3009 4634 vos
3039 4581 3092 4635 ln
3125 4557 3282 4638 nobis
3311 4582 3506 4639 crude“

1907 4677 1990 4731 les
2014 4674 2271 4744 appellet,
2300 4682 2354 4728 et
2386 4674 2700 4744 ignorantes
2720 4673 2900 4726 divina
2937 4677 3202 4744 prtec'epta
3232 4680 3381 4746 putet
3401 4687 3502 4731 nos

1909 4765 2283 4822 confusionem
2335 4767 2511 4834 potius
2560 4764 2730 4819 vitare
2776 4765 3018 4820 noluisse
3060 4777 3221 4836 quam
3270 4767 3502 4825 Domino

1913 4876 2124 4931 parere,
2172 4859 2292 4915 ideo
2324 4859 2428 4915 hoc
2463 4861 2696 4914 voluisse
2737 4875 3068 4931 prmsumere
3098 4878 3111 4916 :
3145 4863 3339 4918 iterum
3380 4863 3506 4919 dico

1910 4956 2051 5026 quod
2086 4955 2186 5010 nisi
2219 4955 2451 5023 professi
2479 4964 2531 5009 et
2557 4955 2728 5010 verbo
2750 4963 2806 5011 et
2831 4956 3238 5027 conscriptione
3267 4958 3503 5026 fueritis,

1912 5048 2066 5102 eritis
2096 5047 2380 5101 homicidm
2411 5047 2776 5119 prohibendo.

1984 5143 2049 5197 V.
2091 5140 2252 5196 Novit
2302 5142 2403 5198 hoc
2449 5142 2794 5210 omnipotens
2842 5141 2984 5197 Deus
3035 5143 3242 5208 :fnovit
3297 5153 3352 5199 et
3391 5142 3510 5212 ejus

1913 5235 2235 5306 Unigeuitus
2278 5233 2720 5290 inenarrabiliter
2749 5235 2816 5289 de
2849 5235 2966 5304 ipso
3006 5241 3166 5290 natus
3194 5233 3384 5299 Filius,
3415 5234 3509 5306 qui

1981 5365 2004 5392 ετ
2036 5353 2137 5419 Qui
2158 5365 2236 5403 me
2257 5349 2310 5402 in
2340 5348 2623 5402 multorum
2651 5352 2824 5418 furore
2851 5365 2951 5402 non
2978 5349 3146 5403 solum
3169 5358 3390 5402 tractum
3417 5368 3508 5420 per

1909 5438 2120 5490 terram,
2143 5423 2232 5476 sed
2256 5423 2514 5474 interdum
2541 5424 2736 5473 nudato
2783 5435 2998 5488 corpore
3033 5421 3274 5491 supinum
3304 5432 3509 5491 portas-

1911 5499 1996 5559 tis,
2022 5498 2085 5550 de
2108 5487 2210 5546 Ἰιοε
2241 5493 2464 5560 hospitio
2491 5492 2628 5558 quod
2668 5491 2797 5543 mihi
2848 5487 2938 5558 per
2979 5487 3174 5544 vestros
3207 5487 3411 5558 agentes
3454 5487 3512 5546 in

1909 5570 2061 5623 rebus
2088 5565 2323 5624 dedistis.
2366 5580 2444 5615 me
2479 5577 2755 5628 numquam
2799 5561 2900 5614 nisi
2927 5577 3045 5613 cum
3075 5568 3241 5612 vestra
3267 5560 3509 5616 uiolentia

1912 5640 2090 5710 egredi
2124 5635 2262 5703 passi
2287 5634 2475 5704 fuistis.
2503 5630 2569 5684 Et
2605 5629 2744 5682 Deus
2771 5632 2890 5694 scit,
2921 5643 3028 5684 etc.
3055 5630 3229 5684 Minus
3255 5638 3425 5699 recte,
3451 5637 3512 5689 ut

1914 5711 2196 5851 “ieii'ga
2223 5771 2488 5832 Baronius
2517 5783 2640 5828 cum
2665 5770 2742 5828 al.
2771 5768 3005 5840 reﬁcere.
