3956 6206
453 210 551 263 951

1557 205 1804 262 SANCTI
1846 204 2117 261 EL'SEBII
2162 205 2683 262 VERCELLENSIS

3667 206 3783 263 952

454 324 648 378 salutis
696 335 897 378 nostra:
927 338 1086 377 causa
1122 322 1263 375 Deus
1314 323 1663 391 sempiterna:
1708 321 1922 375 virtutis
1956 321 2051 374 ho-
2084 324 2133 380 Α
2162 321 2539 380 deﬁcientibus
2570 325 2753 389 nobis,
2784 325 2915 380 olim
2949 340 3072 379 cum
3101 326 3244 381 victu
3278 326 3467 379 venire
3496 324 3781 394 permise-

455 419 659 471 minem
708 416 1009 483 perfectum
1039 415 1237 477 induit,
1274 416 1381 483 pati
1414 417 1609 477 voluit,
1661 424 1835 468 morte
1866 416 2055 467 trium—

454 513 619 582 phata
657 513 820 565 tertio
850 511 940 564 die
972 512 1295 573 resurrexit,
1335 510 1401 563 ad
1433 511 1713 565 dexteram
1747 511 1919 564 Patris
1964 525 2053 563 se-

453 606 569 669 det,
614 616 871 659 venturus
909 605 1153 673 judiczire
1184 604 1333 657 vivus
1378 613 1433 659 et
1480 615 1725 658 mortuus
1760 624 1772 656 :
1811 605 1959 656 novit
2001 613 2054 658 et

457 707 691 775 Spiritus
720 714 941 758 sanctus
968 723 980 757 :
1013 704 1166 759 testis
1210 713 1293 757 est
1339 704 1580 757 Ecclesia
1614 704 1903 767 catholica,
1933 718 2055 772 qua:

450 801 530 854 sic
555 801 847 852 confitetur
870 814 882 849 :
907 798 1032 866 quia
1064 813 1167 850 non
1194 812 1294 865 ego
1318 797 1369 849 in
1395 813 1481 850 me
1512 812 1638 849 reus
1662 810 1775 855 ero,
1808 794 1903 848 Sed
1934 810 2053 861 vos,

452 894 543 961 qui
576 905 874 945 conservos
901 905 1051 943 meos
1094 892 1401 944 necessaria
1435 890 1842 942 ministraturos
1872 887 2053 956 prul.i-

452 984 582 1037 here
612 983 877 1035 voluistis.
914 983 979 1035 Et
1006 984 1048 1035 si
1080 982 1181 1035 hoc
1210 982 1552 1050 paraveritis,
1578 997 1672 1033 vos
1701 982 1901 1035 debere
1924 996 2055 1034 con-

448 1088 699 1131 temnere
729 1096 741 1129 :
779 1094 884 1129 non
908 1076 1062 1145 quasi
1096 1088 1325 1129 mortem
1358 1076 1665 1141 timenti-tn,
1700 1076 1795 1128 sed
1836 1090 1903 1129 ne
1936 1086 2055 1141 post

443 1185 730 1223 excessum
765 1186 945 1221 meum
978 1168 1173 1222 dicatis
1219 1184 1304 1221 me
1343 1169 1652 1221 vuluntaria
1697 1178 1872 1219 morte
1904 1169 2055 1222 exire

452 1262 693 1315 voluisse
728 1269 783 1314 et
813 1269 837 1295 ει
868 1259 1157 1327 qnarndam
1208 1259 1367 1313 nobis
1402 1260 1655 1313 nebulam
1690 1260 2056 1313 accusationis

448 1357 737 1410 inveniatis
770 1366 1207 1408 :conventurum
1240 1371 1326 1409 me
1365 1356 1562 1408 scitetc
1596 1354 1893 1417 Ecclesias,
1920 1373 2056 1424 quas

452 1447 481 1487 Β
510 1449 708 1503 δίωξίς
740 1450 955 1501 interim
992 1449 1186 1501 litteris
1208 1450 1410 1514 possim
1439 1448 1753 1517 pertingere
1779 1466 1792 1509 ;
1818 1463 2057 1503 comen-

454 1551 631 1596 turum
661 1552 714 1595 et
740 1541 833 1595 Dei
866 1556 1078 1604 servos,
1121 1552 1175 1594 ut
1210 1542 1261 1593 in
1309 1543 1439 1607 ipsis
1464 1544 1938 1606 Concurrentihus,
1967 1560 2057 1595 or-

450 1636 537 1690 bis
579 1644 874 1697 terrarum,
918 1634 1045 1702 quid
1087 1634 1218 1688 fides
1263 1635 1469 1704 integra
1503 1652 1623 1705 quae
1675 1637 1743 1688 ab
1788 1638 2056 1691 universis

453 1728 736 1782 catholicis
773 1729 1043 1797 episcopis
1069 1729 1422 1793 euniprobata
1464 1739 1571 1796 est,
1605 1732 1673 1782 ab
1702 1731 2057 1785 Ariomanitis

454 1822 693 1889 patiatur
718 1834 855 1886 quos
881 1831 1006 1873 ante
1033 1820 1330 1883 damnavit,
1366 1825 1541 1887 possit
1576 1836 1895 1891 agnoscere.
1928 1822 2055 1878 ltem

456 1910 757 1979 subscrip~i
787 1926 887 1981 ego
920 1912 1181 1965 Eusebius
1212 1915 1521 1983 episcopus.

529 2005 735 2073 Adjnro
766 2015 817 2059 te
848 2006 938 2074 qui
974 2005 1071 2059 has
1092 2006 1301 2060 litteras
1326 2008 1542 2076 legeris,
1579 2024 1673 2076 per
1700 2008 1937 2074 Patrem,
1973 2008 2059 2062 Fi-

454 2097 587 2151 lium
619 2107 673 2151 et
721 2096 985 2167 Spiritum
1029 2109 1302 2166 sanctum,
1338 2111 1397 2154 ut
1443 2117 1549 2155 non
1600 2104 1928 2171 supprimas,
1962 2103 2056 2157 sed

456 2190 545 2243 alii
576 2190 833 2259 legendas
863 2191 1068 2244 tradas.

532 2282 621 2336 V'l.
668 2283 729 2335 lli
753 2298 885 2352 ergo
912 2285 1000 2337 vix
1034 2295 1225 2353 quarta
1250 2285 1338 2340 die
1370 2286 1434 2340 ad
1466 2286 1607 2341 hunc
1634 2286 1873 2342 libellum
1906 2299 1927 2326 ε
1956 2288 2057 2341 mi-

458 2375 632 2443 tigati,
661 2374 881 2443 jejunus
911 2376 977 2428 ad
1009 2376 1303 2443 hospitium
1362 2379 1414 2431 in
1467 2394 1574 2447 quo
1630 2395 2013 2435 manseramus
2038 2422 2054 2447 ,

457 2476 736 2521 revertere
760 2482 860 2521 nos
886 2470 1290 2537 cumpulerunt.
1321 2471 1583 2525 Viderunt
1607 2474 1840 2537 interea,
1866 2492 2056 2542 quem-

457 2560 753 2615 admodum
788 2577 888 2615 nos
910 2576 1251 2618 revertentes
1280 2567 1463 2635 populi
1486 2582 1607 2621 cum
1638 2570 1838 2638 gaudio
1868 2585 2055 2625 susce-

460 2660 679 2719 perunt.
728 2652 994 2709 Lucernis
1046 2664 1289 2709 nostrum
1336 2657 1629 2724 liOSpitiuni
1679 2662 2055 2716 circumdede-

458 2756 605 2801 runt.
640 2745 919 2817 Cmpimus
965 2760 1239 2804 annuente
1272 2752 1500 2805 Domino
1534 2753 1729 2807 iterum
1773 2756 2057 2824 egentibus

455 2842 794 2896 ministrare.
825 2841 941 2896 Non
977 2842 1081 2897 hoc
1111 2845 1370 2899 sustinuit
1394 2846 1634 2915 ipsorum
1668 2847 2052 2915 inhumanitas,

455 2942 513 2987 et
544 2946 789 2989 nostrum
822 2952 1064 2991 amorem
1116 2939 1166 2992 in
1218 2954 1375 2993 suum
1404 2940 1587 2993 odium
1612 2938 1637 2976 ἀ
1682 2943 2052 3009 perdiderunt.

456 3027 557 3083 Vix
589 3030 703 3084 fere
729 3032 920 3100 viginti
948 3043 1002 3086 et
1028 3032 1269 3103 quinque
1311 3034 1545 3089 tolerare
1574 3046 1875 3106 potuerunt
1913 3040 2050 3092 dies.

456 3124 762 3193 Erumpunt
788 3126 992 3193 denuo,
1016 3136 1069 3181 et
1096 3142 1216 3181 cum
1249 3128 1457 3197 perdita
1490 3134 1777 3185 multorum
1805 3148 1964 3187 manu
1988 3134 2054 3188 ad

456 3228 704 3269 nostrum
765 3219 1057 3287 hospitium
1111 3222 1333 3275 veniunt
1393 3225 1584 3277 armati
1637 3224 1906 3293 fustibus,
1963 3244 2059 3298 per

458 3307 635 3361 aliena
678 3310 918 3363 claustra
961 3313 1221 3379 parietem
1254 3328 1533 3385 rumpunt,
1568 3327 1621 3372 et
1651 3318 1716 3371 ad
1755 3334 1856 3373 nos
1890 3330 1912 3356 ε
1944 3322 2060 3375 vio-

456 3399 590 3453 lenti
624 3404 971 3467 perveniunt.
1001 3403 1199 3458 lterum
1245 3408 1483 3475 rapiunt,
1512 3420 1565 3463 et
1594 3410 1646 3463 in
1672 3412 1909 3466 aretiore
1936 3430 2061 3468 cus-

456 3492 604 3548 todia
628 3508 749 3547 cum
782 3497 898 3549 solo
927 3498 1250 3553 charissima
1273 3500 1509 3570 'l‘egrino
1539 3506 1860 3575 presbytero
1885 3509 2061 3562 reclu-

460 3587 618 3640 dunt.
653 3586 883 3641 Nostros
912 3604 1129 3658 quoque
1158 3591 1375 3657 fratres,
1421 3594 1473 3647 id
1502 3605 1586 3649 est
1628 3600 1981 3669 presbyteros
2007 3612 2062 3655 et

460 3679 724 3732 diaconos
755 3697 944 3735 omnes
978 3684 1191 3750 rapiunt
1238 3695 1293 3737 et
1335 3686 1635 3741 includunt.
1668 3688 1793 3743 Post
1822 3692 2059 3747 triduum

458 3780 731 3842 potestate
761 3787 854 3825 sua
902 3788 997 3842 per
1025 3775 1140 3827 loca
1173 3774 1393 3829 diversa
1434 3778 1486 3832 in
1518 3781 1770 3834 exsilium
1818 3784 2056 3837 mittunt.

458 3865 613 3919 Alios
639 3864 835 3920 fratres
858 3868 946 3935 qui
980 3868 1045 3921 ad
1078 3884 1176 3923 nos
1210 3884 1472 3925 venerant
1505 3873 1825 3937 visitandus,
1855 3877 1905 3929 in
1938 3892 2057 3931 car-

459 3971 587 4012 cere
620 3959 834 4026 pnhlico
866 3960 1105 4024 mittunt,
1141 3976 1235 4029 per
1264 3962 1525 4031 plurimos
1564 3964 1681 4020 dies
1709 3968 1953 4022 reclusus
1982 3980 2061 4023 te-

460 4058 611 4103 neut.
647 4051 980 4106 Advolantes
1009 4054 1203 4107 ilermn
1248 4055 1314 4107 ad
1362 4056 1679 4126 hOSpitium,
1715 4061 1895 4112 omnia
1938 4076 2060 4130 qua:

458 4152 551 4197 aut
580 4144 635 4197 in
684 4154 899 4215 sumptu
942 4155 1037 4199 aut
1076 4148 1407 4216 pauperibus
1458 4152 1670 4204 fuerant
1718 4163 2057 4221 comparata,

465 4234 482 4271 ί
515 4236 760 4291 diruunt.
805 4238 911 4293 Sed
964 4239 1089 4307 quia
1125 4240 1227 4293 hoc
1258 4243 1528 4309 publicum
1574 4243 1817 4312 ipsorum
1853 4246 2061 4301 facinus

457 4328 527 4381 ab
563 4330 815 4383 omnibus
843 4331 1052 4383 civibus
1097 4334 1411 4397 notabatur,
1461 4346 1783 4404 argumento
1825 4337 1928 4392 hoc
1976 4340 2057 4393 usi

456 4431 608 4483 sunt,
640 4432 697 4474 ut
721 4423 898 4491 aliqua
925 4423 1216 4478 redderent
1241 4426 1464 4493 leviora,
1496 4437 1552 4482 et
1580 4447 1639 4484 se
1668 4432 1824 4485 nobis
1868 4442 2057 4486 nostra

455 4513 1076 4583 reddidissejactarent.
1125 4518 1383 4587 Sumptus
1418 4536 1546 4575 vero
1586 4523 1728 4591 apud
1772 4540 1831 4579 se
1865 4535 2053 4579 tenue-

458 4615 587 4660 runt
622 4624 634 4658 :
666 4616 718 4659 et
747 4616 869 4675 post
900 4616 1106 4662 tantum
1130 4610 1309 4663 scelus
1346 4614 1685 4682 quaerebant,
1718 4615 1761 4669 si
1793 4617 1908 4671 fieri
1937 4633 2059 4685 pos-

458 4699 553 4762 sit,
587 4701 665 4755 sic
695 4717 917 4772 negare,
946 4711 1003 4756 ut
1032 4704 1239 4757 nullum
1272 4706 1339 4758 de
1366 4710 1502 4761 meis
1524 4710 1588 4760 ad
1622 4725 1707 4763 me
1730 4711 1915 4765 venire
1939 4728 2058 4781 per-

454 4793 756 4859 mitterent,
782 4798 869 4865 qni
894 4812 1048 4851 escas
1076 4801 1293 4867 corpori
1322 4804 1659 4856 necessarias
1694 4804 1934 4861 afferret.
1958 4806 2054 4861 Vix

452 4891 612 4937 sexta
656 4884 767 4947 die,
810 4887 1173 4942 clamantibus
1212 4890 1314 4945 sibi
1344 4893 1599 4959 diversis,
1656 4912 1818 4950 unum
1866 4900 2053 4955 venire

454 4975 843 5043 permiserunt.
870 4978 1137 5045 Quantum
1166 4982 1230 5035 ad
1254 4999 1313 5037 se
1340 4984 1463 5049 fuit,
1490 4990 1850 5043 ostenderunt
1882 4991 2056 5045 homi-

453 5067 593 5120 εἰᾶτε
624 5069 858 5135 animos;
890 5088 1046 5139 quem
1079 5074 1335 5142 primum,
1368 5094 1478 5132 nea
1503 5080 1843 5151 malignitate
1870 5100 2054 5139 cessa-

454 5169 598 5227 rent,
631 5171 824 5230 quarta
856 5162 944 5219 die
971 5163 1318 5221 dimiserunt.
1352 5170 1705 5228 Postmodum
1753 5188 1908 5232 sexta
1940 5181 2048 5243 vix,

524 5375 549 5403 ο
575 5366 659 5420 AI.
699 5365 762 5419 Et
792 5368 1068 5433 quamdam
1096 5371 1234 5423 vobis
1257 5373 1495 5428 nebulam
1523 5381 1891 5433 excusationis.

522 5436 548 5476 ι)
573 5438 659 5492 AI.
691 5436 934 5511 Ctausus.
962 5441 1103 5504 Mox,
1138 5454 1195 5495 ut
1229 5446 1355 5511 ipsis
1380 5463 1525 5500 conc.

448 5508 957 5636 netam.eMitigata.
1007 5513 1074 5567 Et
1107 5508 1269 5584 paulo
1298 5527 1423 5588 post
1458 5536 1469 5571 :
1512 5517 1760 5574 Viderunt
1804 5523 1857 5575 in
1883 5532 2041 5577 terra.

576 5597 670 5631 (ομ
714 5618 728 5631 ο

519 5618 656 5702 ε’ᾸιΪ
677 5618 1049 5709 ἳρνυῑάενιιηι.

528 5726 549 5751 ⁸
575 5720 660 5773 Al.
698 5710 956 5779 Volentes.
976 5723 1427 5795 Corruptissime.

2084 4471 2137 4530 D

2158 429 2305 469 runt.
2336 416 2462 470 llrc
2494 418 2675 485 itaqnc
2704 428 2833 471 sunt
2858 420 3321 473 Ariumanitarum
3348 434 3539 488 opera.

2232 510 2341 564 \‘ll.
2390 510 2603 573 Videte.
2636 514 2971 568 sanctissimi
3003 515 3280 573 fratres,si
3310 528 3418 566 non
3459 523 3543 567 est
3574 526 3779 581 perse—

2155 605 2321 663 cutio,
2354 604 2480 657 dum
2512 605 2625 657 hzec
2657 607 2891 673 palimur
2913 606 3187 675 quiﬁdem
3216 606 3547 660 catholicam
3574 615 3773 659 custo-

2155 696 2335 749 dimus
2370 715 2381 748 :
2412 709 2463 751 et
2494 699 2657 751 altius
2685 699 2945 767 cogitate,
2976 716 3103 752 num
3141 700 3296 753 valde
3323 701 3491 754 etiam
3516 699 3771 755 deterior

2155 789 2223 842 sit
2264 805 2424 856 quam
2476 790 2589 851 illa,
2621 806 2742 859 qua:
2775 792 2935 845 fiebat
2968 808 3063 860 per
3095 792 3191 845 bos
3219 793 3310 859 qui
3343 792 3507 845 idolis
3547 793 3771 847 servie-

2158 880 2305 934 bant.
2343 883 2417 934 llli
2453 883 2737 937 mittebant
2785 885 2837 937 in
2866 900 3158 951 carcerem,
3198 900 3305 939 non
3353 896 3537 939 tamen
3572 886 3767 954 probi-

2158 976 2358 1030 behant
2397 978 2461 1029 ad
2513 993 2573 1031 se
2618 980 2807 1032 venire
2856 994 3003 1033 suos.
3052 979 3322 1047 Quantum
3370 995 3504 1050 ergo
3541 990 3768 1033 satanas

2159 1068 2435 1124 Ecclesias
2474 1072 2839 1127 vulneraverit
2886 1088 2981 1141 per
3009 1073 3481 1128 Arionianitarum
3525 1074 3769 1128 crudeli-

2159 1167 2359 1218 tatem!
2396 1165 2450 1218 ln
2480 1167 2727 1219 cost-idin
2765 1168 2977 1235 publica
3012 1170 3251 1233 mittunt,
3284 1169 3376 1239 qui
3404 1168 3641 1222 liberare
3665 1166 3767 1220 de-

2158 1254 2307 1309 bent.
2354 1256 2681 1311 Violentiam
2717 1258 2944 1323 faciunt,
2991 1261 3083 1329 qui
3130 1275 3184 1313 ut
3226 1264 3505 1330 patiantur
3530 1261 3761 1329 justitia:

2158 1364 2319 1403 causa
2348 1352 2583 1405 discunt.
2637 1353 2829 1406 Aliena
2860 1354 3143 1423 diripiunt,
3172 1356 3261 1421 qui
3302 1369 3399 1407 sua
3442 1355 3653 1423 direpta
3694 1369 3762 1409 ne

2158 1453 2429 1510 repetant,
2462 1444 2529 1497 de.
2561 1444 2747 1498 divina
2786 1447 2903 1515 lege
2932 1447 3217 1501 ducentur.
3252 1447 3531 1502 Prmtereo
3558 1456 3763 1517 quanta

2161 1535 2281 1587 illus
2314 1537 2510 1588 invasit
2535 1537 2853 1601 crudelitas,
2896 1538 3022 1591 dum
3060 1538 3408 1592 facultatibus
3448 1539 3763 1608 temporali-

2162 1627 2264 1679 bus
2290 1630 2547 1698 gaudent.
2599 1629 2651 1682 ln
2686 1646 2905 1684 carcere
2932 1631 3231 1685 latronibus
3278 1632 3485 1685 clausis
3525 1648 3554 1685 a
3584 1648 3761 1700 φηθε-

2090 1703 2132 1761 Β
2163 1721 2412 1773 tiunariis
2464 1722 2547 1774 vel
2604 1737 2634 1776 a
2686 1724 2963 1791 judieibus
3019 1741 3124 1776 non
3171 1724 3481 1792 denegatur
3532 1723 3761 1778 facultas

2158 1812 2379 1865 videndi
2432 1828 2562 1867 suos
2618 1832 2630 1866 :
2677 1832 2703 1866 a
2761 1816 2920 1869 nobis
2962 1825 3016 1868 et
3057 1816 3229 1869 nostri
3266 1814 3675 1884 prohibentur:
3707 1825 3761 1869 et

2159 1907 2340 1961 devoti
2397 1907 2599 1962 fratres
2656 1926 2723 1961 ne
2775 1911 3014 1973 veniant,
3048 1925 3152 1963 non
3185 1910 3365 1963 solum
3399 1908 3469 1963 ab
3522 1908 3759 1976 hospitio

2159 2015 2416 2058 arcentur
2451 2020 2558 2073 quo
2599 2014 2872 2069 tenemur,
2922 2005 3016 2057 sed
3061 2019 3129 2058 ne
3171 2002 3370 2058 adeant
3402 2013 3426 2050 τε
3452 2018 3761 2065 carcerem,

2158 2098 2590 2150 comminatione
2612 2106 2908 2151 terrentur.
2935 2095 3026 2151 Sic
3053 2107 3282 2151 cunctos
3310 2096 3762 2165 subjugavcrunt,

2160 2201 2218 2246 ut
2268 2191 2706 2246 manifestissime
2737 2191 3127 2261 lIagnoverim.
3181 2190 3262 2244 Ab
3315 2188 3594 2259 episcopis
3639 2188 3769 2243 inei-

2160 2286 2302 2353 piam
2338 2284 2501 2338 :dum
2529 2284 2792 2338 hunorem
2818 2286 3034 2351 quidam
3070 2284 3263 2337 timent
3303 2284 3583 2343 amittere,
3616 2282 3765 2349 ipsos

2158 2379 2318 2434 fidem
2352 2376 2693 2447 perdidisse;
2719 2377 2958 2448 dumque
2989 2377 3273 2431 facultates
3304 2385 3552 2430 terrenas
3578 2384 3633 2428 et
3661 2375 3766 2427 im-

2158 2473 2451 2527 munitates
2479 2470 2674 2523 nolunt
2703 2470 2957 2538 perdere,
2991 2470 3245 2524 caelestes
3273 2471 3564 2522 thesauros
3594 2477 3647 2520 et
3670 2483 3762 2520 ve-

2160 2582 2277 2623 ram
2306 2567 2659 2621 securitatem
2688 2565 2892 2620 nullam
2914 2564 3208 2633 jndicasse.
3249 2564 3337 2617 Sic
3368 2578 3586 2631 quoque
3612 2561 3761 2615 ducti

2160 2660 2364 2720 caeteri.
2395 2658 2522 2713 dum
2552 2660 2839 2727 episcopos
2869 2659 2983 2712 hare
3009 2658 3263 2712 timentes
3288 2656 3517 2726 perdere
3549 2656 3755 2720 vident,

2158 2767 2343 2806 amare
2374 2758 2661 2820 coeperunt
2703 2766 2824 2819 qua:
2856 2766 3073 2819 semper
3123 2749 3327 2802 habere
3369 2764 3475 2802 non
3506 2755 3757 2817 possunt.

2234 2845 2371 2899 V’lll.
2413 2846 2504 2900 Sic
2553 2845 2910 2899 Ariomanilae
2963 2844 3169 2897 divites
3219 2850 3445 2908 terrent,
3493 2842 3622 2896 dum
3675 2843 3763 2895 his

2160 2941 2615 3012 proseriptionem
2646 2940 2923 2993 minantur
2954 2957 2966 2992 :
3002 2940 3080 2993 sic
3109 2952 3392 3007 pauperes,
3421 2937 3549 2991 dum
3578 2945 3762 3007 potes-

2162 3044 2324 3089 tatem
2360 3037 2411 3089 in
2448 3050 2671 3089 carcere
2712 3034 3025 3089 recludendi
3059 3034 3283 3088 habent.
3329 3033 3393 3087 Et
3438 3043 3640 3101 quanta
3672 3032 3759 3084 in-

2161 3132 2309 3186 sania
2333 3133 2451 3185 est!
2484 3131 2542 3185 ln
2575 3131 2694 3185 loco
2724 3146 2835 3199 quo
2865 3140 3133 3191 tenemur,
3159 3143 3264 3182 non
3296 3128 3469 3181 solum
3494 3127 3641 3180 viros
3666 3126 3757 3194 qui

2162 3225 2322 3279 nobis
2358 3224 2603 3279 serviunt
2644 3224 2695 3277 in
2728 3238 3005 3277 carcerem
3051 3222 3293 3283 mittunt,
3339 3220 3436 3274 sed
3467 3230 3524 3274 et
3553 3220 3761 3286 puellas

2160 3318 2602 3372 sanctimoniales
2642 3316 2759 3369 sine
2802 3316 2917 3370 ullo
2946 3314 3131 3369 divino
3164 3315 3359 3367 timore
3405 3314 3458 3366 in
3509 3312 3757 3368 custodia

2160 3411 2377 3481 publica
2417 3409 2725 3464 recludunt.
2764 3408 2870 3463 Sed
2904 3418 2963 3461 ut
2991 3409 3162 3477 gavisi
3195 3422 3304 3460 non
3350 3415 3479 3461 sunt
3508 3406 3756 3460 seniores

2161 3503 2312 3568 mali,
2342 3502 2431 3572 qui
2477 3500 2789 3571 pudicitiam
2837 3500 3104 3555 Susanna:
3148 3499 3351 3553 violare
3395 3500 3753 3567 qumrebant:

2163 3597 2235 3648 ita
2272 3610 2371 3649 nec
2411 3593 2467 3648 hi
2494 3594 2809 3663 gaudebunt
2848 3609 3086 3661 semper,
3117 3594 3207 3661 qui
3242 3592 3546 3647 Ecclesiam
3576 3606 3760 3661 perse-

2162 3688 2384 3741 cutionc
2414 3688 2567 3741 varia
2619 3696 2672 3739 et
2699 3686 3053 3755 depressione
3099 3685 3265 3739 nimia
3298 3700 3411 3739 sua:
3454 3683 3756 3738 infidelitati

2162 3790 2430 3833 conantur
2482 3778 2775 3846 subjicere.
2822 3780 2964 3832 Dixit
3012 3778 3154 3832 enim
3198 3788 3420 3832 sanctus
3462 3776 3649 3830 Daniel
3692 3775 3753 3828 ad

2162 3874 2284 3928 illos
2315 3892 2327 3925 :
2362 3873 2450 3927 Sic
2491 3876 2727 3926 timentes
2766 3874 2893 3942 ﬁlia:
2924 3871 3094 3927 Israel
3141 3872 3550 3925 concumbebant
3585 3872 3751 3925 vobis-

2162 3981 2277 4018 cum
2298 3963 2463 4031 (Dan.
2489 3980 2606 4027 xm,
2637 3965 2752 4033 57).
2783 3964 2889 4019 Sed
2914 3963 3153 4027 recedat,
3180 3963 3537 4028 sanctissimi,
3570 3962 3755 4016 Imma-

2162 4073 2262 4111 nus
2300 4058 2463 4111 timor
2508 4074 2534 4108 a
2570 4058 2765 4110 vestris
2811 4056 3029 4118 animis,
3075 4070 3196 4109 cum
3247 4055 3494 4109 habeatis
3545 4054 3751 4107 Domini

2160 4154 2610 4219 consolationem,
2646 4152 2735 4217 qui
2765 4150 2893 4205 dicit
2929 4170 2942 4204 :
2979 4149 3159 4203 Nolite
3186 4152 3364 4201 timere
3390 4149 3510 4202 illa:
3535 4149 3625 4216 qui
3644 4164 3754 4201 cor-

2161 4262 2256 4315 pus
2283 4245 2556 4307 occidunt,
2605 4244 2831 4295 animam
2879 4251 3051 4293 autem
3097 4240 3331 4292 occidere
3384 4256 3487 4293 non
3543 4248 3753 4306 possunt

2160 4338 2371 4406 (Matth.
2429 4353 2483 4403 χ,
2536 4337 2648 4404 18).
2696 4335 2935 4403 Tempus
2982 4345 3066 4387 est
3113 4333 3452 4402 probationis
3500 4343 3752 4399 :tempus

2161 4441 2265 4499 est,
2320 4445 2373 4485 ut
2419 4431 2629 4501 probati
2672 4426 3062 4484 innotescanti
3097 4426 3387 4482 manifesti.
3435 4425 3563 4480 Ideo
3602 4440 3751 4480 acce-

2162 4536 2360 4595 perunt
2392 4524 2684 4578 humanum
2715 4522 3069 4593 adjuturium,
3098 4520 3224 4588 quia
3247 4519 3489 4573 divinum
3519 4534 3624 4572 non
3655 4517 3743 4571 ha-

2161 4617 2293 4674 bent
2321 4637 2333 4671 :
2360 4615 2504 4687 quod
2530 4616 2575 4671 si
2600 4617 2883 4681 haberent,
2912 4628 3204 4685 numquam
3236 4624 3507 4682 potestate
3540 4624 3745 4668 terrena

2162 4712 2533 4767 innocentium
2563 4710 2667 4764 sibi
2694 4710 2904 4763 animas
2930 4708 3304 4778 subjugarent.

2236 4803 2329 4857 IX.
2372 4803 2532 4856 Multa
2556 4802 2623 4856 de
2656 4802 2869 4855 illurum
2894 4802 3074 4864 malis,
3102 4801 3297 4869 quibus
3320 4814 3424 4853 non
3453 4799 3605 4854 solus
3624 4814 3740 4868 ego.

2164 4912 2257 4951 seu
2285 4896 2497 4965 plurimi
2527 4894 2908 4961 deprimimur,
2930 4892 3297 4946 debueramus
3326 4892 3570 4946 scribere
3594 4907 3609 4955 ;
3652 4890 3740 4944 sed

2161 5004 2229 5043 ne
2268 5003 2553 5058 possemus
2586 4988 2688 5040 hoc
2730 4988 2928 5049 facere,
2978 4994 3035 5038 et
3083 4988 3322 5053 ipsorum
3368 4984 3738 5039 crudelitatem

2162 5084 2365 5137 litteris
2406 5082 2679 5141 intimare,
2732 5080 3039 5134 arctissima
3085 5077 3331 5131 custodia
3373 5092 3652 5131 servantur
3678 5077 3741 5132 ab

2162 5178 2316 5248 ipsis.
2341 5177 2468 5231 Ideo
2491 5177 2555 5231 ad
2585 5190 2708 5241 nos,
2736 5184 2790 5229 et
2810 5173 2903 5229 alii
2928 5174 3097 5228 nostri
3130 5181 3185 5227 et
3214 5173 3373 5227 amici
3398 5174 3738 5244 prohibentur

2233 5382 2250 5420 ί
2274 5381 2403 5450 Leg.
2433 5380 2707 5447 diripiunt.

2226 5464 2251 5501 ε
2277 5453 2361 5506 Ne
2387 5453 2577 5506 adeant
2606 5466 2888 5518 carcerem,
2919 5451 3159 5505 commin.
3191 5450 3277 5506 Al.
3309 5466 3371 5505 ne
3395 5450 3601 5515 adeant,
3627 5465 3731 5503 car-

2154 5542 2271 5580 ceru
2281 5542 2327 5576 111
2360 5540 2608 5578 εοηιιηιη.

2225 5594 2252 5633 ί
2276 5594 2454 5661 Locus
2487 5593 2730 5646 mutilus.

2234 5666 2245 5701 ί
2276 5669 2363 5721 Al.
2390 5663 2737 5734 Manifesta“.
