  <div class='ocr_page' id='page_1' title='image "/cluster/home/n/w/nwhite01/storage/ocr_20150623/12/uva.x000826551/510.png"; bbox 0 0 3956 6206; ppageno 0'>
   <div class='ocr_carea' id='block_1_1' title="bbox 121 295 235 351">
    <p class='ocr_par' dir='ltr' id='par_1_1' title="bbox 121 295 235 351">
     <span class='ocr_line' id='line_1_1' title="bbox 121 295 235 351; baseline -0.009 0"><span class='ocrx_word' id='word_1_1' title='bbox 121 295 235 351; x_wconf 72' lang='lat'><strong>9‘53</strong></span> 
     </span>
    </p>
   </div>
   <div class='ocr_carea' id='block_1_2' title="bbox 1304 280 2248 355">
    <p class='ocr_par' dir='ltr' id='par_1_2' title="bbox 1304 280 2248 355">
     <span class='ocr_line' id='line_1_2' title="bbox 1304 280 2248 355; baseline 0.002 -5"><span class='ocrx_word' id='word_1_2' title='bbox 1304 294 1395 351; x_wconf 75' lang='lat' dir='ltr'><strong>oe</strong></span> <span class='ocrx_word' id='word_1_3' title='bbox 1436 292 1810 352; x_wconf 78' lang='lat' dir='ltr'><strong>TRINITATE</strong></span> <span class='ocrx_word' id='word_1_4' title='bbox 1842 280 2248 355; x_wconf 67' lang='lat' dir='ltr'><strong>&#39;coursssro.</strong></span> 
     </span>
    </p>
   </div>
   <div class='ocr_carea' id='block_1_3' title="bbox 3319 308 3427 366">
    <p class='ocr_par' dir='ltr' id='par_1_3' title="bbox 3319 308 3427 366">
     <span class='ocr_line' id='line_1_3' title="bbox 3319 308 3427 366; baseline 0 -1"><span class='ocrx_word' id='word_1_5' title='bbox 3319 308 3427 366; x_wconf 70' lang='lat'><strong>954</strong></span> 
     </span>
    </p>
   </div>
   <div class='ocr_carea' id='block_1_4' title="bbox 124 407 3421 488">
    <p class='ocr_par' dir='ltr' id='par_1_4' title="bbox 124 407 3421 488">
     <span class='ocr_line' id='line_1_4' title="bbox 124 407 3421 488; baseline 0.004 -23"><span class='ocrx_word' id='word_1_6' title='bbox 124 409 416 467; x_wconf 88' lang='lat' dir='ltr'><strong>accedere.</strong></span> <span class='ocrx_word' id='word_1_7' title='bbox 448 408 555 466; x_wconf 85' lang='lat' dir='ltr'><strong>Sed</strong></span> <span class='ocrx_word' id='word_1_8' title='bbox 595 410 869 468; x_wconf 76' lang='lat' dir='ltr'><strong>concessit</strong></span> <span class='ocrx_word' id='word_1_9' title='bbox 900 408 1029 467; x_wconf 88' lang='lat' dir='ltr'><strong>mihi</strong></span> <span class='ocrx_word' id='word_1_10' title='bbox 1063 408 1323 466; x_wconf 85' lang='lat' dir='ltr'><strong>Dominus</strong></span> <span class='ocrx_word' id='word_1_11' title='bbox 1345 407 1482 466; x_wconf 84' lang='lat' dir='ltr'><strong>hanc</strong></span> <span class='ocrx_word' id='word_1_12' title='bbox 1513 410 1718 481; x_wconf 88' lang='lat' dir='ltr'><strong>episto-</strong></span> <span class='ocrx_word' id='word_1_13' title='bbox 1741 409 1795 471; x_wconf 85' lang='lat' dir='ltr'><strong>A</strong></span> <span class='ocrx_word' id='word_1_14' title='bbox 1823 411 2422 478; x_wconf 87' lang='lat' dir='ltr'><strong>necessitate,scribere</strong></span> <span class='ocrx_word' id='word_1_15' title='bbox 2438 426 2544 468; x_wconf 93' lang='lat' dir='ltr'><strong>non</strong></span> <span class='ocrx_word' id='word_1_16' title='bbox 2573 413 2748 484; x_wconf 90' lang='lat' dir='ltr'><strong>potui.</strong></span> <span class='ocrx_word' id='word_1_17' title='bbox 2778 413 2853 469; x_wconf 88' lang='lat' dir='ltr'><strong>lta</strong></span> <span class='ocrx_word' id='word_1_18' title='bbox 2878 414 2933 471; x_wconf 89' lang='lat' dir='ltr'><strong>in</strong></span> <span class='ocrx_word' id='word_1_19' title='bbox 2960 414 3059 473; x_wconf 89' lang='lat' dir='ltr'><strong>hac</strong></span> <span class='ocrx_word' id='word_1_20' title='bbox 3083 431 3177 473; x_wconf 90' lang='lat' dir='ltr'><strong>vos</strong></span> <span class='ocrx_word' id='word_1_21' title='bbox 3202 432 3421 488; x_wconf 90' lang='lat' dir='ltr'><strong>omnes,</strong></span> 
     </span>
    </p>
   </div>
   <div class='ocr_carea' id='block_1_5' title="bbox 122 502 1721 576">
    <p class='ocr_par' dir='ltr' id='par_1_5' title="bbox 122 502 1721 576">
     <span class='ocr_line' id='line_1_5' title="bbox 122 502 1721 576; baseline -0.001 -16"><span class='ocrx_word' id='word_1_22' title='bbox 122 505 233 561; x_wconf 89' lang='lat' dir='ltr'><strong>lam</strong></span> <span class='ocrx_word' id='word_1_23' title='bbox 267 520 361 575; x_wconf 90' lang='lat' dir='ltr'><strong>per</strong></span> <span class='ocrx_word' id='word_1_24' title='bbox 387 502 771 559; x_wconf 80' lang='lat' dir='ltr'><strong>charissimum</strong></span> <span class='ocrx_word' id='word_1_25' title='bbox 814 512 1061 559; x_wconf 80' lang='lat' dir='ltr'><strong>n0strum</strong></span> <span class='ocrx_word' id='word_1_26' title='bbox 1089 502 1156 558; x_wconf 92' lang='lat' dir='ltr'><strong>ad</strong></span> <span class='ocrx_word' id='word_1_27' title='bbox 1186 518 1282 558; x_wconf 92' lang='lat' dir='ltr'><strong>vos</strong></span> <span class='ocrx_word' id='word_1_28' title='bbox 1315 503 1508 576; x_wconf 83' lang='lat' dir='ltr'><strong>Syrum</strong></span> <span class='ocrx_word' id='word_1_29' title='bbox 1537 504 1721 561; x_wconf 89' lang='lat' dir='ltr'><strong>diaco-</strong></span> 
     </span>
    </p>
   </div>
   <div class='ocr_carea' id='block_1_6' title="bbox 121 598 1713 669">
    <p class='ocr_par' dir='ltr' id='par_1_6' title="bbox 121 598 1713 669">
     <span class='ocr_line' id='line_1_6' title="bbox 121 598 1713 669; baseline -0.001 -17"><span class='ocrx_word' id='word_1_30' title='bbox 121 614 255 653; x_wconf 89' lang='lat' dir='ltr'><strong>num</strong></span> <span class='ocrx_word' id='word_1_31' title='bbox 305 598 544 663; x_wconf 90' lang='lat' dir='ltr'><strong>mittere,</strong></span> <span class='ocrx_word' id='word_1_32' title='bbox 587 613 751 669; x_wconf 86' lang='lat' dir='ltr'><strong>quem</strong></span> <span class='ocrx_word' id='word_1_33' title='bbox 805 598 859 653; x_wconf 92' lang='lat' dir='ltr'><strong>in</strong></span> <span class='ocrx_word' id='word_1_34' title='bbox 902 607 1170 668; x_wconf 83' lang='lat' dir='ltr'><strong>potestate</strong></span> <span class='ocrx_word' id='word_1_35' title='bbox 1221 598 1468 654; x_wconf 88' lang='lat' dir='ltr'><strong>tnittendi</strong></span> <span class='ocrx_word' id='word_1_36' title='bbox 1519 598 1713 666; x_wconf 83' lang='lat' dir='ltr'><strong>habui;</strong></span> 
     </span>
    </p>
   </div>
   <div class='ocr_carea' id='block_1_7' title="bbox 122 692 1720 765">
    <p class='ocr_par' dir='ltr' id='par_1_7' title="bbox 122 692 1720 765">
     <span class='ocr_line' id='line_1_7' title="bbox 122 692 1720 765; baseline 0.001 -17"><span class='ocrx_word' id='word_1_37' title='bbox 122 694 248 765; x_wconf 90' lang='lat' dir='ltr'><strong>quia</strong></span> <span class='ocrx_word' id='word_1_38' title='bbox 293 692 630 765; x_wconf 87' lang='lat' dir='ltr'><strong>providentia</strong></span> <span class='ocrx_word' id='word_1_39' title='bbox 676 693 891 750; x_wconf 86' lang='lat' dir='ltr'><strong>Domini</strong></span> <span class='ocrx_word' id='word_1_40' title='bbox 929 693 1103 749; x_wconf 89' lang='lat' dir='ltr'><strong>nostri</strong></span> <span class='ocrx_word' id='word_1_41' title='bbox 1141 710 1208 750; x_wconf 92' lang='lat' dir='ltr'><strong>eo</strong></span> <span class='ocrx_word' id='word_1_42' title='bbox 1250 705 1496 765; x_wconf 88' lang='lat' dir='ltr'><strong>tempore</strong></span> <span class='ocrx_word' id='word_1_43' title='bbox 1541 695 1608 749; x_wconf 91' lang='lat' dir='ltr'><strong>ad</strong></span> <span class='ocrx_word' id='word_1_44' title='bbox 1639 696 1720 749; x_wconf 81' lang='lat' dir='ltr'><strong>vi-</strong></span> 
     </span>
    </p>
   </div>
   <div class='ocr_carea' id='block_1_8' title="bbox 119 788 1719 858">
    <p class='ocr_par' dir='ltr' id='par_1_8' title="bbox 119 788 1719 858">
     <span class='ocr_line' id='line_1_8' title="bbox 119 788 1719 858; baseline 0.001 -15"><span class='ocrx_word' id='word_1_45' title='bbox 119 788 299 843; x_wconf 88' lang='lat' dir='ltr'><strong>denda</strong></span> <span class='ocrx_word' id='word_1_46' title='bbox 328 789 445 844; x_wconf 85' lang='lat' dir='ltr'><strong>loca</strong></span> <span class='ocrx_word' id='word_1_47' title='bbox 474 798 661 844; x_wconf 89' lang='lat' dir='ltr'><strong>sancta</strong></span> <span class='ocrx_word' id='word_1_48' title='bbox 689 798 1023 858; x_wconf 82' lang='lat' dir='ltr'><strong>accesserat,</strong></span> <span class='ocrx_word' id='word_1_49' title='bbox 1054 798 1109 845; x_wconf 90' lang='lat' dir='ltr'><strong>ct</strong></span> <span class='ocrx_word' id='word_1_50' title='bbox 1134 804 1255 845; x_wconf 91' lang='lat' dir='ltr'><strong>cum</strong></span> <span class='ocrx_word' id='word_1_51' title='bbox 1293 788 1509 846; x_wconf 75' lang='lat' dir='ltr'><strong>caneris</strong></span> <span class='ocrx_word' id='word_1_52' title='bbox 1539 790 1719 845; x_wconf 59' lang='lat' dir='ltr'><strong>fratri.</strong></span> 
     </span>
    </p>
   </div>
   <div class='ocr_carea' id='block_1_9' title="bbox 117 881 765 938">
    <p class='ocr_par' dir='ltr' id='par_1_9' title="bbox 117 881 765 938">
     <span class='ocr_line' id='line_1_9' title="bbox 117 881 765 938; baseline -0.002 -1"><span class='ocrx_word' id='word_1_53' title='bbox 117 881 222 938; x_wconf 87' lang='lat' dir='ltr'><strong>bus</strong></span> <span class='ocrx_word' id='word_1_54' title='bbox 243 881 496 937; x_wconf 88' lang='lat' dir='ltr'><strong>inventus</strong></span> <span class='ocrx_word' id='word_1_55' title='bbox 526 898 632 937; x_wconf 92' lang='lat' dir='ltr'><strong>non</strong></span> <span class='ocrx_word' id='word_1_56' title='bbox 660 891 765 938; x_wconf 84' lang='lat' dir='ltr'><strong>est.</strong></span> 
     </span>
    </p>
   </div>
   <div class='ocr_carea' id='block_1_10' title="bbox 190 974 1718 1052">
    <p class='ocr_par' dir='ltr' id='par_1_10' title="bbox 190 974 1718 1052">
     <span class='ocr_line' id='line_1_10' title="bbox 190 974 1718 1052; baseline 0.003 -22"><span class='ocrx_word' id='word_1_57' title='bbox 190 974 263 1031; x_wconf 75' lang='grc' dir='ltr'><strong>Χ.</strong></span> <span class='ocrx_word' id='word_1_58' title='bbox 304 976 577 1031; x_wconf 75' lang='lat' dir='ltr'><strong>Cancrum</strong></span> <span class='ocrx_word' id='word_1_59' title='bbox 608 978 698 1032; x_wconf 85' lang='lat' dir='ltr'><strong>vix</strong></span> <span class='ocrx_word' id='word_1_60' title='bbox 722 976 863 1033; x_wconf 87' lang='lat' dir='ltr'><strong>hanc</strong></span> <span class='ocrx_word' id='word_1_61' title='bbox 890 977 1182 1048; x_wconf 78' lang='lat' dir='ltr'><strong>epistolam</strong></span> <span class='ocrx_word' id='word_1_62' title='bbox 1212 979 1718 1052; x_wconf 85' lang='lat' dir='ltr'><strong>quomodocumque</strong></span> 
     </span>
    </p>
   </div>
   <div class='ocr_carea' id='block_1_11' title="bbox 116 1070 1718 1141">
    <p class='ocr_par' dir='ltr' id='par_1_11' title="bbox 116 1070 1718 1141">
     <span class='ocr_line' id='line_1_11' title="bbox 116 1070 1718 1141; baseline 0.002 -18"><span class='ocrx_word' id='word_1_63' title='bbox 116 1070 576 1140; x_wconf 87' lang='lat' dir='ltr'><strong>conscripsimus,</strong></span> <span class='ocrx_word' id='word_1_64' title='bbox 608 1070 772 1125; x_wconf 88' lang='lat' dir='ltr'><strong>Deum</strong></span> <span class='ocrx_word' id='word_1_65' title='bbox 803 1085 1023 1140; x_wconf 86' lang='lat' dir='ltr'><strong>semper</strong></span> <span class='ocrx_word' id='word_1_66' title='bbox 1061 1071 1420 1141; x_wconf 78' lang='lat' dir='ltr'><strong>postulantes,</strong></span> <span class='ocrx_word' id='word_1_67' title='bbox 1455 1080 1511 1126; x_wconf 88' lang='lat' dir='ltr'><strong>ut</strong></span> <span class='ocrx_word' id='word_1_68' title='bbox 1537 1081 1718 1128; x_wconf 80' lang='lat' dir='ltr'><strong>custo-</strong></span> 
     </span>
    </p>
   </div>
   <div class='ocr_carea' id='block_1_12' title="bbox 111 1160 1716 1229">
    <p class='ocr_par' dir='ltr' id='par_1_12' title="bbox 111 1160 1716 1229">
     <span class='ocr_line' id='line_1_12' title="bbox 111 1160 1716 1229; baseline 0.003 -12"><span class='ocrx_word' id='word_1_69' title='bbox 111 1160 211 1217; x_wconf 86' lang='lat' dir='ltr'><strong>des</strong></span> <span class='ocrx_word' id='word_1_70' title='bbox 244 1163 298 1215; x_wconf 93' lang='lat' dir='ltr'><strong>in</strong></span> <span class='ocrx_word' id='word_1_71' title='bbox 347 1161 512 1216; x_wconf 85' lang='lat' dir='ltr'><strong>horas</strong></span> <span class='ocrx_word' id='word_1_72' title='bbox 538 1162 858 1229; x_wconf 87' lang='lat' dir='ltr'><strong>refrenaret,</strong></span> <span class='ocrx_word' id='word_1_73' title='bbox 908 1173 963 1218; x_wconf 88' lang='lat' dir='ltr'><strong>et</strong></span> <span class='ocrx_word' id='word_1_74' title='bbox 1008 1163 1356 1228; x_wconf 85' lang='lat' dir='ltr'><strong>concederet.</strong></span> <span class='ocrx_word' id='word_1_75' title='bbox 1399 1180 1467 1221; x_wconf 88' lang='lat' dir='ltr'><strong>ne</strong></span> <span class='ocrx_word' id='word_1_76' title='bbox 1512 1166 1580 1219; x_wconf 90' lang='lat' dir='ltr'><strong>ad</strong></span> <span class='ocrx_word' id='word_1_77' title='bbox 1617 1179 1716 1221; x_wconf 87' lang='lat' dir='ltr'><strong>vos</strong></span> 
     </span>
    </p>
   </div>
   <div class='ocr_carea' id='block_1_13' title="bbox 108 1254 1717 1330">
    <p class='ocr_par' dir='ltr' id='par_1_13' title="bbox 108 1254 1717 1330">
     <span class='ocr_line' id='line_1_13' title="bbox 108 1254 1717 1330; baseline 0.001 -19"><span class='ocrx_word' id='word_1_78' title='bbox 108 1254 382 1311; x_wconf 81' lang='lat' dir='ltr'><strong>diaconus</strong></span> <span class='ocrx_word' id='word_1_79' title='bbox 427 1256 673 1312; x_wconf 88' lang='lat' dir='ltr'><strong>nuntium</strong></span> <span class='ocrx_word' id='word_1_80' title='bbox 704 1257 878 1327; x_wconf 83' lang='lat' dir='ltr'><strong>magis</strong></span> <span class='ocrx_word' id='word_1_81' title='bbox 908 1256 1113 1313; x_wconf 86' lang='lat' dir='ltr'><strong>laboris</strong></span> <span class='ocrx_word' id='word_1_82' title='bbox 1156 1258 1349 1326; x_wconf 87' lang='lat' dir='ltr'><strong>nostri,</strong></span> <span class='ocrx_word' id='word_1_83' title='bbox 1380 1274 1540 1328; x_wconf 86' lang='lat' dir='ltr'><strong>quam</strong></span> <span class='ocrx_word' id='word_1_84' title='bbox 1582 1274 1717 1330; x_wconf 90' lang='lat' dir='ltr'><strong>qua-</strong></span> 
     </span>
    </p>
   </div>
   <div class='ocr_carea' id='block_1_14' title="bbox 106 1348 1714 1422">
    <p class='ocr_par' dir='ltr' id='par_1_14' title="bbox 106 1348 1714 1422">
     <span class='ocr_line' id='line_1_14' title="bbox 106 1348 1714 1422; baseline 0.002 -18"><span class='ocrx_word' id='word_1_85' title='bbox 106 1348 434 1419; x_wconf 88' lang='lat' dir='ltr'><strong>lescumque</strong></span> <span class='ocrx_word' id='word_1_86' title='bbox 478 1349 822 1405; x_wconf 82' lang='lat' dir='ltr'><strong>salutationis</strong></span> <span class='ocrx_word' id='word_1_87' title='bbox 853 1350 1061 1405; x_wconf 84' lang='lat' dir='ltr'><strong>litteras</strong></span> <span class='ocrx_word' id='word_1_88' title='bbox 1090 1348 1277 1406; x_wconf 88' lang='lat' dir='ltr'><strong>ferret.</strong></span> <span class='ocrx_word' id='word_1_89' title='bbox 1307 1351 1537 1422; x_wconf 81' lang='lat' dir='ltr'><strong>Propter</strong></span> <span class='ocrx_word' id='word_1_90' title='bbox 1570 1351 1714 1422; x_wconf 90' lang='lat' dir='ltr'><strong>quod</strong></span> 
     </span>
    </p>
   </div>
   <div class='ocr_carea' id='block_1_15' title="bbox 105 1442 1716 1516">
    <p class='ocr_par' dir='ltr' id='par_1_15' title="bbox 105 1442 1716 1516">
     <span class='ocr_line' id='line_1_15' title="bbox 105 1442 1716 1516; baseline 0.004 -20"><span class='ocrx_word' id='word_1_91' title='bbox 105 1442 239 1496; x_wconf 85' lang='lat' dir='ltr'><strong>satis</strong></span> <span class='ocrx_word' id='word_1_92' title='bbox 274 1455 379 1497; x_wconf 87' lang='lat' dir='ltr'><strong>vos</strong></span> <span class='ocrx_word' id='word_1_93' title='bbox 426 1450 573 1513; x_wconf 91' lang='lat' dir='ltr'><strong>peto,</strong></span> <span class='ocrx_word' id='word_1_94' title='bbox 622 1453 678 1497; x_wconf 90' lang='lat' dir='ltr'><strong>ut</strong></span> <span class='ocrx_word' id='word_1_95' title='bbox 721 1458 843 1498; x_wconf 91' lang='lat' dir='ltr'><strong>eum</strong></span> <span class='ocrx_word' id='word_1_96' title='bbox 890 1444 1038 1499; x_wconf 90' lang='lat' dir='ltr'><strong>omni</strong></span> <span class='ocrx_word' id='word_1_97' title='bbox 1082 1444 1363 1516; x_wconf 75' lang='lat' dir='ltr'><strong>vigilantia</strong></span> <span class='ocrx_word' id='word_1_98' title='bbox 1394 1446 1716 1502; x_wconf 81' lang='lat' dir='ltr'><strong>custodiatis</strong></span> 
     </span>
    </p>
   </div>
   <div class='ocr_carea' id='block_1_16' title="bbox 108 1533 1710 1605">
    <p class='ocr_par' dir='ltr' id='par_1_16' title="bbox 108 1533 1710 1605">
     <span class='ocr_line' id='line_1_16' title="bbox 108 1533 1710 1605; baseline 0.005 -16"><span class='ocrx_word' id='word_1_99' title='bbox 108 1533 293 1601; x_wconf 83' lang='lat' dir='ltr'><strong>ﬁdem,</strong></span> <span class='ocrx_word' id='word_1_100' title='bbox 342 1539 581 1593; x_wconf 82' lang='lat' dir='ltr'><strong>servetis</strong></span> <span class='ocrx_word' id='word_1_101' title='bbox 618 1538 992 1605; x_wconf 82' lang='lat' dir='ltr'><strong>concordiam,</strong></span> <span class='ocrx_word' id='word_1_102' title='bbox 1042 1540 1384 1595; x_wconf 85' lang='lat' dir='ltr'><strong>orationibus</strong></span> <span class='ocrx_word' id='word_1_103' title='bbox 1433 1542 1710 1597; x_wconf 90' lang='lat' dir='ltr'><strong>incumba-</strong></span> 
     </span>
    </p>
   </div>
   <div class='ocr_carea' id='block_1_17' title="bbox 108 1627 1715 1695">
    <p class='ocr_par' dir='ltr' id='par_1_17' title="bbox 108 1627 1715 1695">
     <span class='ocr_line' id='line_1_17' title="bbox 108 1627 1715 1695; baseline 0.006 -13"><span class='ocrx_word' id='word_1_104' title='bbox 108 1627 196 1695; x_wconf 90' lang='lat' dir='ltr'><strong>tis,</strong></span> <span class='ocrx_word' id='word_1_105' title='bbox 222 1628 411 1685; x_wconf 87' lang='lat' dir='ltr'><strong>nostri</strong></span> <span class='ocrx_word' id='word_1_106' title='bbox 438 1645 709 1687; x_wconf 87' lang='lat' dir='ltr'><strong>memores</strong></span> <span class='ocrx_word' id='word_1_107' title='bbox 744 1633 864 1686; x_wconf 90' lang='lat' dir='ltr'><strong>sine</strong></span> <span class='ocrx_word' id='word_1_108' title='bbox 903 1632 1307 1690; x_wconf 76' lang='lat' dir='ltr'><strong>intermissione</strong></span> <span class='ocrx_word' id='word_1_109' title='bbox 1345 1634 1468 1690; x_wconf 91' lang='lat' dir='ltr'><strong>sitis</strong></span> <span class='ocrx_word' id='word_1_110' title='bbox 1498 1654 1511 1690; x_wconf 90' lang='lat'><strong>:</strong></span> <span class='ocrx_word' id='word_1_111' title='bbox 1541 1646 1599 1690; x_wconf 92' lang='lat' dir='ltr'><strong>ut</strong></span> <span class='ocrx_word' id='word_1_112' title='bbox 1631 1635 1715 1691; x_wconf 91' lang='lat' dir='ltr'><strong>di-</strong></span> 
     </span>
    </p>
   </div>
   <div class='ocr_carea' id='block_1_18' title="bbox 102 1721 1710 1798">
    <p class='ocr_par' dir='ltr' id='par_1_18' title="bbox 102 1721 1710 1798">
     <span class='ocr_line' id='line_1_18' title="bbox 102 1721 1710 1798; baseline 0.006 -24"><span class='ocrx_word' id='word_1_113' title='bbox 102 1730 299 1791; x_wconf 89' lang='lat' dir='ltr'><strong>gnetur</strong></span> <span class='ocrx_word' id='word_1_114' title='bbox 330 1721 595 1778; x_wconf 89' lang='lat' dir='ltr'><strong>Dominus</strong></span> <span class='ocrx_word' id='word_1_115' title='bbox 623 1724 921 1780; x_wconf 78' lang='lat' dir='ltr'><strong>Ecclesium</strong></span> <span class='ocrx_word' id='word_1_116' title='bbox 950 1742 1102 1779; x_wconf 90' lang='lat' dir='ltr'><strong>suam</strong></span> <span class='ocrx_word' id='word_1_117' title='bbox 1134 1726 1369 1782; x_wconf 87' lang='lat' dir='ltr'><strong>liberare</strong></span> <span class='ocrx_word' id='word_1_118' title='bbox 1398 1744 1518 1796; x_wconf 75' lang='lat' dir='ltr'><strong>qua:</strong></span> <span class='ocrx_word' id='word_1_119' title='bbox 1544 1743 1710 1798; x_wconf 84' lang='lat' dir='ltr'><strong>super</strong></span> 
     </span>
    </p>
   </div>
   <div class='ocr_carea' id='block_1_19' title="bbox 1822 503 3419 577">
    <p class='ocr_par' dir='ltr' id='par_1_19' title="bbox 1822 503 3419 577">
     <span class='ocr_line' id='line_1_19' title="bbox 1822 503 3419 577; baseline 0.007 -20"><span class='ocrx_word' id='word_1_120' title='bbox 1822 503 2038 571; x_wconf 79' lang='lat' dir='ltr'><strong>fratres,</strong></span> <span class='ocrx_word' id='word_1_121' title='bbox 2070 505 2165 561; x_wconf 89' lang='lat' dir='ltr'><strong>sed</strong></span> <span class='ocrx_word' id='word_1_122' title='bbox 2194 514 2249 561; x_wconf 90' lang='lat' dir='ltr'><strong>et</strong></span> <span class='ocrx_word' id='word_1_123' title='bbox 2287 515 2488 561; x_wconf 84' lang='lat' dir='ltr'><strong>sanctae</strong></span> <span class='ocrx_word' id='word_1_124' title='bbox 2534 520 2776 574; x_wconf 87' lang='lat' dir='ltr'><strong>sorores,</strong></span> <span class='ocrx_word' id='word_1_125' title='bbox 2811 506 2907 563; x_wconf 86' lang='lat' dir='ltr'><strong>filii</strong></span> <span class='ocrx_word' id='word_1_126' title='bbox 2938 517 2995 565; x_wconf 91' lang='lat' dir='ltr'><strong>et</strong></span> <span class='ocrx_word' id='word_1_127' title='bbox 3020 508 3170 577; x_wconf 62' lang='lat' dir='ltr'><strong>filiai,</strong></span> <span class='ocrx_word' id='word_1_128' title='bbox 3201 526 3419 569; x_wconf 90' lang='lat' dir='ltr'><strong>omnem</strong></span> 
     </span>
    </p>
   </div>
   <div class='ocr_carea' id='block_1_20' title="bbox 1820 599 3420 672">
    <p class='ocr_par' dir='ltr' id='par_1_20' title="bbox 1820 599 3420 672">
     <span class='ocr_line' id='line_1_20' title="bbox 1820 599 3420 672; baseline 0.005 -20"><span class='ocrx_word' id='word_1_129' title='bbox 1820 612 2009 653; x_wconf 80' lang='lat' dir='ltr'><strong>sexum</strong></span> <span class='ocrx_word' id='word_1_130' title='bbox 2053 599 2297 669; x_wconf 87' lang='lat' dir='ltr'><strong>appello,</strong></span> <span class='ocrx_word' id='word_1_131' title='bbox 2345 615 2564 655; x_wconf 88' lang='lat' dir='ltr'><strong>omnem</strong></span> <span class='ocrx_word' id='word_1_132' title='bbox 2617 611 2834 655; x_wconf 72' lang='lat' dir='ltr'><strong>tetatem</strong></span> <span class='ocrx_word' id='word_1_133' title='bbox 2869 611 3014 672; x_wconf 88' lang='lat' dir='ltr'><strong>peto,</strong></span> <span class='ocrx_word' id='word_1_134' title='bbox 3066 604 3255 660; x_wconf 90' lang='lat' dir='ltr'><strong>uthac</strong></span> <span class='ocrx_word' id='word_1_135' title='bbox 3283 620 3420 662; x_wconf 89' lang='lat' dir='ltr'><strong>con-</strong></span> 
     </span>
    </p>
   </div>
   <div class='ocr_carea' id='block_1_21' title="bbox 1822 692 3424 769">
    <p class='ocr_par' dir='ltr' id='par_1_21' title="bbox 1822 692 3424 769">
     <span class='ocr_line' id='line_1_21' title="bbox 1822 692 3424 769; baseline 0.004 -22"><span class='ocrx_word' id='word_1_136' title='bbox 1822 696 1954 748; x_wconf 90' lang='lat' dir='ltr'><strong>tenti</strong></span> <span class='ocrx_word' id='word_1_137' title='bbox 1983 692 2334 758; x_wconf 85' lang='lat' dir='ltr'><strong>salutatione,</strong></span> <span class='ocrx_word' id='word_1_138' title='bbox 2368 705 2561 748; x_wconf 89' lang='lat' dir='ltr'><strong>nostro</strong></span> <span class='ocrx_word' id='word_1_139' title='bbox 2589 693 2873 763; x_wconf 88' lang='lat' dir='ltr'><strong>obsequio,</strong></span> <span class='ocrx_word' id='word_1_140' title='bbox 2900 696 3067 751; x_wconf 87' lang='lat' dir='ltr'><strong>etiam</strong></span> <span class='ocrx_word' id='word_1_141' title='bbox 3095 695 3200 752; x_wconf 89' lang='lat' dir='ltr'><strong>hos</strong></span> <span class='ocrx_word' id='word_1_142' title='bbox 3224 699 3317 769; x_wconf 89' lang='lat' dir='ltr'><strong>qui</strong></span> <span class='ocrx_word' id='word_1_143' title='bbox 3345 701 3424 754; x_wconf 89' lang='lat' dir='ltr'><strong>fo-</strong></span> 
     </span>
    </p>
   </div>
   <div class='ocr_carea' id='block_1_22' title="bbox 1819 786 3424 862">
    <p class='ocr_par' dir='ltr' id='par_1_22' title="bbox 1819 786 3424 862">
     <span class='ocr_line' id='line_1_22' title="bbox 1819 786 3424 862; baseline 0.004 -20"><span class='ocrx_word' id='word_1_144' title='bbox 1819 786 1897 842; x_wconf 85' lang='lat' dir='ltr'><strong>ris</strong></span> <span class='ocrx_word' id='word_1_145' title='bbox 1922 798 2069 851; x_wconf 90' lang='lat' dir='ltr'><strong>sunt,</strong></span> <span class='ocrx_word' id='word_1_146' title='bbox 2097 794 2155 842; x_wconf 91' lang='lat' dir='ltr'><strong>et</strong></span> <span class='ocrx_word' id='word_1_147' title='bbox 2183 800 2284 842; x_wconf 89' lang='lat' dir='ltr'><strong>nos</strong></span> <span class='ocrx_word' id='word_1_148' title='bbox 2310 786 2605 858; x_wconf 84' lang='lat' dir='ltr'><strong>dignantur</strong></span> <span class='ocrx_word' id='word_1_149' title='bbox 2642 787 2897 859; x_wconf 79' lang='lat' dir='ltr'><strong>diligere,</strong></span> <span class='ocrx_word' id='word_1_150' title='bbox 2942 788 3189 847; x_wconf 89' lang='lat' dir='ltr'><strong>salutare</strong></span> <span class='ocrx_word' id='word_1_151' title='bbox 3232 791 3424 862; x_wconf 84' lang='lat' dir='ltr'><strong>digne-</strong></span> 
     </span>
    </p>
   </div>
   <div class='ocr_carea' id='block_1_23' title="bbox 1816 879 3419 954">
    <p class='ocr_par' dir='ltr' id='par_1_23' title="bbox 1816 879 3419 954">
     <span class='ocr_line' id='line_1_23' title="bbox 1816 879 3419 954; baseline 0.004 -21"><span class='ocrx_word' id='word_1_152' title='bbox 1816 880 1971 935; x_wconf 89' lang='lat' dir='ltr'><strong>mini.</strong></span> <span class='ocrx_word' id='word_1_153' title='bbox 2005 879 2256 936; x_wconf 88' lang='lat' dir='ltr'><strong>Salutant</strong></span> <span class='ocrx_word' id='word_1_154' title='bbox 2286 894 2383 936; x_wconf 91' lang='lat' dir='ltr'><strong>vos</strong></span> <span class='ocrx_word' id='word_1_155' title='bbox 2409 879 2606 936; x_wconf 78' lang='lat' dir='ltr'><strong>fratres</strong></span> <span class='ocrx_word' id='word_1_156' title='bbox 2649 883 2826 937; x_wconf 90' lang='lat' dir='ltr'><strong>nostri</strong></span> <span class='ocrx_word' id='word_1_157' title='bbox 2871 882 2960 953; x_wconf 91' lang='lat' dir='ltr'><strong>qui</strong></span> <span class='ocrx_word' id='word_1_158' title='bbox 3003 898 3218 940; x_wconf 89' lang='lat' dir='ltr'><strong>mecum</strong></span> <span class='ocrx_word' id='word_1_159' title='bbox 3269 893 3419 954; x_wconf 90' lang='lat' dir='ltr'><strong>sunt,</strong></span> 
     </span>
    </p>
   </div>
   <div class='ocr_carea' id='block_1_24' title="bbox 1817 974 3415 1049">
    <p class='ocr_par' dir='ltr' id='par_1_24' title="bbox 1817 974 3415 1049">
     <span class='ocr_line' id='line_1_24' title="bbox 1817 974 3415 1049; baseline 0.003 -21"><span class='ocrx_word' id='word_1_160' title='bbox 1817 974 2123 1045; x_wconf 87' lang='lat' dir='ltr'><strong>presbyteri</strong></span> <span class='ocrx_word' id='word_1_161' title='bbox 2179 984 2234 1029; x_wconf 90' lang='lat' dir='ltr'><strong>et</strong></span> <span class='ocrx_word' id='word_1_162' title='bbox 2263 974 2546 1041; x_wconf 88' lang='lat' dir='ltr'><strong>diacones,</strong></span> <span class='ocrx_word' id='word_1_163' title='bbox 2594 974 2691 1029; x_wconf 90' lang='lat' dir='ltr'><strong>sed</strong></span> <span class='ocrx_word' id='word_1_164' title='bbox 2742 984 2798 1031; x_wconf 91' lang='lat' dir='ltr'><strong>et</strong></span> <span class='ocrx_word' id='word_1_165' title='bbox 2839 990 3030 1030; x_wconf 90' lang='lat' dir='ltr'><strong>onmes</strong></span> <span class='ocrx_word' id='word_1_166' title='bbox 3070 977 3244 1031; x_wconf 87' lang='lat' dir='ltr'><strong>nostri</strong></span> <span class='ocrx_word' id='word_1_167' title='bbox 3282 978 3415 1049; x_wconf 87' lang='lat' dir='ltr'><strong>:qui</strong></span> 
     </span>
    </p>
   </div>
   <div class='ocr_carea' id='block_1_25' title="bbox 1819 1068 3416 1138">
    <p class='ocr_par' dir='ltr' id='par_1_25' title="bbox 1819 1068 3416 1138">
     <span class='ocr_line' id='line_1_25' title="bbox 1819 1068 3416 1138; baseline 0.003 -16"><span class='ocrx_word' id='word_1_168' title='bbox 1819 1083 1923 1122; x_wconf 91' lang='lat' dir='ltr'><strong>una</strong></span> <span class='ocrx_word' id='word_1_169' title='bbox 1955 1082 2164 1123; x_wconf 90' lang='lat' dir='ltr'><strong>mccum</strong></span> <span class='ocrx_word' id='word_1_170' title='bbox 2191 1068 2324 1123; x_wconf 86' lang='lat' dir='ltr'><strong>satis</strong></span> <span class='ocrx_word' id='word_1_171' title='bbox 2352 1078 2562 1138; x_wconf 81' lang='lat' dir='ltr'><strong>petunt,</strong></span> <span class='ocrx_word' id='word_1_172' title='bbox 2596 1078 2654 1124; x_wconf 91' lang='lat' dir='ltr'><strong>ut</strong></span> <span class='ocrx_word' id='word_1_173' title='bbox 2683 1068 2851 1124; x_wconf 90' lang='lat' dir='ltr'><strong>nostri</strong></span> <span class='ocrx_word' id='word_1_174' title='bbox 2882 1083 3177 1133; x_wconf 87' lang='lat' dir='ltr'><strong>memores.</strong></span> <span class='ocrx_word' id='word_1_175' title='bbox 3216 1085 3416 1127; x_wconf 88' lang='lat' dir='ltr'><strong>omnes</strong></span> 
     </span>
    </p>
   </div>
   <div class='ocr_carea' id='block_1_26' title="bbox 1816 1162 3412 1234">
    <p class='ocr_par' dir='ltr' id='par_1_26' title="bbox 1816 1162 3412 1234">
     <span class='ocr_line' id='line_1_26' title="bbox 1816 1162 3412 1234; baseline 0.003 -17"><span class='ocrx_word' id='word_1_176' title='bbox 1816 1172 2028 1218; x_wconf 88' lang='lat' dir='ltr'><strong>vestros</strong></span> <span class='ocrx_word' id='word_1_177' title='bbox 2065 1171 2255 1218; x_wconf 93' lang='lat' dir='ltr'><strong>nostro</strong></span> <span class='ocrx_word' id='word_1_178' title='bbox 2285 1162 2581 1234; x_wconf 84' lang='lat' dir='ltr'><strong>dignemini</strong></span> <span class='ocrx_word' id='word_1_179' title='bbox 2610 1163 2876 1234; x_wconf 83' lang='lat' dir='ltr'><strong>obsequio</strong></span> <span class='ocrx_word' id='word_1_180' title='bbox 2913 1165 3173 1221; x_wconf 88' lang='lat' dir='ltr'><strong>salutare.</strong></span> <span class='ocrx_word' id='word_1_181' title='bbox 3203 1166 3412 1222; x_wconf 86' lang='lat' dir='ltr'><strong>Trans-</strong></span> 
     </span>
    </p>
   </div>
   <div class='ocr_carea' id='block_1_27' title="bbox 1818 1255 3418 1329">
    <p class='ocr_par' dir='ltr' id='par_1_27' title="bbox 1818 1255 3418 1329">
     <span class='ocr_line' id='line_1_27' title="bbox 1818 1255 3418 1329; baseline 0.006 -20"><span class='ocrx_word' id='word_1_182' title='bbox 1818 1255 1939 1310; x_wconf 89' lang='lat' dir='ltr'><strong>misi</strong></span> <span class='ocrx_word' id='word_1_183' title='bbox 1964 1267 2227 1326; x_wconf 70' lang='lat' dir='ltr'><strong>prmterea</strong></span> <span class='ocrx_word' id='word_1_184' title='bbox 2279 1256 2511 1324; x_wconf 86' lang='lat' dir='ltr'><strong>litteras,</strong></span> <span class='ocrx_word' id='word_1_185' title='bbox 2545 1272 2681 1328; x_wconf 86' lang='lat' dir='ltr'><strong>quas</strong></span> <span class='ocrx_word' id='word_1_186' title='bbox 2709 1257 2777 1312; x_wconf 89' lang='lat' dir='ltr'><strong>ad</strong></span> <span class='ocrx_word' id='word_1_187' title='bbox 2810 1257 3180 1329; x_wconf 88' lang='lat' dir='ltr'><strong>Patrophilum</strong></span> <span class='ocrx_word' id='word_1_188' title='bbox 3231 1271 3418 1317; x_wconf 89' lang='lat' dir='ltr'><strong>custo-</strong></span> 
     </span>
    </p>
   </div>
   <div class='ocr_carea' id='block_1_28' title="bbox 1815 1348 3417 1422">
    <p class='ocr_par' dir='ltr' id='par_1_28' title="bbox 1815 1348 3417 1422">
     <span class='ocr_line' id='line_1_28' title="bbox 1815 1348 3417 1422; baseline 0.004 -19"><span class='ocrx_word' id='word_1_189' title='bbox 1815 1348 1939 1403; x_wconf 92' lang='lat' dir='ltr'><strong>dem</strong></span> <span class='ocrx_word' id='word_1_190' title='bbox 1964 1364 2145 1403; x_wconf 91' lang='lat' dir='ltr'><strong>mcum</strong></span> <span class='ocrx_word' id='word_1_191' title='bbox 2179 1348 2305 1415; x_wconf 87' lang='lat' dir='ltr'><strong>feci,</strong></span> <span class='ocrx_word' id='word_1_192' title='bbox 2338 1360 2397 1404; x_wconf 92' lang='lat' dir='ltr'><strong>ut</strong></span> <span class='ocrx_word' id='word_1_193' title='bbox 2418 1366 2481 1406; x_wconf 77' lang='lat' dir='ltr'><strong>ex</strong></span> <span class='ocrx_word' id='word_1_194' title='bbox 2516 1350 2600 1406; x_wconf 90' lang='lat' dir='ltr'><strong>his</strong></span> <span class='ocrx_word' id='word_1_195' title='bbox 2621 1352 2953 1422; x_wconf 79' lang='lat' dir='ltr'><strong>agnoscatis,</strong></span> <span class='ocrx_word' id='word_1_196' title='bbox 2979 1366 3079 1407; x_wconf 91' lang='lat' dir='ltr'><strong>nos</strong></span> <span class='ocrx_word' id='word_1_197' title='bbox 3104 1351 3417 1409; x_wconf 84' lang='lat' dir='ltr'><strong>Ariomani-</strong></span> 
     </span>
    </p>
   </div>
   <div class='ocr_carea' id='block_1_29' title="bbox 1818 1443 3414 1516">
    <p class='ocr_par' dir='ltr' id='par_1_29' title="bbox 1818 1443 3414 1516">
     <span class='ocr_line' id='line_1_29' title="bbox 1818 1443 3414 1516; baseline 0.004 -19"><span class='ocrx_word' id='word_1_198' title='bbox 1818 1451 1994 1497; x_wconf 89' lang='lat' dir='ltr'><strong>tarum</strong></span> <span class='ocrx_word' id='word_1_199' title='bbox 2030 1458 2130 1499; x_wconf 90' lang='lat' dir='ltr'><strong>nec</strong></span> <span class='ocrx_word' id='word_1_200' title='bbox 2155 1443 2316 1498; x_wconf 88' lang='lat' dir='ltr'><strong>minis</strong></span> <span class='ocrx_word' id='word_1_201' title='bbox 2348 1458 2506 1512; x_wconf 86' lang='lat' dir='ltr'><strong>posse</strong></span> <span class='ocrx_word' id='word_1_202' title='bbox 2537 1444 2750 1508; x_wconf 90' lang='lat' dir='ltr'><strong>terreri,</strong></span> <span class='ocrx_word' id='word_1_203' title='bbox 2784 1459 2960 1516; x_wconf 86' lang='lat' dir='ltr'><strong>neque</strong></span> <span class='ocrx_word' id='word_1_204' title='bbox 2989 1444 3237 1516; x_wconf 89' lang='lat' dir='ltr'><strong>ipsorum</strong></span> <span class='ocrx_word' id='word_1_205' title='bbox 3289 1462 3414 1503; x_wconf 85' lang='lat' dir='ltr'><strong>scr-</strong></span> 
     </span>
    </p>
   </div>
   <div class='ocr_carea' id='block_1_30' title="bbox 1816 1534 3415 1609">
    <p class='ocr_par' dir='ltr' id='par_1_30' title="bbox 1816 1534 3415 1609">
     <span class='ocr_line' id='line_1_30' title="bbox 1816 1534 3415 1609; baseline 0.005 -22"><span class='ocrx_word' id='word_1_206' title='bbox 1816 1535 2034 1605; x_wconf 84' lang='lat' dir='ltr'><strong>pentina</strong></span> <span class='ocrx_word' id='word_1_207' title='bbox 2068 1534 2264 1590; x_wconf 89' lang='lat' dir='ltr'><strong>blanda</strong></span> <span class='ocrx_word' id='word_1_208' title='bbox 2290 1535 2592 1591; x_wconf 86' lang='lat' dir='ltr'><strong>subtilitate</strong></span> <span class='ocrx_word' id='word_1_209' title='bbox 2625 1550 2787 1607; x_wconf 88' lang='lat' dir='ltr'><strong>posse</strong></span> <span class='ocrx_word' id='word_1_210' title='bbox 2811 1535 2877 1590; x_wconf 91' lang='lat' dir='ltr'><strong>ad</strong></span> <span class='ocrx_word' id='word_1_211' title='bbox 2906 1537 3147 1609; x_wconf 88' lang='lat' dir='ltr'><strong>ipsorum</strong></span> <span class='ocrx_word' id='word_1_212' title='bbox 3175 1540 3415 1595; x_wconf 81' lang='lat' dir='ltr'><strong>societa-</strong></span> 
     </span>
    </p>
   </div>
   <div class='ocr_carea' id='block_1_31' title="bbox 1817 1629 3418 1709">
    <p class='ocr_par' dir='ltr' id='par_1_31' title="bbox 1817 1629 3418 1709">
     <span class='ocr_line' id='line_1_31' title="bbox 1817 1629 3418 1709; baseline 0.007 -26"><span class='ocrx_word' id='word_1_213' title='bbox 1817 1638 1923 1685; x_wconf 91' lang='lat' dir='ltr'><strong>tem</strong></span> <span class='ocrx_word' id='word_1_214' title='bbox 1968 1629 2216 1701; x_wconf 90' lang='lat' dir='ltr'><strong>perduci.</strong></span> <span class='ocrx_word' id='word_1_215' title='bbox 2276 1631 2539 1686; x_wconf 89' lang='lat' dir='ltr'><strong>Divinitas</strong></span> <span class='ocrx_word' id='word_1_216' title='bbox 2595 1646 2691 1686; x_wconf 93' lang='lat' dir='ltr'><strong>vos</strong></span> <span class='ocrx_word' id='word_1_217' title='bbox 2735 1642 3009 1705; x_wconf 77' lang='lat' dir='ltr'><strong>protegat,</strong></span> <span class='ocrx_word' id='word_1_218' title='bbox 3051 1634 3418 1709; x_wconf 83' lang='lat' dir='ltr'><strong>ﬂorentesque</strong></span> 
     </span>
    </p>
   </div>
   <div class='ocr_carea' id='block_1_32' title="bbox 1814 1722 3415 1787">
    <p class='ocr_par' dir='ltr' id='par_1_32' title="bbox 1814 1722 3415 1787">
     <span class='ocr_line' id='line_1_32' title="bbox 1814 1722 3415 1787; baseline 0.007 -12"><span class='ocrx_word' id='word_1_219' title='bbox 1814 1722 2001 1777; x_wconf 86' lang='lat' dir='ltr'><strong>vivere</strong></span> <span class='ocrx_word' id='word_1_220' title='bbox 2031 1732 2087 1778; x_wconf 90' lang='lat' dir='ltr'><strong>et</strong></span> <span class='ocrx_word' id='word_1_221' title='bbox 2117 1722 2205 1777; x_wconf 91' lang='lat' dir='ltr'><strong>hic</strong></span> <span class='ocrx_word' id='word_1_222' title='bbox 2244 1731 2302 1779; x_wconf 92' lang='lat' dir='ltr'><strong>et</strong></span> <span class='ocrx_word' id='word_1_223' title='bbox 2332 1726 2384 1779; x_wconf 93' lang='lat' dir='ltr'><strong>in</strong></span> <span class='ocrx_word' id='word_1_224' title='bbox 2446 1724 2628 1779; x_wconf 88' lang='lat' dir='ltr'><strong>futuro</strong></span> <span class='ocrx_word' id='word_1_225' title='bbox 2655 1723 2822 1780; x_wconf 80' lang='lat' dir='ltr'><strong>faciat</strong></span> <span class='ocrx_word' id='word_1_226' title='bbox 2854 1741 2978 1780; x_wconf 92' lang='lat' dir='ltr'><strong>cum</strong></span> <span class='ocrx_word' id='word_1_227' title='bbox 3009 1729 3264 1785; x_wconf 91' lang='lat' dir='ltr'><strong>omnibus</strong></span> <span class='ocrx_word' id='word_1_228' title='bbox 3289 1744 3415 1787; x_wconf 87' lang='lat' dir='ltr'><strong>ves-</strong></span> 
     </span>
    </p>
   </div>
   <div class='ocr_carea' id='block_1_33' title="bbox 104 1802 3251 1890">
    <p class='ocr_par' dir='ltr' id='par_1_33' title="bbox 104 1802 3251 1890">
     <span class='ocr_line' id='line_1_33' title="bbox 104 1802 3251 1890; baseline 0.003 -23"><span class='ocrx_word' id='word_1_229' title='bbox 104 1814 424 1869; x_wconf 82' lang='lat' dir='ltr'><strong>universutn</strong></span> <span class='ocrx_word' id='word_1_230' title='bbox 449 1815 639 1871; x_wconf 90' lang='lat' dir='ltr'><strong>orbem</strong></span> <span class='ocrx_word' id='word_1_231' title='bbox 668 1814 906 1885; x_wconf 87' lang='lat' dir='ltr'><strong>laborat,</strong></span> <span class='ocrx_word' id='word_1_232' title='bbox 929 1826 984 1872; x_wconf 90' lang='lat' dir='ltr'><strong>et</strong></span> <span class='ocrx_word' id='word_1_233' title='bbox 1005 1826 1066 1873; x_wconf 90' lang='lat' dir='ltr'><strong>ut</strong></span> <span class='ocrx_word' id='word_1_234' title='bbox 1087 1832 1188 1872; x_wconf 90' lang='lat' dir='ltr'><strong>nos</strong></span> <span class='ocrx_word' id='word_1_235' title='bbox 1213 1820 1302 1887; x_wconf 88' lang='lat' dir='ltr'><strong>qui</strong></span> <span class='ocrx_word' id='word_1_236' title='bbox 1327 1819 1706 1890; x_wconf 86' lang='lat' dir='ltr'><strong>deprimimur,</strong></span> <span class='ocrx_word' id='word_1_237' title='bbox 1740 1802 1787 1863; x_wconf 77' lang='grc' dir='ltr'><strong>Β</strong></span> <span class='ocrx_word' id='word_1_238' title='bbox 1818 1813 1936 1882; x_wconf 90' lang='lat' dir='ltr'><strong>tris,</strong></span> <span class='ocrx_word' id='word_1_239' title='bbox 1970 1813 2170 1871; x_wconf 79' lang='lat' dir='ltr'><strong>fratres</strong></span> <span class='ocrx_word' id='word_1_240' title='bbox 2199 1815 2506 1871; x_wconf 90' lang='lat' dir='ltr'><strong>charissimi</strong></span> <span class='ocrx_word' id='word_1_241' title='bbox 2529 1824 2584 1872; x_wconf 92' lang='lat' dir='ltr'><strong>et</strong></span> <span class='ocrx_word' id='word_1_242' title='bbox 2608 1817 2745 1873; x_wconf 88' lang='lat' dir='ltr'><strong>satis</strong></span> <span class='ocrx_word' id='word_1_243' title='bbox 2774 1818 3251 1875; x_wconf 88' lang='lat' dir='ltr'><strong>desideratissinti.</strong></span> 
     </span>
    </p>
   </div>
   <div class='ocr_carea' id='block_1_34' title="bbox 102 1906 1711 1985">
    <p class='ocr_par' dir='ltr' id='par_1_34' title="bbox 102 1906 1711 1985">
     <span class='ocr_line' id='line_1_34' title="bbox 102 1906 1711 1985; baseline 0.009 -26"><span class='ocrx_word' id='word_1_244' title='bbox 102 1906 387 1978; x_wconf 86' lang='lat' dir='ltr'><strong>possimus</strong></span> <span class='ocrx_word' id='word_1_245' title='bbox 419 1909 699 1965; x_wconf 87' lang='lat' dir='ltr'><strong>vobiscum</strong></span> <span class='ocrx_word' id='word_1_246' title='bbox 733 1912 946 1967; x_wconf 84' lang='lat' dir='ltr'><strong>liberati</strong></span> <span class='ocrx_word' id='word_1_247' title='bbox 976 1912 1212 1982; x_wconf 82' lang='lat' dir='ltr'><strong>gaudere</strong></span> <span class='ocrx_word' id='word_1_248' title='bbox 1243 1915 1416 1983; x_wconf 89' lang='lat' dir='ltr'><strong>:quod</strong></span> <span class='ocrx_word' id='word_1_249' title='bbox 1448 1925 1711 1985; x_wconf 74' lang='lat' dir='ltr'><strong>prtestarc</strong></span> 
     </span>
    </p>
   </div>
   <div class='ocr_carea' id='block_1_35' title="bbox 102 1998 1706 2076">
    <p class='ocr_par' dir='ltr' id='par_1_35' title="bbox 102 1998 1706 2076">
     <span class='ocr_line' id='line_1_35' title="bbox 102 1998 1706 2076; baseline 0.008 -23"><span class='ocrx_word' id='word_1_250' title='bbox 102 1998 425 2071; x_wconf 79' lang='lat' dir='ltr'><strong>dignabitur</strong></span> <span class='ocrx_word' id='word_1_251' title='bbox 469 2001 756 2066; x_wconf 87' lang='lat' dir='ltr'><strong>Dominus.</strong></span> <span class='ocrx_word' id='word_1_252' title='bbox 804 2005 1113 2074; x_wconf 86' lang='lat' dir='ltr'><strong>petentibus</strong></span> <span class='ocrx_word' id='word_1_253' title='bbox 1166 2005 1337 2073; x_wconf 82' lang='lat' dir='ltr'><strong>vobis,</strong></span> <span class='ocrx_word' id='word_1_254' title='bbox 1383 2025 1477 2076; x_wconf 91' lang='lat' dir='ltr'><strong>per</strong></span> <span class='ocrx_word' id='word_1_255' title='bbox 1522 2009 1706 2066; x_wconf 56' lang='lat' dir='ltr'><strong>Domi.</strong></span> 
     </span>
    </p>
   </div>
   <div class='ocr_carea' id='block_1_36' title="bbox 100 2093 1709 2169">
    <p class='ocr_par' dir='ltr' id='par_1_36' title="bbox 100 2093 1709 2169">
     <span class='ocr_line' id='line_1_36' title="bbox 100 2093 1709 2169; baseline 0.007 -22"><span class='ocrx_word' id='word_1_256' title='bbox 100 2106 227 2147; x_wconf 92' lang='lat' dir='ltr'><strong>num</strong></span> <span class='ocrx_word' id='word_1_257' title='bbox 257 2103 514 2149; x_wconf 87' lang='lat' dir='ltr'><strong>nostrum</strong></span> <span class='ocrx_word' id='word_1_258' title='bbox 547 2093 734 2150; x_wconf 82' lang='lat' dir='ltr'><strong>Jesum</strong></span> <span class='ocrx_word' id='word_1_259' title='bbox 762 2095 1037 2153; x_wconf 88' lang='lat' dir='ltr'><strong>Christum</strong></span> <span class='ocrx_word' id='word_1_260' title='bbox 1060 2100 1149 2169; x_wconf 89' lang='lat' dir='ltr'><strong>qui</strong></span> <span class='ocrx_word' id='word_1_261' title='bbox 1179 2109 1262 2154; x_wconf 90' lang='lat' dir='ltr'><strong>est</strong></span> <span class='ocrx_word' id='word_1_262' title='bbox 1283 2114 1467 2156; x_wconf 91' lang='lat' dir='ltr'><strong>secum</strong></span> <span class='ocrx_word' id='word_1_263' title='bbox 1494 2111 1517 2138; x_wconf 76' lang='grc' dir='ltr'>α</span> <span class='ocrx_word' id='word_1_264' title='bbox 1545 2102 1709 2158; x_wconf 84' lang='lat' dir='ltr'><strong>bene-</strong></span> 
     </span>
    </p>
   </div>
   <div class='ocr_carea' id='block_1_37' title="bbox 101 2185 1707 2265">
    <p class='ocr_par' dir='ltr' id='par_1_37' title="bbox 101 2185 1707 2265">
     <span class='ocr_line' id='line_1_37' title="bbox 101 2185 1707 2265; baseline 0.006 -24"><span class='ocrx_word' id='word_1_265' title='bbox 101 2185 276 2242; x_wconf 84' lang='lat' dir='ltr'><strong>die:us</strong></span> <span class='ocrx_word' id='word_1_266' title='bbox 326 2202 369 2242; x_wconf 89' lang='lat' dir='ltr'><strong>a</strong></span> <span class='ocrx_word' id='word_1_267' title='bbox 427 2189 642 2245; x_wconf 60' lang='lat' dir='ltr'><strong>saeculis</strong></span> <span class='ocrx_word' id='word_1_268' title='bbox 688 2199 744 2246; x_wconf 91' lang='lat' dir='ltr'><strong>et</strong></span> <span class='ocrx_word' id='word_1_269' title='bbox 791 2191 846 2247; x_wconf 94' lang='lat' dir='ltr'><strong>in</strong></span> <span class='ocrx_word' id='word_1_270' title='bbox 896 2191 1079 2247; x_wconf 88' lang='lat' dir='ltr'><strong>omnia</strong></span> <span class='ocrx_word' id='word_1_271' title='bbox 1120 2194 1318 2248; x_wconf 61' lang='lat' dir='ltr'><strong>saecula</strong></span> <span class='ocrx_word' id='word_1_272' title='bbox 1360 2195 1707 2265; x_wconf 80' lang='lat' dir='ltr'><strong>saeculorum,</strong></span> 
     </span>
    </p>
   </div>
   <div class='ocr_carea' id='block_1_38' title="bbox 2374 1912 2842 1970">
    <p class='ocr_par' dir='ltr' id='par_1_38' title="bbox 2374 1912 2842 1970">
     <span class='ocr_line' id='line_1_38' title="bbox 2374 1912 2842 1970; baseline 0 -2"><span class='ocrx_word' id='word_1_273' title='bbox 2374 1912 2665 1970; x_wconf 82' lang='lat' dir='ltr'><strong>EPISTOL</strong></span> <span class='ocrx_word' id='word_1_274' title='bbox 2678 1918 2710 1969; x_wconf 60' lang='grc' dir='ltr'><strong>Α</strong></span> <span class='ocrx_word' id='word_1_275' title='bbox 2753 1913 2842 1969; x_wconf 85' lang='grc' dir='ltr'><strong>ΙΙΙ.</strong></span> 
     </span>
    </p>
   </div>
   <div class='ocr_carea' id='block_1_39' title="bbox 2066 2021 3167 2066">
    <p class='ocr_par' dir='ltr' id='par_1_39' title="bbox 2066 2021 3167 2066">
     <span class='ocr_line' id='line_1_39' title="bbox 2066 2021 3167 2066; baseline -0.002 -3"><span class='ocrx_word' id='word_1_276' title='bbox 2066 2024 2134 2063; x_wconf 78' lang='lat' dir='ltr'><strong>AD</strong></span> <span class='ocrx_word' id='word_1_277' title='bbox 2160 2021 2467 2064; x_wconf 71' lang='lat' dir='ltr'><strong>GREGORIUI</strong></span> <span class='ocrx_word' id='word_1_278' title='bbox 2505 2023 2797 2065; x_wconf 71' lang='lat' dir='ltr'><strong>EPISCOPUI</strong></span> <span class='ocrx_word' id='word_1_279' title='bbox 2834 2023 3167 2066; x_wconf 74' lang='lat' dir='ltr'><strong>SPANBNSEII.</strong></span> 
     </span>
    </p>
   </div>
   <div class='ocr_carea' id='block_1_40' title="bbox 1815 2098 3415 2173">
    <p class='ocr_par' dir='ltr' id='par_1_40' title="bbox 1815 2098 3415 2173">
     <span class='ocr_line' id='line_1_40' title="bbox 1815 2098 3415 2173; baseline 0.004 -18"><span class='ocrx_word' id='word_1_280' title='bbox 1815 2099 2122 2156; x_wconf 78' lang='lat' dir='ltr'><strong>Gratulatur</strong></span> <span class='ocrx_word' id='word_1_281' title='bbox 2156 2098 2410 2155; x_wconf 81' lang='lat' dir='ltr'><strong>Eusebius</strong></span> <span class='ocrx_word' id='word_1_282' title='bbox 2435 2099 2689 2173; x_wconf 78' lang='lat' dir='ltr'><strong>Gregorio</strong></span> <span class='ocrx_word' id='word_1_283' title='bbox 2714 2101 2855 2172; x_wconf 84' lang='lat' dir='ltr'><strong>quod</strong></span> <span class='ocrx_word' id='word_1_284' title='bbox 2893 2102 3164 2157; x_wconf 73' lang='lat' dir='ltr'><strong>restitisset</strong></span> <span class='ocrx_word' id='word_1_285' title='bbox 3208 2102 3333 2159; x_wconf 82' lang='lat' dir='ltr'><strong>Osio</strong></span> <span class='ocrx_word' id='word_1_286' title='bbox 3367 2115 3415 2161; x_wconf 86' lang='lat' dir='ltr'><strong>et</strong></span> 
     </span>
    </p>
   </div>
   <div class='ocr_carea' id='block_1_41' title="bbox 1885 2191 3412 2262">
    <p class='ocr_par' dir='ltr' id='par_1_41' title="bbox 1885 2191 3412 2262">
     <span class='ocr_line' id='line_1_41' title="bbox 1885 2191 3412 2262; baseline 0.004 -16"><span class='ocrx_word' id='word_1_287' title='bbox 1885 2191 2123 2262; x_wconf 78' lang='lat' dir='ltr'><strong>plurimis</strong></span> <span class='ocrx_word' id='word_1_288' title='bbox 2151 2192 2448 2247; x_wconf 78' lang='lat' dir='ltr'><strong>cadentibus</strong></span> <span class='ocrx_word' id='word_1_289' title='bbox 2474 2192 2709 2249; x_wconf 78' lang='lat' dir='ltr'><strong>Arimino</strong></span> <span class='ocrx_word' id='word_1_290' title='bbox 2730 2194 2784 2249; x_wconf 85' lang='lat' dir='ltr'><strong>in</strong></span> <span class='ocrx_word' id='word_1_291' title='bbox 2808 2195 3275 2251; x_wconf 82' lang='lat' dir='ltr'><strong>communicatione</strong></span> <span class='ocrx_word' id='word_1_292' title='bbox 3307 2194 3412 2252; x_wconf 78' lang='lat' dir='ltr'><strong>Vn-</strong></span> 
     </span>
    </p>
   </div>
   <div class='ocr_carea' id='block_1_42' title="bbox 97 2279 2366 2342">
    <p class='ocr_par' dir='ltr' id='par_1_42' title="bbox 97 2279 2366 2342">
     <span class='ocr_line' id='line_1_42' title="bbox 97 2279 2366 2342; baseline 0.001 -7"><span class='ocrx_word' id='word_1_293' title='bbox 97 2279 295 2337; x_wconf 82' lang='lat' dir='ltr'><strong>Amen.</strong></span> <span class='ocrx_word' id='word_1_294' title='bbox 1884 2288 2033 2342; x_wconf 87' lang='lat' dir='ltr'><strong>lentis</strong></span> <span class='ocrx_word' id='word_1_295' title='bbox 2062 2297 2107 2340; x_wconf 89' lang='lat' dir='ltr'><strong>et</strong></span> <span class='ocrx_word' id='word_1_296' title='bbox 2139 2285 2366 2342; x_wconf 88' lang='lat' dir='ltr'><strong>Ursacii.</strong></span> 
     </span>
    </p>
   </div>
   <div class='ocr_carea' id='block_1_43' title="bbox 165 2366 1699 2452">
    <p class='ocr_par' dir='ltr' id='par_1_43' title="bbox 165 2366 1699 2452">
     <span class='ocr_line' id='line_1_43' title="bbox 165 2366 1699 2452; baseline 0.008 -24"><span class='ocrx_word' id='word_1_297' title='bbox 165 2372 258 2428; x_wconf 75' lang='lat' dir='ltr'><strong>XI.</strong></span> <span class='ocrx_word' id='word_1_298' title='bbox 296 2373 511 2431; x_wconf 88' lang='lat' dir='ltr'><strong>lterum</strong></span> <span class='ocrx_word' id='word_1_299' title='bbox 557 2386 703 2447; x_wconf 86' lang='lat' dir='ltr'><strong>peto,</strong></span> <span class='ocrx_word' id='word_1_300' title='bbox 735 2390 792 2433; x_wconf 90' lang='lat' dir='ltr'><strong>ct</strong></span> <span class='ocrx_word' id='word_1_301' title='bbox 832 2394 928 2436; x_wconf 81' lang='lat' dir='ltr'><strong>vos</strong></span> <span class='ocrx_word' id='word_1_302' title='bbox 967 2397 1064 2452; x_wconf 89' lang='lat' dir='ltr'><strong>per</strong></span> <span class='ocrx_word' id='word_1_303' title='bbox 1116 2366 1552 2442; x_wconf 82' lang='lat' dir='ltr'><strong>misericordiam</strong></span> <span class='ocrx_word' id='word_1_304' title='bbox 1603 2386 1699 2443; x_wconf 89' lang='lat' dir='ltr'><strong>Dei</strong></span> 
     </span>
    </p>
   </div>
   <div class='ocr_carea' id='block_1_44' title="bbox 99 2471 1697 2546">
    <p class='ocr_par' dir='ltr' id='par_1_44' title="bbox 99 2471 1697 2546">
     <span class='ocr_line' id='line_1_44' title="bbox 99 2471 1697 2546; baseline 0.011 -24"><span class='ocrx_word' id='word_1_305' title='bbox 99 2481 249 2538; x_wconf 80' lang='lat' dir='ltr'><strong>t‘Ogn,</strong></span> <span class='ocrx_word' id='word_1_306' title='bbox 279 2478 346 2523; x_wconf 91' lang='lat' dir='ltr'><strong>ut</strong></span> <span class='ocrx_word' id='word_1_307' title='bbox 381 2471 750 2543; x_wconf 89' lang='lat' dir='ltr'><strong>unusquisque</strong></span> <span class='ocrx_word' id='word_1_308' title='bbox 788 2474 841 2527; x_wconf 90' lang='lat' dir='ltr'><strong>in</strong></span> <span class='ocrx_word' id='word_1_309' title='bbox 890 2473 990 2530; x_wconf 87' lang='lat' dir='ltr'><strong>hac</strong></span> <span class='ocrx_word' id='word_1_310' title='bbox 1029 2478 1260 2546; x_wconf 75' lang='lat' dir='ltr'><strong>cpistola</strong></span> <span class='ocrx_word' id='word_1_311' title='bbox 1309 2482 1697 2540; x_wconf 80' lang='lat' dir='ltr'><strong>salutationem</strong></span> 
     </span>
    </p>
   </div>
   <div class='ocr_carea' id='block_1_45' title="bbox 100 2566 1699 2643">
    <p class='ocr_par' dir='ltr' id='par_1_45' title="bbox 100 2566 1699 2643">
     <span class='ocr_line' id='line_1_45' title="bbox 100 2566 1699 2643; baseline 0.014 -27"><span class='ocrx_word' id='word_1_312' title='bbox 100 2576 245 2616; x_wconf 87' lang='lat' dir='ltr'><strong>suam</strong></span> <span class='ocrx_word' id='word_1_313' title='bbox 280 2572 602 2634; x_wconf 85' lang='lat' dir='ltr'><strong>nuncupet;</strong></span> <span class='ocrx_word' id='word_1_314' title='bbox 632 2566 760 2637; x_wconf 90' lang='lat' dir='ltr'><strong>quia</strong></span> <span class='ocrx_word' id='word_1_315' title='bbox 790 2567 1040 2639; x_wconf 88' lang='lat' dir='ltr'><strong>singulis,</strong></span> <span class='ocrx_word' id='word_1_316' title='bbox 1067 2581 1127 2626; x_wconf 89' lang='lat' dir='ltr'><strong>ut</strong></span> <span class='ocrx_word' id='word_1_317' title='bbox 1165 2573 1429 2643; x_wconf 87' lang='lat' dir='ltr'><strong>solebam,</strong></span> <span class='ocrx_word' id='word_1_318' title='bbox 1461 2577 1699 2638; x_wconf 77' lang='lat' dir='ltr'><strong>faciente</strong></span> 
     </span>
    </p>
   </div>
   <div class='ocr_carea' id='block_1_46' title="bbox 1806 2399 3412 2466">
    <p class='ocr_par' dir='ltr' id='par_1_46' title="bbox 1806 2399 3412 2466">
     <span class='ocr_line' id='line_1_46' title="bbox 1806 2399 3412 2466; baseline 0.004 -15"><span class='ocrx_word' id='word_1_319' title='bbox 1806 2400 1968 2465; x_wconf 86' lang='lat' dir='ltr'><strong>(Hanc</strong></span> <span class='ocrx_word' id='word_1_320' title='bbox 1991 2400 2247 2466; x_wconf 65' lang='lat' dir='ltr'><strong>epistolam</strong></span> <span class='ocrx_word' id='word_1_321' title='bbox 2264 2399 2452 2466; x_wconf 64' lang='lat' dir='ltr'><strong>videat!</strong></span> <span class='ocrx_word' id='word_1_322' title='bbox 2473 2408 2653 2466; x_wconf 71' lang='lat' dir='ltr'><strong>tomum</strong></span> <span class='ocrx_word' id='word_1_323' title='bbox 2680 2399 2721 2450; x_wconf 89' lang='grc' dir='ltr'><strong>Χ</strong></span> <span class='ocrx_word' id='word_1_324' title='bbox 2741 2408 2917 2454; x_wconf 75' lang='lat' dir='ltr'><strong>nostrae</strong></span> <span class='ocrx_word' id='word_1_325' title='bbox 2941 2402 3253 2466; x_wconf 72' lang='lat' dir='ltr'><strong>Patrologlae,</strong></span> <span class='ocrx_word' id='word_1_326' title='bbox 3282 2409 3412 2457; x_wconf 88' lang='lat' dir='ltr'><strong>inter</strong></span> 
     </span>
    </p>
   </div>
   <div class='ocr_carea' id='block_1_47' title="bbox 1869 2462 3409 2527">
    <p class='ocr_par' dir='ltr' id='par_1_47' title="bbox 1869 2462 3409 2527">
     <span class='ocr_line' id='line_1_47' title="bbox 1869 2462 3409 2527; baseline 0.003 -14"><span class='ocrx_word' id='word_1_327' title='bbox 1869 2477 2018 2525; x_wconf 88' lang='lat' dir='ltr'><strong>opera</strong></span> <span class='ocrx_word' id='word_1_328' title='bbox 2040 2463 2270 2527; x_wconf 83' lang='lat' dir='ltr'><strong>historica</strong></span> <span class='ocrx_word' id='word_1_329' title='bbox 2296 2463 2545 2527; x_wconf 83' lang='lat' dir='ltr'><strong>S._Hilarii</strong></span> <span class='ocrx_word' id='word_1_330' title='bbox 2565 2502 2578 2525; x_wconf 92' lang='lat'><strong>,</strong></span> <span class='ocrx_word' id='word_1_331' title='bbox 2605 2462 2802 2527; x_wconf 82' lang='lat' dir='ltr'><strong>Fragm.</strong></span> <span class='ocrx_word' id='word_1_332' title='bbox 2826 2526 2831 2527; x_wconf 16' lang='grc' dir='ltr'>ί</span> <span class='ocrx_word' id='word_1_333' title='bbox 2855 2480 2935 2526; x_wconf 85' lang='lat' dir='ltr'><strong>xt,</strong></span> <span class='ocrx_word' id='word_1_334' title='bbox 2985 2465 3079 2516; x_wconf 90' lang='lat' dir='ltr'><strong>col.</strong></span> <span class='ocrx_word' id='word_1_335' title='bbox 3128 2462 3249 2518; x_wconf 58' lang='grc' dir='ltr'><strong>τιδέ</strong></span> <span class='ocrx_word' id='word_1_336' title='bbox 3281 2467 3409 2519; x_wconf 81' lang='lat' dir='ltr'><strong>Vide</strong></span> 
     </span>
    </p>
   </div>
   <div class='ocr_carea' id='block_1_48' title="bbox 1868 2525 3408 2594">
    <p class='ocr_par' dir='ltr' id='par_1_48' title="bbox 1868 2525 3408 2594">
     <span class='ocr_line' id='line_1_48' title="bbox 1868 2525 3408 2594; baseline 0.004 -18"><span class='ocrx_word' id='word_1_337' title='bbox 1868 2525 2836 2594; x_wconf 9' lang='lat' dir='ltr'><strong>etiam___l§pistolas__l.iAberii_g__pap;eAad</strong></span> <span class='ocrx_word' id='word_1_338' title='bbox 2881 2525 3144 2580; x_wconf 79' lang='lat' dir='ltr'><strong>Eusebium</strong></span> <span class='ocrx_word' id='word_1_339' title='bbox 3168 2569 3182 2594; x_wconf 92' lang='lat'><strong>,</strong></span> <span class='ocrx_word' id='word_1_340' title='bbox 3225 2529 3408 2583; x_wconf 89' lang='lat' dir='ltr'><strong>Patrol.</strong></span> 
     </span>
    </p>
   </div>
   <div class='ocr_carea' id='block_1_49' title="bbox 1869 2588 2829 2655">
    <p class='ocr_par' dir='ltr' id='par_1_49' title="bbox 1869 2588 2829 2655">
     <span class='ocr_line' id='line_1_49' title="bbox 1869 2588 2829 2655; baseline 0.002 -16"><span class='ocrx_word' id='word_1_341' title='bbox 1869 2598 1983 2639; x_wconf 78' lang='lat' dir='ltr'><strong>tum.</strong></span> <span class='ocrx_word' id='word_1_342' title='bbox 2014 2588 2618 2653; x_wconf 75' lang='lat' dir='ltr'><strong>VlIl,col|.1550,1355,</strong></span> <span class='ocrx_word' id='word_1_343' title='bbox 2648 2588 2786 2641; x_wconf 69' lang='lat'><strong>{556.</strong></span> <span class='ocrx_word' id='word_1_344' title='bbox 2809 2596 2829 2655; x_wconf 64' lang='grc' dir='ltr'><strong>ι</strong></span> 
     </span>
    </p>
   </div>
   <div class='ocr_carea' id='block_1_50' title="bbox 170 2750 2102 2833">
    <p class='ocr_par' dir='ltr' id='par_1_50' title="bbox 170 2750 2102 2833">
     <span class='ocr_line' id='line_1_50' title="bbox 170 2750 2102 2833; baseline 0.008 -27"><span class='ocrx_word' id='word_1_345' title='bbox 170 2758 194 2787; x_wconf 79' lang='grc' dir='ltr'><strong>ἰ</strong></span> <span class='ocrx_word' id='word_1_346' title='bbox 218 2750 383 2807; x_wconf 86' lang='lat' dir='ltr'><strong>Deest</strong></span> <span class='ocrx_word' id='word_1_347' title='bbox 417 2752 539 2808; x_wconf 69' lang='lat' dir='ltr'><strong>haec</strong></span> <span class='ocrx_word' id='word_1_348' title='bbox 567 2768 669 2812; x_wconf 85' lang='lat' dir='ltr'><strong>vox</strong></span> <span class='ocrx_word' id='word_1_349' title='bbox 698 2757 840 2827; x_wconf 90' lang='lat' dir='ltr'><strong>apud</strong></span> <span class='ocrx_word' id='word_1_350' title='bbox 868 2758 1187 2829; x_wconf 89' lang='lat' dir='ltr'><strong>Baronium,</strong></span> <span class='ocrx_word' id='word_1_351' title='bbox 1211 2779 1371 2833; x_wconf 89' lang='lat' dir='ltr'><strong>quam</strong></span> <span class='ocrx_word' id='word_1_352' title='bbox 1397 2772 1579 2821; x_wconf 87' lang='lat' dir='ltr'><strong>tamen</strong></span> <span class='ocrx_word' id='word_1_353' title='bbox 1602 2765 1803 2823; x_wconf 85' lang='lat' dir='ltr'><strong>habent</strong></span> <span class='ocrx_word' id='word_1_354' title='bbox 1826 2767 1918 2822; x_wconf 84' lang='lat' dir='ltr'><strong>alti</strong></span> <span class='ocrx_word' id='word_1_355' title='bbox 1946 2766 2102 2823; x_wconf 88' lang='lat' dir='ltr'><strong>editi.</strong></span> 
     </span>
    </p>
   </div>
   <div class='ocr_carea' id='block_1_51' title="bbox 937 2942 2547 3098">
    <p class='ocr_par' dir='ltr' id='par_1_51' title="bbox 937 2942 2547 3098">
     <span class='ocr_line' id='line_1_51' title="bbox 937 2942 2547 3098; baseline 0.003 -9"><span class='ocrx_word' id='word_1_356' title='bbox 937 2942 1655 3095; x_wconf 85' lang='lat' dir='ltr'><strong>SANCTI</strong></span> <span class='ocrx_word' id='word_1_357' title='bbox 1753 2950 2547 3098; x_wconf 85' lang='lat' dir='ltr'><strong>EUSEBII</strong></span> 
     </span>
    </p>
   </div>
   <div class='ocr_carea' id='block_1_52' title="bbox 984 3127 2526 3198">
    <p class='ocr_par' dir='ltr' id='par_1_52' title="bbox 984 3127 2526 3198">
     <span class='ocr_line' id='line_1_52' title="bbox 984 3127 2526 3198; baseline 0.005 -10"><span class='ocrx_word' id='word_1_358' title='bbox 984 3127 1579 3194; x_wconf 81' lang='lat' dir='ltr'><strong>VERCELLENSIS</strong></span> <span class='ocrx_word' id='word_1_359' title='bbox 1607 3132 1956 3198; x_wconf 84' lang='lat' dir='ltr'><strong>EPISCOPI</strong></span> <span class='ocrx_word' id='word_1_360' title='bbox 1984 3135 2087 3195; x_wconf 87' lang='lat' dir='ltr'><strong>ET</strong></span> <span class='ocrx_word' id='word_1_361' title='bbox 2109 3133 2526 3196; x_wconf 75' lang='lat' dir='ltr'><strong>MARTYRIS</strong></span> 
     </span>
    </p>
   </div>
   <div class='ocr_carea' id='block_1_53' title="bbox 564 3241 2913 3385">
    <p class='ocr_par' dir='ltr' id='par_1_53' title="bbox 564 3241 2913 3385">
     <span class='ocr_line' id='line_1_53' title="bbox 564 3241 2913 3385; baseline 0.004 -14"><span class='ocrx_word' id='word_1_362' title='bbox 564 3241 807 3371; x_wconf 86' lang='lat' dir='ltr'><strong>DE</strong></span> <span class='ocrx_word' id='word_1_363' title='bbox 892 3249 1802 3378; x_wconf 82' lang='lat' dir='ltr'><strong>TRlNlTATE</strong></span> <span class='ocrx_word' id='word_1_364' title='bbox 1898 3250 2765 3385; x_wconf 83' lang='lat' dir='ltr'><strong>CONFESSI</strong></span> <span class='ocrx_word' id='word_1_365' title='bbox 2794 3251 2913 3380; x_wconf 91' lang='grc' dir='ltr'>Ο</span> 
     </span>
    </p>
   </div>
   <div class='ocr_carea' id='block_1_54' title="bbox 1133 3435 2361 3495">
    <p class='ocr_par' dir='ltr' id='par_1_54' title="bbox 1133 3435 2361 3495">
     <span class='ocr_line' id='line_1_54' title="bbox 1133 3435 2361 3495; baseline 0.002 -5"><span class='ocrx_word' id='word_1_366' title='bbox 1133 3435 1210 3490; x_wconf 82' lang='lat' dir='ltr'><strong>Ex</strong></span> <span class='ocrx_word' id='word_1_367' title='bbox 1280 3452 1570 3493; x_wconf 75' lang='lat' dir='ltr'><strong>ANECDOTIS</strong></span> <span class='ocrx_word' id='word_1_368' title='bbox 1608 3452 1789 3495; x_wconf 74' lang='lat' dir='ltr'><strong>SACBIS</strong></span> <span class='ocrx_word' id='word_1_369' title='bbox 1819 3439 2048 3495; x_wconf 80' lang='lat' dir='ltr'><strong>EUGENII</strong></span> <span class='ocrx_word' id='word_1_370' title='bbox 2077 3455 2145 3495; x_wconf 72' lang='lat' dir='ltr'><strong>ne.</strong></span> <span class='ocrx_word' id='word_1_371' title='bbox 2175 3438 2361 3495; x_wconf 74' lang='lat' dir='ltr'><strong>strs.</strong></span> 
     </span>
    </p>
   </div>
   <div class='ocr_carea' id='block_1_55' title="bbox 122 2862 1827 2892">
    <p class='ocr_par' dir='ltr' id='par_1_55' title="bbox 122 2862 1827 2892">
     <span class='ocr_line' id='line_1_55' title="bbox 122 2862 1827 2892; baseline 0.012 -25"><span class='ocrx_word' id='word_1_372' title='bbox 122 2862 245 2875; x_wconf 82' lang='lat'><strong>___,</strong></span> <span class='ocrx_word' id='word_1_373' title='bbox 294 2864 765 2880; x_wconf 87' lang='lat'><strong>___._____</strong></span> <span class='ocrx_word' id='word_1_374' title='bbox 798 2870 851 2881; x_wconf 89' lang='lat'><strong>_.</strong></span> <span class='ocrx_word' id='word_1_375' title='bbox 888 2872 931 2883; x_wconf 92' lang='lat'><em>__</em></span> <span class='ocrx_word' id='word_1_376' title='bbox 1616 2880 1621 2891; x_wconf 84' lang='lat'>.</span> <span class='ocrx_word' id='word_1_377' title='bbox 1655 2881 1681 2891; x_wconf 98' lang='lat'>_</span> <span class='ocrx_word' id='word_1_378' title='bbox 1729 2872 1827 2892; x_wconf 45' lang='grc' dir='ltr'><strong>...νη</strong></span> 
     </span>
    </p>
   </div>
   <div class='ocr_carea' id='block_1_56' title="bbox 1518 3680 2069 3753">
    <p class='ocr_par' dir='ltr' id='par_1_56' title="bbox 1518 3680 2069 3753">
     <span class='ocr_line' id='line_1_56' title="bbox 1518 3680 2069 3753; baseline 0.005 -4"><span class='ocrx_word' id='word_1_379' title='bbox 1518 3681 1596 3750; x_wconf 89' lang='grc' dir='ltr'><strong>Μ</strong></span> <span class='ocrx_word' id='word_1_380' title='bbox 1610 3680 2034 3753; x_wconf 84' lang='lat' dir='ltr'><strong>ONITUM</strong></span> <span class='ocrx_word' id='word_1_381' title='bbox 2045 3727 2069 3752; x_wconf 89' lang='lat'><strong>.</strong></span> 
     </span>
    </p>
   </div>
   <div class='ocr_carea' id='block_1_57' title="bbox 172 3781 3398 3865">
    <p class='ocr_par' dir='ltr' id='par_1_57' title="bbox 172 3781 3398 3865">
     <span class='ocr_line' id='line_1_57' title="bbox 172 3781 3398 3865; baseline 0.001 -27"><span class='ocrx_word' id='word_1_382' title='bbox 172 3781 459 3857; x_wconf 83' lang='lat' dir='ltr'><strong>Postquam</strong></span> <span class='ocrx_word' id='word_1_383' title='bbox 499 3787 822 3859; x_wconf 64' lang='lat' dir='ltr'><strong>pra’fationis</strong></span> <span class='ocrx_word' id='word_1_384' title='bbox 865 3789 1012 3844; x_wconf 87' lang='lat' dir='ltr'><strong>initio</strong></span> <span class='ocrx_word' id='word_1_385' title='bbox 1040 3802 1287 3863; x_wconf 69' lang='lat' dir='ltr'><strong>suscepta:</strong></span> <span class='ocrx_word' id='word_1_386' title='bbox 1326 3809 1358 3847; x_wconf 92' lang='lat' dir='ltr'><strong>a</strong></span> <span class='ocrx_word' id='word_1_387' title='bbox 1397 3809 1450 3848; x_wconf 83' lang='lat' dir='ltr'><strong>se</strong></span> <span class='ocrx_word' id='word_1_388' title='bbox 1480 3793 1868 3848; x_wconf 79' lang='lat' dir='ltr'><strong>Anecdotorum</strong></span> <span class='ocrx_word' id='word_1_389' title='bbox 1898 3795 2208 3865; x_wconf 83' lang='lat' dir='ltr'><strong>vulgationis</strong></span> <span class='ocrx_word' id='word_1_390' title='bbox 2245 3810 2363 3850; x_wconf 86' lang='lat' dir='ltr'><strong>cum</strong></span> <span class='ocrx_word' id='word_1_391' title='bbox 2403 3794 2725 3849; x_wconf 83' lang='lat' dir='ltr'><strong>occasionem</strong></span> <span class='ocrx_word' id='word_1_392' title='bbox 2764 3803 2873 3847; x_wconf 87' lang='lat' dir='ltr'><strong>tum</strong></span> <span class='ocrx_word' id='word_1_393' title='bbox 2899 3791 3171 3846; x_wconf 74' lang='lat' dir='ltr'><strong>utilitatem</strong></span> <span class='ocrx_word' id='word_1_394' title='bbox 3201 3805 3398 3844; x_wconf 88' lang='lat' dir='ltr'><strong>memo-</strong></span> 
     </span>
    </p>
   </div>
   <div class='ocr_carea' id='block_1_58' title="bbox 105 3875 3406 3955">
    <p class='ocr_par' dir='ltr' id='par_1_58' title="bbox 105 3875 3406 3955">
     <span class='ocr_line' id='line_1_58' title="bbox 105 3875 3406 3955; baseline 0.003 -30"><span class='ocrx_word' id='word_1_395' title='bbox 105 3875 261 3941; x_wconf 84' lang='lat' dir='ltr'><strong>rarit,</strong></span> <span class='ocrx_word' id='word_1_396' title='bbox 290 3877 365 3931; x_wconf 88' lang='lat' dir='ltr'><strong>sic</strong></span> <span class='ocrx_word' id='word_1_397' title='bbox 393 3879 726 3950; x_wconf 80' lang='lat' dir='ltr'><strong>progreditur</strong></span> <span class='ocrx_word' id='word_1_398' title='bbox 744 3880 824 3934; x_wconf 79' lang='lat' dir='ltr'><strong>vir</strong></span> <span class='ocrx_word' id='word_1_399' title='bbox 842 3880 1223 3937; x_wconf 78' lang='lat' dir='ltr'><strong>eruditissimus</strong></span> <span class='ocrx_word' id='word_1_400' title='bbox 1250 3883 1314 3936; x_wconf 86' lang='lat' dir='ltr'><strong>de</strong></span> <span class='ocrx_word' id='word_1_401' title='bbox 1340 3881 1489 3938; x_wconf 87' lang='lat' dir='ltr'><strong>Levis</strong></span> <span class='ocrx_word' id='word_1_402' title='bbox 1531 3899 1550 3937; x_wconf 89' lang='lat'><em>:</em></span> <span class='ocrx_word' id='word_1_403' title='bbox 1588 3884 1889 3954; x_wconf 81' lang='lat' dir='ltr'><strong>Exordiar,</strong></span> <span class='ocrx_word' id='word_1_404' title='bbox 1924 3886 1991 3940; x_wconf 94' lang='lat' dir='ltr'><strong>de</strong></span> <span class='ocrx_word' id='word_1_405' title='bbox 2021 3887 2080 3941; x_wconf 92' lang='lat' dir='ltr'><strong>S.</strong></span> <span class='ocrx_word' id='word_1_406' title='bbox 2135 3886 2374 3942; x_wconf 87' lang='lat' dir='ltr'><strong>Eusebio</strong></span> <span class='ocrx_word' id='word_1_407' title='bbox 2417 3885 2756 3942; x_wconf 81' lang='lat' dir='ltr'><strong>Vercellensi</strong></span> <span class='ocrx_word' id='word_1_408' title='bbox 2806 3885 3069 3955; x_wconf 89' lang='lat' dir='ltr'><strong>episcopo</strong></span> <span class='ocrx_word' id='word_1_409' title='bbox 3104 3881 3262 3951; x_wconf 87' lang='lat' dir='ltr'><strong>hujus</strong></span> <span class='ocrx_word' id='word_1_410' title='bbox 3305 3895 3406 3935; x_wconf 90' lang='lat' dir='ltr'><strong>no-</strong></span> 
     </span>
    </p>
   </div>
   <div class='ocr_carea' id='block_1_59' title="bbox 108 3969 3398 4050">
    <p class='ocr_par' dir='ltr' id='par_1_59' title="bbox 108 3969 3398 4050">
     <span class='ocr_line' id='line_1_59' title="bbox 108 3969 3398 4050; baseline 0.002 -29"><span class='ocrx_word' id='word_1_411' title='bbox 108 3969 256 4027; x_wconf 86' lang='lat' dir='ltr'><strong>minis</strong></span> <span class='ocrx_word' id='word_1_412' title='bbox 284 3974 467 4041; x_wconf 91' lang='lat' dir='ltr'><strong>primo</strong></span> <span class='ocrx_word' id='word_1_413' title='bbox 510 3973 767 4045; x_wconf 81' lang='lat' dir='ltr'><strong>(Malletts</strong></span> <span class='ocrx_word' id='word_1_414' title='bbox 799 3975 1129 4031; x_wconf 82' lang='lat' dir='ltr'><strong>Arianorum</strong></span> <span class='ocrx_word' id='word_1_415' title='bbox 1163 3976 1497 4049; x_wconf 84' lang='lat' dir='ltr'><strong>appellatus)</strong></span> <span class='ocrx_word' id='word_1_416' title='bbox 1526 3978 1902 4046; x_wconf 72' lang='lat' dir='ltr'><strong>confessionem</strong></span> <span class='ocrx_word' id='word_1_417' title='bbox 1931 3980 2055 4050; x_wconf 77' lang='lat' dir='ltr'><strong>ﬁdei</strong></span> <span class='ocrx_word' id='word_1_418' title='bbox 2097 3980 2343 4035; x_wconf 79' lang='lat' dir='ltr'><strong>adversus</strong></span> <span class='ocrx_word' id='word_1_419' title='bbox 2392 3979 2614 4034; x_wconf 77' lang='lat' dir='ltr'><strong>Arianos</strong></span> <span class='ocrx_word' id='word_1_420' title='bbox 2661 3979 2764 4033; x_wconf 92' lang='lat' dir='ltr'><strong>luci</strong></span> <span class='ocrx_word' id='word_1_421' title='bbox 2806 3975 3167 4032; x_wconf 78' lang='lat' dir='ltr'><strong>mandandum</strong></span> <span class='ocrx_word' id='word_1_422' title='bbox 3200 3973 3398 4038; x_wconf 90' lang='lat' dir='ltr'><strong>statui,</strong></span> 
     </span>
    </p>
   </div>
   <div class='ocr_carea' id='block_1_60' title="bbox 104 4063 3393 4142">
    <p class='ocr_par' dir='ltr' id='par_1_60' title="bbox 104 4063 3393 4142">
     <span class='ocr_line' id='line_1_60' title="bbox 104 4063 3393 4142; baseline 0.004 -27"><span class='ocrx_word' id='word_1_423' title='bbox 104 4075 252 4130; x_wconf 84' lang='lat' dir='ltr'><strong>quam</strong></span> <span class='ocrx_word' id='word_1_424' title='bbox 281 4063 404 4120; x_wconf 88' lang='lat' dir='ltr'><strong>lidei</strong></span> <span class='ocrx_word' id='word_1_425' title='bbox 424 4064 711 4120; x_wconf 80' lang='lat' dir='ltr'><strong>formulam</strong></span> <span class='ocrx_word' id='word_1_426' title='bbox 736 4067 911 4122; x_wconf 90' lang='lat' dir='ltr'><strong>tribus</strong></span> <span class='ocrx_word' id='word_1_427' title='bbox 936 4068 987 4121; x_wconf 93' lang='lat' dir='ltr'><strong>in</strong></span> <span class='ocrx_word' id='word_1_428' title='bbox 1011 4067 1152 4122; x_wconf 83' lang='lat' dir='ltr'><strong>foliis</strong></span> <span class='ocrx_word' id='word_1_429' title='bbox 1179 4068 1610 4127; x_wconf 88' lang='lat' dir='ltr'><strong>membrauaceis</strong></span> <span class='ocrx_word' id='word_1_430' title='bbox 1635 4070 2035 4140; x_wconf 87' lang='lat' dir='ltr'><strong>pertinentibus</strong></span> <span class='ocrx_word' id='word_1_431' title='bbox 2074 4072 2185 4142; x_wconf 87' lang='lat' dir='ltr'><strong>jam</strong></span> <span class='ocrx_word' id='word_1_432' title='bbox 2209 4073 2273 4125; x_wconf 85' lang='lat' dir='ltr'><strong>ad</strong></span> <span class='ocrx_word' id='word_1_433' title='bbox 2305 4072 2617 4141; x_wconf 83' lang='lat' dir='ltr'><strong>perinsigne</strong></span> <span class='ocrx_word' id='word_1_434' title='bbox 2646 4069 3037 4124; x_wconf 80' lang='lat' dir='ltr'><strong>monasterium</strong></span> <span class='ocrx_word' id='word_1_435' title='bbox 3065 4067 3393 4121; x_wconf 65' lang='lat' dir='ltr'><strong>Sanctorum</strong></span> 
     </span>
    </p>
   </div>
   <div class='ocr_carea' id='block_1_61' title="bbox 107 4152 3398 4236">
    <p class='ocr_par' dir='ltr' id='par_1_61' title="bbox 107 4152 3398 4236">
     <span class='ocr_line' id='line_1_61' title="bbox 107 4152 3398 4236; baseline 0.002 -27"><span class='ocrx_word' id='word_1_436' title='bbox 107 4152 400 4226; x_wconf 81' lang='lat' dir='ltr'><strong>Michaelis,</strong></span> <span class='ocrx_word' id='word_1_437' title='bbox 448 4167 503 4215; x_wconf 89' lang='lat' dir='ltr'><strong>et</strong></span> <span class='ocrx_word' id='word_1_438' title='bbox 527 4159 763 4217; x_wconf 83' lang='lat' dir='ltr'><strong>Januarii</strong></span> <span class='ocrx_word' id='word_1_439' title='bbox 794 4164 1046 4234; x_wconf 83' lang='lat' dir='ltr'><strong>martyris</strong></span> <span class='ocrx_word' id='word_1_440' title='bbox 1077 4164 1143 4218; x_wconf 91' lang='lat' dir='ltr'><strong>de</strong></span> <span class='ocrx_word' id='word_1_441' title='bbox 1174 4164 1409 4220; x_wconf 87' lang='lat' dir='ltr'><strong>Luccdio</strong></span> <span class='ocrx_word' id='word_1_442' title='bbox 1433 4168 1632 4234; x_wconf 88' lang='lat' dir='ltr'><strong>reperi,</strong></span> <span class='ocrx_word' id='word_1_443' title='bbox 1660 4176 1712 4220; x_wconf 91' lang='lat' dir='ltr'><strong>ct</strong></span> <span class='ocrx_word' id='word_1_444' title='bbox 1734 4166 1965 4221; x_wconf 78' lang='lat' dir='ltr'><strong>exscribi</strong></span> <span class='ocrx_word' id='word_1_445' title='bbox 1997 4169 2202 4221; x_wconf 88' lang='lat' dir='ltr'><strong>curavi.</strong></span> <span class='ocrx_word' id='word_1_446' title='bbox 2237 4166 2389 4236; x_wconf 83' lang='lat' dir='ltr'><strong>Quod</strong></span> <span class='ocrx_word' id='word_1_447' title='bbox 2423 4165 2812 4220; x_wconf 86' lang='lat' dir='ltr'><strong>monasterium</strong></span> <span class='ocrx_word' id='word_1_448' title='bbox 2845 4161 3126 4218; x_wconf 89' lang='lat' dir='ltr'><strong>conditum</strong></span> <span class='ocrx_word' id='word_1_449' title='bbox 3160 4160 3260 4216; x_wconf 87' lang='lat' dir='ltr'><strong>fuit</strong></span> <span class='ocrx_word' id='word_1_450' title='bbox 3289 4175 3398 4216; x_wconf 75' lang='lat' dir='ltr'><strong>sa:-</strong></span> 
     </span>
    </p>
   </div>
   <div class='ocr_carea' id='block_1_62' title="bbox 108 4248 3407 4329">
    <p class='ocr_par' dir='ltr' id='par_1_62' title="bbox 108 4248 3407 4329">
     <span class='ocr_line' id='line_1_62' title="bbox 108 4248 3407 4329; baseline 0.002 -27"><span class='ocrx_word' id='word_1_451' title='bbox 108 4248 222 4303; x_wconf 91' lang='lat' dir='ltr'><strong>culo</strong></span> <span class='ocrx_word' id='word_1_452' title='bbox 259 4252 533 4322; x_wconf 85' lang='lat' dir='ltr'><strong>septimo,</strong></span> <span class='ocrx_word' id='word_1_453' title='bbox 573 4263 631 4310; x_wconf 90' lang='lat' dir='ltr'><strong>ut</strong></span> <span class='ocrx_word' id='word_1_454' title='bbox 681 4270 781 4311; x_wconf 92' lang='lat' dir='ltr'><strong>suo</strong></span> <span class='ocrx_word' id='word_1_455' title='bbox 813 4257 936 4312; x_wconf 90' lang='lat' dir='ltr'><strong>loco</strong></span> <span class='ocrx_word' id='word_1_456' title='bbox 992 4257 1179 4313; x_wconf 88' lang='lat' dir='ltr'><strong>videre</strong></span> <span class='ocrx_word' id='word_1_457' title='bbox 1209 4265 1323 4320; x_wconf 87' lang='lat' dir='ltr'><strong>est,</strong></span> <span class='ocrx_word' id='word_1_458' title='bbox 1366 4266 1421 4311; x_wconf 90' lang='lat' dir='ltr'><strong>et</strong></span> <span class='ocrx_word' id='word_1_459' title='bbox 1469 4258 1571 4314; x_wconf 90' lang='lat' dir='ltr'><strong>sub</strong></span> <span class='ocrx_word' id='word_1_460' title='bbox 1609 4257 1836 4327; x_wconf 83' lang='lat' dir='ltr'><strong>speciali</strong></span> <span class='ocrx_word' id='word_1_461' title='bbox 1879 4260 2044 4313; x_wconf 85' lang='lat' dir='ltr'><strong>tutela</strong></span> <span class='ocrx_word' id='word_1_462' title='bbox 2089 4258 2470 4329; x_wconf 88' lang='lat' dir='ltr'><strong>episcoporum</strong></span> <span class='ocrx_word' id='word_1_463' title='bbox 2524 4256 2975 4312; x_wconf 70' lang='lat' dir='ltr'><strong>Vercellensium.</strong></span> <span class='ocrx_word' id='word_1_464' title='bbox 3024 4254 3173 4323; x_wconf 85' lang='lat' dir='ltr'><strong>Quos</strong></span> <span class='ocrx_word' id='word_1_465' title='bbox 3220 4260 3407 4309; x_wconf 88' lang='lat' dir='ltr'><strong>autem</strong></span> 
     </span>
    </p>
   </div>
   <div class='ocr_carea' id='block_1_63' title="bbox 107 4341 3403 4423">
    <p class='ocr_par' dir='ltr' id='par_1_63' title="bbox 107 4341 3403 4423">
     <span class='ocr_line' id='line_1_63' title="bbox 107 4341 3403 4423; baseline 0.001 -26"><span class='ocrx_word' id='word_1_466' title='bbox 107 4341 461 4402; x_wconf 77' lang='lat' dir='ltr'><strong>Vercellcnsis</strong></span> <span class='ocrx_word' id='word_1_467' title='bbox 501 4346 761 4405; x_wconf 64' lang='lat' dir='ltr'><strong>Ecclesiae</strong></span> <span class='ocrx_word' id='word_1_468' title='bbox 802 4350 862 4407; x_wconf 91' lang='lat' dir='ltr'><strong>S.</strong></span> <span class='ocrx_word' id='word_1_469' title='bbox 908 4351 1177 4406; x_wconf 62' lang='lat' dir='ltr'><strong>antistites</strong></span> <span class='ocrx_word' id='word_1_470' title='bbox 1219 4352 1419 4407; x_wconf 66' lang='lat' dir='ltr'><strong>saeculo</strong></span> <span class='ocrx_word' id='word_1_471' title='bbox 1461 4350 1642 4407; x_wconf 88' lang='lat' dir='ltr'><strong>forsan</strong></span> <span class='ocrx_word' id='word_1_472' title='bbox 1675 4360 1868 4407; x_wconf 79' lang='lat' dir='ltr'><strong>octavo</strong></span> <span class='ocrx_word' id='word_1_473' title='bbox 1894 4354 2135 4423; x_wconf 89' lang='lat' dir='ltr'><strong>regimen</strong></span> <span class='ocrx_word' id='word_1_474' title='bbox 2166 4352 2325 4421; x_wconf 88' lang='lat' dir='ltr'><strong>hujus</strong></span> <span class='ocrx_word' id='word_1_475' title='bbox 2352 4352 2667 4406; x_wconf 86' lang='lat' dir='ltr'><strong>monasterii</strong></span> <span class='ocrx_word' id='word_1_476' title='bbox 2700 4349 3091 4419; x_wconf 83' lang='lat' dir='ltr'><strong>sutupsisse,ct</strong></span> <span class='ocrx_word' id='word_1_477' title='bbox 3110 4347 3403 4403; x_wconf 78' lang='lat' dir='ltr'><strong>retinuisse</strong></span> 
     </span>
    </p>
   </div>
   <div class='ocr_carea' id='block_1_64' title="bbox 107 4441 3403 4517">
    <p class='ocr_par' dir='ltr' id='par_1_64' title="bbox 107 4441 3403 4517">
     <span class='ocr_line' id='line_1_64' title="bbox 107 4441 3403 4517; baseline 0.001 -22"><span class='ocrx_word' id='word_1_478' title='bbox 107 4452 263 4510; x_wconf 83' lang='lat' dir='ltr'><strong>usque</strong></span> <span class='ocrx_word' id='word_1_479' title='bbox 302 4442 370 4499; x_wconf 91' lang='lat' dir='ltr'><strong>ad</strong></span> <span class='ocrx_word' id='word_1_480' title='bbox 425 4442 488 4498; x_wconf 90' lang='lat' dir='ltr'><strong>S.</strong></span> <span class='ocrx_word' id='word_1_481' title='bbox 521 4443 837 4500; x_wconf 88' lang='lat' dir='ltr'><strong>Bonomium</strong></span> <span class='ocrx_word' id='word_1_482' title='bbox 879 4447 985 4500; x_wconf 90' lang='lat' dir='ltr'><strong>vita</strong></span> <span class='ocrx_word' id='word_1_483' title='bbox 1031 4445 1271 4501; x_wconf 90' lang='lat' dir='ltr'><strong>functum</strong></span> <span class='ocrx_word' id='word_1_484' title='bbox 1316 4445 1490 4512; x_wconf 68' lang='grc'><strong>1026,</strong></span> <span class='ocrx_word' id='word_1_485' title='bbox 1523 4462 1579 4501; x_wconf 87' lang='grc' dir='ltr'><strong>ιιι</strong></span> <span class='ocrx_word' id='word_1_486' title='bbox 1606 4446 1716 4501; x_wconf 83' lang='lat' dir='ltr'><strong>kal.</strong></span> <span class='ocrx_word' id='word_1_487' title='bbox 1760 4446 2114 4517; x_wconf 82' lang='lat' dir='ltr'><strong>Septembris.</strong></span> <span class='ocrx_word' id='word_1_488' title='bbox 2158 4444 2353 4502; x_wconf 82' lang='lat' dir='ltr'><strong>Verum</strong></span> <span class='ocrx_word' id='word_1_489' title='bbox 2396 4445 2615 4516; x_wconf 86' lang='lat' dir='ltr'><strong>quidem</strong></span> <span class='ocrx_word' id='word_1_490' title='bbox 2667 4455 2786 4510; x_wconf 88' lang='lat' dir='ltr'><strong>est,</strong></span> <span class='ocrx_word' id='word_1_491' title='bbox 2828 4441 2969 4512; x_wconf 87' lang='lat' dir='ltr'><strong>quod</strong></span> <span class='ocrx_word' id='word_1_492' title='bbox 3017 4456 3210 4507; x_wconf 91' lang='lat' dir='ltr'><strong>nemo,</strong></span> <span class='ocrx_word' id='word_1_493' title='bbox 3244 4456 3403 4512; x_wconf 88' lang='lat' dir='ltr'><strong>quem</strong></span> 
     </span>
    </p>
   </div>
   <div class='ocr_carea' id='block_1_65' title="bbox 106 4533 3403 4611">
    <p class='ocr_par' dir='ltr' id='par_1_65' title="bbox 106 4533 3403 4611">
     <span class='ocr_line' id='line_1_65' title="bbox 106 4533 3403 4611; baseline 0.002 -24"><span class='ocrx_word' id='word_1_494' title='bbox 106 4533 259 4588; x_wconf 84' lang='lat' dir='ltr'><strong>sciam</strong></span> <span class='ocrx_word' id='word_1_495' title='bbox 290 4551 360 4590; x_wconf 79' lang='lat' dir='ltr'><strong>ex</strong></span> <span class='ocrx_word' id='word_1_496' title='bbox 410 4536 810 4593; x_wconf 84' lang='lat' dir='ltr'><strong>recentioribus</strong></span> <span class='ocrx_word' id='word_1_497' title='bbox 855 4539 978 4593; x_wconf 89' lang='lat' dir='ltr'><strong>huic</strong></span> <span class='ocrx_word' id='word_1_498' title='bbox 1024 4547 1215 4594; x_wconf 88' lang='lat' dir='ltr'><strong>sancto</strong></span> <span class='ocrx_word' id='word_1_499' title='bbox 1263 4538 1596 4596; x_wconf 73' lang='lat' dir='ltr'><strong>Vercellcnsi</strong></span> <span class='ocrx_word' id='word_1_500' title='bbox 1631 4539 1887 4611; x_wconf 73' lang='lat' dir='ltr'><strong>episcopo</strong></span> <span class='ocrx_word' id='word_1_501' title='bbox 1907 4538 2144 4595; x_wconf 87' lang='lat' dir='ltr'><strong>Eusebio</strong></span> <span class='ocrx_word' id='word_1_502' title='bbox 2175 4540 2450 4611; x_wconf 89' lang='lat' dir='ltr'><strong>inscripsit</strong></span> <span class='ocrx_word' id='word_1_503' title='bbox 2487 4539 2644 4593; x_wconf 89' lang='lat' dir='ltr'><strong>aliam</strong></span> <span class='ocrx_word' id='word_1_504' title='bbox 2689 4538 3088 4593; x_wconf 75' lang='lat' dir='ltr'><strong>confessionem</strong></span> <span class='ocrx_word' id='word_1_505' title='bbox 3143 4537 3403 4593; x_wconf 86' lang='lat' dir='ltr'><strong>adversus</strong></span> 
     </span>
    </p>
   </div>
   <div class='ocr_carea' id='block_1_66' title="bbox 105 4630 3402 4707">
    <p class='ocr_par' dir='ltr' id='par_1_66' title="bbox 105 4630 3402 4707">
     <span class='ocr_line' id='line_1_66' title="bbox 105 4630 3402 4707; baseline 0 -22"><span class='ocrx_word' id='word_1_506' title='bbox 105 4630 354 4699; x_wconf 83' lang='lat' dir='ltr'><strong>Arianos,</strong></span> <span class='ocrx_word' id='word_1_507' title='bbox 393 4650 559 4703; x_wconf 88' lang='lat' dir='ltr'><strong>quam</strong></span> <span class='ocrx_word' id='word_1_508' title='bbox 610 4634 758 4691; x_wconf 91' lang='lat' dir='ltr'><strong>illam</strong></span> <span class='ocrx_word' id='word_1_509' title='bbox 811 4636 1108 4707; x_wconf 86' lang='lat' dir='ltr'><strong>vulgariter</strong></span> <span class='ocrx_word' id='word_1_510' title='bbox 1154 4636 1478 4706; x_wconf 85' lang='lat' dir='ltr'><strong>appellatam</strong></span> <span class='ocrx_word' id='word_1_511' title='bbox 1522 4634 1827 4707; x_wconf 84' lang='lat' dir='ltr'><strong>Symbolum</strong></span> <span class='ocrx_word' id='word_1_512' title='bbox 1868 4636 2205 4705; x_wconf 76' lang='lat' dir='ltr'><strong>quicumque,</strong></span> <span class='ocrx_word' id='word_1_513' title='bbox 2249 4633 2318 4689; x_wconf 91' lang='lat' dir='ltr'><strong>de</strong></span> <span class='ocrx_word' id='word_1_514' title='bbox 2374 4649 2482 4703; x_wconf 90' lang='lat' dir='ltr'><strong>quo</strong></span> <span class='ocrx_word' id='word_1_515' title='bbox 2537 4634 2781 4689; x_wconf 88' lang='lat' dir='ltr'><strong>scribunt</strong></span> <span class='ocrx_word' id='word_1_516' title='bbox 2830 4632 3067 4689; x_wconf 83' lang='lat' dir='ltr'><strong>Joannes</strong></span> <span class='ocrx_word' id='word_1_517' title='bbox 3090 4630 3402 4701; x_wconf 82' lang='lat' dir='ltr'><strong>Stephanus</strong></span> 
     </span>
    </p>
   </div>
   <div class='ocr_carea' id='block_1_67' title="bbox 103 4720 3393 4796">
    <p class='ocr_par' dir='ltr' id='par_1_67' title="bbox 103 4720 3393 4796">
     <span class='ocr_line' id='line_1_67' title="bbox 103 4720 3393 4796; baseline 0 -18"><span class='ocrx_word' id='word_1_518' title='bbox 103 4720 376 4785; x_wconf 79' lang='lat' dir='ltr'><strong>Ferrarius</strong></span> <span class='ocrx_word' id='word_1_519' title='bbox 402 4728 769 4787; x_wconf 87' lang='lat' dir='ltr'><strong>Vercellensis</strong></span> <span class='ocrx_word' id='word_1_520' title='bbox 794 4730 1032 4794; x_wconf 67' lang='grc' dir='ltr'>Ριωειιι,</span> <span class='ocrx_word' id='word_1_521' title='bbox 1065 4730 1124 4785; x_wconf 83' lang='grc' dir='ltr'><strong>Ρ.</strong></span> <span class='ocrx_word' id='word_1_522' title='bbox 1149 4727 1439 4787; x_wconf 83' lang='lat' dir='ltr'><strong>Corbellini</strong></span> <span class='ocrx_word' id='word_1_523' title='bbox 1460 4772 1476 4796; x_wconf 95' lang='lat'><strong>,</strong></span> <span class='ocrx_word' id='word_1_524' title='bbox 1504 4730 1718 4785; x_wconf 81' lang='lat' dir='ltr'><strong>Marcus</strong></span> <span class='ocrx_word' id='word_1_525' title='bbox 1739 4728 1993 4784; x_wconf 84' lang='lat' dir='ltr'><strong>Aurelius</strong></span> <span class='ocrx_word' id='word_1_526' title='bbox 2023 4727 2299 4795; x_wconf 73' lang='lat' dir='ltr'><strong>(Insanus,</strong></span> <span class='ocrx_word' id='word_1_527' title='bbox 2328 4727 2546 4796; x_wconf 87' lang='lat' dir='ltr'><strong>aliique.</strong></span> <span class='ocrx_word' id='word_1_528' title='bbox 2572 4726 2677 4781; x_wconf 84' lang='lat' dir='ltr'><strong>Sed</strong></span> <span class='ocrx_word' id='word_1_529' title='bbox 2703 4726 2747 4782; x_wconf 91' lang='lat' dir='ltr'><strong>si</strong></span> <span class='ocrx_word' id='word_1_530' title='bbox 2778 4735 2983 4780; x_wconf 88' lang='lat' dir='ltr'><strong>attente</strong></span> <span class='ocrx_word' id='word_1_531' title='bbox 3010 4723 3393 4795; x_wconf 88' lang='lat' dir='ltr'><strong>perpendimus</strong></span> 
     </span>
    </p>
   </div>
   <div class='ocr_carea' id='block_1_68' title="bbox 102 4820 3389 4896">
    <p class='ocr_par' dir='ltr' id='par_1_68' title="bbox 102 4820 3389 4896">
     <span class='ocr_line' id='line_1_68' title="bbox 102 4820 3389 4896; baseline 0 -21"><span class='ocrx_word' id='word_1_532' title='bbox 102 4821 281 4891; x_wconf 81' lang='lat' dir='ltr'><strong>qtncS.</strong></span> <span class='ocrx_word' id='word_1_533' title='bbox 300 4824 496 4881; x_wconf 90' lang='lat' dir='ltr'><strong>doctor</strong></span> <span class='ocrx_word' id='word_1_534' title='bbox 520 4825 885 4896; x_wconf 90' lang='lat' dir='ltr'><strong>scripsitcum</strong></span> <span class='ocrx_word' id='word_1_535' title='bbox 915 4826 975 4883; x_wconf 92' lang='lat' dir='ltr'><strong>S.</strong></span> <span class='ocrx_word' id='word_1_536' title='bbox 1001 4827 1300 4883; x_wconf 86' lang='lat' dir='ltr'><strong>Athanasio</strong></span> <span class='ocrx_word' id='word_1_537' title='bbox 1342 4828 1407 4883; x_wconf 92' lang='lat' dir='ltr'><strong>ad</strong></span> <span class='ocrx_word' id='word_1_538' title='bbox 1452 4827 1856 4893; x_wconf 86' lang='lat' dir='ltr'><strong>Antiochenos,</strong></span> <span class='ocrx_word' id='word_1_539' title='bbox 1882 4843 1988 4881; x_wconf 92' lang='lat' dir='ltr'><strong>non</strong></span> <span class='ocrx_word' id='word_1_540' title='bbox 2021 4840 2310 4895; x_wconf 84' lang='lat' dir='ltr'><strong>possumus</strong></span> <span class='ocrx_word' id='word_1_541' title='bbox 2352 4824 2475 4879; x_wconf 92' lang='lat' dir='ltr'><strong>huic</strong></span> <span class='ocrx_word' id='word_1_542' title='bbox 2502 4822 2742 4894; x_wconf 88' lang='lat' dir='ltr'><strong>opinioni</strong></span> <span class='ocrx_word' id='word_1_543' title='bbox 2776 4836 3099 4877; x_wconf 90' lang='lat' dir='ltr'><strong>consensum</strong></span> <span class='ocrx_word' id='word_1_544' title='bbox 3144 4820 3389 4891; x_wconf 65' lang='lat' dir='ltr'><strong>praebere</strong></span> 
     </span>
    </p>
   </div>
   <div class='ocr_carea' id='block_1_69' title="bbox 103 4915 3396 4992">
    <p class='ocr_par' dir='ltr' id='par_1_69' title="bbox 103 4915 3396 4992">
     <span class='ocr_line' id='line_1_69' title="bbox 103 4915 3396 4992; baseline 0.001 -25"><span class='ocrx_word' id='word_1_545' title='bbox 103 4915 336 4987; x_wconf 88' lang='lat' dir='ltr'><strong>adeoque</strong></span> <span class='ocrx_word' id='word_1_546' title='bbox 368 4917 674 4989; x_wconf 80' lang='lat' dir='ltr'><strong>Symbolum</strong></span> <span class='ocrx_word' id='word_1_547' title='bbox 695 4921 996 4991; x_wconf 84' lang='lat' dir='ltr'><strong>quicumque</strong></span> <span class='ocrx_word' id='word_1_548' title='bbox 1019 4920 1311 4977; x_wconf 78' lang='lat' dir='ltr'><strong>conﬂatum</strong></span> <span class='ocrx_word' id='word_1_549' title='bbox 1344 4922 1739 4992; x_wconf 81' lang='lat' dir='ltr'><strong>posterioribus</strong></span> <span class='ocrx_word' id='word_1_550' title='bbox 1765 4921 1980 4978; x_wconf 44' lang='lat' dir='ltr'><strong>sniculis</strong></span> <span class='ocrx_word' id='word_1_551' title='bbox 2001 4920 2346 4989; x_wconf 79' lang='lat' dir='ltr'><strong>iudicandum</strong></span> <span class='ocrx_word' id='word_1_552' title='bbox 2369 4919 2642 4975; x_wconf 86' lang='lat' dir='ltr'><strong>duxerunt</strong></span> <span class='ocrx_word' id='word_1_553' title='bbox 2664 4915 3139 4988; x_wconf 87' lang='lat' dir='ltr'><strong>pcrmulti,quibus</strong></span> <span class='ocrx_word' id='word_1_554' title='bbox 3162 4915 3396 4973; x_wconf 87' lang='lat' dir='ltr'><strong>libenter</strong></span> 
     </span>
    </p>
   </div>
   <div class='ocr_carea' id='block_1_70' title="bbox 102 5007 3391 5084">
    <p class='ocr_par' dir='ltr' id='par_1_70' title="bbox 102 5007 3391 5084">
     <span class='ocr_line' id='line_1_70' title="bbox 102 5007 3391 5084; baseline 0.001 -25"><span class='ocrx_word' id='word_1_555' title='bbox 102 5010 442 5067; x_wconf 88' lang='lat' dir='ltr'><strong>assentimus.</strong></span> <span class='ocrx_word' id='word_1_556' title='bbox 469 5009 615 5081; x_wconf 80' lang='lat' dir='ltr'><strong>Opus</strong></span> <span class='ocrx_word' id='word_1_557' title='bbox 638 5011 702 5067; x_wconf 87' lang='lat' dir='ltr'><strong>de</strong></span> <span class='ocrx_word' id='word_1_558' title='bbox 728 5011 937 5068; x_wconf 81' lang='lat' dir='ltr'><strong>Unitate</strong></span> <span class='ocrx_word' id='word_1_559' title='bbox 962 5012 1233 5071; x_wconf 87' lang='lat' dir='ltr'><strong>Trinitatis</strong></span> <span class='ocrx_word' id='word_1_560' title='bbox 1272 5014 1554 5084; x_wconf 89' lang='lat' dir='ltr'><strong>scripsisse</strong></span> <span class='ocrx_word' id='word_1_561' title='bbox 1580 5013 1640 5071; x_wconf 91' lang='lat' dir='ltr'><strong>S.</strong></span> <span class='ocrx_word' id='word_1_562' title='bbox 1674 5013 1967 5068; x_wconf 86' lang='lat' dir='ltr'><strong>Eusebium</strong></span> <span class='ocrx_word' id='word_1_563' title='bbox 1991 5012 2157 5068; x_wconf 89' lang='lat' dir='ltr'><strong>tradit</strong></span> <span class='ocrx_word' id='word_1_564' title='bbox 2180 5012 2427 5067; x_wconf 88' lang='lat' dir='ltr'><strong>laudatus</strong></span> <span class='ocrx_word' id='word_1_565' title='bbox 2449 5013 2739 5081; x_wconf 89' lang='lat' dir='ltr'><strong>cpiscopus</strong></span> <span class='ocrx_word' id='word_1_566' title='bbox 2772 5009 3057 5066; x_wconf 78' lang='lat' dir='ltr'><strong>Ferrarius</strong></span> <span class='ocrx_word' id='word_1_567' title='bbox 3089 5007 3194 5064; x_wconf 82' lang='lat' dir='ltr'><strong>fide</strong></span> <span class='ocrx_word' id='word_1_568' title='bbox 3226 5009 3391 5065; x_wconf 89' lang='lat' dir='ltr'><strong>unius</strong></span> 
     </span>
    </p>
   </div>
   <div class='ocr_carea' id='block_1_71' title="bbox 104 5099 3395 5177">
    <p class='ocr_par' dir='ltr' id='par_1_71' title="bbox 104 5099 3395 5177">
     <span class='ocr_line' id='line_1_71' title="bbox 104 5099 3395 5177; baseline 0.001 -21"><span class='ocrx_word' id='word_1_569' title='bbox 104 5099 308 5161; x_wconf 82' lang='lat' dir='ltr'><strong>Codicis</strong></span> <span class='ocrx_word' id='word_1_570' title='bbox 332 5107 385 5160; x_wconf 94' lang='lat' dir='ltr'><strong>in</strong></span> <span class='ocrx_word' id='word_1_571' title='bbox 410 5105 662 5162; x_wconf 80' lang='lat' dir='ltr'><strong>Vaticana</strong></span> <span class='ocrx_word' id='word_1_572' title='bbox 689 5106 1019 5162; x_wconf 89' lang='lat' dir='ltr'><strong>Bibliotheca</strong></span> <span class='ocrx_word' id='word_1_573' title='bbox 1048 5105 1370 5171; x_wconf 83' lang='lat' dir='ltr'><strong>existentis,</strong></span> <span class='ocrx_word' id='word_1_574' title='bbox 1402 5122 1561 5177; x_wconf 91' lang='lat' dir='ltr'><strong>quem</strong></span> <span class='ocrx_word' id='word_1_575' title='bbox 1591 5105 1835 5176; x_wconf 90' lang='lat' dir='ltr'><strong>sequitur</strong></span> <span class='ocrx_word' id='word_1_576' title='bbox 1860 5105 2195 5177; x_wconf 64' lang='lat' dir='ltr'><strong>Hyacinthus</strong></span> <span class='ocrx_word' id='word_1_577' title='bbox 2220 5103 2419 5160; x_wconf 86' lang='lat' dir='ltr'><strong>Galizia</strong></span> <span class='ocrx_word' id='word_1_578' title='bbox 2455 5103 2573 5159; x_wconf 81' lang='lat' dir='ltr'><strong>Vite</strong></span> <span class='ocrx_word' id='word_1_579' title='bbox 2602 5104 2680 5158; x_wconf 83' lang='lat' dir='ltr'><strong>de‘</strong></span> <span class='ocrx_word' id='word_1_580' title='bbox 2708 5104 2883 5163; x_wconf 84' lang='lat' dir='ltr'><strong>Santi.</strong></span> <span class='ocrx_word' id='word_1_581' title='bbox 2918 5115 3051 5160; x_wconf 90' lang='lat' dir='ltr'><strong>tom.</strong></span> <span class='ocrx_word' id='word_1_582' title='bbox 3074 5104 3114 5172; x_wconf 87' lang='grc' dir='ltr'><strong>Ι,</strong></span> <span class='ocrx_word' id='word_1_583' title='bbox 3150 5120 3201 5175; x_wconf 90' lang='lat' dir='ltr'><strong>p.</strong></span> <span class='ocrx_word' id='word_1_584' title='bbox 3264 5105 3395 5171; x_wconf 67' lang='lat'><strong>177,</strong></span> 
     </span>
    </p>
   </div>
   <div class='ocr_carea' id='block_1_72' title="bbox 104 5195 3398 5271">
    <p class='ocr_par' dir='ltr' id='par_1_72' title="bbox 104 5195 3398 5271">
     <span class='ocr_line' id='line_1_72' title="bbox 104 5195 3398 5271; baseline -0 -21"><span class='ocrx_word' id='word_1_585' title='bbox 104 5198 335 5254; x_wconf 82' lang='lat' dir='ltr'><strong>scribens</strong></span> <span class='ocrx_word' id='word_1_586' title='bbox 366 5201 645 5269; x_wconf 79' lang='lat' dir='ltr'><strong>exemplar</strong></span> <span class='ocrx_word' id='word_1_587' title='bbox 676 5200 835 5271; x_wconf 84' lang='lat' dir='ltr'><strong>hujus</strong></span> <span class='ocrx_word' id='word_1_588' title='bbox 872 5199 1051 5269; x_wconf 82' lang='lat' dir='ltr'><strong>Operis</strong></span> <span class='ocrx_word' id='word_1_589' title='bbox 1084 5200 1135 5255; x_wconf 91' lang='lat' dir='ltr'><strong>in</strong></span> <span class='ocrx_word' id='word_1_590' title='bbox 1186 5198 1525 5255; x_wconf 88' lang='lat' dir='ltr'><strong>Bibliotheca</strong></span> <span class='ocrx_word' id='word_1_591' title='bbox 1559 5198 1666 5254; x_wconf 90' lang='lat' dir='ltr'><strong>PP.</strong></span> <span class='ocrx_word' id='word_1_592' title='bbox 1711 5198 1947 5253; x_wconf 85' lang='lat' dir='ltr'><strong>Oratorii</strong></span> <span class='ocrx_word' id='word_1_593' title='bbox 1991 5197 2050 5254; x_wconf 88' lang='lat' dir='ltr'><strong>S.</strong></span> <span class='ocrx_word' id='word_1_594' title='bbox 2097 5195 2328 5266; x_wconf 83' lang='lat' dir='ltr'><strong>Philippi</strong></span> <span class='ocrx_word' id='word_1_595' title='bbox 2381 5195 2528 5251; x_wconf 84' lang='lat' dir='ltr'><strong>Nerii</strong></span> <span class='ocrx_word' id='word_1_596' title='bbox 2568 5195 2787 5251; x_wconf 84' lang='lat' dir='ltr'><strong>Taurini</strong></span> <span class='ocrx_word' id='word_1_597' title='bbox 2815 5195 3084 5251; x_wconf 78' lang='lat' dir='ltr'><strong>asservari</strong></span> <span class='ocrx_word' id='word_1_598' title='bbox 3141 5211 3207 5251; x_wconf 82' lang='lat' dir='ltr'><strong>ex</strong></span> <span class='ocrx_word' id='word_1_599' title='bbox 3252 5195 3398 5250; x_wconf 90' lang='lat' dir='ltr'><strong>dono</strong></span> 
     </span>
    </p>
   </div>
   <div class='ocr_carea' id='block_1_73' title="bbox 104 5287 3404 5361">
    <p class='ocr_par' dir='ltr' id='par_1_73' title="bbox 104 5287 3404 5361">
     <span class='ocr_line' id='line_1_73' title="bbox 104 5287 3404 5361; baseline 0.001 -22"><span class='ocrx_word' id='word_1_600' title='bbox 104 5287 306 5344; x_wconf 84' lang='lat' dir='ltr'><strong>abbatis</strong></span> <span class='ocrx_word' id='word_1_601' title='bbox 335 5289 607 5346; x_wconf 85' lang='lat' dir='ltr'><strong>Laurentii</strong></span> <span class='ocrx_word' id='word_1_602' title='bbox 634 5292 804 5349; x_wconf 89' lang='lat' dir='ltr'><strong>Scoti.</strong></span> <span class='ocrx_word' id='word_1_603' title='bbox 828 5291 984 5359; x_wconf 82' lang='lat' dir='ltr'><strong>Quod</strong></span> <span class='ocrx_word' id='word_1_604' title='bbox 1011 5293 1294 5361; x_wconf 80' lang='lat' dir='ltr'><strong>exemplar</strong></span> <span class='ocrx_word' id='word_1_605' title='bbox 1322 5290 1429 5345; x_wconf 84' lang='lat' dir='ltr'><strong>vidi</strong></span> <span class='ocrx_word' id='word_1_606' title='bbox 1457 5306 1600 5345; x_wconf 92' lang='lat' dir='ltr'><strong>anno</strong></span> <span class='ocrx_word' id='word_1_607' title='bbox 1627 5290 1791 5358; x_wconf 72' lang='lat' dir='ltr'><strong>i762,</strong></span> <span class='ocrx_word' id='word_1_608' title='bbox 1816 5307 1885 5345; x_wconf 80' lang='lat' dir='ltr'><strong>ex</strong></span> <span class='ocrx_word' id='word_1_609' title='bbox 1914 5304 2022 5360; x_wconf 91' lang='lat' dir='ltr'><strong>quo</strong></span> <span class='ocrx_word' id='word_1_610' title='bbox 2045 5289 2189 5344; x_wconf 89' lang='lat' dir='ltr'><strong>aliud</strong></span> <span class='ocrx_word' id='word_1_611' title='bbox 2219 5290 2588 5346; x_wconf 85' lang='lat' dir='ltr'><strong>transcribere</strong></span> <span class='ocrx_word' id='word_1_612' title='bbox 2618 5304 2956 5346; x_wconf 87' lang='lat' dir='ltr'><strong>curaverant.</strong></span> <span class='ocrx_word' id='word_1_613' title='bbox 2982 5288 3102 5357; x_wconf 84' lang='lat' dir='ltr'><strong>Quo</strong></span> <span class='ocrx_word' id='word_1_614' title='bbox 3129 5289 3404 5358; x_wconf 85' lang='lat' dir='ltr'><strong>exscripta</strong></span> 
     </span>
    </p>
   </div>
   <div class='ocr_carea' id='block_1_74' title="bbox 105 5379 3399 5459">
    <p class='ocr_par' dir='ltr' id='par_1_74' title="bbox 105 5379 3399 5459">
     <span class='ocr_line' id='line_1_74' title="bbox 105 5379 3399 5459; baseline -0 -24"><span class='ocrx_word' id='word_1_615' title='bbox 105 5379 258 5439; x_wconf 91' lang='lat' dir='ltr'><strong>didici</strong></span> <span class='ocrx_word' id='word_1_616' title='bbox 288 5384 457 5441; x_wconf 90' lang='lat' dir='ltr'><strong>alium</strong></span> <span class='ocrx_word' id='word_1_617' title='bbox 496 5386 693 5441; x_wconf 89' lang='lat' dir='ltr'><strong>librum</strong></span> <span class='ocrx_word' id='word_1_618' title='bbox 721 5385 1009 5457; x_wconf 85' lang='lat' dir='ltr'><strong>scripsisse</strong></span> <span class='ocrx_word' id='word_1_619' title='bbox 1032 5386 1095 5439; x_wconf 89' lang='lat' dir='ltr'><strong>de</strong></span> <span class='ocrx_word' id='word_1_620' title='bbox 1124 5387 1321 5456; x_wconf 80' lang='lat' dir='ltr'><strong>Optimo</strong></span> <span class='ocrx_word' id='word_1_621' title='bbox 1349 5401 1533 5459; x_wconf 82' lang='lat' dir='ltr'><strong>genere</strong></span> <span class='ocrx_word' id='word_1_622' title='bbox 1555 5384 1929 5456; x_wconf 84' lang='lat' dir='ltr'><strong>interpretandi</strong></span> <span class='ocrx_word' id='word_1_623' title='bbox 1954 5400 2155 5438; x_wconf 86' lang='lat' dir='ltr'><strong>sacrant</strong></span> <span class='ocrx_word' id='word_1_624' title='bbox 2177 5382 2507 5453; x_wconf 85' lang='lat' dir='ltr'><strong>Scripturam</strong></span> <span class='ocrx_word' id='word_1_625' title='bbox 2534 5399 2699 5455; x_wconf 90' lang='lat' dir='ltr'><strong>super</strong></span> <span class='ocrx_word' id='word_1_626' title='bbox 2727 5383 2822 5438; x_wconf 89' lang='lat' dir='ltr'><strong>illa</strong></span> <span class='ocrx_word' id='word_1_627' title='bbox 2849 5382 3033 5438; x_wconf 84' lang='lat' dir='ltr'><strong>verba:</strong></span> <span class='ocrx_word' id='word_1_628' title='bbox 3059 5380 3139 5436; x_wconf 79' lang='lat' dir='ltr'><strong>Ea:</strong></span> <span class='ocrx_word' id='word_1_629' title='bbox 3160 5379 3399 5451; x_wconf 70' lang='lat' dir='ltr'><strong>AEgypto</strong></span> 
     </span>
    </p>
   </div>
   <div class='ocr_carea' id='block_1_75' title="bbox 105 5475 3406 5551">
    <p class='ocr_par' dir='ltr' id='par_1_75' title="bbox 105 5475 3406 5551">
     <span class='ocr_line' id='line_1_75' title="bbox 105 5475 3406 5551; baseline -0.001 -23"><span class='ocrx_word' id='word_1_630' title='bbox 105 5478 269 5530; x_wconf 69' lang='lat' dir='ltr'><strong>vocavi</strong></span> <span class='ocrx_word' id='word_1_631' title='bbox 303 5477 474 5548; x_wconf 79' lang='lat' dir='ltr'><strong>ﬁlium</strong></span> <span class='ocrx_word' id='word_1_632' title='bbox 493 5494 683 5545; x_wconf 87' lang='lat' dir='ltr'><strong>meum,</strong></span> <span class='ocrx_word' id='word_1_633' title='bbox 712 5488 773 5533; x_wconf 91' lang='lat' dir='ltr'><strong>ut</strong></span> <span class='ocrx_word' id='word_1_634' title='bbox 804 5480 856 5534; x_wconf 92' lang='lat' dir='ltr'><strong>in</strong></span> <span class='ocrx_word' id='word_1_635' title='bbox 890 5481 997 5534; x_wconf 88' lang='lat' dir='ltr'><strong>fine</strong></span> <span class='ocrx_word' id='word_1_636' title='bbox 1038 5479 1161 5534; x_wconf 89' lang='lat' dir='ltr'><strong>libri</strong></span> <span class='ocrx_word' id='word_1_637' title='bbox 1190 5495 1222 5533; x_wconf 97' lang='lat' dir='ltr'><strong>v</strong></span> <span class='ocrx_word' id='word_1_638' title='bbox 1255 5478 1452 5551; x_wconf 86' lang='lat' dir='ltr'><strong>legitur</strong></span> <span class='ocrx_word' id='word_1_639' title='bbox 1486 5487 1607 5549; x_wconf 90' lang='lat' dir='ltr'><strong>post</strong></span> <span class='ocrx_word' id='word_1_640' title='bbox 1650 5476 2042 5549; x_wconf 80' lang='lat' dir='ltr'><strong>professionem</strong></span> <span class='ocrx_word' id='word_1_641' title='bbox 2074 5480 2417 5534; x_wconf 85' lang='lat' dir='ltr'><strong>Arianorum.</strong></span> <span class='ocrx_word' id='word_1_642' title='bbox 2450 5477 2728 5534; x_wconf 90' lang='lat' dir='ltr'><strong>Consultis</strong></span> <span class='ocrx_word' id='word_1_643' title='bbox 2779 5489 2959 5532; x_wconf 90' lang='lat' dir='ltr'><strong>tamen</strong></span> <span class='ocrx_word' id='word_1_644' title='bbox 2991 5475 3143 5531; x_wconf 91' lang='lat' dir='ltr'><strong>hisce</strong></span> <span class='ocrx_word' id='word_1_645' title='bbox 3171 5476 3406 5543; x_wconf 83' lang='lat' dir='ltr'><strong>qttinque</strong></span> 
     </span>
    </p>
   </div>
   <div class='ocr_carea' id='block_1_76' title="bbox 105 5565 3399 5645">
    <p class='ocr_par' dir='ltr' id='par_1_76' title="bbox 105 5565 3399 5645">
     <span class='ocr_line' id='line_1_76' title="bbox 105 5565 3399 5645; baseline -0.001 -22"><span class='ocrx_word' id='word_1_646' title='bbox 105 5565 291 5637; x_wconf 90' lang='lat' dir='ltr'><strong>libris,</strong></span> <span class='ocrx_word' id='word_1_647' title='bbox 343 5585 444 5626; x_wconf 87' lang='lat' dir='ltr'><strong>seu</strong></span> <span class='ocrx_word' id='word_1_648' title='bbox 486 5585 651 5641; x_wconf 87' lang='lat' dir='ltr'><strong>opere</strong></span> <span class='ocrx_word' id='word_1_649' title='bbox 679 5572 749 5627; x_wconf 91' lang='lat' dir='ltr'><strong>de</strong></span> <span class='ocrx_word' id='word_1_650' title='bbox 779 5570 1000 5629; x_wconf 88' lang='lat' dir='ltr'><strong>Unitate</strong></span> <span class='ocrx_word' id='word_1_651' title='bbox 1039 5571 1320 5628; x_wconf 84' lang='lat' dir='ltr'><strong>Trinitatis</strong></span> <span class='ocrx_word' id='word_1_652' title='bbox 1360 5587 1482 5627; x_wconf 92' lang='lat' dir='ltr'><strong>cum</strong></span> <span class='ocrx_word' id='word_1_653' title='bbox 1526 5572 1784 5643; x_wconf 89' lang='lat' dir='ltr'><strong>operibus</strong></span> <span class='ocrx_word' id='word_1_654' title='bbox 1816 5571 1878 5627; x_wconf 87' lang='lat' dir='ltr'><strong>S.</strong></span> <span class='ocrx_word' id='word_1_655' title='bbox 1923 5572 2214 5629; x_wconf 68' lang='lat' dir='ltr'><strong>Athanasii</strong></span> <span class='ocrx_word' id='word_1_656' title='bbox 2240 5574 2419 5645; x_wconf 86' lang='lat' dir='ltr'><strong>reperi</strong></span> <span class='ocrx_word' id='word_1_657' title='bbox 2464 5574 2563 5628; x_wconf 89' lang='lat' dir='ltr'><strong>hos</strong></span> <span class='ocrx_word' id='word_1_658' title='bbox 2610 5573 2802 5637; x_wconf 88' lang='lat' dir='ltr'><strong>libros,</strong></span> <span class='ocrx_word' id='word_1_659' title='bbox 2826 5587 2920 5627; x_wconf 78' lang='lat' dir='ltr'><strong>seu</strong></span> <span class='ocrx_word' id='word_1_660' title='bbox 2967 5585 3104 5639; x_wconf 89' lang='lat' dir='ltr'><strong>opus</strong></span> <span class='ocrx_word' id='word_1_661' title='bbox 3140 5567 3399 5621; x_wconf 86' lang='lat' dir='ltr'><strong>Faustino</strong></span> 
     </span>
    </p>
   </div>
   <div class='ocr_carea' id='block_1_77' title="bbox 108 5660 3396 5737">
    <p class='ocr_par' dir='ltr' id='par_1_77' title="bbox 108 5660 3396 5737">
     <span class='ocr_line' id='line_1_77' title="bbox 108 5660 3396 5737; baseline -0.001 -22"><span class='ocrx_word' id='word_1_662' title='bbox 108 5664 421 5733; x_wconf 84' lang='lat' dir='ltr'><strong>presbytero</strong></span> <span class='ocrx_word' id='word_1_663' title='bbox 448 5663 797 5731; x_wconf 89' lang='lat' dir='ltr'><strong>attributum,</strong></span> <span class='ocrx_word' id='word_1_664' title='bbox 835 5663 939 5721; x_wconf 89' lang='lat' dir='ltr'><strong>etsi</strong></span> <span class='ocrx_word' id='word_1_665' title='bbox 978 5663 1196 5720; x_wconf 88' lang='lat' dir='ltr'><strong>diverso</strong></span> <span class='ocrx_word' id='word_1_666' title='bbox 1221 5665 1413 5720; x_wconf 86' lang='lat' dir='ltr'><strong>ordine</strong></span> <span class='ocrx_word' id='word_1_667' title='bbox 1458 5680 1619 5737; x_wconf 91' lang='lat' dir='ltr'><strong>quam</strong></span> <span class='ocrx_word' id='word_1_668' title='bbox 1665 5666 1717 5720; x_wconf 88' lang='lat' dir='ltr'><strong>itt</strong></span> <span class='ocrx_word' id='word_1_669' title='bbox 1745 5664 1905 5721; x_wconf 90' lang='lat' dir='ltr'><strong>editis</strong></span> <span class='ocrx_word' id='word_1_670' title='bbox 1934 5664 2283 5722; x_wconf 89' lang='lat' dir='ltr'><strong>distributum</strong></span> <span class='ocrx_word' id='word_1_671' title='bbox 2315 5666 2408 5720; x_wconf 88' lang='lat' dir='ltr'><strong>sit.</strong></span> <span class='ocrx_word' id='word_1_672' title='bbox 2436 5664 2816 5718; x_wconf 76' lang='lat' dir='ltr'><strong>Persei-utatus</strong></span> <span class='ocrx_word' id='word_1_673' title='bbox 2851 5663 3012 5717; x_wconf 89' lang='lat' dir='ltr'><strong>etiam</strong></span> <span class='ocrx_word' id='word_1_674' title='bbox 3044 5662 3117 5717; x_wconf 86' lang='lat' dir='ltr'><strong>fui</strong></span> <span class='ocrx_word' id='word_1_675' title='bbox 3163 5660 3396 5715; x_wconf 76' lang='lat' dir='ltr'><strong>maxima</strong></span> 
     </span>
    </p>
   </div>
   <div class='ocr_carea' id='block_1_78' title="bbox 108 5749 3395 5831">
    <p class='ocr_par' dir='ltr' id='par_1_78' title="bbox 108 5749 3395 5831">
     <span class='ocr_line' id='line_1_78' title="bbox 108 5749 3395 5831; baseline -0.001 -21"><span class='ocrx_word' id='word_1_676' title='bbox 108 5767 224 5825; x_wconf 79' lang='lat' dir='ltr'><strong>cum</strong></span> <span class='ocrx_word' id='word_1_677' title='bbox 252 5755 533 5831; x_wconf 79' lang='lat' dir='ltr'><strong>diligentia</strong></span> <span class='ocrx_word' id='word_1_678' title='bbox 564 5757 608 5812; x_wconf 86' lang='lat' dir='ltr'><strong>si</strong></span> <span class='ocrx_word' id='word_1_679' title='bbox 631 5773 752 5828; x_wconf 72' lang='lat' dir='ltr'><strong>qute</strong></span> <span class='ocrx_word' id='word_1_680' title='bbox 773 5757 827 5813; x_wconf 92' lang='lat' dir='ltr'><strong>in</strong></span> <span class='ocrx_word' id='word_1_681' title='bbox 858 5756 963 5813; x_wconf 89' lang='lat' dir='ltr'><strong>hoc</strong></span> <span class='ocrx_word' id='word_1_682' title='bbox 988 5772 1158 5829; x_wconf 90' lang='lat' dir='ltr'><strong>opere</strong></span> <span class='ocrx_word' id='word_1_683' title='bbox 1179 5757 1466 5822; x_wconf 87' lang='lat' dir='ltr'><strong>adessent,</strong></span> <span class='ocrx_word' id='word_1_684' title='bbox 1492 5773 1612 5827; x_wconf 70' lang='lat' dir='ltr'><strong>qua:</strong></span> <span class='ocrx_word' id='word_1_685' title='bbox 1645 5756 1806 5812; x_wconf 88' lang='lat' dir='ltr'><strong>nobis</strong></span> <span class='ocrx_word' id='word_1_686' title='bbox 1830 5764 2039 5812; x_wconf 90' lang='lat' dir='ltr'><strong>certum</strong></span> <span class='ocrx_word' id='word_1_687' title='bbox 2063 5766 2340 5811; x_wconf 90' lang='lat' dir='ltr'><strong>auctorem</strong></span> <span class='ocrx_word' id='word_1_688' title='bbox 2369 5754 2711 5821; x_wconf 90' lang='lat' dir='ltr'><strong>indicarent,</strong></span> <span class='ocrx_word' id='word_1_689' title='bbox 2733 5762 2786 5808; x_wconf 89' lang='lat' dir='ltr'><strong>et</strong></span> <span class='ocrx_word' id='word_1_690' title='bbox 2817 5752 3052 5807; x_wconf 80' lang='lat' dir='ltr'><strong>maxime</strong></span> <span class='ocrx_word' id='word_1_691' title='bbox 3083 5751 3136 5806; x_wconf 94' lang='lat' dir='ltr'><strong>in</strong></span> <span class='ocrx_word' id='word_1_692' title='bbox 3166 5749 3395 5823; x_wconf 84' lang='lat' dir='ltr'><strong>epistola</strong></span> 
     </span>
    </p>
   </div>
   <div class='ocr_carea' id='block_1_79' title="bbox 112 5832 3404 5920">
    <p class='ocr_par' dir='ltr' id='par_1_79' title="bbox 112 5832 3404 5920">
     <span class='ocr_line' id='line_1_79' title="bbox 112 5832 3404 5920; baseline -0 -19"><span class='ocrx_word' id='word_1_693' title='bbox 112 5845 359 5916; x_wconf 72' lang='lat' dir='ltr'><strong>Augusta:</strong></span> <span class='ocrx_word' id='word_1_694' title='bbox 379 5832 646 5907; x_wconf 70' lang='lat' dir='ltr'><strong>Flaccilla:</strong></span> <span class='ocrx_word' id='word_1_695' title='bbox 670 5837 819 5919; x_wconf 72' lang='lat' dir='ltr'><strong>data“,</strong></span> <span class='ocrx_word' id='word_1_696' title='bbox 846 5853 952 5920; x_wconf 80' lang='lat' dir='ltr'><strong>qua</strong></span> <span class='ocrx_word' id='word_1_697' title='bbox 972 5864 1112 5919; x_wconf 82' lang='lat' dir='ltr'><strong>opus</strong></span> <span class='ocrx_word' id='word_1_698' title='bbox 1134 5847 1291 5907; x_wconf 67' lang='lat' dir='ltr'><strong>“suum</strong></span> <span class='ocrx_word' id='word_1_699' title='bbox 1319 5846 1557 5916; x_wconf 81' lang='lat' dir='ltr'><strong>dicavit;</strong></span> <span class='ocrx_word' id='word_1_700' title='bbox 1581 5846 1715 5903; x_wconf 91' lang='lat' dir='ltr'><strong>nihil</strong></span> <span class='ocrx_word' id='word_1_701' title='bbox 1750 5854 1929 5905; x_wconf 87' lang='lat' dir='ltr'><strong>tamen</strong></span> <span class='ocrx_word' id='word_1_702' title='bbox 1956 5847 2137 5902; x_wconf 86' lang='lat' dir='ltr'><strong>inveni</strong></span> <span class='ocrx_word' id='word_1_703' title='bbox 2157 5880 2173 5912; x_wconf 82' lang='lat'><strong>,</strong></span> <span class='ocrx_word' id='word_1_704' title='bbox 2206 5845 2313 5903; x_wconf 84' lang='lat' dir='ltr'><strong>nisi</strong></span> <span class='ocrx_word' id='word_1_705' title='bbox 2341 5842 2617 5902; x_wconf 82' lang='lat' dir='ltr'><strong>variantes</strong></span> <span class='ocrx_word' id='word_1_706' title='bbox 2643 5845 2829 5913; x_wconf 80' lang='lat' dir='ltr'><strong>plores</strong></span> <span class='ocrx_word' id='word_1_707' title='bbox 2858 5842 3119 5903; x_wconf 86' lang='lat' dir='ltr'><strong>lectiones</strong></span> <span class='ocrx_word' id='word_1_708' title='bbox 3140 5882 3156 5913; x_wconf 93' lang='lat'><strong>,</strong></span> <span class='ocrx_word' id='word_1_709' title='bbox 3198 5851 3254 5899; x_wconf 90' lang='lat' dir='ltr'><strong>et</strong></span> <span class='ocrx_word' id='word_1_710' title='bbox 3278 5851 3404 5913; x_wconf 84' lang='lat' dir='ltr'><strong>post</strong></span> 
     </span>
    </p>
   </div>
  </div>
