3956 6206
483 284 593 344 955
1578 282 1823 343 SANCTI
1865 285 2132 344 EUSEBII
2173 278 2691 344 VERCELLENSIS
3695 288 3773 340 9â€˜:
3788 284 3822 338 6

489 417 881 489 Professionem
907 420 1156 476 Arianam
1186 465 1200 485 ,
1242 436 1362 492 quae
1394 418 1483 475 hic
1524 418 1575 475 iu
1608 424 1799 491 quinto
1830 420 1973 476 libro
2005 424 2217 489 exstat,
2248 422 2594 492 reperiuntur
2625 424 2777 491 plura
2810 422 3011 478 inedita
3034 468 3046 488 ,
3074 424 3217 479 inter
3252 437 3401 494 quat,
3440 435 3493 478 ut
3515 425 3629 495 jam
3654 425 3775 479 dixi
3798 466 3815 488 ,

496 526 767 570 memorat
794 531 950 570 suum
974 512 1168 570 librum
1206 515 1274 570 de
1300 517 1510 587 optimo
1538 531 1742 585 genere
1775 514 2169 583 interpretandi
2202 531 2410 569 sacram
2451 515 2808 583 Scripturam.
2842 516 2978 571 Num
3015 533 3143 571 vero
3176 517 3274 570 hoc
3318 532 3455 585 Opus
3484 532 3511 569 a
3540 517 3598 572 S.
3636 517 3820 571 Euse-

488 607 579 664 bio
614 610 984 679 conscriptum
1026 611 1096 663 sit
1126 622 1153 662 a
1184 610 1368 663 multis
1392 609 1809 678 sapientiSsimis
1838 606 1967 662 viris
1994 607 2293 663 dubitatum
2327 606 2461 674 fuit,
2489 607 2633 663 inter
2663 623 2803 678 quos
2836 625 2942 662 non
2976 619 3059 663 est
3081 608 3413 662 omittendus
3444 609 3517 663 cl.
3547 608 3608 662 F.
3641 608 3823 663 Joan-

486 716 584 758 nes
616 703 854 772 Baptista
887 701 1168 757 Andifrcdi
1202 720 1265 756 ex
1298 701 1500 757 Ordine
1530 701 1708 756 Prted.
1735 700 2121 756 Casanatensis
2163 700 2506 755 bibliothecae
2541 702 2862 770 prafectus,
2888 703 2977 771 qui
3003 718 3123 757 eum
3149 718 3272 757 eum
3300 702 3636 773 rogavissem
3661 748 3675 767 ,
3699 703 3821 771 jam

484 799 553 852 ab
582 811 725 851 anno
756 795 915 860 177i.
944 805 1002 851 ut
1022 814 1117 851 sua
1150 796 1398 867 pervigili
1424 813 1551 851 cura
1578 805 2015 865 perscrutaretur
2038 796 2090 848 in
2117 793 2375 848 Vaticana
2402 794 2546 849 hunc
2578 793 2848 857 codicem,
2874 796 3006 850 mihi
3034 812 3127 850 sua
3152 796 3380 865 epistola
3407 799 3475 852 de
3496 798 3589 851 die
3618 797 3693 851 9.9
3718 812 3825 849 oo-

481 889 723 945 vembris
756 889 918 949 i776.
950 902 1272 959 responsum
1296 890 1447 943 dedit
1475 891 1528 943 in
1554 888 1742 944 codice
1767 887 1907 956 sign.
1946 885 2107 951 1519,
2122 902 2176 957 p.
2202 887 2330 947 255,
2363 897 2578 939 exstare
2611 902 2842 952 Opus....
2879 888 2940 942 S.
2971 887 3176 941 Eusebii
3200 890 3429 958 episcopi
3456 888 3648 955 incipit
3683 886 3824 940 liber

484 983 548 1035 de
599 981 811 1036 Unitate
843 980 1133 1035 Trinitatis.
1168 980 1384 1036 Initium
1429 982 1612 1049 operis
1663 982 1813 1035 hisce
1855 976 2041 1034 verbis
2069 980 2294 1048 incipit:
2324 977 2399 1032 Tu
2432 996 2561 1031 unus
2584 976 2762 1044 Pater,
2794 991 2840 1033 et
2869 974 3075 1041 Fitius,
3103 992 3150 1034 et
3186 979 3246 1035 S.
3275 981 3537 1050 Spiritus,
3573 984 3666 1051 qui
3698 983 3823 1034 uni-

482 1082 670 1137 tatem,
704 1072 940 1125 deitatem
972 1072 1118 1126 nobis
1145 1073 1457 1135 det-Iurasti,
1488 1079 1621 1137 etc.,
1665 1070 1889 1138 esplieit
1918 1079 2149 1140 quatuor
2173 1071 2344 1123 libris.
2379 1069 2542 1125 Liber
2574 1069 2794 1124 ultimus
2825 1071 2943 1125 fiuit
2975 1072 3058 1126 his
3087 1073 3298 1127 verbis:
3333 1073 3493 1128 Unita
3526 1085 3605 1128 est
3630 1092 3822 1127 eorum

479 1166 716 1233 Operatio
754 1166 806 1217 in
840 1167 1081 1235 jactura,
1128 1172 1182 1219 et
1209 1166 1454 1234 sequitur
1485 1164 1831 1219 immediate:
1866 1160 2096 1230 Explicit
2136 1160 2265 1214 liber
2291 1170 2526 1229 quartus.
2562 1160 2752 1230 Incipit
2786 1161 2913 1215 liber
2947 1164 3012 1216 de
3054 1164 3374 1233 professione
3411 1162 3727 1229 Catholica,
3762 1176 3822 1220 et

487 1258 799 1313 immediate
840 1258 981 1312 alter
1012 1256 1150 1312 liber
1181 1257 1259 1310 De
1286 1260 1609 1326 professione
1656 1256 1817 1323 impia
1858 1253 2172 1308 Arianorum
2218 1257 2308 1323 qui
2353 1256 2467 1309 linit
2505 1256 2654 1311 hisce
2694 1258 2909 1311 verbis:
2956 1258 3018 1314 Si
3048 1276 3199 1313 aures
3228 1261 3403 1313 surda?
3432 1271 3554 1314 sunt
3593 1272 3821 1315 caetero-

491 1369 605 1405 rum
632 1394 646 1415 ,
681 1363 813 1417 etc.,
849 1351 900 1405 in
930 1366 1031 1417 qua
1064 1366 1158 1404 sua
1192 1351 1428 1418 epistola
1467 1364 1575 1403 tton
1606 1348 1872 1403 dubitavit
1893 1347 2165 1402 al'lirtuare
2196 1346 2439 1405 Faustini
2474 1352 2772 1422 presbyteri
2808 1368 2915 1407 non
2945 1368 3100 1420 esse,
3131 1354 3224 1408 sed
3259 1359 3437 1424 p0tius
3469 1356 3527 1411 S.
3559 1354 3813 1411 Eusebii.

488 1444 802 1511 Quinimmo
834 1444 885 1498 in
916 1444 1021 1497 alia
1054 1456 1147 1497 sua
1188 1444 1417 1512 epistola
1450 1441 1518 1495 de
1544 1441 1632 1495 die
1678 1441 1744 1497 15
1768 1441 1906 1507 junii
1938 1440 2075 1495 i778
2114 1441 2400 1511 epistolam
2422 1485 2434 1507 ,
2470 1456 2567 1495 seu
2615 1443 2854 1498 libellum
2884 1443 2953 1498 de
2982 1445 3299 1500 Cauonibus
3344 1447 3660 1514 Evangeliot
3681 1465 3770 1501 utu
3798 1492 3811 1512 ,

484 1539 577 1609 qui
625 1539 819 1609 legitur
868 1540 919 1593 in
965 1536 1207 1607 pluribus
1243 1536 1576 1590 editionibus
1615 1535 1673 1589 S.
1707 1533 2035 1603 Scripturte,
2077 1547 2198 1588 esse
2236 1534 2478 1603 ejusdem
2528 1538 2767 1591 auctoris
2808 1536 3138 1604 affirmavit,
3190 1540 3401 1593 etiamsi
3454 1540 3706 1609 pluribus
3752 1544 3810 1597 S.

491 1632 789 1702 Scriptura!
820 1630 1153 1685 editionibus
1181 1629 1371 1683 Griece
1421 1634 1626 1681 tantum
1688 1629 1802 1680 ha-c
1850 1627 2095 1697 legatur:
2143 1628 2360 1681 tandem
2402 1628 2711 1682 observavit
2765 1631 2819 1683 in
2867 1631 3104 1685 editione
3153 1631 3813 1702 Orthodoxographorum

496 1724 637 1778 hanc
688 1723 975 1793 epistolam
1019 1736 1235 1777 exsmre
1266 1724 1455 1775 Gratce
1496 1733 1549 1773 ct
1594 1720 1785 1773 Latine
1826 1721 2081 1787 scriptam
2127 1735 2194 1773 ex
2238 1724 2404 1773 veteri
2459 1722 2709 1776 versione
2753 1720 2968 1787 Latina,
3004 1732 3059 1777 et
3109 1725 3157 1777 in
3196 1724 3431 1791 linguam
3469 1725 3707 1780 Latinam
3756 1728 3813 1782 iu

494 1825 644 1871 tomo
676 1816 739 1870 Vl
780 1815 1135 1870 Bibliothecae
1175 1813 1363 1869 Grecae
1403 1812 1670 1877 Fabricii,
1712 1828 1831 1881 quae
1874 1812 2092 1882 quidem
2146 1814 2323 1867 omnia
2358 1816 2637 1869 maturiori
2676 1818 2909 1870 consilio
2944 1819 3223 1873 tractanda
3269 1828 3463 1887 erunt,
3513 1831 3569 1875 ut
3606 1824 3814 1879 veritas

490 1915 719 1969 oriatur.
754 1913 889 1967 Nam
938 1912 1150 1967 etiamsi
1199 1910 1350 1966 hisce
1379 1909 1858 1964 observationibus
1908 1909 2195 1977 perpensis
2241 1912 2523 1981 exemplar
2569 1911 2921 1969 Taurineusis
2971 1913 3427 1986 Congregationis
3470 1917 3528 1973 S.
3573 1918 3817 1990 Philippi

493 2007 639 2063 Nerii
668 2006 993 2075 reperissent
1025 2003 1309 2059 conforme
1339 2004 1514 2073 quoad
1552 2001 1935 2065 substantiam,
1968 2016 2091 2055 cum
2127 2011 2305 2057 tamen
2352 2001 2591 2059 siluisset
2618 2047 2631 2071 ,
2676 2022 2802 2060 num
2835 2008 3005 2063 codex
3041 2010 3133 2064 ille
3165 2010 3434 2066 Vaticana:
3460 2013 3813 2069 Bibliotheca:

498 2102 571 2154 sit
614 2101 666 2153 in
709 2100 1028 2153 membrana
1077 2099 1423 2166 conscriptus
1462 2108 1665 2160 necne,
1696 2092 1943 2147 siluisset
1980 2098 2358 2149 charactcruut
2406 2095 2658 2163 fortnam,
2695 2108 2747 2152 et
2778 2099 2982 2153 codicis
3036 2111 3251 2155 atatem
3281 2104 3644 2171 freticuisset,
3678 2106 3813 2167 mihi

493 2204 667 2252 visum
701 2198 787 2251 hic
820 2197 920 2251 fttit
960 2193 1217 2250 utendum
1258 2210 1363 2248 non
1392 2206 1513 2245 esse
1542 2189 1763 2261 hujusce
1794 2190 1975 2258 operis
2009 2190 2362 2253 auctoritate,
2395 2193 2460 2244 ad
2494 2193 2886 2248 ostendendam
2917 2192 3178 2249 docttinze
3212 2198 3471 2252 unitatem
3503 2198 3561 2253 S.
3594 2197 3815 2253 Eusebii

492 2294 753 2347 adversus
780 2292 1008 2346 Arianos
1034 2293 1086 2344 in
1114 2290 1211 2343 hac
1230 2288 1575 2343 confessione
1598 2301 1627 2339 a
1661 2284 1818 2337 uobis
1848 2282 2056 2337 edenda
2085 2324 2099 2347 ,
2132 2298 2307 2353 neque
2338 2286 2497 2338 etiam
2531 2295 2896 2355 opportunum
2927 2287 3093 2343 edere
3124 2306 3183 2341 ea
3217 2292 3397 2344 omnia
3422 2332 3435 2349 ,
3463 2309 3583 2360 qna-
3610 2291 3818 2346 inedita

495 2396 713 2456 reperta
748 2394 875 2440 sunt
905 2386 959 2439 in
983 2384 1084 2438 hoc
1109 2398 1277 2452 Opere
1306 2380 1561 2434 Faustina
1593 2378 1877 2431 attribute.
1928 2375 2128 2442 Quanti
2158 2377 2227 2429 sit
2272 2378 2518 2431 facienda
2568 2378 2843 2433 confessio
2894 2379 3017 2435 ï¬dei
3066 2381 3222 2451 hujus
3260 2384 3427 2437 nostri
3473 2384 3529 2438 S.
3574 2385 3819 2438 doctoris

495 2482 749 2546 Eusebii,
789 2480 1051 2537 lectorem
1105 2480 1326 2533 remitto
1372 2474 1439 2528 ad
1494 2470 1962 2543 pra-fatiunculatn
2009 2470 2313 2539 appositam
2360 2478 2485 2526 ante
2535 2482 2737 2525 textum
2767 2514 2781 2538 ,
2826 2480 2881 2525 ct
2913 2473 2976 2525 ad
3028 2490 3189 2543 parva
3221 2477 3613 2529 commentaria
3645 2491 3822 2545 super

500 2577 670 2645 ipsam
717 2573 1117 2629 confessionem
1167 2570 1331 2633 facta,
1386 2568 1437 2620 in
1492 2565 1689 2636 quibus
1730 2570 1878 2618 certa
1923 2574 1973 2618 et
2016 2562 2355 2618 evidentiora
2398 2575 2715 2633 argumenta
2757 2566 3028 2620 habentur
3059 2568 3125 2621 de
3167 2584 3297 2622 vero
3338 2582 3559 2625 auctore
3588 2570 3821 2641 hujusce

490 2670 719 2741 sytnholi
744 2710 757 2730 ,
792 2668 965 2737 deque
1006 2680 1132 2719 vera
1164 2678 1276 2717 suae
1315 2661 1439 2715 lidei
1478 2658 1846 2729 professione,
1877 2665 1933 2711 et
1962 2655 2235 2710 catholico
2262 2658 2547 2728 dogmate,
2594 2660 2663 2711 ita
2703 2670 2758 2713 ut
2797 2661 3056 2716 lectorem
3099 2678 3129 2715 a
3158 2662 3418 2725 consilio,
3453 2673 3505 2717 et
3530 2666 3807 2719 sententia

495 2783 615 2822 mea
656 2768 1018 2821 discessurum
1061 2779 1166 2816 non
1197 2759 1362 2814 credo
1395 2758 1543 2811 hisce
1573 2754 1829 2809 omnibus
1871 2753 2174 2823 perpensis.
2215 2751 2349 2805 Nam
2383 2752 2433 2804 in
2485 2750 2597 2804 illis
2634 2765 2793 2821 quam
2824 2768 3065 2809 consona
3109 2755 3181 2809 sit
3222 2756 3467 2810 doctrina
3499 2758 3554 2810 Î´.
3591 2754 3821 2811 Eu5ebii

494 2861 602 2914 ilLe
627 2860 685 2915 S.
712 2852 1383 2921 Ath:masiiÂ§Alexandrim,
1410 2851 1745 2918 reliquorum
1772 2859 2082 2901 sanctorum
2109 2846 2354 2909 Patrum,
2385 2846 2667 2913 probatum
2702 2857 2805 2900 est.
2838 2847 2984 2915 Quas
3013 2864 3141 2903 vero
3174 2851 3472 2917 peculiares
3510 2854 3825 2907 sententias

499 2955 791 3027 protulerit
841 2953 900 3007 S.
952 2950 1222 3005 Eusebius
1260 2956 1314 3002 et
1359 2943 1668 3000 conformes
1714 2954 1885 2997 sacra:
1928 2937 2257 3011 Scriptum,
2306 2938 2543 3010 antiquis
2570 2940 2859 3007 Patribus,
2904 2957 2957 2997 et
3006 2946 3251 3001 conciliis
3282 2947 3720 3003 demonstratum
3763 2953 3824 3005 in

493 3051 603 3105 illis
650 3048 769 3104 fuit.
805 3048 964 3103 Hisce
1004 3047 1081 3100 sic
1113 3044 1277 3099 editis
1321 3041 1542 3095 habebit
1574 3041 1745 3094 lector
1790 3052 1927 3092 nova
1977 3046 2295 3106 argumenta
2328 3036 2393 3090 ad
2445 3037 2771 3092 Arianorum
2815 3038 3066 3095 hceresim
3114 3042 3465 3110 coufutanda,
3503 3062 3665 3101 novas
3712 3050 3825 3103 cir-

494 3142 855 3197 cumstantias
895 3138 960 3193 ad
995 3134 1372 3192 illustrandam
1415 3130 1699 3185 historiam
1731 3120 1878 3183 illius
1912 3127 2194 3195 temporis.

1499 3322 2219 3437 DISQUISITIO
2331 3324 2795 3411 PR/EVIA

1168 3492 1271 3552 DE
1314 3488 1623 3551 EUSEBII
1662 3484 2253 3549 VERCELLENSIS
2296 3485 2512 3548 FIDE!
2554 3487 3113 3564 EXPOSITIONE,

1586 3633 1705 3684 SEU
1742 3633 1825 3684 DE
1860 3632 2392 3703 AUCTOREâ€˜HLâ€™JUS
2430 3632 2727 3686 SYMBOLI.

520 3240 3755 3277 â€”-â€”â€”-â€”â€”â€”â€”â€”â€”-â€”-â€˜-â€”â€”â€”â€”â€”â€”â€”â€”â€”â€”â€”â€”â€”.

569 3872 782 3929 Acriter
822 3869 934 3941 jam
988 3886 1017 3924 a
1051 3867 1236 3923 multis
1264 3865 1586 3921 clarissimis
1613 3863 1744 3920 viris
1772 3862 2106 3932 diSputatum

2214 3866 2404 3923 relata:
2431 3886 2459 3921 a
2485 3868 2797 3940 Theologis.
2830 3868 2940 3925 Hos
2964 3879 3143 3925 autem
3169 3870 3359 3926 Patres
3387 3870 3615 3927 :etateS.
3640 3873 3814 3925 Atha-

501 3970 603 4024 fuit
632 3967 701 4022 de
726 3964 977 4037 symbolo
1008 3963 1351 4030 Quicumque,
1373 3958 1496 4013 aliis
1520 3960 1578 4012 S.
1609 3957 1909 4012 Athanasio
1936 3956 2115 4010 vindi-
2212 3963 2375 4025 nasii,
2411 3973 2464 4017 et
2493 3964 2550 4017 S.
2582 3963 2799 4019 Eusebii
2831 3964 3199 4019 Vercellensis
3237 3968 3482 4035 episcopi
3516 3966 3679 4020 fuisse
3712 3982 3810 4021 ne-

499 4061 753 4117 cantibus
790 4056 957 4122 illud,
990 4056 1113 4109 aliis
1158 4050 1449 4107 Anastasio
1492 4050 1717 4107 Sittaittc
1746 4092 1760 4115 ,
1813 4048 1998 4103 multis
2043 4047 2110 4103 ab

497 4166 722 4213 auctore
753 4152 946 4208 Latino
978 4151 1298 4207 adornatum
1340 4148 1507 4203 fuisse
1557 4146 1943 4217 pugnantibus,
1976 4160 2111 4198 non-

500 4250 665 4305 nullis
694 4264 722 4302 a
756 4247 966 4303 Gallico
990 4245 1262 4314 scriptore
1290 4240 1598 4297 confectum
1628 4238 2107 4306 contendentibus,

498 4358 565 4397 ex
603 4340 805 4412 quibus
858 4338 1109 4407 Vigilimn
1164 4334 1520 4405 Tapsitanum
1575 4333 1729 4387 mulli
1775 4332 2111 4386 contendunt

500 4442 803 4497 auctorem,
836 4429 928 4483 alii
976 4427 1317 4483 Vincentium
1344 4427 1687 4481 Lirinensem
1712 4441 1727 4490 ;
1754 4434 1806 4479 et
1834 4437 1961 4477 suas
1986 4439 2111 4478 seu-

500 4526 700 4581 tentias
729 4522 957 4578 fulciunt
988 4520 1323 4576 ostendendo
1351 4520 1402 4573 iu
1434 4521 1525 4572 illo
1553 4517 1802 4589 symbolo
1828 4516 2112 4571 damnatas

500 4622 741 4675 haereses
771 4614 1108 4685 Eutychetis,
1139 4622 1195 4670 et
1222 4613 1456 4669 Nestorii
1483 4621 1605 4682 post
1627 4612 1832 4666 obitum
1860 4609 2107 4664 S.Atha-

502 4713 639 4769 uasii
659 4708 989 4765 exortas.At
1013 4708 1139 4778 quid
1169 4706 1297 4761 inde
1326 4705 1368 4761 si
1387 4706 1509 4776 quis
1531 4704 1738 4759 diceret
1761 4712 1978 4759 sanctos
2009 4702 2111 4757 Pa-

502 4818 613 4863 tres
642 4817 1059 4875 praeoccupasse
1087 4842 1101 4867 ,
1151 4810 1206 4856 et
1252 4800 1576 4869 pr.ecavisse
1625 4798 1721 4853 has
1754 4798 2019 4863 haereses,
2050 4806 2110 4853 ut

494 4903 607 4972 jam
640 4900 991 4956 observatum
1024 4909 1109 4953 est
1139 4899 1208 4953 ab
1260 4898 1560 4964 historicis,
1603 4913 1773 4967 penes
1819 4897 2003 4967 plures
2044 4896 2103 4953 S.

502 4996 693 5050 Patres
724 4993 1266 5065 antiquioresiTuuc
1292 4994 1494 5048 nullius
1526 4994 1784 5048 momenti
1815 5003 2001 5047 essent
2025 4992 2107 5048 ha:

502 5087 764 5142 rationes.
810 5086 963 5155 Quod
1017 5094 1198 5141 autem
1255 5086 1486 5156 alicujus
1530 5087 1732 5155 negotii
1775 5101 1805 5139 a
1856 5085 2108 5155 pluribus

498 5178 792 5247 Theologis
834 5178 1135 5246 judicatum
1171 5178 1309 5244 fuit,
1360 5178 1489 5233 illud
1538 5194 1662 5233 esse
1690 5178 1869 5233 dicam
1898 5219 1913 5245 ,
1962 5178 2105 5249 quod

498 5269 823 5326 auctoritate
845 5270 992 5324 illius
1023 5271 1254 5341 symboli
1295 5286 1632 5340 nequaquam
1661 5271 1835 5326 Latini
1869 5272 1948 5326 usi
1979 5281 2108 5327 sunt

498 5366 565 5419 ad
597 5364 1077 5418 demonstrandam
1132 5364 1395 5419 adversus
1448 5364 1669 5419 Grtecos
1720 5366 2103 5421 schismaticos

498 5457 767 5528 originem
798 5458 941 5512 illam
974 5457 1210 5526 Spiritus
1242 5458 1413 5511 sancti
1439 5472 1470 5511 a
1497 5456 1660 5522 Filio,
1685 5472 1780 5512 seu
1808 5460 2103 5526 processio-

497 5569 635 5617 nem,
669 5562 727 5605 ut
751 5550 951 5605 docent
973 5550 1259 5620 Theologi.
1279 5550 1378 5605 Cui
1412 5551 1607 5605 rationi
1633 5550 1789 5605 facile
1818 5551 2103 5622 quisquam

500 5662 777 5717 opponere
822 5657 1002 5714 posset
1030 5648 1088 5701 S.
1120 5647 1382 5701 Basiliam
1415 5645 1663 5715 Magnum
1689 5688 1702 5710 ,
1737 5656 1788 5701 et
1816 5646 2103 5718 Didytnum

506 5739 931 5809 Alexandrinum
980 5741 1117 5795 hanc
1146 5742 1521 5811 procursionem
1544 5740 1863 5811 agnovisse,
1899 5749 1953 5798 ct
1999 5749 2102 5796 tra-

519 5828 747 5901 didisse,
779 5849 1012 5909 quorum
1042 5835 1399 5904 auctoritates
1423 5845 1617 5903 contra
1644 5838 1864 5900 Greco:
1890 5837 2109 5903 luerunt

2213 4070 2302 4109 mo
2334 4055 2605 4109 iuiiciatur
2632 4073 2644 4109 :
2676 4055 2922 4127 adeoque
2950 4072 3174 4112 necesse
3218 4073 3322 4112 non
3366 4058 3465 4113 iuit
3492 4072 3683 4112 omnes
3706 4058 3809 4112 Pa-

2215 4159 2347 4214 tres,
2381 4159 2435 4203 et
2462 4151 2664 4219 scripta
2696 4166 2886 4205 eorum
2911 4152 3017 4206 illis
3039 4152 3311 4221 objicere,
3345 4162 3400 4207 et
3432 4153 3671 4205 maxime
3705 4151 3815 4205 forâ€”

2209 4257 2304 4297 San
2329 4258 2448 4311 qum
2477 4244 2527 4297 io
2562 4244 2807 4298 omnium
2835 4259 2930 4298 ore
2975 4246 3331 4300 versabantur
3353 4285 3368 4311 ,
3420 4254 3477 4300 ut
3519 4245 3810 4313 probetur,

2210 4352 2330 4405 qua:
2361 4335 2654 4391 traditione
2679 4336 2970 4400 dabantur,
3003 4337 3326 4392 auctoritate
3371 4336 3595 4392 Patrum
3643 4337 3808 4391 robo-

2211 4438 2326 4484 rata
2354 4429 2541 4484 fuisse.
2569 4428 2722 4495 Nam,
2755 4429 2859 4484 etsi
2878 4446 2941 4482 ex
2972 4428 3076 4491 his,
3108 4430 3201 4499 qui
3225 4445 3324 4499 pro
3350 4445 3517 4499 supra
3543 4434 3812 4485 enarratis

2211 4525 2526 4578 aucmribus
2554 4532 2810 4595 pugnant,
2843 4523 2998 4592 pauci
3030 4524 3135 4577 sint
3163 4562 3176 4587 ,
3210 4524 3302 4593 qui
3356 4538 3455 4592 pro
3486 4524 3542 4577 S.
3576 4523 3812 4577 Eusebio

2217 4617 2548 4672 Vercellcnsi
2602 4616 2963 4685 scripserint,
3016 4624 3072 4670 et
3124 4614 3456 4669 sententiam
3512 4614 3653 4668 hanc
3679 4623 3813 4667 tam-

2210 4725 2369 4779 quam
2396 4708 3055 4777 communemâ€˜retuleriut
3080 4708 3312 4761 :scimus
3343 4716 3523 4761 tamen
3546 4707 3813 4776 antiquis-

2211 4806 2355 4857 simo
2386 4814 2633 4873 tempore
2652 4801 2960 4871 symbolum
2987 4800 3184 4854 illudin
3215 4797 3811 4853 EcclesiaVercelleusi

2211 4897 2434 4952 recitari
2465 4894 2839 4959 consuevisse,
2882 4907 2935 4950 et
2982 4894 3330 4949 traditionem
3362 4895 3508 4947 illius
3548 4892 3815 4947 Ecclesia:

2211 5007 2311 5046 nos
2358 4991 2591 5046 educere
2625 4990 2727 5045 hoc
2782 4990 3089 5059 symbolum
3121 4988 3312 5043 Latine
3342 4988 3611 5054 scriptum
3647 4986 3813 5039 fuisse

2212 5083 2556 5140 Alexandriae
2590 5082 2950 5152 praesentibus
2982 5081 3082 5138 SS.
3116 5080 3432 5145 Athanasio,
3472 5088 3527 5133 et
3568 5078 3809 5142 ASteriu,

2216 5194 2271 5237 et
2302 5181 2360 5237 S.
2398 5179 2631 5234 Eusebio
2662 5178 2881 5232 laudato
2905 5219 2919 5243 ,
2961 5188 3017 5231 et
3046 5192 3168 5229 cum
3198 5176 3332 5229 actis
3364 5175 3473 5228 illic
3522 5173 3814 5227 celebratis

2216 5272 2406 5328 Latine
2437 5271 2663 5326 redditis
2688 5271 2757 5324 ab
2787 5269 2979 5324 eodem
2996 5268 3195 5322 oblatis
3218 5280 3432 5321 summo
3455 5264 3695 5334 pontiï¬ci
3718 5262 3809 5316 Li-

2212 5366 2387 5421 berio.
2419 5366 2621 5419 Omnes
2641 5362 2936 5430 scriptores
2967 5361 3035 5415 de
3066 5360 3310 5416 Ecclesia
3342 5356 3678 5415 Vercelieusi
3706 5366 3814 5408 tra-

2213 5460 2349 5514 dunt
2378 5460 2429 5513 in
2463 5460 2570 5512 ritu
2628 5456 2936 5510 Eusebiauo
2961 5494 2977 5521 ,
3009 5465 3066 5510 et
3097 5455 3148 5508 in
3183 5453 3336 5507 boris
3366 5450 3645 5506 canonicis
3669 5450 3811 5501 antio

2211 5555 2392 5622 quitus
2426 5552 2798 5621 przescriptam
2832 5550 2999 5603 fuisse
3018 5547 3389 5602 recitationem
3414 5545 3642 5613 hujusce
3670 5558 3814 5613 sym-

2215 5649 2319 5704 boli
2352 5690 2365 5711 ,
2392 5658 2444 5701 et
2474 5647 2670 5701 festum
2704 5643 2971 5699 celebrari
3023 5643 3091 5697 de
3136 5642 3480 5697 sanctissima
3511 5639 3811 5702 Ttittitate,

2215 5760 2282 5801 ex
2314 5761 2423 5816 quo
2446 5745 2550 5797 ritu
2578 5742 2841 5797 Alcuinus
2872 5740 3099 5793 Flaccus
3130 5749 3376 5806 tempore
3404 5732 3583 5789 Catoli
3614 5731 3810 5803 Magni,

2217 5846 2275 5900 tu
2304 5836 2521 5897 novitiis
2545 5833 2926 5895 sacerdotibus
2967 5832 3209 5892 traderet
3239 5827 3459 5891 facilem
3492 5827 3817 5892 methodis!
