3956 6206
194 282 315 346 957

1386 284 1472 343 DE
1513 272 1887 344 ruinam:
1925 271 2325 344 coursssm.

3396 288 3504 347 938

188 400 518 456 celebrandi
544 388 783 468 sacrum,
815 400 1033 457 Missam
1072 402 1141 459 de
1162 402 1508 458 sanctissima
1531 401 1801 457 Trinitate
1827 405 1879 465 Α
1907 401 2213 457 emendatis
2240 401 2545 470 erroribus,
2574 410 2634 458 ut
2658 401 2889 474 quisque
2932 403 3222 474 impolluto
3277 412 3332 459 et
3364 401 3501 457 inof-

190 492 250 547 in
309 492 554 548 Ecclesia
589 492 923 549 Verceileusi
964 495 1183 550 recitari
1226 494 1430 565 pluries
1455 500 1800 561 consuetam,

188 582 393 639 diebus
414 582 703 640 dominicis
733 584 1067 656 praescripsit
1099 585 1190 661 (ne
1218 587 1393 643 dicam
1421 583 1588 641 alium
1619 583 1801 640 Alcai-

190 691 327 731 num
343 677 657 747 episcopum
669 676 1070 735 Verceliensetn
1088 678 1191 734 hac
1215 678 1329 750 ipsa
1357 686 1679 749 tempestate
1695 676 1802 732 Ec-

186 765 420 821 clesiam
477 766 625 822 illam
668 768 1186 842 administrantem)
1240 770 1414 825 donec
1452 769 1597 824 facili
1639 766 1802 823 modo

186 866 426 929 possent
454 858 531 913 illi
564 860 848 917 scerdotes
887 863 1079 917 novitii
1110 863 1357 918 ediscere
1387 877 1542 916 usum
1571 861 1800 916 aliorum

184 952 560 1024 plurimorum
593 954 863 1010 codicum.
922 953 1022 1011 Cui
1050 956 1291 1027 Opinioni
1315 957 1481 1013 robur
1502 970 1661 1027 quam
1688 969 1803 1010 ma-

184 1045 403 1100 ximum
432 1045 592 1101 affert
617 1045 849 1118 epistola
889 1049 1147 1120 synodica
1180 1050 1343 1103 missa
1388 1048 1458 1102 ab
1499 1047 1801 1103 Athanasio

184 1136 261 1191 ad
294 1138 692 1205 Antiochenos,
723 1141 866 1195 circa
896 1139 1059 1196 ﬁnem
1092 1140 1208 1196 haec
1238 1138 1448 1196 habens
1475 1159 1489 1196 :
1534 1139 1661 1195 llaec
1685 1141 1801 1213 qui-

184 1231 312 1285 dem
341 1248 434 1285 nos
464 1240 572 1286 tum
600 1234 723 1303 quia
748 1237 898 1306 nefas
943 1245 1023 1289 est
1061 1234 1331 1305 quicquam
1361 1235 1499 1290 ultra
1526 1234 1800 1291 Nicatnum

182 1326 473 1382 concilium
501 1328 780 1398 requirere,
812 1338 901 1383 aut
927 1331 1269 1385 contentiosas
1295 1331 1574 1386 sententias
1598 1330 1797 1399 recipe-

180 1435 267 1484 re,
300 1429 407 1472 tum
438 1419 516 1474 vel
560 1420 624 1474 ob
668 1437 848 1493 pacem
878 1422 1068 1486 solum,
1102 1436 1148 1476 et
1186 1439 1250 1477 ne
1285 1422 1375 1493 qui
1404 1432 1541 1478 recte
1570 1423 1799 1477 sentiunt

183 1530 287 1584 pro
310 1516 514 1587 rejectis
544 1513 831 1570 habeantur
874 1516 941 1571 ad
970 1517 1127 1571 istum
1154 1518 1363 1571 modum
1400 1518 1719 1581 censuimus,
1750 1527 1799 1572 et

181 1621 371 1661 eorum
405 1606 811 1663 Conrassrousu
852 1609 1023 1678 qualis
1051 1610 1230 1678 fuerit,
1263 1626 1379 1677 nos,
1407 1609 1496 1678 qui
1521 1609 1686 1665 relicti
1708 1626 1798 1664 su-

182 1715 311 1755 mus
338 1698 671 1756 Alemdriw
689 1726 710 1766 ε,
756 1702 940 1772 paucis
964 1703 1305 1757 indicavimus
1330 1718 1352 1769 ,'
1392 1702 1545 1774 idque
1572 1705 1625 1757 in
1652 1719 1796 1758 com-

1906 494 2064 551 fenso
2084 496 2221 566 pede
2243 513 2341 554 eos
2366 498 2546 570 legere
2571 506 2777 570 posset.
2801 500 2858 555 in
2882 499 2983 554 hac
3006 514 3137 555 vero
3157 500 3507 557 confessione

1906 590 1977 646 de
2018 590 2179 664 hujus
2227 600 2430 649 nostra)
2479 595 2660 650 carnis
2704 594 3116 652 resurrectione
3163 602 3512 664 pertractans

1902 698 2151 741 errorem
2212 685 2466 758 Origenis
2512 689 2654 743 circa
2705 703 2998 758 corporum
3048 689 3511 744 resurrectionem

1904 778 2152 850 corripit.
2175 780 2320 852 Ergo
2343 782 2476 837 nulli
2506 780 2705 837 melius
2730 797 2888 851 quam
2916 781 2977 838 8.
3008 782 3248 838 Eusebio
3267 782 3515 838 tribuen-

1903 870 2031 926 dum
2083 871 2186 927 hoc
2225 872 2534 946 symbolum
2572 874 2879 929 crederem.
2915 873 2984 929 Et
3011 875 3115 930 hoc
3153 873 3336 929 forsan
3377 874 3511 930 illud

1903 980 2049 1033 esse,
2073 981 2142 1023 ex
2166 983 2273 1038 quo
2295 968 2588 1024 conﬂatum
2616 967 3011 1038 posterioribus
3024 966 3507 1040 temporibusillud

1904 1060 2200 1131 vulgariter
2227 1061 2559 1133 appellatum
2596 1062 2931 1133 Quicumque.

1973 1152 2032 1211 Si
2064 1157 2280 1211 tandem
2318 1168 2438 1212 acta
2469 1155 2714 1227 ejusdem
2746 1155 2805 1212 8.
2838 1156 3059 1213 Eusebii
3095 1155 3515 1212 considerentur

1901 1248 1971 1304 ab
2001 1248 2232 1320 Ughello
2258 1248 2379 1305 Ital.
2407 1249 2535 1306 Sac.
2563 1259 2695 1305 tom.
2721 1248 2811 1313 iV,
2843 1264 2894 1319 p.
2928 1248 3052 1314 759,
3076 1249 3245 1317 edita,
3274 1248 3513 1318 ipsumet

1903 1356 2004 1398 nos
2034 1344 2309 1400 instruunt
2333 1343 2738 1401 confessionem
2776 1360 2931 1399 suam
2963 1344 3183 1401 Liberio
3214 1358 3375 1415 papa:
3405 1345 3507 1399 de-

1902 1435 2051 1491 disse
2091 1435 2313 1504 Romae,
2346 1446 2639 1507 antequam
2671 1437 2774 1492 iter
2798 1451 2959 1491 suum
2996 1436 3275 1492 Vercellas
3310 1435 3513 1506 dirige-

1903 1539 2005 1588 ret.
2034 1530 2266 1586 Sanctus
2293 1540 2468 1587 autem
2497 1529 2754 1585 Eusebius
2788 1530 2983 1585 athleta
3011 1528 3208 1585 Christi
3235 1530 3359 1583 data
3384 1545 3510 1583 cott-

1901 1625 2125 1693 fessione
2173 1624 2298 1695 ﬁdei
2339 1641 2484 1692 suae,
2532 1634 2579 1680 et
2610 1625 2779 1697 posita
2822 1623 3003 1679 Roma:
3048 1625 3100 1678 in
3140 1639 3289 1679 sacro
3316 1624 3510 1678 scrinio

1900 1717 2215 1786 calefaciens
2237 1718 2441 1774 Liberio
2470 1734 2623 1791 papa:
2644 1734 2763 1773 cum
2783 1718 2978 1772 cteteris
3011 1716 3261 1789 fratribus
3287 1718 3384 1771 iter
3408 1732 3503 1787 ag-

185 1809 348 1848 mune
370 1811 472 1848 una
502 1811 619 1849 cum
647 1794 858 1867 reliquis
889 1796 1256 1850 comministris
1282 1813 1549 1852 sacrorum
1591 1797 1795 1853 Asteria
1826 1808 1873 1869 Β
1901 1828 2109 1886 gnum
2136 1822 2231 1867 εει,
2261 1811 2394 1881 Qum
2423 1825 2604 1869 amem
2631 1813 2812 1868 "mnia
2838 1826 3077 1868 causam.
3108 1812 3363 1867 videmur
3383 1824 3508 1867 esse

184 1896 239 1940 et
284 1883 531 1942 Eusebio.
577 1882 715 1941 Nam
752 1887 937 1958 reliqui
964 1904 1027 1943 ex
1052 1890 1240 1943 nostris
1266 1890 1536 1961 quisquam
1574 1895 1643 1946 ad
1679 1907 1799 1946 suas

186 1978 491 2050 prouincias
518 1978 776 2035 abierunt.
819 1978 919 2035 Vos
947 1997 1128 2036 rursus
1151 1982 1205 2036 in
1234 1998 1522 2050 commune,
1552 1982 1639 2038 ubi
1665 1984 1799 2038 sole-

190 2072 262 2126 tis
293 2081 566 2126 conventus
593 2088 765 2141 agerc,
791 2072 890 2127 ista
911 2072 1142 2129 videbitis
1169 2074 1483 2145 pervulgari,
1507 2090 1665 2143 eoque
1690 2091 1800 2128 cm-

193 2182 289 2220 nes
317 2176 537 2221 evocate.
564 2164 801 2238 £quum
842 2178 914 2223 est
956 2168 1090 2223 enim
1130 2178 1188 2224 ut
1228 2171 1280 2224 in
1315 2186 1374 2224 eo
1420 2171 1534 2225 loco
1572 2171 1800 2242 primum

191 2256 419 2330 epistola
440 2261 693 2327 recitetur,
722 2273 827 2318 etc.
855 2261 1004 2333 Ergo
1029 2279 1094 2318 ex
1120 2262 1222 2320 hac
1245 2264 1571 2320 auctoritate
1597 2274 1652 2320 et
1672 2281 1803 2321 cou-

192 2348 443 2406 i'essioue
467 2350 523 2408 S.
544 2350 761 2409 Eusebii
806 2364 861 2410 et
876 2352 1079 2410 Asterii
1100 2356 1333 2412 indicata
1353 2357 1709 2413 Antiochenis
1730 2357 1801 2415 ab

192 2442 502 2499 Athanasio
526 2445 868 2516 probatur,et
889 2464 1046 2503 suum
1070 2450 1377 2523 symbolum
1401 2466 1521 2507 cmn
1543 2452 1800 2523 epistola.

270 2537 532 2607 Quaenam
574 2542 790 2597 fuerunt
820 2541 930 2598 illic
979 2544 1390 2609 confessiones,
1423 2562 1519 2609 seu
1551 2547 1801 2618 symbola

195 2628 363 2687 nobis
393 2632 789 2705 incompertum
825 2646 931 2704 est,
960 2652 1087 2693 num
1115 2640 1421 2711 symbolum
1455 2639 1799 2715 Quicumque,

194 2723 289 2779 vel
320 2724 434 2780 haec
463 2727 757 2796 confessio,
786 2746 946 2801 quam
973 2733 1116 2803 typis
1144 2734 1485 2790 mandamus.
1518 2735 1597 2792 De
1628 2737 1804 2805 primo

196 2819 542 2875 contendunt
573 2824 873 2892 scriptores
902 2826 1044 2879 inter
1064 2840 1146 2894 se,
1180 2834 1238 2881 ut
1266 2826 1615 2884 observatum
1644 2846 1803 2901 supe-

197 2907 321 2965 rius
349 2909 469 2966 fuit.
499 2914 685 2970 Altera
718 2925 887 2982 vero,
928 2917 1001 2973 de
1032 2931 1141 2987 qua
1166 2921 1525 2989 quastionem
1558 2923 1804 2979 institui-

200 3010 329 3057 mus
367 3000 643 3062 coni‘essio
673 3004 789 3065 hmo
817 3020 898 3065 est
923 3051 937 3077 ,
967 3025 1128 3081 quam
1169 3013 1288 3069 sine
1314 3015 1555 3074 auctoris
1587 3018 1808 3078 nomine

196 3095 380 3154 tribus
420 3096 472 3153 in
503 3094 656 3158 foliis
693 3101 945 3159 maximis
966 3106 1334 3176 conscriptam
1379 3110 1582 3166 sacculo
1618 3126 1698 3180 Ix,
1748 3120 1805 3169 ut

1901 1906 2006 1971 eis,
2038 1920 2159 1974 qum
2197 1903 2668 1975 scripsitBuﬁnus
2685 1904 2814 1961 hist.
2838 1921 2877 1973 ι,
2900 1919 3025 1976 cap.
3043 1904 3137 1971 28,
3162 1904 3254 1970 99,
3277 1904 3368 1971 30,
3394 1913 3507 1960 etc.

1901 1996 2096 2056 Narrat
2122 1998 2266 2053 enim
2296 1996 2596 2053 Eusebium
2622 1997 3011 2054 Alexandriam
3043 1996 3353 2067 perrexisse
3382 2010 3506 2052 cum

1900 2091 2022 2146 aliis
2061 2090 2469 2148 confessoribus
2511 2092 2616 2147 fide
2658 2092 2889 2163 integris
2931 2092 3113 2161 ibique
3151 2092 3340 2146 mitius
3379 2105 3507 2148 cum

1903 2184 2071 2256 lapsis
2116 2185 2332 2256 egisse,
2376 2194 2432 2241 et
2481 2186 2920 2257 procurationem
2968 2185 3281 2242 Occidentis
3324 2185 3507 2241 eidem

1901 2277 2105 2344 delata,
2138 2288 2198 2333 ut
2223 2275 2446 2333 Asterio
2474 2277 2733 2343 Orientis,
2765 2278 2980 2332 additur
3004 2292 3130 2331 sane
3173 2278 3227 2331 in
3259 2278 3353 2332 illo
3385 2293 3508 2331 cou-

1901 2373 2010 2428 cilii
2048 2373 2253 2427 decreto
2281 2373 2435 2427 etiam
2466 2371 2532 2426 de
2564 2372 2778 2440 Spiritu
2803 2381 2981 2427 sancto
3019 2371 3222 2445 plenior
3264 2371 3507 2441 disputa-

1904 2470 1997 2535 tio,
2028 2480 2082 2522 ut
2107 2468 2338 2542 ejusdem
2367 2466 2689 2532 substantias,
2716 2482 2779 2520 ac
2803 2466 3028 2531 deitatis,
3062 2467 3214 2538 cujus
3245 2461 3424 2529 Pater,
3458 2470 3509 2518 et

1905 2561 2098 2629 Filius,
2151 2563 2306 2617 etiam
2357 2560 2590 2633 Spiritus
2632 2570 2842 2616 sanctus
2891 2558 3182 2613 crederetur
3230 2557 3376 2628 (cap.
3408 2554 3502 2625 29,

1906 2671 1961 2728 p.
1992 2654 2145 2726 211),
2177 2672 2272 2710 nec
2296 2655 2577 2727 quidquam
2607 2670 2821 2722 prorsus
2850 2654 2903 2707 in
2931 2650 3220 2717 Trinitate,
3246 2659 3337 2704 aut
3365 2663 3511 2705 crea-

1902 2758 2033 2812 tunt,
2064 2758 2152 2803 aut
2169 2747 2409 2818 inferius,
2438 2745 2754 2815 posteriusve
2765 2744 3047 2800 diceretur.
3063 2740 3169 2799 Sed
3192 2740 3323 2796 etde
3346 2740 3511 2812 diffes

1904 2841 2072 2895 rentia
2125 2839 2566 2902 substantiarunt,
2613 2846 2661 2891 et
2709 2836 3159 2890 subsistentiarum
3199 2849 3368 2889 sermo
3399 2833 3512 2905 ejus

1906 2948 1997 3003 per
2018 2930 2327 3003 scripturam
2367 2939 2534 2983 motus
2559 2937 2654 2982 est.
2687 2926 2856 2982 (ἔτιεοί
2881 2927 3087 2993 οὐσίας,
3122 2934 3169 2980 et
3192 2925 3508 2987 ὑποστάσεις

1906 3031 2122 3089 vocant,
2161 3020 2378 3094 quidam
2409 3020 2595 3075 etenim
2623 3016 2861 3074 dicebant
2891 3016 3269 3083 substantiam,
3305 3028 3354 3071 et
3389 3014 3511 3070 sub-

1906 3117 2193 3172 sistentiam
2223 3131 2387 3169 unum
2427 3114 2590 3169 uideri
2622 3127 2642 3168 :
2672 3124 2718 3167 et
2745 3113 2866 3183 quia
2908 3120 3010 3166 tres
3050 3109 3362 3166 substantias
3408 3122 3512 3164 non

197 3191 543 3250 characteris
574 3194 745 3251 forma
789 3196 947 3253 nobis
976 3195 1219 3256 indicare
1260 3200 1494 3269 videtur,
1528 3216 1649 3274 quae
1680 3206 1802 3275 qul-
1826 3190 1871 3253 (ἶ
1904 3210 2126 3264 dicimus
2146 3210 2199 3263 in
2219 3207 2350 3273 Deo,
2371 3223 2463 3261 nec
2480 3216 2581 3261 tres
2606 3205 2961 3261 subsistentias
2974 3203 3144 3259 dicere
3163 3202 3507 3259 debeamus...

199 3283 330 3337 dent
359 3284 533 3341 tribus
572 3285 719 3343 foliis
746 3290 1182 3349 membranaceis
1225 3293 1369 3349 inter
1397 3292 1540 3364 alia,
1569 3308 1689 3367 quae
1734 3296 1802 3354 ad

199 3379 596 3435 monasterium
624 3380 721 3437 SS.
753 3368 1035 3439 Michaelis
1065 3395 1120 3442 et
1143 3386 1387 3444 Januarii
1426 3389 1499 3445 Μ.
1527 3390 1598 3445 de
1631 3391 1805 3448 Luce-

195 3471 296 3527 dio
333 3472 590 3530 dimcesis
643 3475 1003 3535 Verceilensis
1030 3481 1378 3551 pertinebant
1428 3485 1602 3539 relatu
1648 3494 1797 3552 sunt,

196 3564 442 3621 exscribi
472 3569 802 3626 curavimus.
847 3570 1045 3628 Parum
1092 3574 1312 3644 quidem
1352 3575 1613 3633 diﬂ'eruut
1659 3578 1805 3635 inter

197 3673 261 3714 se
306 3659 611 3731 symbolum
655 3661 1009 3735 Quicumque,
1038 3675 1095 3724 et
1133 3666 1250 3724 haec
1291 3666 1604 3738 confessio,
1648 3673 1693 3728 si
1735 3673 1803 3730 de

194 3752 345 3824 stylo
377 3753 671 3825 loquimur,
702 3765 885 3814 tamen
927 3760 979 3814 in
1021 3761 1211 3818 multis
1248 3773 1375 3820 sunt
1408 3765 1717 3832 dissimilia,
1748 3774 1805 3823 et

198 3848 345 3904 hanc
369 3850 736 3921 antiquiorem
762 3852 857 3909 illo
885 3849 1192 3911 crederem.
1232 3856 1290 3913 Si
1323 3873 1455 3915 vero
1490 3858 1806 3916 considere-

199 3956 345 4007 mus,
362 3941 669 4015 hypostasis
680 3944 874 4017 dogma
895 3942 1103 4004 eisdem
1122 3946 1333 4006 Graecis
1356 3946 1537 4007 verbis
1553 3951 1684 4007 illud
1708 3968 1804 4009 ex-

196 4035 390 4110 plicat,
414 4038 609 4110 quibus
630 4039 689 4097 S.
710 4040 1046 4098 Athanasius
1073 4044 1124 4098 in
1155 4058 1253 4099 sua
1284 4046 1511 4117 epistola
1537 4048 1803 4119 synodica

204 4132 323 4200 jam
354 4128 595 4198 laudata,
616 4133 861 4205 adeoque
891 4135 1184 4210 ὁμοούσιον,
1222 4139 1403 4201 οὐσίας
1449 4139 1702 4212 legantur
1747 4141 1801 4198 in

196 4221 306 4276 hoc
330 4221 579 4294 symbolo
601 4222 666 4279 ad
695 4225 1075 4295 esplieandam
1101 4227 1248 4295 Filii,
1271 4238 1327 4284 et
1352 4229 1527 4287 Patris
1552 4232 1801 4288 subatan-

196 4318 330 4370 tiam
365 4330 548 4381 unam,
581 4317 943 4390 eamdemque
968 4334 1114 4387 esse,
1142 4331 1202 4379 et
1232 4322 1508 4393 loquendo
1538 4324 1599 4382 S.
1631 4326 1805 4382 Euse-

194 4408 321 4463 bius
348 4406 420 4463 de
449 4406 836 4481 hypnstasibns
858 4411 908 4464 iu
933 4424 1029 4466 sua
1058 4412 1406 4471 coiifessione
1431 4414 1567 4471 facta
1592 4418 1644 4470 in
1668 4423 1799 4489 syn-

1907 3302 2047 3370 Sed,
2090 3312 2137 3356 et
2165 3300 2229 3356 de
2270 3298 2630 3355 incarnatione
2674 3295 2889 3353 Domini
2933 3294 3356 3368 comprehensum
3402 3303 3509 3361 est,

1903 3398 2027 3469 quia
2070 3413 2257 3469 corpus
2303 3396 2443 3467 quod
2490 3402 2786 3458 susceperat
2836 3390 3127 3458 Dominus,
3186 3405 3349 3462 neque
3397 3390 3510 3443 sine

1903 3506 2055 3544 sensu
2077 3531 2091 3555 ,
2120 3505 2284 3561 neque
2326 3488 2436 3543 sine
2474 3487 2651 3541 anima
2688 3485 3011 3555 suscepisset.
3043 3482 3242 3549 Quibus
3272 3481 3512 3535 oninibas

1905 3592 2079 3652 caute,
2105 3580 2468 3654 moderateque
2504 3576 2802 3650 compositis
2827 3577 3185 3648 unusquisque
3208 3576 3391 3631 itinere
3416 3591 3509 3629 suo

1903 3693 2025 3732 cum
2050 3693 2176 3747 pace
2189 3675 2441 3747 perrexit.
2460 3670 2704 3730 Dehisce
2726 3671 3039 3729 omnibusin
3054 3671 3157 3725 hac
3168 3669 3516 3726 confessione

1906 3777 2288 3842 pertractatur.
2320 3768 2632 3836 Quinimmo
2652 3765 2882 3823 Rufinus
2904 3774 2959 3822 et
2981 3765 3272 3821 Eusebium
3309 3764 3502 3820 eodem

1901 3863 1999 3920 lib.
2031 3874 2133 3934 cap
2162 3862 2231 3920 30
2251 3904 2266 3929 ,
2298 3860 2727 3917 circumeuntem
2759 3857 3039 3915 Orientem
3066 3901 3080 3926 ,
3110 3867 3273 3926 atque
3299 3854 3510 3911 italiam

1905 3954 2103 4012 medici
2134 3955 2359 4026 pariter,
2392 3964 2448 4010 et
2489 3954 2789 4011 sacerdotis
2823 3954 3131 4022 fungentem
3191 3951 3372 4005 officio
3412 3951 3515 4006 de-

1902 4049 2223 4121 scribit,qui
2255 4050 2490 4120 singulm
2515 4064 2743 4118 quasque
2763 4046 3026 4101 Ecclesias
3054 4048 3294 4119 abjurata
3322 4045 3510 4111 inlide-

1903 4144 2052 4198 litate
2075 4142 2143 4197 ad
2171 4142 2443 4196 sanitatem
2476 4151 2613 4195 recte
2636 4138 2759 4211 fidei
2781 4138 3072 4204 revocabat,
3110 4140 3332 4193 maxime
3370 4139 3509 4208 quod

1904 4235 2173 4293 Hilarium
2217 4233 2683 4310 (Pietaviensem),
2734 4250 2886 4305 quem
2923 4232 3118 4287 dudum
3146 4249 3261 4288 cum
3308 4234 3504 4290 cteteris

1904 4329 2241 4403 Episcopisin
2259 4327 2501 4385 exsilium
2522 4338 2718 4383 trusum
2740 4344 2851 4381 esse
2871 4326 3285 4393 memoravimus,
3308 4340 3508 4397 regres-

1902 4436 2015 4476 sum
2034 4425 2172 4496 jam,
2204 4426 2252 4474 et
2282 4421 2337 4474 in
2368 4418 2395 4474 l
2405 4416 2532 4474 talia
2563 4420 2787 4485 positum
2816 4417 2926 4473 lites
2953 4418 3128 4472 eadem
3156 4431 3278 4488 erga
3303 4417 3505 4470 instau-

192 4500 306 4557 otio
345 4497 739 4567 Alexandrina,
769 4510 825 4557 et
862 4505 1039 4559 relata
1066 4504 1118 4560 in
1144 4500 1251 4562 line
1271 4506 1517 4577 ejusdem
1548 4508 1798 4581 epistolae
1828 4576 1863 4581 λ
1901 4512 2095 4568 randas
2122 4510 2401 4578 Ecclesias,
2430 4509 2688 4580 ﬁdemque
2710 4510 2916 4580 patrm
2941 4508 3287 4579 reparandum
3313 4508 3505 4574 reperit

185 4596 304 4666 jam
336 4590 570 4650 laudata:
595 4590 661 4648 ad
688 4588 1065 4654 Antiochenos
1090 4599 1167 4653 ait
1193 4616 1205 4652 :
1234 4576 1494 4666 Quantum
1524 4576 1704 4661 attinet
1727 4608 1797 4662 ad
1828 4576 1877 4637 D
1899 4606 2215 4661 molientem.
2277 4602 2358 4659 En
2389 4576 2393 4578 ν
2420 4576 2720 4675 quomodo
2756 4601 2899 4672 apud
2965 4576 3131 4657 italos
3191 4612 3245 4657 et
3315 4600 3504 4656 Gallos

190 4687 519 4759 hypostases,
548 4690 715 4760 fateor
740 4705 823 4744 me
849 4705 1053 4760 quoque
1074 4691 1213 4746 idem
1241 4696 1454 4762 sentire,
1482 4712 1646 4767 neque
1664 4701 1719 4752 in
1740 4699 1798 4754 id

190 4780 366 4835 solum
394 4782 653 4835 calculum
683 4786 850 4838 meum
878 4783 1039 4850 addo,
1067 4783 1160 4839 sed
1196 4785 1350 4842 etiam
1387 4789 1799 4847 incarnationem

192 4866 488 4927 Saluatoris
510 4873 682 4949 nostri
716 4874 1005 4942 consentio,
1046 4893 1163 4931 eum
1186 4876 1443 4945 videlicet,
1475 4897 1592 4936 cum
1623 4881 1798 4938 Filius

193 4962 296 5019 Dei
317 4976 472 5031 esset,
496 4964 754 5021 hominem
775 4983 884 5022 esse
907 4972 1124 5039 factum,
1145 4980 1196 5025 et
1218 4983 1431 5042 excepto
1457 4986 1665 5044 peccata
1686 4992 1800 5031 ont-

188 5057 306 5121 nia,
337 5066 455 5125 qui:
481 5057 662 5111 ueteris
689 5068 837 5113 erant
865 5068 1056 5116 nostrae
1076 5064 1412 5118 humanitatis
1428 5067 1795 5139 assumpsisse.

186 5147 366 5219 quue
393 5160 546 5220 prout
589 5150 737 5207 habet
764 5152 996 5225 epistolis
1027 5165 1389 5228 argumentum
1439 5160 1567 5215 meis
1597 5160 1794 5231 δαῆνα-

183 5242 294 5314 giis
319 5242 595 5309 confirmo.

261 5334 407 5404 Quid
437 5351 570 5408 ergo
613 5338 815 5394 clarius
867 5340 1087 5398 habere
1115 5343 1495 5402 desideramus
1519 5388 1535 5414 ,
1587 5356 1700 5404 tum
1728 5356 1800 5407 ex

183 5432 249 5487 8.
282 5428 608 5498 Athanasio,
637 5445 750 5487 tum
776 5448 842 5490 ex
866 5424 1104 5505 ipsemet
1125 5434 1182 5493 8.
1206 5438 1441 5496 Eusebio
1461 5430 1799 5513 approbante

182 5538 252 5580 ea
284 5521 490 5588 omnia,
519 5539 642 5594 qu:e
670 5525 731 5580 S.
758 5523 1090 5583 Athanasius
1117 5530 1357 5601 scripsit.
1386 5532 1703 5602 Quinimmo
1726 5552 1797 5593 ex

183 5616 245 5672 S.
281 5615 620 5686 Hieronymo
645 5615 822 5674 edocti
845 5634 1037 5677 sumus
1063 5621 1120 5677 8.
1151 5622 1450 5681 Eusebium
1489 5628 1799 5685 Vercellen-

185 5714 302 5767 sein
345 5708 648 5769 antistitem
698 5710 950 5784 Origenis
992 5706 1421 5777 commentarius
1462 5716 1520 5781 in
1572 5708 1796 5785 Doridis

216 5802 431 5886 latinos
461 5804 531 5865 tio
556 5794 745 5883 αι’ωοο
771 5798 825 5891 in
858 5803 1112 5877 Latinum
1142 5815 1526 5897 transtulisse,
1569 5817 1794 5907 ejusque

183 6031 214 6058 ﬂ

1898 4698 2094 4767 dogma
2123 4706 2311 4752 contra
2333 4695 2569 4751 Arianos
2588 4694 2844 4751 diﬂ'usum
2893 4702 2949 4750 et
2967 4695 3360 4765 promulgatum
3380 4692 3503 4749 fuit.

1970 4786 2155 4859 Neque
2201 4786 2486 4845 crederem
2541 4804 2628 4844 me
2679 4787 2970 4859 deceptum
3034 4788 3305 4842 dicentem
3364 4786 3505 4843 hanc

1900 4882 2321 4947 confessionem,
2357 4896 2456 4937 seu
2490 4881 2802 4954 symbolum
2830 4881 3040 4936 auctori
3086 4879 3351 4937 Breviarii
3377 4880 3506 4936 fidei

1902 4987 2113 5043 notum,
2140 4975 2284 5045 quod
2313 4974 2653 5030 Breviarium
2682 4974 2806 5031 iidei
2835 4974 3101 5029 adversus
3124 4973 3360 5029 Ariauos
3386 4973 3507 5028 Bal-

1901 5070 2059 5130 ierini
2088 5066 2286 5129 fratres
2315 5068 2486 5128 Leoni
2514 5069 2557 5126 Ι.
2595 5071 2654 5127 8.
2687 5072 2745 5127 Ρ.
2778 5068 2833 5127 in
2863 5069 2969 5127 fide
2996 5070 3226 5126 duorum
3253 5068 3505 5124 codicum

1903 5166 2250 5224 tribuendum
2283 5166 2469 5221 volunt
2497 5208 2512 5231 ,
2558 5165 2662 5222 etsi
2697 5158 2824 5221 olim
2870 5162 3235 5231 Sirmundus,
3283 5162 3504 5219 Galian-

1900 5260 2044 5326 dius,
2083 5268 2136 5315 et
2184 5258 2431 5315 nonnulli
2475 5257 2566 5313 alii
2615 5259 2827 5313 incerto
2866 5257 3096 5312 auctori.
3138 5255 3270 5311 Nam
3318 5255 3506 5324 plures

1901 5353 2188 5410 sententiae
2216 5353 2284 5408 de
2314 5350 2484 5407 verbo
2510 5351 2578 5407 ad
2620 5350 2846 5407 verbum
2878 5349 3219 5419 transcripta:
3247 5346 3502 5418 leguntur

1905 5446 1958 5501 in
1988 5446 2102 5501 illo.
2147 5444 2410 5501 Aicuinus
2441 5458 2572 5499 vero
2614 5441 2844 5499 Flaccus
2884 5440 2937 5497 in
2982 5456 3081 5497 suo
3117 5436 3260 5495 libro
3290 5438 3358 5494 de
3398 5436 3504 5492 fide

1905 5536 2189 5594 Trinitatis
2216 5535 2284 5591 ad
2315 5535 2568 5591 Carolum
2606 5535 2877 5605 Magnum,
2924 5543 2980 5588 et
3008 5535 3060 5587 in
3096 5528 3502 5598 Qttmstionibns

1903 5632 1970 5687 ad
2000 5630 2381 5701 Fr‘edegesinm
2410 5627 2641 5699 sparsim
2673 5626 2918 5697 qtucdam
2944 5625 3126 5681 retulit
3164 5625 3284 5678 sine
3311 5630 3504 5677 aucto-

1902 5722 1978 5787 ris
2007 5724 2222 5783 uotniue
2243 5764 2259 5792 ,
2285 5736 2453 5794 pauca
2486 5727 2668 5778 autem
2700 5717 2933 5777 indicata
2964 5724 3090 5776 sunt
3117 5715 3230 5776 suis
3261 5715 3313 5775 in
3345 5712 3502 5799 locis,

1904 5834 1973 5903 ne
2001 5819 2105 5881 sint
2133 5814 2399 5907 prolixior
2424 5828 2585 5914 quam
2618 5828 2708 5897 res
2733 5812 2990 5897 postulat.
