3992 6204
179 238 303 294 9ἒό

1381 236 1469 292 na
1509 231 1888 294 TRlNlTATE
1928 219 2324 294 consessu).

3394 232 3498 298 966

171 366 267 412 est
303 365 483 410 tamen
515 353 805 424 unicuique
832 366 1085 423 persona:
1102 366 1325 407 manens
1348 367 1442 407 sua
1465 353 1787 424 proprietas.
1826 355 1867 412 Λ
1898 352 2073 407 denda
2105 361 2187 407 est
2214 394 2228 418 ,
2280 352 2404 423 quia
2441 349 2820 421 inseparabiiia
2848 361 2973 408 sunt
3004 368 3165 426 opera
3196 351 3499 411 Trinitatis.

178 449 350 504 Pater
376 448 520 502 cnim
549 447 909 502 mternitatem
936 445 1099 501 habet
1124 445 1242 501 sine
1271 446 1554 501 nativitate
1579 487 1595 514 ,
1623 445 1792 500 Filius

178 543 526 597 nativitatem
554 556 676 597 cum
704 540 1010 596 aeternitate
1034 580 1051 606 ,
1105 539 1341 611 Spiritus
1384 554 1515 596 vero
1560 539 1794 596 Sanctus

179 633 598 705 processionem
629 633 748 689 sine
780 634 1062 688 nativitate
1091 648 1211 687 cum
1243 632 1568 688 aeternitate.
1606 631 1681 687 De
1708 630 1793 687 his

179 730 360 784 tribus
389 728 641 798 personis
670 729 841 783 solam
872 727 995 785 Filii
1024 741 1313 796 personam
1345 741 1443 796 pro
1466 725 1793 781 liberatione

180 821 415 876 humani
458 820 678 891 generis
725 820 1000 876 hominem
1046 835 1235 874 verum
1266 818 1385 874 sine
1414 825 1641 888 peccato
1668 824 1695 855 α
1722 816 1793 873 de

179 923 374 970 sancta
430 922 487 968 et
538 912 885 968 immaculata
918 912 1084 967 Maria
1115 911 1339 981 Virgine
1378 911 1653 967 credimus
1699 925 1791 965 as-

179 1009 491 1079 sumpsisse
517 1050 532 1074 ,
561 1006 631 1063 de
654 1023 760 1079 qua
789 1022 930 1063 novo
955 1007 1151 1063 ordine
1175 1048 1189 1073 ,
1222 1022 1468 1078 novaque
1515 1006 1794 1063 nativitate

178 1112 270 1158 est
298 1101 514 1171 genitus
539 1144 553 1165 ,
599 1102 724 1171 quia
778 1101 978 1156 intacta
1007 1100 1299 1172 Virginitas
1348 1101 1556 1156 virilem
1589 1100 1792 1154 coitum

181 1195 456 1257 nescivit,
507 1204 563 1248 et
604 1191 834 1248 fecunda
880 1207 978 1263 per
1025 1192 1288 1261 Spiritum
1334 1203 1582 1249 sanetum
1612 1193 1793 1248 carnis

184 1288 474 1343 materiam
508 1285 856 1342 ministravit.
919 1286 1023 1352 Qui
1066 1294 1251 1356 partus
1293 1285 1531 1351 Virginis
1562 1300 1661 1340 nec
1705 1299 1795 1341 ra-

183 1385 339 1438 tione
362 1381 640 1450 coliigitur
664 1423 680 1445 ,
732 1396 830 1436 nec
859 1380 1113 1449 exemplo
1139 1389 1494 1435 monstratur.
1545 1377 1701 1447 Quod
1745 1379 1790 1432 si

181 1477 397 1531 ratione
425 1474 719 1544 colligitur,
740 1487 847 1529 non
865 1481 953 1528 est
978 1471 1247 1528 mirabile.
1277 1472 1333 1528 Si
1355 1470 1609 1541 exemplo
1629 1485 1789 1528 mou-

180 1578 413 1635 stratur,
446 1584 552 1624 non
580 1578 663 1624 est
686 1566 988 1638 singulare.
1016 1566 1128 1622 Nec
1154 1576 1334 1621 tamen
1362 1564 1594 1636 Spiritus
1634 1578 1793 1620 sanc-

184 1672 277 1718 tus
310 1661 475 1717 Pater
504 1674 626 1717 esse
654 1659 961 1716 credendus
986 1668 1072 1715 est
1098 1658 1224 1715 Filii
1257 1673 1356 1728 pro
1381 1673 1448 1714 eo
1472 1701 1487 1726 ,
1514 1658 1657 1728 quod
1681 1657 1791 1712 Ila-

1898 441 2063 499 Solus
2101 451 2280 500 tamen
2313 443 2481 498 Filius
2509 442 2738 499 formam
2772 444 2983 515 accepit
3029 446 3081 501 in
3128 445 3505 516 singularitate

1893 531 2144 605 personae
2165 579 2180 603 ,
2210 553 2315 591 non
2350 538 2404 593 in
2438 538 2643 594 unitate
2668 538 2875 593 Divmm
2905 550 3133 596 naturae.
3184 539 3240 595 In
3273 539 3324 596 id
3354 541 3498 613 quod

1896 638 1981 684 est
2020 630 2300 699 preprium
2354 629 2514 695 Filii,
2565 646 2673 685 non
2716 630 2860 702 quod
2892 647 3183 689 commune
3209 632 3492 701 Trinitati,

1896 735 2018 791 quae
2048 720 2220 777 forma
2251 721 2338 777 illa
2383 722 2452 777 ad
2500 723 2763 779 unitatem
2814 737 3061 792 personzr.
3090 725 3306 795 quidem
3337 726 3502 780 allata

1896 823 2013 879 est,
2044 814 2180 871 adeo
2207 828 2263 870 ut
2297 815 2469 871 Filius
2502 817 2631 884 Dei,
2685 826 2739 872 ει
2767 815 2939 871 Filius
2970 816 3209 873 hominis
3248 833 3389 873 unus
3429 819 3499 874 sit

1895 906 2165 973 Chrictus,
2192 907 2243 962 id
2267 918 2352 962 est
2368 907 2619 964 Christus
2650 909 2702 963 in
2736 908 2819 962 his
2850 909 3061 964 duabus
3090 910 3300 965 naturis
3327 910 3502 966 tribus

1897 1009 2071 1054 exalat
2094 999 2414 1058 substantiis
2442 1000 2767 1072 verbi.quod
2791 1001 2857 1056 ad
2885 1001 3058 1057 solius
3082 1001 3181 1057 Dei
3203 1003 3496 1060 essentiam

1898 1090 2244 1147 referendum
2276 1100 2380 1161 est,
2428 1093 2676 1164 corporis
2705 1100 2762 1148 ct
2787 1093 3002 1157 animm.
3035 1095 3179 1164 quod
3210 1095 3277 1150 ad
3304 1112 3493 1152 verum

1899 1183 2174 1238 hominem
2206 1185 2466 1254 pertinet.
2504 1185 2679 1241 liabet
2704 1186 2867 1257 igitur
2893 1186 2945 1241 ln
2971 1201 3030 1242 se
3058 1187 3328 1257 geminam
3367 1190 3495 1245 sub-

1895 1275 2148 1330 stantiam
2181 1274 2480 1331 divinitatis
2510 1292 2622 1331 sum
2653 1284 2708 1332 et
2737 1276 3090 1333 immanitatis
3136 1288 3358 1333 nostrar.
3401 1280 3499 1336 Ilic

1896 1366 2059 1424 etiam
2091 1381 2188 1437 per
2214 1366 2340 1432 hoe,
2373 1370 2515 1439 quod
2546 1369 2615 1425 de
2650 1371 2760 1426 lteo
2788 1370 2949 1427 Patre
2975 1372 3094 1427 sine
3125 1371 3259 1427 vitio
3299 1374 3500 1444 prodiit

1896 1473 2055 1519 natus
2082 1470 2317 1519 tantum.
2343 1463 2479 1519 Nam
2509 1480 2688 1536 neque
2715 1466 2910 1534 lactus,
2939 1481 3117 1538 neque
3149 1468 3501 1538 praedestina-

1896 1562 1993 1613 tus‘
2008 1558 2292 1628 accipitur.

1969 1649 2112 1709 XIV.
2149 1651 2253 1707 Per
2285 1653 2392 1707 hoe
2417 1662 2597 1707 tamen
2620 1694 2636 1719 ,
2679 1653 2825 1723 quod
2856 1653 2925 1707 de
2954 1652 3120 1708 Maria
3155 1652 3372 1725 Virgine
3400 1670 3496 1709 na-

184 1753 264 1808 ria
291 1753 486 1808 eodem
518 1752 724 1823 Spiritu
751 1761 942 1807 saneto
973 1751 1294 1807 obumbrata
1341 1750 1593 1818 concepit
1613 1748 1642 1795 ιι
1660 1791 1674 1813 ,
1720 1764 1788 1809 ne
1817 1748 1866 1808 Β
1895 1752 1981 1798 tus
2005 1754 2088 1798 est
2112 1784 2125 1808 ,
2156 1754 2209 1799 et
2240 1745 2658 1814 praedestinatus
2683 1760 2807 1802 esse
2830 1746 3141 1801 credendus
3172 1756 3273 1802 est.
3301 1746 3490 1803 Ambae

183 1848 376 1904 Patres
402 1845 523 1900 Filii
555 1843 835 1899 videamur
858 1858 1105 1900 asserere
1131 1886 1143 1906 .
1172 1842 1316 1914 quod
1351 1842 1502 1898 nel'as
1532 1850 1619 1897 est
1654 1840 1783 1896 diei.

180 1939 242 1995 lu
296 1954 405 2009 quo
447 1937 683 1993 mirabili
716 1945 983 2008 conceptu
1030 1935 1333 1992 aediﬁcante
1368 1936 1472 1992 sibi
1507 1934 1787 2002 Sapientia

188 2045 209 2072 ε
234 2033 480 2096 domum,
520 2030 737 2085 I’erbnnt
759 2046 882 2084 caro
898 2032 1095 2101 factum
1120 2038 1215 2093 est,
1232 2037 1281 2083 et
1305 2026 1552 2084 habitavit
1569 2027 1624 2081 in
1640 2026 1789 2083 nobis

184 2127 391 2199 (Joan.
446 2141 499 2192 ι,
530 2123 597 2181 M
626 2123 667 2196 ).
718 2123 829 2179 Nec
858 2131 1039 2179 tamen
1074 2122 1300 2178 verbum
1326 2123 1504 2190 ipsum
1539 2121 1590 2175 in
1620 2132 1789 2181 carne

180 2235 508 2279 conversum
532 2259 548 2283 ,
594 2227 756 2288 atque
784 2226 1049 2273 mutatum
1075 2224 1195 2283 est,
1245 2223 1302 2271 ut
1344 2213 1635 2271 desisteret
1667 2226 1789 2273 esse

187 2314 354 2380 Deus,
382 2312 523 2384 quod
548 2311 709 2368 homo
726 2325 851 2367 esse
880 2309 1163 2365 voluisset.
1186 2307 1293 2371 Sed
1316 2307 1389 2369 ita
1426 2304 1647 2387 Verbum
1667 2321 1789 2361 caro

184 2412 386 2481 factum
410 2416 507 2470 est,
539 2414 597 2462 ut
623 2419 728 2461 non
757 2412 966 2461 tantum
997 2402 1073 2459 ibi
1103 2403 1173 2459 sit
1204 2404 1428 2459 verbum
1460 2400 1582 2465 Dei,
1611 2408 1665 2457 et
1693 2399 1789 2460 llo-

185 2501 350 2556 minis
379 2514 533 2564 caro,
556 2497 654 2555 sed
677 2497 843 2555 etiam
870 2494 1152 2551 rationalis
1182 2492 1425 2555 hominis
1470 2490 1675 2557 anima.
1709 2501 1792 2552 at—

182 2610 292 2665 que
320 2592 425 2647 hoc
456 2599 627 2646 totum
652 2631 668 2656 ,
716 2598 771 2645 et
800 2589 940 2644 Deus
967 2588 1183 2649 dicatur
1215 2596 1436 2657 propter
1474 2586 1645 2649 Deum
1668 2627 1685 2654 ,
1735 2592 1793 2643 et

188 2689 354 2740 homo
386 2694 611 2755 prOpter
638 2681 934 2738 hominem.
970 2681 1027 2736 lu
1054 2696 1164 2751 quo
1190 2679 1289 2734 Dei
1332 2678 1473 2735 Filio
1508 2678 1642 2733 duas
1671 2693 1792 2733 cre-

186 2780 370 2834 dimus
394 2793 516 2833 esse
544 2787 764 2832 naturas
787 2819 801 2841 ,
855 2791 1015 2831 unam
1047 2773 1353 2835 Divinitatis
1377 2814 1393 2849 η
1436 2773 1661 2833 alteram
1690 2771 1791 2828 hu-

187 2870 487 2929 manitatis.

260 2961 379 3023 XII.
411 2962 557 3030 Quas
586 2961 658 3017 ita
690 2961 744 3018 in
772 2974 834 3017 se
862 2974 970 3016 una
998 2958 1202 3015 Christi
1233 2973 1463 3029 persona
1488 2958 1660 3017 univit
1684 2999 1699 3025 ,
1734 2967 1792 3014 ut

189 3071 295 3112 nec
322 3055 586 3110 Divinitas
614 3054 683 3109 ab
711 3054 1046 3108 humanitate
1071 3095 1086 3119 ,
1119 3068 1219 3108 nec
1251 3054 1561 3109 humanitas
1588 3069 1616 3107 a
1654 3052 1792 3107 Diri-

1893 1846 2071 1893 tamen
2113 1837 2165 1892 in
2190 1839 2282 1893 illo
2308 1839 2690 1909 generationes
2713 1839 3012 1905 mirabiles,
3039 1840 3187 1907 quia,
3215 1849 3267 1894 et
3297 1839 3365 1895 de
3396 1840 3497 1895 Pa-

1892 1940 1973 1985 tre
2001 1938 2129 1986 ante
2154 1930 2352 1985 saeeula
2383 1933 2504 1986 sine
2535 1942 2712 2005 matre
2737 1936 2976 2001 genitus,
3009 1938 3067 1986 et
3092 1931 3144 1986 in
3178 1931 3284 1986 ﬁne
3322 1947 3496 1987 smon-

1892 2024 2066 2079 Iorum
2097 2026 2164 2080 de
2182 2033 2354 2080 matre
2376 2026 2496 2081 sine
2521 2035 2675 2093 patre
2700 2032 2786 2080 est
2798 2034 3108 2096 generatus.
3132 2026 3287 2095 Quod
3311 2033 3493 2082 tamen

1890 2119 2188 2175 secundum
2220 2119 2364 2189 quod
2392 2129 2479 2175 est
2504 2119 2651 2175 Deus
2678 2120 2888 2176 creavit
2913 2119 3164 2188 Mariam,
3189 2119 3491 2176 secundum

1890 2213 2037 2281 quod
2071 2215 2234 2268 homo
2264 2224 2352 2269 est
2382 2224 2600 2269 creatus
2634 2229 2699 2270 ex
2734 2213 2924 2283 Maria,
2972 2215 3090 2282 ipse
3130 2213 3292 2270 Pater
3321 2214 3500 2271 Mariis

1893 2307 2085 2363 matris
2114 2322 2249 2373 sitae,
2284 2318 2337 2364 et
2369 2307 2564 2364 Filius.

1963 2401 2082 2457 XV.
2133 2402 2266 2458 Item
2321 2417 2421 2472 per
2469 2400 2575 2457 hoc
2605 2400 2750 2471 quod
2784 2400 2928 2458 Deus
2974 2412 3092 2469 est,
3141 2402 3366 2474 aequalis
3417 2411 3502 2459 est

1894 2496 2077 2564 Patri,
2129 2511 2226 2565 per
2254 2494 2356 2550 hoc
2409 2494 2553 2563 quod
2601 2494 2786 2561 homo,
2818 2496 2996 2550 minor
3024 2504 3109 2551 est
3136 2494 3318 2551 Patre.
3366 2496 3498 2551 item

1892 2598 1950 2643 et
1991 2588 2185 2660 major,
2238 2599 2288 2643 ει
2339 2589 2519 2643 minor
2562 2603 2685 2644 esse
2732 2588 3037 2645 credendus
3076 2599 3178 2646 est.
3234 2590 3292 2645 In
3327 2589 3501 2645 forma

1892 2679 2041 2736 enim
2073 2679 2168 2734 Dei
2196 2680 2362 2735 etiam
2396 2679 2515 2749 ipse
2544 2679 2723 2735 Filius
2751 2675 2777 2715 ἀ
2802 2695 2862 2735 se
2892 2680 3008 2751 ipso
3030 2680 3205 2751 major
3233 2689 3317 2736 est
3335 2696 3501 2749 prop-

1895 2782 1980 2828 ter
2012 2773 2410 2828 humanitatem
2457 2783 2815 2845 assumplam.
2848 2773 2985 2841 Quia
3016 2772 3283 2829 Divinitas
3327 2774 3504 2849 major

1894 2876 1997 2922 est.
2029 2865 2085 2927 In
2118 2866 2295 2930 forma
2337 2875 2523 2927 autem
2564 2866 2801 2929 hominis
2843 2866 3011 2927 etiam
3062 2866 3179 2938 ipse
3209 2866 3387 2931 Filius
3441 2882 3503 2931 se

1896 2961 2016 3031 ipso
2034 2959 2209 3030 major
2236 2969 2321 3018 est
2340 2960 2406 3017 ad
2430 2959 2847 3026 humanitatem,
2870 2976 2990 3030 qua:
3017 2963 3199 3019 minor
3219 2961 3505 3019 divinitate

1894 3052 2181 3123 accipitur.
2217 3052 2292 3107 Ita
2320 3051 2617 3109 secundum
2640 3053 3145 3125 divinitatem,quaa
3172 3055 3401 3127 aequalis
3421 3064 3509 3117 est

190 3150 361 3206 nitate
422 3148 594 3220 possit
651 3147 941 3218 aliquando
988 3147 1219 3219 sejungi.
1304 3145 1461 3203 Unde
1523 3132 1865 3218 pcrlectusC
1900 3146 2080 3213 Patri,
2114 3147 2252 3219 ipse,
2306 3159 2362 3209 et
2391 3146 2552 3206 Pater
2601 3148 2777 3225 major
2806 3159 2891 3207 est
2920 3147 3162 3214 homine,
3194 3167 3357 3225 quem
3390 3154 3506 3207 sola

190 3244 358 3307 Deus,
396 3240 669 3308 perfectus
700 3240 874 3299 Homo
903 3239 954 3296 in
990 3240 1202 3299 unitate
1231 3254 1500 3309 personae.
1534 3254 1674 3295 unus
1709 3248 1795 3299 est

187 3335 460 3391 Christus.
505 3333 616 3390 Nec
642 3344 821 3389 tamen
858 3332 983 3404 quia
1013 3333 1150 3388 duas
1176 3333 1409 3388 diximus
1443 3333 1493 3386 in
1522 3330 1663 3386 Filio
1690 3330 1792 3395 Dei

191 3444 316 3483 esse
366 3435 609 3489 naturas,
639 3425 776 3480 duas
804 3424 1151 3479 causabimus
1173 3424 1223 3478 in
1251 3438 1318 3479 eo
1346 3438 1470 3485 esse
1502 3437 1785 3492 personas,

189 3537 259 3577 ne
271 3518 549 3584 Trinitati,
567 3517 711 3589 quod.
722 3517 884 3582 absit,
898 3519 1158 3573 accedere
1172 3514 1417 3573 videatur
1431 3516 1787 3586 quateruitas.

265 3612 406 3668 XIII.
456 3612 603 3667 Deus
645 3612 789 3666 enim
823 3610 1051 3666 verbum
1101 3624 1210 3665 non
1253 3608 1461 3678 accepit
1503 3622 1792 3677 personam

191 3707 454 3769 hominis,
487 3705 583 3760 scd
612 3713 859 3758 naturam
886 3743 900 3767 ,
930 3711 984 3758 et
1009 3702 1062 3756 itt
1091 3711 1350 3757 aeternam
1378 3714 1664 3771 personam
1709 3700 1795 3754 Di-

191 3802 442 3863 vinitatis
499 3799 854 3867 temporalem
917 3796 1129 3866 accepit
1165 3796 1526 3853 substantiam
1590 3793 1788 3849 carnis.

192 3897 328 3952 Item
353 3911 478 3953 cum
509 3893 669 3949 unius
712 3892 1041 3949 substantim
1076 3892 1353 3951 credimus
1383 3906 1506 3948 esse
1539 3889 1752 3947 Patrem
1775 3930 1789 3955 ,

192 4003 245 4045 et
277 3989 498 4054 Filium,
529 3997 586 4042 et
612 3986 872 4055 Spiritum
900 3996 1172 4051 sanctum,
1204 4000 1310 4038 non
1338 3996 1516 4039 tamen
1540 3984 1792 4051 dicimus,

195 4092 251 4138 ut
286 4080 447 4150 hujus
475 4077 759 4135 Trinitatis
792 4077 1054 4133 unitatem
1102 4077 1267 4141 Maria
1300 4076 1462 4149 Virgo
1503 4077 1791 4151 genuerit,

193 4176 292 4232 sed
325 4173 702 4232 tantummodo
732 4172 951 4239 Filium,
985 4173 1075 4241 qui
1103 4172 1251 4229 solus
1274 4183 1521 4229 naturam
1555 4182 1794 4233 nostram

195 4270 250 4324 in
280 4268 493 4322 unitate
530 4282 643 4321 suae
690 4279 935 4337 personae
984 4264 1297 4335 assumpsit.
1358 4264 1795 4321 lnearnationem

194 4377 418 4436 quoque
447 4361 610 4431 hujus
636 4360 755 4416 Filii
788 4359 887 4416 Dei
929 4368 1040 4416 tota
1084 4358 1325 4421 Trinitas
1373 4373 1634 4433 operasse
1673 4374 1798 4416 cre-

1898 3240 2023 3298 Filii
2048 3255 2278 3311 persona
2305 3240 2627 3311 assumpsit.
2660 3241 2794 3299 Item
2825 3242 2879 3299 in
2911 3257 3001 3309 eo,
3029 3242 3179 3314 quod
3209 3245 3379 3314 quaari
3410 3259 3508 3315 po-

1902 3345 2007 3390 test
2028 3377 2044 3400 ,
2071 3333 2240 3389 Filius
2261 3335 2339 3390 sic
2371 3335 2616 3404 aequalis,
2651 3342 2709 3390 et
2742 3335 2919 3390 minor
2941 3350 3064 3395 esse
3104 3336 3370 3392 creditur.
3402 3336 3509 3399 Re-

1899 3426 2263 3502 Spondeamns
2284 3427 2565 3483 secundum
2590 3431 2812 3498 formam
2835 3426 2932 3483 Dei
2960 3429 3092 3485 servi
3114 3426 3340 3502 (Philip.
3367 3446 3428 3496 tt,
3448 3427 3504 3502 7)

1896 3519 2075 3574 minor
2103 3530 2158 3574 et
2185 3518 2348 3581 Patre
2374 3527 2430 3579 et
2474 3517 2682 3589 Spiritu
2709 3530 2922 3577 sancto.
2965 3520 3101 3588 Quia
3135 3536 3237 3577 nec
3265 3521 3503 3592 Spiritus

1895 3612 2131 3671 Sanctus
2162 3612 2362 3670 dicitur
2390 3613 2553 3670 Pater
2583 3624 2629 3669 ο.
2666 3612 2775 3670 Sed
2807 3615 2922 3670 sola
2948 3613 3073 3671 Filii
3105 3630 3341 3685 persona
3382 3630 3505 3671 sus-

1897 3708 2309 3780 cepitcarnem,
2371 3724 2469 3778 per
2497 3723 2661 3779 quam
2706 3708 2885 3763 minor
2934 3723 3060 3765 esse
3105 3707 3347 3767 creditur
3394 3708 3505 3773 illis

1899 3801 2153 3870 persentis
2203 3799 2439 3859 duabus.
2500 3800 2638 3859 Item
2687 3800 2774 3859 hic
2822 3800 3050 3863 Filiusa
3104 3801 3215 3857 Deo
3245 3802 3408 3863 Patre
3451 3811 3507 3865 et

1901 3891 2109 3961 Spiritu
2138 3903 2328 3949 sancto
2362 3892 2804 3963 inseparabiliter
2819 3892 3091 3949 discretus
3107 3895 3355 3951 creditur
3380 3911 3505 3950 esse

1901 3999 2132 4055 persona
2162 3985 2230 4039 ab
2261 3984 2480 4043 homine
2510 3996 2790 4057 assumpto
2819 4001 2884 4041 ex
2920 3986 3106 4042 Maria.
3140 3987 3269 4042 Item
3303 4003 3425 4049 cum
3449 3990 3501 4045 in

1904 4079 2123 4139 homine
2169 4095 2271 4141 una
2323 4088 2500 4135 exstat
2532 4094 2763 4149 persona
2798 4079 2857 4149 ί,
2885 4095 3007 4137 eum
3053 4079 3216 4139 Patre
3256 4097 3385 4138 vero
3412 4123 3428 4149 ,
3451 4092 3508 4137 et

1903 4172 2111 4244 Spiritu
2159 4181 2348 4229 sancto
2406 4181 2600 4228 natura
2654 4172 2967 4229 Divinitatis
2996 4189 3112 4228 sua:
3158 4174 3502 4242 substantia,

1906 4268 2107 4323 missus
2134 4275 2316 4321 tamen
2354 4263 2530 4319 Filius
2557 4280 2664 4320 non
2689 4263 2867 4319 solum
2901 4279 2928 4319 ε
2962 4264 3145 4332 Patre,
3173 4265 3268 4321 sed
3306 4281 3338 4320 a
3382 4267 3506 4343 Spi-

1908 4363 2013 4418 ritu
2066 4361 2272 4421 Sancto
2322 4369 2347 4408 8
2388 4358 2589 4417 missus
2635 4375 2759 4417 esse
2809 4359 3119 4419 credendus
3167 4372 3272 4419 est.
3320 4362 3376 4423 In
3406 4378 3506 4435 eo,

268 4509 295 4539 α
327 4498 389 4551 S.
421 4496 662 4561 Hilarius
693 4496 795 4551 hoc
823 4505 1199 4573 argumentum
1247 4496 1299 4550 in
1339 4506 1581 4573 tractatu,
1601 4501 1795 4573 psalm.
1828 4506 1881 4567 Ι)
1908 4500 2092 4573 gelista
2113 4499 2388 4573 conﬁrmat
2417 4498 2595 4554 omnia
2616 4497 2811 4573 aAFilio
2837 4517 2948 4557 esse
2973 4510 3216 4556 creata...
3250 4500 3380 4559 Cum
3403 4512 3509 4559 tam

194 4584 467 4635 cxxxvut,
495 4584 595 4640 per
631 4577 803 4622 totum
836 4566 1040 4640 diserte
1077 4577 1388 4640 pertractat,
1411 4577 1463 4623 et
1493 4570 1546 4623 in
1572 4566 1711 4626 libro
1740 4589 1796 4640 κ,

196 4663 251 4724 ιι.
273 4642 383 4724 .17.,
413 4642 480 4724 de
508 4637 791 4724 Trinitate.
828 4638 1199 4724 Qumqqident
1230 4640 1560 4724 requttdeut
1578 4643 1656 4697 eis
1677 4637 1800 4713 qum

192 4713 421 4770 deﬁnita
455 4711 669 4767 fuerunt
693 4711 746 4765 in
773 4709 1415 4784 concilioAlexandrino,
1439 4725 1659 4784 propter
1679 4709 1797 4784 qum

192 4788 255 4845 S.
292 4783 566 4839 Eusebius
611 4797 670 4836 se
715 4781 1066 4856 subscribens
1115 4781 1799 4856 cpistoimgsynodirm'ad

195 4856 578 4915 Annocbenos
606 4858 786 4909 missae
815 4869 841 4906 a
862 4853 920 4910 S.
944 4852 1244 4913 Athanasio
1266 4852 1483 4910 scribit:
1512 4855 1623 4912 Sed
1648 4858 1802 4913 etiam

195 4929 611 4986 incarnationem
643 4926 930 4981 Saluatoris
960 4929 1121 4979 nostri
1152 4928 1442 4981 consensio.

272 5002 300 5041 ιι
327 5001 389 5057 S.
425 4998 663 5055 Hilarius
689 4997 759 5052 de
780 4996 933 5073 Trin.
971 4997 1070 5073 lib.
1105 5013 1135 5051 x
1164 5038 1178 5063 ,
1201 5014 1261 5073 Διι.
1300 4999 1366 5059 15
1393 5015 1417 5073 εΔ
1465 4998 1627 5073 Virgo
1667 5001 1806 5056 enim

197 5074 413 5132 nonnisi
433 5088 495 5125 ea:
514 5088 609 5125 suo
630 5079 806 5124 sancto
834 5069 1039 5137 Spiritu
1059 5070 1253 5139 genuit,
1276 5069 1417 5143 quod
1440 5069 1634 5143 genuit.

274 5158 298 5186 ε
332 5144 409 5200 Ac
451 5143 673 5197 Verbum
702 5159 823 5196 coro
858 5144 1066 5212 factum,
1092 5151 1185 5196 aut
1205 5142 1351 5196 aliud
1373 5142 1502 5209 esse,
1527 5159 1681 5212 quam
1714 5161 1807 5198 no-

194 5230 322 5275 stris
345 5216 521 5275 carnis
544 5213 684 5270 Deus
708 5230 826 5267 caro
859 5217 1026 5285 [nctus
1045 5224 1192 5268 esset.
1219 5213 1276 5268 S.
1305 5213 1541 5268 Hilarius
1563 5214 1630 5275 de
1649 5213 1802 5285 Trin.

197 5292 292 5346 lib.
327 5305 382 5344 ιι
407 5329 422 5353 ,
449 5305 503 5342 ιι.
542 5285 645 5345 16,
677 5297 729 5339 ει
775 5284 827 5339 in
861 5284 1001 5358 libro
1042 5286 1111 5340 dc
1148 5285 1381 5358 Synodis
1403 5327 1416 5351 ,
1451 5301 1545 5341 seu
1578 5286 1646 5341 de
1673 5284 1805 5343 Fide

195 5361 417 5417 Orient.
450 5358 736 5412 anathema
761 5373 816 5411 ιι.
852 5356 941 5418 il,
966 5373 1089 5428 pag.
1120 5356 1245 5414 583.

274 5430 302 5470 ει
337 5430 391 5485 ll
397 5446 459 5483 ac
482 5445 635 5501 carne
672 5431 842 5501 major
866 5437 940 5483 est
963 5427 1124 5483 Patre
1152 5447 1165 5483 :
1194 5428 1412 5500 aqualis
1437 5430 1609 5501 veroo,
1636 5429 1808 5501 major

200 5520 385 5565 carne,
436 5500 652 5571 mortalis
689 5500 768 5557 ei.
805 5515 1091 5571 peruquem
1116 5503 1237 5571 fecit
1278 5517 1393 5565 nos,
1440 5500 1611 5571 major
1636 5516 1694 5554 eo
1722 5500 1810 5571 qui

202 5576 380 5656 {artus
404 5569 709 5656 estPropter
738 5569 851 5625 nos.
881 5569 1019 5654 'Nam
1046 5569 1184 5656 quod
1214 5571 1437 5656 Deus-sit
1473 5569 1664 5656 Filius,
1689 5569 1806 5656 licet

202 5641 372 5701 multa
396 5641 689 5699 testimonia
717 5643 955 5708 superius
984 5643 1151 5709 posita
1167 5644 1423 5698 evidenter
1452 5641 1760 5709 perdoceant
1785 5682 1801 5707 ,

207 5730 381 5774 tamen
436 5715 611 5770 adhuc
640 5729 813 5787 pauco
850 5715 1046 5769 credidi
1095 5713 1503 5787 subjungendas
1532 5712 1550 5765 l
1561 5730 1592 5766 ιι
1623 5712 1808 5787 genesi

205 5792 457 5862 scriptum
486 5797 559 5841 est
593 5783 839 5841 :Crcavil
869 5787 1010 5842 Deus
1034 5783 1328 5842 cmluin..l.
1355 5794 1400 5839 el
1432 5785 1604 5855 utique
1632 5783 1776 5838 Evun
1796 5806 1807 5816 -

1906 4571 2431 4646 prmsetttibtts,quant
2453 4571 2728 4646 prseteritis
2755 4574 3082 4646 testimoniis,
3100 4589 3215 4646 qua:
3241 4574 3304 4629 de
3320 4574 3509 4646 Scrip-

1905 4641 2033 4697 turis
2064 4643 2253 4696 sanctis
2282 4643 2571 4713 prostulata
2599 4641 2902 4708 sunt,Dens
2953 4661 3064 4705 esse
3097 4641 3268 4706 Filius
3292 4641 3510 4705 damon-

1905 4723 2092 4769 stretur
2122 4754 2137 4783 ,
2171 4713 2331 4765 miror
2369 4730 2463 4766 cur
2508 4713 2640 4783 forte
2680 4731 2794 4769 eum
2817 4714 2981 4784 aliqui
3007 4729 3247 4776 timeant
3290 4716 3508 4775 dicendo

1907 4785 2258 4857 blasphemare
2288 4799 2393 4837 non
2423 4795 2678 4857 metuunt,
2701 4802 2819 4840 cum
2841 4803 3097 4853 nusquam
3121 4786 3329 4847 omnino
3372 4786 3509 4851 Deus

1907 4855 2076 4928 minor
2092 4872 2200 4917 esse
2222 4855 2794 4928 legaturBreviarinm
2820 4858 2943 4919 lidei
2962 4857 3229 4919 adversus
3250 4857 3504 4919 Arianos.

1983 4937 2006 4966 θ
2041 4927 2242 4995 Sttppie
2272 4927 2366 4983 nec
2391 4927 2670 4997 assumpsit
2698 4944 2926 4989 carnem.

1983 4997 2004 5038 ί
2038 4997 2259 5055 Scilicet
2284 5012 2515 5067 persona
2544 4999 2779 5069 discreta
2802 4999 3130 5069 abitomine,
3165 5015 3259 5065 seu
3318 5001 3509 5063 Itnmac

1910 5071 2080 5126 nitate
2124 5078 2401 5143 assumpta
2434 5085 2498 5125 ex
2532 5068 2719 5143 Maria.
2754 5069 2998 5143 Namque
3055 5075 3238 5143 posuit
3288 5087 3508 5142 semper

1911 5143 2168 5217 hominem
2202 5158 2297 5211 pro
2326 5139 2662 5217 humanitate
2705 5139 3157 5217 quotiescumque
3192 5144 3245 5205 id
3274 5139 3512 5209 nominis

1910 5214 2225 5290 usurpavit,
2261 5221 2318 5268 ιιι
2342 5213 2528 5290 videre
2556 5222 2641 5268 est
2687 5214 2932 5290 pluribus
2965 5218 3018 5273 in
3058 5213 3230 5287 locis,
3264 5218 3512 5290 adeoque

1910 5285 2001 5360 hic
2040 5283 2394 5360 solummodo
2424 5283 2527 5340 hoc
2553 5283 2803 5343 annotari
2851 5288 2920 5343 ab
2962 5283 3224 5349 omnibus
3245 5283 3512 5360 οριιι,ἰιε

1908 5357 2120 5435 Ιοιιςίρι*
2150 5359 2276 5435 sim,
2307 5371 2588 5435 qnamres
2618 5360 2878 5435 postulat.

1983 5438 2015 5503 s_
2043 5427 2193 5499 Quod
2215 5427 2279 5482 de
2305 5428 2448 5503 creto
2459 5427 2723 5503 descendit
2746 5473 2760 5496 ,
2787 5441 3048 5503 concepta:
3075 5434 3138 5497 de
3163 5435 3367 5503 Spiritu
3399 5437 3509 5493 ori.

1907 5500 2042 5575 ginis
2070 5517 2228 5575 causa
2255 5508 2373 5575 est._
2398 5497 2519 5553 Non
2548 5501 2685 5553 enim
2713 5504 2919 5572 corpori
2946 5497 3118 5558 Maria
3145 5497 3395 5575 originem
3418 5508 3507 5560 de-

1911 5572 1987 5626 dit
2033 5586 2054 5646 .j
2091 5572 2209 5625 licet
2257 5571 2704 5646 ad_incrementa,_
2744 5582 3050 5646 partumque
3090 5571 3321 5646 corporis
3363 5593 3514 5633 omne

1911 5641 2051 5712 quod
2094 5657 2247 5712 sexus
2271 5642 2354 5695 sui
2382 5650 2458 5695 est
2495 5640 2733 5694 naturale
2759 5640 3053 5712 contulerit.
3090 5640 3243 5711 Quod
3269 5662 3386 5701 vero
3415 5648 3516 5703 Ιιο-

1913 5709 2073 5787 minis
2102 5710 2271 5765 Filius
2298 5720 2393 5787 est,
2418 5718 2669 5787 suscepta!
2703 5712 2757 5762 in
2800 5709 3009 5779 Virgine
3028 5709 3200 5768 carnis
3221 5727 3294 5770 est
3311 5731 3516 5787 partus.

1922 5782 2073 5851 Quod
2104 5790 2273 5833 nutrm
2294 5781 2345 5832 in
2378 5781 2533 5842 melis,
2566 5790 2611 5832 ct
2633 5790 2832 5834 natura:
2845 5798 3046 5852 semper
3067 5781 3324 5843 manentis
3346 5800 3521 5860 potes.
