3992 6204
522 212 621 266 971

1631 201 1869 259 JL'LIL'S
1907 199 2232 259 FIRSHCES
2271 199 2672 258 MATERNL'S.

3741 169 3854 252 9i:

518 324 711 397 Optimi
735 321 984 392 praesulis
1003 320 1244 382 reditum,
1265 325 1322 371 ut
1347 318 1522 371 verbis
1548 327 1668 371 utar
1691 317 2004 388 Hieronymi
2022 318 2124 386 (α),
2156 324 2205 381 Α
2232 316 2362 370 cidit
2387 319 2548 370 tersio
2571 317 2683 385 ejus
2712 313 3210 368 Commentariorum
3241 313 3450 369 Eusebii
3479 315 3536 368 in
3569 312 3851 369 Psallam.

531 421 768 492 lugubres
803 427 963 470 vestes
993 412 1153 466 Italia
1193 413 1425 465 mutat-it.
1469 410 1570 466 [Ibi
1608 413 1841 481 denique
1876 411 1942 466 ad
1968 427 2124 466 suam
2230 412 2414 468 Codex
2447 412 2862 482 Erangeliorum
2886 411 3058 481 ipsius
3081 409 3301 465 Eusebii
3329 424 3493 463 manu
3525 407 3855 494 descripto-5

537 510 940 565 Vercellensem
975 505 1262 560 ecclesiam
1297 506 1394 558 luit
1425 520 1707 567 reversus,
1737 519 1900 574 quam
1930 504 2137 573 optime
2237 507 2503 562 Vercellis
2550 515 2868 562 asservatur
2896 516 3059 576 atque
3105 506 3212 560 luci
3267 504 3500 574 publica:
3547 503 3712 558 datus
3770 511 3856 556 est

532 603 879 659 constitutam
915 599 1251 668 ﬁrmiterque
1276 597 1329 650 in
1357 606 1504 651 recta
1537 596 1641 651 ﬁde
1672 596 1946 651 fundatam
1980 596 2138 651 hctus
2238 611 2360 669 post
2380 599 2728 654 Jaau.Andr.
2752 597 2951 652 Iricuut
2972 598 3317 669 (Mediolani,
3346 598 3515 666 1748,
3546 599 3599 652 in
3624 612 3730 668 qua
3744 596 3858 663 rto)

533 695 761 758 inrisit,
813 701 934 762 post
987 690 1132 745 edita
1186 699 1262 743 tot
1309 699 1527 758 tamque
1579 689 1840 758 prteclara
1877 691 2135 744 virtutum
2237 694 2292 747 in
2318 691 2992 762 BlanehiniErangeliaria
3021 692 3375 762 quadruplici.

528 787 776 856 exempla
802 828 815 852 ,
845 784 1228 839 Valentiniano
1255 793 1310 838 et
1340 782 1564 837 Valente
1593 782 2018 852 imperantibus,
2044 797 2142 835 an-

535 899 607 939 no
628 881 829 937 Christi
863 879 1195 951 Dionysiano
1218 893 1426 934 ccccxx
1450 920 1464 942 ,
1489 877 1737 933 kalendis
1759 880 1984 948 Augusti
2009 892 2140 946 prae-

535 978 622 1034 sul
653 977 893 1048 optimus
926 991 992 1030 ex
1040 975 1143 1029 hac
1180 974 1289 1027 vita
1342 973 1630 1043 migravit,
1664 982 1722 1026 ut
1763 971 1868 1027 fert
1895 971 2137 1027 exactio-

534 1086 652 1126 rum
685 1067 1146 1136 chronologorum
1181 1064 1451 1120 sententia
1481 1065 1576 1133 (ὁ).

603 1161 744 1218 Tres
794 1157 1170 1214 tantummodo
1209 1158 1384 1212 sancti
1423 1157 1641 1212 Eusebii
1669 1157 1914 1228 epistola:
1944 1157 2012 1211 ad
2042 1171 2142 1212 nos

538 1271 709 1327 usque
757 1269 1055 1324 pervenere
1083 1273 1096 1306 :
1128 1267 1357 1324 quarum
1389 1251 1508 1305 duae
1555 1253 1769 1320 priores
1809 1268 1876 1306 ex
1919 1252 2142 1308 arehiro

538 1347 786 1405 ecclesie
815 1343 1181 1400 Vercellensis
1211 1351 1394 1398 erucis
1415 1384 1427 1407 ,
1451 1342 1734 1395 annalibus
1758 1342 2143 1397 eccEesiasticis

538 1439 772 1496 intexuit
812 1453 1043 1509 magnus
1075 1436 1342 1490 Baronius
1371 1436 1475 1506 (c),
1509 1435 1651 1489 unde
1697 1435 1814 1489 illas
1854 1435 2146 1505 descripsi—

540 1551 661 1591 mus
693 1553 704 1588 :
743 1535 959 1590 tertiam
990 1548 1121 1588 vero
1161 1547 1227 1584 ex
1259 1545 1425 1596 opere
1457 1529 1719 1584 historico
1750 1530 1922 1584 sancti
1954 1528 2144 1584 Hilarii

537 1627 898 1687 Pictnsiensis
929 1627 1165 1697 episcopi
1199 1624 1278 1695 (d)
1308 1634 1616 1692 excerptam
1648 1622 2001 1692 subiecimus.

624 1722 818 1778 Exstat
872 1728 1133 1790 prmterea
1196 1717 1366 1771 codex
1433 1716 1844 1786 Evangeliorum
1901 1714 2142 1784 ejusdem

2315 785 2485 839 Edita:
2511 794 2640 839 sunt
2661 783 2784 839 dua:
2809 785 3019 855 priores
3040 784 3288 854 epistola:
3310 797 3433 837 cum
3463 779 3672 836 Libello
3697 782 3857 852 facti,

2241 883 2500 951 primum,
2541 889 2602 934 ut
2640 879 2962 935 Gallandius
2988 879 3260 950 loquitur,
3290 895 3356 933 ea
3381 877 3598 931 archiva
3637 874 3862 930 Vercel-

2241 975 2400 1028 lensis
2436 971 2682 1027 Ecclesia
2708 981 2878 1028 eruta:
2906 986 2937 1026 a
2973 972 3210 1026 Baronio
3242 973 3296 1026 in
3325 970 3526 1025 Annal.
3554 969 3703 1025 eccl.
3726 1012 3745 1034 ,
3795 969 3864 1022 ad

2243 1081 2371 1120 ann.
2401 1065 2507 1121 555
2527 1103 2544 1131 ,
2575 1063 2604 1135 ς
2632 1064 2664 1118 7
2688 1105 2703 1128 ,
2735 1065 2802 1118 ad
2831 1079 2958 1118 ann.
2991 1063 3131 1128 556,
3164 1061 3362 1134 sinet
3391 1076 3548 1133 seqq.
3576 1062 3698 1132 Ego
3726 1076 3867 1115 vero

2243 1159 2587 1230 quasiverim
2612 1173 2679 1213 ex
2708 1172 2776 1212 eo
2806 1157 2950 1212 unde
2980 1173 3087 1211 na
3118 1158 3207 1211 illa
3238 1157 3306 1211 ad
3332 1156 3720 1212 Vercellenses
3768 1171 3864 1225 ep.

2246 1267 2370 1307 cum
2403 1251 2602 1306 Libello
2649 1253 2774 1322 [acti
2797 1251 2869 1322 (ί)
2898 1251 3066 1318 edita,
3095 1252 3208 1320 jam
3241 1252 3296 1306 in
3324 1260 3473 1307 torno
3505 1251 3524 1306 1
3551 1249 3696 1305 Bibl.
3729 1249 3863 1304 PP.

2249 1343 2562 1398 Parisiensis
2599 1358 2730 1397 ann.
2771 1343 2879 1398 515
2922 1352 3275 1414 compareat,
3317 1343 3362 1398 si
3411 1352 3566 1399 recte
3615 1343 3862 1413 lttigium

2245 1437 2406 1507 capio
2425 1479 2440 1502 ,
2470 1440 2562 1506 qui
2590 1436 2876 1506 epistolam
2909 1435 3134 1492 Eusebii
3159 1435 3524 1492 Vercellensis
3555 1445 3861 1501 memorat,

2246 1546 2368 1600 qua:
2396 1530 2540 1584 nulla
2570 1529 2674 1583 alia
2717 1544 2842 1585 esse
2873 1539 3071 1599 potest.
3101 1529 3303 1585 Eadem
3337 1531 3570 1598 posthac
3613 1530 3764 1585 edita
3807 1532 3860 1585 in

2251 1623 2634 1692 Supplementa
2655 1624 2722 1677 ad
2748 1622 2826 1678 Μ.
2852 1622 2991 1677 Bibl.
3018 1622 3194 1678 Paris.
3219 1623 3479 1679 editionis
3500 1635 3715 1692 quarta:
3735 1624 3863 1695 (Pa-

2248 1718 2369 1781 ris.,
2392 1716 2532 1786 apud
2553 1715 2676 1786 Eg.
2698 1716 3002 1782 Morellum,
3031 1716 3212 1787 1659),
3235 1726 3366 1770 tom.
3389 1715 3430 1782 1,
3460 1733 3513 1787 p.
3530 1717 3644 1772 627
3658 1729 3714 1773 et
3728 1717 3858 1786 028,

539 1819 712 1875 sancti
747 1815 965 1870 Eusebii
998 1829 1158 1869 manu
1189 1809 1531 1878 descriptus;
1562 1825 1722 1878 quem
1756 1810 1809 1864 in
1842 1809 2033 1878 majori
2059 1824 2148 1864 ec-
2176 1791 2224 1851 Β
2253 1813 2382 1867 item
2410 1813 2461 1865 in
2491 1811 2675 1881 quinta
2701 1811 2840 1866 Bibl.
2876 1811 3037 1882 hujus
3065 1809 3323 1866 Parisina:
3350 1811 3603 1868 editione
3629 1813 3859 1884 (sumpt.

541 1910 711 1966 clesia
739 1907 1078 1964 Vercellensi
1110 1906 1213 1958 huc
1243 1918 1410 1973 usque
1433 1912 1706 1957 servatum
1729 1944 1743 1966 ,
1774 1900 2013 1957 Joannes
2041 1903 2146 1956 An-

540 2001 704 2058 dreas
733 1999 907 2056 lricus
942 1998 1002 2052 V.
1030 1997 1092 2051 C.
1124 1996 1340 2066 egregie
1371 1995 1696 2049 illustratum
1728 1994 1780 2048 in
1811 1993 1987 2049 lucem
2014 1995 2149 2049 emi-

540 2098 615 2154 sit
644 2095 933 2153 Mediolani
962 2109 1105 2148 anno
1135 2093 1274 2147 1748
1306 2091 1591 2162 ipsumque
1619 2091 1805 2146 Roma:
1833 2106 1976 2146 anno
2007 2091 2151 2145 inse-

542 2200 743 2265 quente
768 2198 955 2244 noster
980 2184 1338 2241 Blanchinius
1361 2185 1512 2254 operi
1537 2199 1637 2238 suo
1659 2183 1962 2250 luculento,
1990 2184 2153 2237 Eran-

547 2284 821 2356 geliariuin
845 2278 1176 2352 quadruplex
1210 2276 1473 2347 inscripto
1497 2318 1510 2341 ,
1540 2276 1790 2332 intexuit.

549 2421 615 2478 ll.
649 2421 729 2476 De
747 2417 981 2491 ejusdem
1006 2415 1233 2487 scriptis,
1258 2424 1302 2469 et
1324 2415 1508 2467 harum
1526 2412 1835 2467 editionibus
1854 2455 1867 2479 ,
1893 2429 1957 2467 ea:
1980 2413 2152 2469 Schtz-

1217 2523 1494 2562 nentanno.

624 2645 855 2703 Exstant
910 2642 1130 2699 Eusebii
1163 2641 1410 2711 epistola:
1455 2649 1565 2695 tres
1603 2659 1616 2693 :
1665 2639 1835 2709 prima
1861 2681 1875 2706 ,
1908 2640 1976 2694 ad
2017 2638 2152 2696 Con-

555 2741 802 2799 stantium
825 2738 1152 2807 Augustum;
1182 2733 1442 2802 secunda,
1471 2733 1540 2787 ad
1564 2733 1883 2804 presbyteros
1909 2743 1956 2789 et
1986 2735 2156 2804 plebes

562 2833 772 2897 Italitz;
803 2831 960 2886 tertia
981 2873 995 2894 ,
1028 2828 1097 2881 ad
1128 2826 1433 2899 Gregorium
1470 2830 1767 2897 episcopum
1817 2827 2155 2898 Spanensem.

556 2927 830 2983 Prmterea
862 2922 1093 2977 Libellus
1115 2921 1238 2990 farti
1265 2963 1277 2984 ,
1310 2919 1374 2974 ad
1415 2920 1787 2991 PatrOphilum
1818 2920 2007 2976 Arian.
2039 2938 2127 2993 ep.
2147 2965 2164 2991 ,

2253 1903 2498 1972 ejusdem
2531 1901 2650 1975 Eg.
2681 1903 2918 1970 lorelli,
2956 1901 3120 1974 1654)
3144 1945 3161 1970 ,
3193 1919 3354 1974 quam
3397 1903 3616 1975 lttigius
3654 1905 3864 1960 descri-

2257 1997 2352 2050 bit.
2379 1996 2491 2051 Nisi
2534 1995 2677 2051 forte
2704 1997 2820 2052 hac
2847 2011 3075 2067 prorsus
3097 1995 3290 2050 eadem
3317 1995 3423 2061 sit",
3461 1997 3626 2052 titulo
3651 2005 3863 2050 tantum

2255 2090 2417 2144 modo
2448 2090 2638 2145 relicto
2665 2131 2681 2155 ,
2714 2089 2858 2160 quod
2905 2089 3365 2144 verisimillimum
3395 2089 3478 2160 (g)
3499 2129 3515 2157 ,
3549 2091 3599 2145 si
3642 2100 3861 2160 reputes

2259 2185 2402 2255 quod
2453 2185 2686 2255 lttigium
2731 2200 2946 2257 quoque
2994 2187 3250 2257 pupugit,
3296 2185 3425 2240 novi
3475 2184 3864 2255 Supplementi

2259 2280 2641 2336 Combelisiani
2688 2296 2782 2335 an.
2813 2281 2951 2336 1618
2973 2281 3106 2336 editi
3148 2279 3354 2334 nullam
3397 2280 3452 2334 in
3486 2293 3550 2334 ea
3598 2280 3865 2334 rationem

2255 2387 2384 2428 esse
2414 2371 2674 2427 habitam.
2720 2371 2962 2427 Tandem
3007 2374 3260 2443 leguntur
3286 2372 3344 2425 in
3386 2369 3524 2425 Bibl.
3560 2369 3714 2425 Ιισε.
3748 2369 3866 2424 PP.

2256 2464 2595 2538 lsugdunensi
2630 2465 2795 2535 (apud
2825 2463 3042 2530 .lratres
3085 2463 3430 2531 Anissonios,
3465 2461 3677 2535 1677),
3733 2473 3864 2518 tom.

2261 2556 2301 2609 V
2319 2599 2334 2624 ,
2364 2573 2417 2626 p.
2443 2557 2581 2611 “27
2601 2599 2614 2621 ,
2643 2558 2800 2612 “‘28.
2831 2557 3075 2625 Epistola
3104 2558 3266 2612 tertio
3292 2557 3410 2611 loco
3436 2571 3874 2613 commemorata

2255 2649 2342 2706 edi
2370 2660 2548 2721 empta
2571 2660 2656 2704 est
2699 2650 2842 2704 inter
2881 2648 3202 2721 Fragmenta
3247 2649 3478 2716 Hilarii,
3513 2653 3585 2720 fr.
3612 2665 3706 2717 ιι,
3744 2649 3774 2722 ς
3807 2651 3872 2715 5,

2262 2745 2405 2800 unde
2433 2760 2555 2800 eum
2581 2743 3018 2814 praecedentibus
3041 2744 3110 2799 ad
3135 2743 3432 2799 Baroniutn
3453 2743 3758 2813 descriptis
3784 2759 3882 2798 no-

2264 2840 2486 2894 vissime
2516 2838 2763 2894 exhibuit
2803 2837 3056 2894 Gallandi
3088 2840 3142 2892 in
3171 2848 3320 2892 toruo
3344 2837 3416 2903 V,
3459 2851 3517 2892 ιι.
3547 2838 3581 2891 7
3612 2835 3843 2908 (Venet.

2271 2931 2460 3001 1769),
2489 2946 2614 2986 cum
2643 2929 2846 2986 notulis
2870 2938 2928 2984 et
2954 2928 3122 2984 variis
3134 2929 3468 2984 lectionibus
3497 2929 3712 2998 paucis,
3742 2944 3880 3000 pra-

558 3034 719 3091 quem
749 3015 991 3087 epistola:
1017 3013 1083 3068 ad
1115 3011 1487 3068 Vercellenses
1519 3013 1839 3085 alligaverat
1860 3014 1952 3088 (e).
1989 3017 2159 3073 lnter-
2191 3013 2239 3077 C
2270 3024 2436 3081 missa
2465 3026 2537 3081 de
2567 3025 2802 3082 Eusebio
2829 3023 3023 3080 notitia
3053 3026 3106 3079 in
3133 3023 3444 3096 Prolegom.
3469 3039 3592 3096 cap.
3617 3025 3670 3079 7.

629 3134 705 3206 (α)
740 3130 1122 3206 [ιε-ενοηηιξιὶίιι.
1148 3128 1732 3206 adsiet-Stt_s__l_4ucil_er._§
1761 3131 2004 3206 iQLpag.
2036 3133 2159 3190 19L

1649 3138 1732 3210 :._§
1761 3138 2004 3210 t9_,_pag.
2036 3138 2159 3210 191.
2271 3141 2396 3210 facti
2426 3139 2694 3210 subjecto.
2726 3138 2974 3194 Oudinus
3007 3152 3104 3208 pro
3134 3138 3398 3210 singulari
3425 3151 3514 3210 ep.
3543 3149 3766 3194 censet.

627 3200 703 3275 (ὁ)
736 3203 940 3275 Tillem.
965 3201 1122 3275 bletn.
1145 3201 1278 3275 ecel.
1307 3200 1557 3275 _t.thl,p.
1592 3200 1913 3275 559,et‘777
1935 3200 2048 3259 n'ot.
2071 3207 2160 3261 ll.

2343 3212 2410 3281 (Γ)
2443 3209 2560 3266 Non
2593 3222 2702 3266 tres
2730 3211 3094 3280 posteriores,
3128 3210 3181 3264 id
3210 3221 3294 3265 est
3317 3251 3333 3276 ,
3362 3209 3446 3264 hac
3473 3209 3595 3264 dum
3621 3226 3756 3265 cum
3782 3214 3885 3281 pri-

637 3271 1140 3398 (fRBaronadann.
1158 3271 1397 3343 355,§7,
1415 3283 1468 3327 et
1491 3271 1554 3326 ad
1572 3289 1695 3327 ann.
1713 3273 2158 3349 556,§9‘2etseq.
2271 3271 2403 3366 ma",
2424 3283 2490 3366 ad
2513 3271 2825 3347 Constant.,
2848 3291 2908 3336 ut
2930 3271 3176 3365 Duiliuus
3201 3271 3482 3337 Ioeflaud.
3507 3281 3707 3350 inquit.
3737 3271 3878 3339 hiem

637 3349 651 3398 l
705 3351 718 3398 l
754 3344 928 3398 Ηιίατ.
956 3343 1111 3398 Frau.
1146 3359 1231 3398 XI.
1265 3343 1291 3398 6
1321 3345 1377 3398 5.
2269 3367 2431 3398 etiam
2467 3372 2517 3398 In
2551 3353 2784 3398 ςρριιηιιει
2818 3354 2904 3398 ed-
2938 3354 3072 3398 Rilil-
3101 3354 3388 3398 Rioneanm
3417 3368 3504 3398 an-
3545 3353 3682 3398 1589
3727 3371 3878 3398 rana.

660 3343 718 3414 d)
754 3344 928 3401 llilar.
956 3343 1111 3412 Frag.
1146 3359 1231 3408 XI,
1265 3343 1292 3414 ς
1321 3345 1377 3398 5.
1862 3343 1878 3346 ’
2121 3343 2137 3349 ’

634 3349 706 3487 te)
737 3416 1077 3487 Quapropter
1119 3431 1145 3487 a
1177 3415 1461 3487 Gallandio
1493 3432 1600 3471 non
1637 3417 1868 3472 seorsim
1911 3435 2149 3474 numera-

2269 3343 2431 3409 etiain
2466 3355 2518 3409 in
2551 3353 2786 3409 secunda
2813 3343 2906 3409 ed.
2937 3354 3072 3408 Bibl.
3101 3353 3388 3423 Bigneanze
3417 3368 3504 3407 an.
3545 3343 3682 3409 1589
3727 3371 3880 3425 repe-

2267 3427 2393 3480 titas
2441 3426 2644 3487 tradit.
2687 3424 2834 3487 quod
2880 3424 3074 3481 falsum
3120 3435 3242 3487 est,
3272 3426 3316 3480 si
3365 3435 3518 3480 recte
3564 3425 3878 3487 Catalosrum

661 3351 718 3414 tt)
754 3351 928 3401 uitur.
956 3351 1111 3412 Frag.
1146 3359 1231 3408 xt,
1265 3351 1292 3414 ς
1321 3351 1377 3398 5.
1411 3415 1421 3426 ,
2269 3357 2431 3409 etiam
2466 3355 2518 3409 in
2551 3353 2786 3409 secunda
2818 3354 2906 3409 ed.
2937 3354 3072 3408 Bibl.
3101 3353 3388 3423 Bigneanze
3417 3368 3504 3407 an.
3545 3353 3682 3409 1589
3727 3371 3878 3425 repe-

661 3423 706 3485 e)
737 3416 1145 3500 Quaprgptera
1177 3415 1461 3500 Gdllttnlltllo
1493 3432 1600 3500 non
1628 3417 2164 3500 .seorsimmumera—
2267 3427 2393 3480 titas
2429 3426 2644 3500 tradit,
2687 3424 2834 3498 quod
2880 3424 3074 3481 falsum
3120 3435 3242 3491 est,
3272 3426 3316 3480 si
3365 3435 3518 3480 recte
3564 3425 3878 3500 Catalogum

556 3485 676 3552 tur;
699 3502 807 3568 pec
840 3488 893 3540 in
923 3485 1406 3568 BibliothecisPP.
1435 3489 1853 3568 a_ntiqui0ribus_,
1884 3490 1938 3568 _in
1968 3494 2166 3568 quibus
2271 3498 2465 3554 ιειιυίι
2491 3485 2726 3568 ιιιίεῖιιςζ

561 3559 815 3643 omnibus
840 3566 1179 3643 natantum
1228 3557 1295 3643 ad
1333 3557 1657 3643 presbyteros
1701 3569 1748 3614 et
1791 3557 2166 3643 plebes;l_t_ali_at
2343 3557 2796 3643 (g)(;f_lti'igium.

559 3629 793 3699 epistola
822 3629 1140 3682 nominatim
1171 3638 1367 3696 exstat,
1401 3631 1604 3698 ubique
1632 3629 1814 3686 tamen
1836 3633 1937 3687 hoc
1966 3633 2165 3690 Libello

1850 3796 1989 3838 anno
2019 3797 2204 3838 DOIINI
2227 3787 2612 3838 eccuni-cca.

743 3888 925 4049 J.
1053 3889 2224 4056 FIRMICUS
2361 3893 3737 4060 MATERNUS.

1683 4143 2779 4181 ﬂ

1963 4233 2520 4310 MONITUM.

646 4339 839 4395 Locum
868 4340 1098 4396 Firmico
1131 4343 1372 4399 Materno
1403 4345 1535 4400 inter
1577 4344 1974 4400 Constantinum
2003 4356 2050 4400 et
2078 4347 2372 4404 Candidum
2403 4353 2680 4422 Arianum,
2716 4357 2792 4410 uti
2821 4353 3230 4427 Chronologicus
3271 4354 3399 4408 ordo
3446 4353 3777 4427 postulabat,
3807 4369 3878 4408 as-

570 4431 975 4518 signaveramus,
1020 4432 1442 4503 dedissemusque
1460 4437 1557 4490 nisi
1581 4437 1827 4507 Optimam
1857 4435 2112 4492 Munteris
2139 4439 2414 4495 editionem
2433 4445 2738 4514 expiscandi
2761 4449 2870 4518 fere
2891 4446 3252 4516 insuperabilis
3277 4447 3555 4502 obstitisset
3574 4446 3875 4517 difﬁcultas.

573 4517 704 4573 Cum
735 4535 876 4586 vero,
908 4531 1136 4594 tempore
1166 4523 1264 4577 hoc
1298 4543 1430 4594 opus
1462 4527 1624 4592 pron
1651 4527 1934 4580 mandandi
1964 4528 2205 4596 instante,
2237 4534 2437 4602 frustra
2462 4517 2772 4607 bibliopolas
2798 4538 3238 4606 bibliothecasque
3260 4554 3435 4593 omnes
3460 4539 3873 4604 sallicitaremus,

568 4623 615 4666 et
646 4613 858 4668 aliunde
907 4613 970 4669 de
1011 4617 1337 4687 properando
1373 4616 1691 4687 Patrologite
1722 4635 1878 4672 cursu
1908 4637 1940 4672 a
1970 4621 2149 4675 multis
2177 4637 2498 4694 urgeremur,
2527 4626 2937 4698 subscriptorum
2980 4630 3216 4683 aviditati
3242 4645 3439 4684 necnon
3468 4630 3876 4684 circumstantia-

572 4721 691 4758 rum
718 4706 1013 4761 necessitati
1041 4708 1312 4776 cessimus,
1343 4710 1517 4763 animo
1557 4710 1894 4777 destinantes,
1931 4710 2248 4779 Firmicum,
2276 4715 2451 4768 statim
2478 4726 2630 4786 atque
2660 4719 2798 4772 nacti
2829 4735 3056 4773 essemus
3078 4761 3094 4786 ,
3119 4735 3178 4774 eo
3205 4719 3316 4773 loco
3351 4719 3503 4774 edere
3530 4735 3630 4789 quo
3659 4720 3830 4775 atinas
3853 4737 3879 4772 ιι

573 4812 666 4849 suo
693 4797 871 4850 ordine
898 4798 1176 4852 aberraret.
1215 4797 1410 4854 Eadem
1440 4801 1626 4870 agendi
1655 4804 1856 4855 ratione
1884 4802 2076 4857 utimur
2097 4813 2398 4873 utenturque
2419 4809 2618 4876 quoties
2640 4807 3008 4882 Cltronalogite
3031 4811 3207 4866 studio
3235 4811 3595 4880 scrupulosius
3620 4812 3879 4885 indulgere

573 4899 675 4939 non
705 4887 871 4941 licebit
900 4889 998 4942 nisi
1031 4907 1201 4943 moras
1231 4890 1476 4944 nectendo
1507 4890 1650 4944 nobis
1680 4901 1726 4946 et
1757 4893 2190 4962 subscriptoribus
2218 4897 2415 4966 pariter
2456 4899 2708 4966 ingratas.

1783 5007 2880 5141 ᾗ)ιὸῖὲ

1361 5165 1401 5222 Ι.
2208 5175 2262 5236 Ι)
2287 5175 2370 5244 gia
2404 5177 2704 5233 honoribus
2747 5179 2852 5235 rite
2879 5179 3194 5236 obtinendis
3237 5179 3686 5236 dissertationem
3727 5177 3880 5235 edidit

654 5261 906 5317 Decimus
930 5262 1041 5333 jam
1095 5265 1295 5320 labitur
1316 5281 1491 5321 annus
1516 5308 1531 5335 ,
1562 5283 1627 5324 ex
1655 5285 1763 5340 quo
1793 5269 2031 5326 Joannes
2077 5271 2175 5325 Mi-
2287 5269 2445 5323 bona:
2473 5271 2641 5340 frugis
2671 5274 2881 5343 plenam
2926 5274 2995 5330 de
3037 5273 3182 5329 Julio
3223 5272 3462 5330 Firmino
3511 5271 3753 5329 Materno
3779 5269 3877 5342 (It);

572 5355 730 5412 chael
760 5355 958 5422 Hertz,
990 5358 1122 5412 tedis
1155 5359 1488 5415 cathedralis
1519 5361 1896 5417 Ruskildeusis
1924 5365 2185 5432 praeposi-
2285 5379 2405 5434 qua:
2453 5367 2670 5436 quidem
2736 5369 3126 5424 commentatio
3179 5369 3506 5439 prodromus
3566 5369 3720 5441 quasi
3777 5374 3877 5424 erat

571 5458 691 5514 tus,
727 5449 890 5517 paulo
937 5465 1068 5506 vero
1115 5464 1233 5522 post
1289 5454 1580 5524 episcopus
1622 5454 1880 5525 Ripensis
1908 5497 1921 5521 ,
1973 5456 2183 5528 collega
2287 5457 2544 5514 editionis
2571 5461 2730 5531 hujus
2761 5462 3081 5532 scripturis,
3116 5463 3181 5518 ad
3229 5478 3390 5534 quam
3421 5464 3720 5534 parandam
3753 5457 3876 5517 haud

578 5540 1098 5608 desideratis-simus,
1127 5560 1215 5600 me
1245 5561 1470 5600 suasore
1498 5563 1594 5616 pro
1621 5548 1848 5603 summis
1893 5550 1943 5602 in
1971 5550 2186 5605 tlteolo-
2289 5550 2451 5608 dubie
2483 5568 2606 5608 sese
2635 5555 2997 5623 accinxisset,
3029 5556 3074 5611 si
3118 5555 3230 5611 Deo
3269 5556 3576 5628 longiorem
3609 5555 3690 5610 illi
3731 5555 3874 5609 vitam

576 5655 724 5743 (a)
762 5656 1004 5743 Delituit!
1049 5657 1553 5743 Firtniconblalcrno
1597 5661 1825 5733 ejusque
1879 5663 2144 5734 imp-rimis
2196 5665 2265 5724 de
2316 5667 2518 5725 Errore
2569 5669 2912 5740 profanarum
2967 5672 3286 5743 religionum
3338 5672 3526 5729 libello
3575 5671 3876 5732 Dissertatio

577 5730 929 5796 inauguralis.
969 5730 1224 5794 llavnize,
1261 5731 1416 5786 1817.
