  <div class='ocr_page' id='page_1' title='image "/cluster/home/n/w/nwhite01/storage/ocr_20150623/12/uva.x000826551/520.png"; bbox 0 0 3992 6204; ppageno 0'>
   <div class='ocr_carea' id='block_1_1' title="bbox 167 214 301 275">
    <p class='ocr_par' dir='ltr' id='par_1_1' title="bbox 167 214 301 275">
     <span class='ocr_line' id='line_1_1' title="bbox 167 214 301 275; baseline 0.022 -3"><span class='ocrx_word' id='word_1_1' title='bbox 167 214 301 275; x_wconf 73' lang='lat'><strong>075</strong></span> 
     </span>
    </p>
   </div>
   <div class='ocr_carea' id='block_1_2' title="bbox 162 422 1795 528">
    <p class='ocr_par' dir='ltr' id='par_1_2' title="bbox 162 422 1795 528">
     <span class='ocr_line' id='line_1_2' title="bbox 162 422 1795 528; baseline 0.025 -52"><span class='ocrx_word' id='word_1_2' title='bbox 162 422 386 483; x_wconf 86' lang='lat' dir='ltr'><strong>choata</strong></span> <span class='ocrx_word' id='word_1_3' title='bbox 434 444 468 486; x_wconf 96' lang='lat' dir='ltr'><strong>e</strong></span> <span class='ocrx_word' id='word_1_4' title='bbox 515 432 649 488; x_wconf 80' lang='lat' dir='ltr'><strong>vivis</strong></span> <span class='ocrx_word' id='word_1_5' title='bbox 700 449 921 508; x_wconf 88' lang='lat' dir='ltr'><strong>ereptus</strong></span> <span class='ocrx_word' id='word_1_6' title='bbox 958 443 1062 510; x_wconf 90' lang='lat' dir='ltr'><strong>sit,</strong></span> <span class='ocrx_word' id='word_1_7' title='bbox 1108 461 1351 505; x_wconf 88' lang='lat' dir='ltr'><strong>mearum</strong></span> <span class='ocrx_word' id='word_1_8' title='bbox 1399 468 1520 511; x_wconf 89' lang='lat' dir='ltr'><strong>esse</strong></span> <span class='ocrx_word' id='word_1_9' title='bbox 1560 458 1795 528; x_wconf 88' lang='lat' dir='ltr'><strong>partium</strong></span> 
     </span>
    </p>
   </div>
   <div class='ocr_carea' id='block_1_3' title="bbox 164 516 1794 621">
    <p class='ocr_par' dir='ltr' id='par_1_3' title="bbox 164 516 1794 621">
     <span class='ocr_line' id='line_1_3' title="bbox 164 516 1794 621; baseline 0.025 -49"><span class='ocrx_word' id='word_1_10' title='bbox 164 516 349 587; x_wconf 80' lang='lat' dir='ltr'><strong>duxi,</strong></span> <span class='ocrx_word' id='word_1_11' title='bbox 383 531 436 577; x_wconf 89' lang='lat' dir='ltr'><strong>ut</strong></span> <span class='ocrx_word' id='word_1_12' title='bbox 458 565 473 589; x_wconf 92' lang='lat'><strong>,</strong></span> <span class='ocrx_word' id='word_1_13' title='bbox 504 541 624 598; x_wconf 62' lang='lat' dir='ltr'><strong>quin</strong></span> <span class='ocrx_word' id='word_1_14' title='bbox 654 528 731 585; x_wconf 82' lang='lat' dir='ltr'><strong>illi</strong></span> <span class='ocrx_word' id='word_1_15' title='bbox 759 534 1088 607; x_wconf 81' lang='lat' dir='ltr'><strong>suasissetn,</strong></span> <span class='ocrx_word' id='word_1_16' title='bbox 1117 543 1233 611; x_wconf 90' lang='lat' dir='ltr'><strong>ipse</strong></span> <span class='ocrx_word' id='word_1_17' title='bbox 1260 560 1593 618; x_wconf 76' lang='lat' dir='ltr'><strong>exsequerer</strong></span> <span class='ocrx_word' id='word_1_18' title='bbox 1613 594 1629 621; x_wconf 89' lang='lat'><strong>,</strong></span> <span class='ocrx_word' id='word_1_19' title='bbox 1662 566 1715 610; x_wconf 91' lang='lat' dir='ltr'><strong>et</strong></span> <span class='ocrx_word' id='word_1_20' title='bbox 1742 554 1794 612; x_wconf 88' lang='lat' dir='ltr'><strong>in</strong></span> 
     </span>
    </p>
   </div>
   <div class='ocr_carea' id='block_1_4' title="bbox 166 609 1794 706">
    <p class='ocr_par' dir='ltr' id='par_1_4' title="bbox 166 609 1794 706">
     <span class='ocr_line' id='line_1_4' title="bbox 166 609 1794 706; baseline 0.026 -42"><span class='ocrx_word' id='word_1_21' title='bbox 166 609 335 670; x_wconf 89' lang='lat' dir='ltr'><strong>hunc</strong></span> <span class='ocrx_word' id='word_1_22' title='bbox 365 619 689 690; x_wconf 74' lang='lat' dir='ltr'><strong>scriptorem</strong></span> <span class='ocrx_word' id='word_1_23' title='bbox 726 625 817 681; x_wconf 91' lang='lat' dir='ltr'><strong>diu</strong></span> <span class='ocrx_word' id='word_1_24' title='bbox 852 609 1156 702; x_wconf 69' lang='lat' dir='ltr'><strong>neglectum</strong></span> <span class='ocrx_word' id='word_1_25' title='bbox 1198 638 1377 695; x_wconf 89' lang='lat' dir='ltr'><strong>denuo</strong></span> <span class='ocrx_word' id='word_1_26' title='bbox 1421 644 1794 706; x_wconf 78' lang='lat' dir='ltr'><strong>illustrandum</strong></span> 
     </span>
    </p>
   </div>
   <div class='ocr_carea' id='block_1_5' title="bbox 165 704 1794 810">
    <p class='ocr_par' dir='ltr' id='par_1_5' title="bbox 165 704 1794 810">
     <span class='ocr_line' id='line_1_5' title="bbox 165 704 1794 810; baseline 0.026 -54"><span class='ocrx_word' id='word_1_27' title='bbox 165 704 510 768; x_wconf 80' lang='lat' dir='ltr'><strong>subsecivas</strong></span> <span class='ocrx_word' id='word_1_28' title='bbox 554 714 762 787; x_wconf 88' lang='lat' dir='ltr'><strong>aliquot</strong></span> <span class='ocrx_word' id='word_1_29' title='bbox 820 719 982 780; x_wconf 89' lang='lat' dir='ltr'><strong>horas</strong></span> <span class='ocrx_word' id='word_1_30' title='bbox 1028 727 1427 797; x_wconf 84' lang='lat' dir='ltr'><strong>impenderem.</strong></span> <span class='ocrx_word' id='word_1_31' title='bbox 1475 737 1794 810; x_wconf 79' lang='lat' dir='ltr'><strong>Opportuna</strong></span> 
     </span>
    </p>
   </div>
   <div class='ocr_carea' id='block_1_6' title="bbox 169 804 1796 891">
    <p class='ocr_par' dir='ltr' id='par_1_6' title="bbox 169 804 1796 891">
     <span class='ocr_line' id='line_1_6' title="bbox 169 804 1796 891; baseline 0.027 -43"><span class='ocrx_word' id='word_1_32' title='bbox 169 811 412 870; x_wconf 88' lang='lat' dir='ltr'><strong>quoque</strong></span> <span class='ocrx_word' id='word_1_33' title='bbox 457 804 590 861; x_wconf 91' lang='lat' dir='ltr'><strong>mihi</strong></span> <span class='ocrx_word' id='word_1_34' title='bbox 634 808 747 865; x_wconf 86' lang='lat' dir='ltr'><strong>visa</strong></span> <span class='ocrx_word' id='word_1_35' title='bbox 794 826 922 869; x_wconf 83' lang='lat' dir='ltr'><strong>sunt</strong></span> <span class='ocrx_word' id='word_1_36' title='bbox 966 825 1230 891; x_wconf 89' lang='lat' dir='ltr'><strong>tempora.</strong></span> <span class='ocrx_word' id='word_1_37' title='bbox 1283 825 1398 882; x_wconf 82' lang='lat' dir='ltr'><strong>Hoc</strong></span> <span class='ocrx_word' id='word_1_38' title='bbox 1446 831 1592 887; x_wconf 90' lang='lat' dir='ltr'><strong>enim</strong></span> <span class='ocrx_word' id='word_1_39' title='bbox 1650 849 1796 891; x_wconf 91' lang='lat' dir='ltr'><strong>anno</strong></span> 
     </span>
    </p>
   </div>
   <div class='ocr_carea' id='block_1_7' title="bbox 168 887 1793 984">
    <p class='ocr_par' dir='ltr' id='par_1_7' title="bbox 168 887 1793 984">
     <span class='ocr_line' id='line_1_7' title="bbox 168 887 1793 984; baseline 0.026 -42"><span class='ocrx_word' id='word_1_40' title='bbox 168 887 441 947; x_wconf 80' lang='lat' dir='ltr'><strong>Ecclesia</strong></span> <span class='ocrx_word' id='word_1_41' title='bbox 484 897 682 954; x_wconf 87' lang='lat' dir='ltr'><strong>Danica</strong></span> <span class='ocrx_word' id='word_1_42' title='bbox 730 909 1052 965; x_wconf 83' lang='lat' dir='ltr'><strong>memoriam</strong></span> <span class='ocrx_word' id='word_1_43' title='bbox 1080 913 1378 974; x_wconf 80' lang='lat' dir='ltr'><strong>celebravit</strong></span> <span class='ocrx_word' id='word_1_44' title='bbox 1418 927 1793 984; x_wconf 70' lang='lat' dir='ltr'><strong>conversionis</strong></span> 
     </span>
    </p>
   </div>
   <div class='ocr_carea' id='block_1_8' title="bbox 167 1073 1793 1169">
    <p class='ocr_par' dir='ltr' id='par_1_8' title="bbox 167 1073 1793 1169">
     <span class='ocr_line' id='line_1_8' title="bbox 167 1073 1793 1169; baseline 0.026 -41"><span class='ocrx_word' id='word_1_45' title='bbox 167 1073 556 1139; x_wconf 76' lang='lat' dir='ltr'><strong>Christianam</strong></span> <span class='ocrx_word' id='word_1_46' title='bbox 604 1089 993 1154; x_wconf 65' lang='lat' dir='ltr'><strong>praedicatione</strong></span> <span class='ocrx_word' id='word_1_47' title='bbox 1039 1073 1319 1157; x_wconf 64' lang='lat' dir='ltr'><strong>Anscharii</strong></span> <span class='ocrx_word' id='word_1_48' title='bbox 1364 1122 1508 1163; x_wconf 89' lang='lat' dir='ltr'><strong>anno</strong></span> <span class='ocrx_word' id='word_1_49' title='bbox 1556 1110 1661 1167; x_wconf 72' lang='lat'><strong>826</strong></span> <span class='ocrx_word' id='word_1_50' title='bbox 1710 1113 1793 1169; x_wconf 92' lang='lat' dir='ltr'><strong>iu-</strong></span> 
     </span>
    </p>
   </div>
   <div class='ocr_carea' id='block_1_9' title="bbox 169 1168 1790 1273">
    <p class='ocr_par' dir='ltr' id='par_1_9' title="bbox 169 1168 1790 1273">
     <span class='ocr_line' id='line_1_9' title="bbox 169 1168 1790 1273; baseline 0.025 -51"><span class='ocrx_word' id='word_1_51' title='bbox 169 1168 418 1225; x_wconf 64' lang='lat' dir='ltr'><strong>choatnr.</strong></span> <span class='ocrx_word' id='word_1_52' title='bbox 454 1174 629 1244; x_wconf 86' lang='lat' dir='ltr'><strong>Quam</strong></span> <span class='ocrx_word' id='word_1_53' title='bbox 675 1180 745 1238; x_wconf 87' lang='lat' dir='ltr'><strong>ob</strong></span> <span class='ocrx_word' id='word_1_54' title='bbox 775 1199 924 1253; x_wconf 91' lang='lat' dir='ltr'><strong>rem,</strong></span> <span class='ocrx_word' id='word_1_55' title='bbox 953 1202 1079 1245; x_wconf 88' lang='lat' dir='ltr'><strong>cum</strong></span> <span class='ocrx_word' id='word_1_56' title='bbox 1118 1203 1365 1252; x_wconf 89' lang='lat' dir='ltr'><strong>sanctum</strong></span> <span class='ocrx_word' id='word_1_57' title='bbox 1398 1198 1556 1256; x_wconf 88' lang='lat' dir='ltr'><strong>istum</strong></span> <span class='ocrx_word' id='word_1_58' title='bbox 1587 1219 1790 1273; x_wconf 66' lang='lat' dir='ltr'><strong>prusu-</strong></span> 
     </span>
    </p>
   </div>
   <div class='ocr_carea' id='block_1_10' title="bbox 168 1259 1789 1368">
    <p class='ocr_par' dir='ltr' id='par_1_10' title="bbox 168 1259 1789 1368">
     <span class='ocr_line' id='line_1_10' title="bbox 168 1259 1789 1368; baseline 0.023 -53"><span class='ocrx_word' id='word_1_59' title='bbox 168 1259 317 1330; x_wconf 85' lang='lat' dir='ltr'><strong>lem,</strong></span> <span class='ocrx_word' id='word_1_60' title='bbox 347 1264 425 1320; x_wconf 86' lang='lat' dir='ltr'><strong>uti</strong></span> <span class='ocrx_word' id='word_1_61' title='bbox 451 1283 670 1342; x_wconf 87' lang='lat' dir='ltr'><strong>quoque</strong></span> <span class='ocrx_word' id='word_1_62' title='bbox 698 1274 933 1349; x_wconf 77' lang='lat' dir='ltr'><strong>collegas</strong></span> <span class='ocrx_word' id='word_1_63' title='bbox 958 1288 1013 1336; x_wconf 90' lang='lat' dir='ltr'><strong>et</strong></span> <span class='ocrx_word' id='word_1_64' title='bbox 1041 1296 1387 1345; x_wconf 84' lang='lat' dir='ltr'><strong>successores</strong></span> <span class='ocrx_word' id='word_1_65' title='bbox 1418 1291 1565 1361; x_wconf 83' lang='lat' dir='ltr'><strong>ejus,</strong></span> <span class='ocrx_word' id='word_1_66' title='bbox 1603 1304 1660 1350; x_wconf 88' lang='lat' dir='ltr'><strong>et</strong></span> <span class='ocrx_word' id='word_1_67' title='bbox 1694 1312 1789 1368; x_wconf 82' lang='lat' dir='ltr'><strong>ge—</strong></span> 
     </span>
    </p>
   </div>
   <div class='ocr_carea' id='block_1_11' title="bbox 168 1358 1787 1455">
    <p class='ocr_par' dir='ltr' id='par_1_11' title="bbox 168 1358 1787 1455">
     <span class='ocr_line' id='line_1_11' title="bbox 168 1358 1787 1455; baseline 0.022 -46"><span class='ocrx_word' id='word_1_68' title='bbox 168 1358 416 1414; x_wconf 88' lang='lat' dir='ltr'><strong>neratim</strong></span> <span class='ocrx_word' id='word_1_69' title='bbox 448 1377 638 1421; x_wconf 91' lang='lat' dir='ltr'><strong>omnes</strong></span> <span class='ocrx_word' id='word_1_70' title='bbox 665 1382 787 1436; x_wconf 85' lang='lat' dir='ltr'><strong>eos,</strong></span> <span class='ocrx_word' id='word_1_71' title='bbox 813 1372 905 1443; x_wconf 86' lang='lat' dir='ltr'><strong>qui</strong></span> <span class='ocrx_word' id='word_1_72' title='bbox 936 1373 1139 1435; x_wconf 82' lang='lat' dir='ltr'><strong>Christi</strong></span> <span class='ocrx_word' id='word_1_73' title='bbox 1162 1358 1466 1440; x_wconf 86' lang='lat' dir='ltr'><strong>doctrinam</strong></span> <span class='ocrx_word' id='word_1_74' title='bbox 1488 1387 1787 1455; x_wconf 78' lang='lat' dir='ltr'><strong>gentilibus</strong></span> 
     </span>
    </p>
   </div>
   <div class='ocr_carea' id='block_1_12' title="bbox 166 1454 1785 1547">
    <p class='ocr_par' dir='ltr' id='par_1_12' title="bbox 166 1454 1785 1547">
     <span class='ocr_line' id='line_1_12' title="bbox 166 1454 1785 1547; baseline 0.024 -45"><span class='ocrx_word' id='word_1_75' title='bbox 166 1454 612 1525; x_wconf 85' lang='lat' dir='ltr'><strong>annuntiarent,</strong></span> <span class='ocrx_word' id='word_1_76' title='bbox 648 1476 785 1531; x_wconf 86' lang='lat' dir='ltr'><strong>una,</strong></span> <span class='ocrx_word' id='word_1_77' title='bbox 837 1464 885 1521; x_wconf 89' lang='lat' dir='ltr'><strong>si</strong></span> <span class='ocrx_word' id='word_1_78' title='bbox 926 1469 1205 1539; x_wconf 86' lang='lat' dir='ltr'><strong>sapienter</strong></span> <span class='ocrx_word' id='word_1_79' title='bbox 1248 1487 1504 1547; x_wconf 76' lang='lat' dir='ltr'><strong>agerent,</strong></span> <span class='ocrx_word' id='word_1_80' title='bbox 1531 1481 1785 1542; x_wconf 88' lang='lat' dir='ltr'><strong>incedere</strong></span> 
     </span>
    </p>
   </div>
   <div class='ocr_carea' id='block_1_13' title="bbox 166 1542 1780 1645">
    <p class='ocr_par' dir='ltr' id='par_1_13' title="bbox 166 1542 1780 1645">
     <span class='ocr_line' id='line_1_13' title="bbox 166 1542 1780 1645; baseline 0.025 -50"><span class='ocrx_word' id='word_1_81' title='bbox 166 1542 266 1598; x_wconf 86' lang='lat' dir='ltr'><strong>via</strong></span> <span class='ocrx_word' id='word_1_82' title='bbox 294 1552 622 1622; x_wconf 88' lang='lat' dir='ltr'><strong>oportuerit,</strong></span> <span class='ocrx_word' id='word_1_83' title='bbox 654 1563 712 1609; x_wconf 92' lang='lat' dir='ltr'><strong>ut</strong></span> <span class='ocrx_word' id='word_1_84' title='bbox 736 1556 989 1617; x_wconf 87' lang='lat' dir='ltr'><strong>nimirum</strong></span> <span class='ocrx_word' id='word_1_85' title='bbox 1022 1564 1194 1622; x_wconf 88' lang='lat' dir='ltr'><strong>avitas</strong></span> <span class='ocrx_word' id='word_1_86' title='bbox 1235 1567 1430 1626; x_wconf 91' lang='lat' dir='ltr'><strong>horum</strong></span> <span class='ocrx_word' id='word_1_87' title='bbox 1457 1576 1780 1645; x_wconf 90' lang='lat' dir='ltr'><strong>populorum</strong></span> 
     </span>
    </p>
   </div>
   <div class='ocr_carea' id='block_1_14' title="bbox 167 1633 1781 1731">
    <p class='ocr_par' dir='ltr' id='par_1_14' title="bbox 167 1633 1781 1731">
     <span class='ocr_line' id='line_1_14' title="bbox 167 1633 1781 1731; baseline 0.024 -40"><span class='ocrx_word' id='word_1_88' title='bbox 167 1633 529 1699; x_wconf 89' lang='lat' dir='ltr'><strong>destruerent</strong></span> <span class='ocrx_word' id='word_1_89' title='bbox 553 1649 1008 1722; x_wconf 82' lang='lat' dir='ltr'><strong>superstitiones,</strong></span> <span class='ocrx_word' id='word_1_90' title='bbox 1038 1665 1328 1731; x_wconf 87' lang='lat' dir='ltr'><strong>antequam</strong></span> <span class='ocrx_word' id='word_1_91' title='bbox 1371 1666 1648 1726; x_wconf 81' lang='lat' dir='ltr'><strong>caelestem</strong></span> <span class='ocrx_word' id='word_1_92' title='bbox 1688 1688 1781 1730; x_wconf 89' lang='lat' dir='ltr'><strong>eo-</strong></span> 
     </span>
    </p>
   </div>
   <div class='ocr_carea' id='block_1_15' title="bbox 1593 243 2131 311">
    <p class='ocr_par' dir='ltr' id='par_1_15' title="bbox 1593 243 2131 311">
     <span class='ocr_line' id='line_1_15' title="bbox 1593 243 2131 311; baseline 0.024 -13"><span class='ocrx_word' id='word_1_93' title='bbox 1593 243 2131 311; x_wconf 76' lang='lat' dir='ltr'><strong>PROLEGOMENA.</strong></span> 
     </span>
    </p>
   </div>
   <div class='ocr_carea' id='block_1_16' title="bbox 156 330 1801 419">
    <p class='ocr_par' dir='ltr' id='par_1_16' title="bbox 156 330 1801 419">
     <span class='ocr_line' id='line_1_16' title="bbox 156 330 1801 419; baseline 0.021 -34"><span class='ocrx_word' id='word_1_94' title='bbox 156 330 380 401; x_wconf 84' lang='lat' dir='ltr'><strong>largiri</strong></span> <span class='ocrx_word' id='word_1_95' title='bbox 428 336 746 407; x_wconf 86' lang='lat' dir='ltr'><strong>placuisset.</strong></span> <span class='ocrx_word' id='word_1_96' title='bbox 777 343 896 400; x_wconf 82' lang='lat' dir='ltr'><strong>Jam</strong></span> <span class='ocrx_word' id='word_1_97' title='bbox 946 362 1073 405; x_wconf 88' lang='lat' dir='ltr'><strong>vero</strong></span> <span class='ocrx_word' id='word_1_98' title='bbox 1114 365 1238 408; x_wconf 89' lang='lat' dir='ltr'><strong>cum</strong></span> <span class='ocrx_word' id='word_1_99' title='bbox 1277 366 1561 417; x_wconf 85' lang='lat' dir='ltr'><strong>senectute</strong></span> <span class='ocrx_word' id='word_1_100' title='bbox 1592 362 1682 419; x_wconf 80' lang='lat' dir='ltr'><strong>vix</strong></span> <span class='ocrx_word' id='word_1_101' title='bbox 1722 365 1801 419; x_wconf 92' lang='lat' dir='ltr'><strong>in-</strong></span> 
     </span>
    </p>
   </div>
   <div class='ocr_carea' id='block_1_17' title="bbox 3402 291 3507 350">
    <p class='ocr_par' dir='ltr' id='par_1_17' title="bbox 3402 291 3507 350">
     <span class='ocr_line' id='line_1_17' title="bbox 3402 291 3507 350; baseline 0.029 -2"><span class='ocrx_word' id='word_1_102' title='bbox 3402 291 3507 350; x_wconf 70' lang='grc'><strong>974</strong></span> 
     </span>
    </p>
   </div>
   <div class='ocr_carea' id='block_1_18' title="bbox 1830 365 3507 472">
    <p class='ocr_par' dir='ltr' id='par_1_18' title="bbox 1830 365 3507 472">
     <span class='ocr_line' id='line_1_18' title="bbox 1830 365 3507 472; baseline 0.029 -56"><span class='ocrx_word' id='word_1_103' title='bbox 1830 366 1877 425; x_wconf 84' lang='grc' dir='ltr'>Α</span> <span class='ocrx_word' id='word_1_104' title='bbox 1906 365 2139 424; x_wconf 90' lang='lat' dir='ltr'><strong>alterum</strong></span> <span class='ocrx_word' id='word_1_105' title='bbox 2189 372 2515 441; x_wconf 89' lang='lat' dir='ltr'><strong>polemicum</strong></span> <span class='ocrx_word' id='word_1_106' title='bbox 2568 380 2832 441; x_wconf 82' lang='lat' dir='ltr'><strong>adversus</strong></span> <span class='ocrx_word' id='word_1_107' title='bbox 2883 394 3161 453; x_wconf 87' lang='lat' dir='ltr'><strong>numinum</strong></span> <span class='ocrx_word' id='word_1_108' title='bbox 3205 402 3443 472; x_wconf 88' lang='lat' dir='ltr'><strong>cultum,</strong></span> <span class='ocrx_word' id='word_1_109' title='bbox 3475 425 3507 463; x_wconf 89' lang='lat' dir='ltr'><strong>a</strong></span> 
     </span>
    </p>
   </div>
   <div class='ocr_carea' id='block_1_19' title="bbox 1904 455 3504 557">
    <p class='ocr_par' dir='ltr' id='par_1_19' title="bbox 1904 455 3504 557">
     <span class='ocr_line' id='line_1_19' title="bbox 1904 455 3504 557; baseline 0.029 -46"><span class='ocrx_word' id='word_1_110' title='bbox 1904 455 2215 518; x_wconf 88' lang='lat' dir='ltr'><strong>Christiano</strong></span> <span class='ocrx_word' id='word_1_111' title='bbox 2262 468 2554 540; x_wconf 83' lang='lat' dir='ltr'><strong>scriptum.</strong></span> <span class='ocrx_word' id='word_1_112' title='bbox 2585 471 2882 550; x_wconf 88' lang='lat' dir='ltr'><strong>Utriusque</strong></span> <span class='ocrx_word' id='word_1_113' title='bbox 2908 495 3096 543; x_wconf 86' lang='lat' dir='ltr'><strong>auctor</strong></span> <span class='ocrx_word' id='word_1_114' title='bbox 3134 490 3190 546; x_wconf 89' lang='lat' dir='ltr'><strong>in</strong></span> <span class='ocrx_word' id='word_1_115' title='bbox 3223 495 3381 552; x_wconf 88' lang='lat' dir='ltr'><strong>titulo</strong></span> <span class='ocrx_word' id='word_1_116' title='bbox 3408 514 3504 557; x_wconf 89' lang='lat' dir='ltr'><strong>vo-</strong></span> 
     </span>
    </p>
   </div>
   <div class='ocr_carea' id='block_1_20' title="bbox 1902 554 3504 650">
    <p class='ocr_par' dir='ltr' id='par_1_20' title="bbox 1902 554 3504 650">
     <span class='ocr_line' id='line_1_20' title="bbox 1902 554 3504 650; baseline 0.028 -45"><span class='ocrx_word' id='word_1_117' title='bbox 1902 560 2057 608; x_wconf 85' lang='lat' dir='ltr'><strong>catur</strong></span> <span class='ocrx_word' id='word_1_118' title='bbox 2090 554 2153 612; x_wconf 86' lang='lat' dir='ltr'><strong>V.</strong></span> <span class='ocrx_word' id='word_1_119' title='bbox 2183 555 2245 613; x_wconf 90' lang='lat' dir='ltr'><strong>C.</strong></span> <span class='ocrx_word' id='word_1_120' title='bbox 2275 575 2412 629; x_wconf 87' lang='lat' dir='ltr'><strong>quas</strong></span> <span class='ocrx_word' id='word_1_121' title='bbox 2460 564 2670 623; x_wconf 88' lang='lat' dir='ltr'><strong>litteras</strong></span> <span class='ocrx_word' id='word_1_122' title='bbox 2692 611 2705 633; x_wconf 89' lang='lat'><strong>,</strong></span> <span class='ocrx_word' id='word_1_123' title='bbox 2737 570 2781 626; x_wconf 89' lang='lat' dir='ltr'><strong>si</strong></span> <span class='ocrx_word' id='word_1_124' title='bbox 2813 572 2879 630; x_wconf 89' lang='lat' dir='ltr'><strong>de</strong></span> <span class='ocrx_word' id='word_1_125' title='bbox 2907 577 3015 634; x_wconf 86' lang='lat' dir='ltr'><strong>viro</strong></span> <span class='ocrx_word' id='word_1_126' title='bbox 3052 587 3319 642; x_wconf 80' lang='lat' dir='ltr'><strong>consulari</strong></span> <span class='ocrx_word' id='word_1_127' title='bbox 3342 592 3504 650; x_wconf 90' lang='lat' dir='ltr'><strong>intel-</strong></span> 
     </span>
    </p>
   </div>
   <div class='ocr_carea' id='block_1_21' title="bbox 1903 643 3497 755">
    <p class='ocr_par' dir='ltr' id='par_1_21' title="bbox 1903 643 3497 755">
     <span class='ocr_line' id='line_1_21' title="bbox 1903 643 3497 755; baseline 0.029 -58"><span class='ocrx_word' id='word_1_128' title='bbox 1903 643 2069 715; x_wconf 80' lang='lat' dir='ltr'><strong>ligas,</strong></span> <span class='ocrx_word' id='word_1_129' title='bbox 2100 650 2305 707; x_wconf 90' lang='lat' dir='ltr'><strong>nullum</strong></span> <span class='ocrx_word' id='word_1_130' title='bbox 2339 654 2564 713; x_wconf 84' lang='lat' dir='ltr'><strong>habebis</strong></span> <span class='ocrx_word' id='word_1_131' title='bbox 2598 659 2800 720; x_wconf 80' lang='lat' dir='ltr'><strong>Julium</strong></span> <span class='ocrx_word' id='word_1_132' title='bbox 2835 666 3128 730; x_wconf 89' lang='lat' dir='ltr'><strong>Firmicum</strong></span> <span class='ocrx_word' id='word_1_133' title='bbox 3158 677 3497 755; x_wconf 86' lang='lat' dir='ltr'><strong>Maternum,</strong></span> 
     </span>
     <span class='ocr_line' id='line_1_22' title="bbox 1903 732 2644 755; baseline 0.027 -9"><span class='ocrx_word' id='word_1_134' title='bbox 1903 732 1963 755; x_wconf 19' lang='grc' dir='ltr'><strong>η,</strong></span> <span class='ocrx_word' id='word_1_135' title='bbox 2026 750 2062 755; x_wconf 25' lang='grc' dir='ltr'><strong>ν,</strong></span> <span class='ocrx_word' id='word_1_136' title='bbox 2169 742 2180 754; x_wconf 95' lang='grc'><strong>.</strong></span> <span class='ocrx_word' id='word_1_137' title='bbox 2227 744 2239 755; x_wconf 94' lang='grc'><strong>.</strong></span> <span class='ocrx_word' id='word_1_138' title='bbox 2634 753 2644 755; x_wconf 30' lang='grc' dir='ltr'><strong>Α</strong></span> 
     </span>
    </p>
   </div>
   <div class='ocr_carea' id='block_1_22' title="bbox 1897 732 3502 843">
    <p class='ocr_par' dir='ltr' id='par_1_22' title="bbox 1897 732 3502 843">
     <span class='ocr_line' id='line_1_23' title="bbox 3231 732 3497 755; baseline 0.026 -7"><span class='ocrx_word' id='word_1_139' title='bbox 3231 732 3316 737; x_wconf 58' lang='grc'><strong>⁷-⁷·</strong></span> <span class='ocrx_word' id='word_1_140' title='bbox 3334 732 3497 755; x_wconf 68' lang='grc' dir='ltr'><strong>--*····ι</strong></span> 
     </span>
     <span class='ocr_line' id='line_1_24' title="bbox 1897 732 3502 843; baseline 0.031 -54"><span class='ocrx_word' id='word_1_141' title='bbox 1897 732 2348 802; x_wconf 89' lang='lat' dir='ltr'><strong>Constantiniana</strong></span> <span class='ocrx_word' id='word_1_142' title='bbox 2375 759 2538 807; x_wconf 55' lang='lat' dir='ltr'><strong>astate</strong></span> <span class='ocrx_word' id='word_1_143' title='bbox 2582 753 2649 809; x_wconf 88' lang='lat' dir='ltr'><strong>ad</strong></span> <span class='ocrx_word' id='word_1_144' title='bbox 2696 761 3014 820; x_wconf 89' lang='lat' dir='ltr'><strong>consulatus</strong></span> <span class='ocrx_word' id='word_1_145' title='bbox 3056 767 3330 843; x_wconf 88' lang='lat' dir='ltr'><strong>fastigium</strong></span> <span class='ocrx_word' id='word_1_146' title='bbox 3372 795 3502 838; x_wconf 85' lang='lat' dir='ltr'><strong>eve-</strong></span> 
     </span>
    </p>
   </div>
   <div class='ocr_carea' id='block_1_23' title="bbox 1897 838 3503 937">
    <p class='ocr_par' dir='ltr' id='par_1_23' title="bbox 1897 838 3503 937">
     <span class='ocr_line' id='line_1_25' title="bbox 1897 838 3503 937; baseline 0.028 -53"><span class='ocrx_word' id='word_1_147' title='bbox 1897 838 2067 898; x_wconf 82' lang='lat' dir='ltr'><strong>ctum,</strong></span> <span class='ocrx_word' id='word_1_148' title='bbox 2096 847 2357 904; x_wconf 89' lang='lat' dir='ltr'><strong>quantum</strong></span> <span class='ocrx_word' id='word_1_149' title='bbox 2391 843 2610 913; x_wconf 82' lang='lat' dir='ltr'><strong>quidem</strong></span> <span class='ocrx_word' id='word_1_150' title='bbox 2665 846 2810 906; x_wconf 88' lang='lat' dir='ltr'><strong>Fasti</strong></span> <span class='ocrx_word' id='word_1_151' title='bbox 2862 853 3083 915; x_wconf 85' lang='lat' dir='ltr'><strong>docent.</strong></span> <span class='ocrx_word' id='word_1_152' title='bbox 3120 838 3227 921; x_wconf 75' lang='lat' dir='ltr'><strong>Sed</strong></span> <span class='ocrx_word' id='word_1_153' title='bbox 3282 873 3503 937; x_wconf 89' lang='lat' dir='ltr'><strong>provin-</strong></span> 
     </span>
    </p>
   </div>
   <div class='ocr_carea' id='block_1_24' title="bbox 1895 923 3497 1029">
    <p class='ocr_par' dir='ltr' id='par_1_24' title="bbox 1895 923 3497 1029">
     <span class='ocr_line' id='line_1_26' title="bbox 1895 923 3497 1029; baseline 0.03 -52"><span class='ocrx_word' id='word_1_154' title='bbox 1895 923 2033 980; x_wconf 85' lang='lat' dir='ltr'><strong>ciam</strong></span> <span class='ocrx_word' id='word_1_155' title='bbox 2065 927 2301 988; x_wconf 83' lang='lat' dir='ltr'><strong>fortasse</strong></span> <span class='ocrx_word' id='word_1_156' title='bbox 2342 935 2754 1002; x_wconf 86' lang='lat' dir='ltr'><strong>administrasse</strong></span> <span class='ocrx_word' id='word_1_157' title='bbox 2784 952 2992 1018; x_wconf 87' lang='lat' dir='ltr'><strong>p0tuit,</strong></span> <span class='ocrx_word' id='word_1_158' title='bbox 3022 971 3193 1029; x_wconf 90' lang='lat' dir='ltr'><strong>caque</strong></span> <span class='ocrx_word' id='word_1_159' title='bbox 3223 960 3291 1018; x_wconf 93' lang='lat' dir='ltr'><strong>de</strong></span> <span class='ocrx_word' id='word_1_160' title='bbox 3334 980 3497 1024; x_wconf 85' lang='lat' dir='ltr'><strong>causa</strong></span> 
     </span>
    </p>
   </div>
   <div class='ocr_carea' id='block_1_25' title="bbox 1895 1022 3496 1124">
    <p class='ocr_par' dir='ltr' id='par_1_25' title="bbox 1895 1022 3496 1124">
     <span class='ocr_line' id='line_1_27' title="bbox 1895 1022 3496 1124; baseline 0.029 -54"><span class='ocrx_word' id='word_1_161' title='bbox 1895 1022 2220 1091; x_wconf 80' lang='lat' dir='ltr'><strong>consularis,</strong></span> <span class='ocrx_word' id='word_1_162' title='bbox 2253 1038 2310 1081; x_wconf 89' lang='lat' dir='ltr'><strong>ut</strong></span> <span class='ocrx_word' id='word_1_163' title='bbox 2341 1044 2458 1085; x_wconf 88' lang='lat' dir='ltr'><strong>mos</strong></span> <span class='ocrx_word' id='word_1_164' title='bbox 2493 1031 2640 1089; x_wconf 89' lang='lat' dir='ltr'><strong>illius</strong></span> <span class='ocrx_word' id='word_1_165' title='bbox 2671 1039 2773 1094; x_wconf 82' lang='lat' dir='ltr'><strong>aevi</strong></span> <span class='ocrx_word' id='word_1_166' title='bbox 2812 1040 3044 1115; x_wconf 85' lang='lat' dir='ltr'><strong>ferebat,</strong></span> <span class='ocrx_word' id='word_1_167' title='bbox 3079 1055 3377 1124; x_wconf 90' lang='lat' dir='ltr'><strong>appellari;</strong></span> <span class='ocrx_word' id='word_1_168' title='bbox 3409 1062 3496 1117; x_wconf 90' lang='lat' dir='ltr'><strong>vel</strong></span> 
     </span>
    </p>
   </div>
   <div class='ocr_carea' id='block_1_26' title="bbox 1893 1113 3495 1223">
    <p class='ocr_par' dir='ltr' id='par_1_26' title="bbox 1893 1113 3495 1223">
     <span class='ocr_line' id='line_1_28' title="bbox 1893 1113 3495 1223; baseline 0.028 -57"><span class='ocrx_word' id='word_1_169' title='bbox 1893 1113 2056 1169; x_wconf 86' lang='lat' dir='ltr'><strong>etiam</strong></span> <span class='ocrx_word' id='word_1_170' title='bbox 2092 1117 2194 1174; x_wconf 87' lang='lat' dir='ltr'><strong>hoc</strong></span> <span class='ocrx_word' id='word_1_171' title='bbox 2224 1120 2377 1178; x_wconf 92' lang='lat' dir='ltr'><strong>titulo</strong></span> <span class='ocrx_word' id='word_1_172' title='bbox 2409 1141 2560 1182; x_wconf 89' lang='lat' dir='ltr'><strong>mere</strong></span> <span class='ocrx_word' id='word_1_173' title='bbox 2588 1128 2891 1191; x_wconf 88' lang='lat' dir='ltr'><strong>houoritico</strong></span> <span class='ocrx_word' id='word_1_174' title='bbox 2923 1150 3147 1200; x_wconf 88' lang='lat' dir='ltr'><strong>ornatus</strong></span> <span class='ocrx_word' id='word_1_175' title='bbox 3176 1147 3305 1216; x_wconf 88' lang='lat' dir='ltr'><strong>fuit,</strong></span> <span class='ocrx_word' id='word_1_176' title='bbox 3338 1154 3495 1223; x_wconf 85' lang='lat' dir='ltr'><strong>cujus</strong></span> 
     </span>
    </p>
   </div>
   <div class='ocr_carea' id='block_1_27' title="bbox 1890 1207 3493 1316">
    <p class='ocr_par' dir='ltr' id='par_1_27' title="bbox 1890 1207 3493 1316">
     <span class='ocr_line' id='line_1_29' title="bbox 1890 1207 3493 1316; baseline 0.028 -58"><span class='ocrx_word' id='word_1_177' title='bbox 1890 1207 2108 1276; x_wconf 85' lang='lat' dir='ltr'><strong>quidem</strong></span> <span class='ocrx_word' id='word_1_178' title='bbox 2136 1213 2213 1267; x_wconf 86' lang='lat' dir='ltr'><strong>rei</strong></span> <span class='ocrx_word' id='word_1_179' title='bbox 2245 1218 2492 1287; x_wconf 83' lang='lat' dir='ltr'><strong>exempla</strong></span> <span class='ocrx_word' id='word_1_180' title='bbox 2531 1220 2906 1285; x_wconf 81' lang='lat' dir='ltr'><strong>Gothofredus</strong></span> <span class='ocrx_word' id='word_1_181' title='bbox 2935 1246 3000 1287; x_wconf 79' lang='lat' dir='ltr'><strong>ex</strong></span> <span class='ocrx_word' id='word_1_182' title='bbox 3032 1234 3251 1295; x_wconf 92' lang='lat' dir='ltr'><strong>illorum</strong></span> <span class='ocrx_word' id='word_1_183' title='bbox 3284 1252 3493 1316; x_wconf 78' lang='lat' dir='ltr'><strong>tempo—</strong></span> 
     </span>
    </p>
   </div>
   <div class='ocr_carea' id='block_1_28' title="bbox 1890 1300 3498 1394">
    <p class='ocr_par' dir='ltr' id='par_1_28' title="bbox 1890 1300 3498 1394">
     <span class='ocr_line' id='line_1_30' title="bbox 1890 1300 3498 1394; baseline 0.027 -42"><span class='ocrx_word' id='word_1_184' title='bbox 1890 1313 2007 1354; x_wconf 88' lang='lat' dir='ltr'><strong>rum</strong></span> <span class='ocrx_word' id='word_1_185' title='bbox 2043 1300 2270 1361; x_wconf 87' lang='lat' dir='ltr'><strong>historia</strong></span> <span class='ocrx_word' id='word_1_186' title='bbox 2315 1309 2559 1381; x_wconf 81' lang='lat' dir='ltr'><strong>collegit.</strong></span> <span class='ocrx_word' id='word_1_187' title='bbox 2598 1313 2900 1390; x_wconf 79' lang='lat' dir='ltr'><strong>Utrumque</strong></span> <span class='ocrx_word' id='word_1_188' title='bbox 2953 1338 3082 1381; x_wconf 86' lang='lat' dir='ltr'><strong>vero</strong></span> <span class='ocrx_word' id='word_1_189' title='bbox 3124 1328 3320 1388; x_wconf 90' lang='lat' dir='ltr'><strong>librum</strong></span> <span class='ocrx_word' id='word_1_190' title='bbox 3367 1352 3498 1394; x_wconf 83' lang='lat' dir='ltr'><strong>exa-</strong></span> 
     </span>
    </p>
   </div>
   <div class='ocr_carea' id='block_1_29' title="bbox 1888 1394 3493 1487">
    <p class='ocr_par' dir='ltr' id='par_1_29' title="bbox 1888 1394 3493 1487">
     <span class='ocr_line' id='line_1_31' title="bbox 1888 1394 3493 1487; baseline 0.027 -44"><span class='ocrx_word' id='word_1_191' title='bbox 1888 1399 2063 1446; x_wconf 90' lang='lat' dir='ltr'><strong>ratum</strong></span> <span class='ocrx_word' id='word_1_192' title='bbox 2110 1394 2278 1453; x_wconf 82' lang='lat' dir='ltr'><strong>fuisse</strong></span> <span class='ocrx_word' id='word_1_193' title='bbox 2308 1398 2757 1465; x_wconf 85' lang='lat' dir='ltr'><strong>Constantiniana</strong></span> <span class='ocrx_word' id='word_1_194' title='bbox 2807 1423 3004 1483; x_wconf 61' lang='lat' dir='ltr'><strong>aetate,</strong></span> <span class='ocrx_word' id='word_1_195' title='bbox 3040 1434 3107 1475; x_wconf 81' lang='lat' dir='ltr'><strong>ex</strong></span> <span class='ocrx_word' id='word_1_196' title='bbox 3138 1422 3278 1482; x_wconf 91' lang='lat' dir='ltr'><strong>locis</strong></span> <span class='ocrx_word' id='word_1_197' title='bbox 3324 1428 3377 1484; x_wconf 93' lang='lat' dir='ltr'><strong>in</strong></span> <span class='ocrx_word' id='word_1_198' title='bbox 3426 1431 3493 1487; x_wconf 87' lang='lat' dir='ltr'><strong>iis</strong></span> 
     </span>
    </p>
   </div>
   <div class='ocr_carea' id='block_1_30' title="bbox 1886 1481 3489 1582">
    <p class='ocr_par' dir='ltr' id='par_1_30' title="bbox 1886 1481 3489 1582">
     <span class='ocr_line' id='line_1_32' title="bbox 1886 1481 3489 1582; baseline 0.029 -47"><span class='ocrx_word' id='word_1_199' title='bbox 1886 1481 2061 1541; x_wconf 85' lang='lat' dir='ltr'><strong>obviis</strong></span> <span class='ocrx_word' id='word_1_200' title='bbox 2106 1486 2408 1549; x_wconf 88' lang='lat' dir='ltr'><strong>luculenter</strong></span> <span class='ocrx_word' id='word_1_201' title='bbox 2453 1506 2619 1567; x_wconf 87' lang='lat' dir='ltr'><strong>patet.</strong></span> <span class='ocrx_word' id='word_1_202' title='bbox 2654 1501 2818 1562; x_wconf 88' lang='lat' dir='ltr'><strong>Liber</strong></span> <span class='ocrx_word' id='word_1_203' title='bbox 2862 1481 3008 1565; x_wconf 85' lang='lat' dir='ltr'><strong>enim</strong></span> <span class='ocrx_word' id='word_1_204' title='bbox 3056 1513 3489 1582; x_wconf 57' lang='lat' dir='ltr'><strong>Mathematicatn</strong></span> 
     </span>
    </p>
   </div>
   <div class='ocr_carea' id='block_1_31' title="bbox 1884 1573 3488 1678">
    <p class='ocr_par' dir='ltr' id='par_1_31' title="bbox 1884 1573 3488 1678">
     <span class='ocr_line' id='line_1_33' title="bbox 1884 1573 3488 1678; baseline 0.031 -49"><span class='ocrx_word' id='word_1_205' title='bbox 1884 1573 1923 1641; x_wconf 86' lang='grc' dir='ltr'><strong>Ι,</strong></span> <span class='ocrx_word' id='word_1_206' title='bbox 1953 1592 2002 1632; x_wconf 93' lang='lat' dir='ltr'><strong>c.</strong></span> <span class='ocrx_word' id='word_1_207' title='bbox 2037 1577 2072 1633; x_wconf 76' lang='lat'><strong>2</strong></span> <span class='ocrx_word' id='word_1_208' title='bbox 2092 1622 2107 1647; x_wconf 92' lang='lat'><strong>,</strong></span> <span class='ocrx_word' id='word_1_209' title='bbox 2138 1584 2364 1655; x_wconf 82' lang='lat' dir='ltr'><strong>eclipsin</strong></span> <span class='ocrx_word' id='word_1_210' title='bbox 2399 1591 2567 1660; x_wconf 74' lang='lat' dir='ltr'><strong>solis,</strong></span> <span class='ocrx_word' id='word_1_211' title='bbox 2597 1612 2718 1666; x_wconf 73' lang='lat' dir='ltr'><strong>qua:</strong></span> <span class='ocrx_word' id='word_1_212' title='bbox 2757 1598 2971 1671; x_wconf 86' lang='lat' dir='ltr'><strong>Optatio</strong></span> <span class='ocrx_word' id='word_1_213' title='bbox 3002 1617 3056 1663; x_wconf 90' lang='lat' dir='ltr'><strong>et</strong></span> <span class='ocrx_word' id='word_1_214' title='bbox 3086 1609 3314 1671; x_wconf 88' lang='lat' dir='ltr'><strong>Paulino</strong></span> <span class='ocrx_word' id='word_1_215' title='bbox 3343 1633 3488 1678; x_wconf 88' lang='lat' dir='ltr'><strong>coss.</strong></span> 
     </span>
    </p>
   </div>
   <div class='ocr_carea' id='block_1_32' title="bbox 1881 1672 3486 1773">
    <p class='ocr_par' dir='ltr' id='par_1_32' title="bbox 1881 1672 3486 1773">
     <span class='ocr_line' id='line_1_34' title="bbox 1881 1672 3486 1773; baseline 0.031 -51"><span class='ocrx_word' id='word_1_216' title='bbox 1881 1683 2028 1727; x_wconf 90' lang='lat' dir='ltr'><strong>anno</strong></span> <span class='ocrx_word' id='word_1_217' title='bbox 2052 1672 2158 1730; x_wconf 76' lang='grc'><strong>554</strong></span> <span class='ocrx_word' id='word_1_218' title='bbox 2187 1681 2415 1752; x_wconf 82' lang='lat' dir='ltr'><strong>contigit</strong></span> <span class='ocrx_word' id='word_1_219' title='bbox 2446 1684 2524 1756; x_wconf 90' lang='lat' dir='ltr'><strong>(a)</strong></span> <span class='ocrx_word' id='word_1_220' title='bbox 2553 1703 2582 1742; x_wconf 91' lang='lat' dir='ltr'><strong>a</strong></span> <span class='ocrx_word' id='word_1_221' title='bbox 2608 1691 3015 1755; x_wconf 89' lang='lat' dir='ltr'><strong>mathematicis</strong></span> <span class='ocrx_word' id='word_1_222' title='bbox 3048 1705 3358 1773; x_wconf 76' lang='lat' dir='ltr'><strong>praedictam</strong></span> <span class='ocrx_word' id='word_1_223' title='bbox 3398 1728 3486 1769; x_wconf 84' lang='lat' dir='ltr'><strong>as-</strong></span> 
     </span>
    </p>
   </div>
   <div class='ocr_carea' id='block_1_33' title="bbox 166 1738 3490 1863">
    <p class='ocr_par' dir='ltr' id='par_1_33' title="bbox 166 1738 3490 1863">
     <span class='ocr_line' id='line_1_35' title="bbox 2338 1738 3486 1773; baseline 0.015 -21"><span class='ocrx_word' id='word_1_224' title='bbox 2338 1738 2368 1752; x_wconf 83' lang='grc' dir='ltr'><em>υ</em></span> <span class='ocrx_word' id='word_1_225' title='bbox 2448 1738 2464 1756; x_wconf 86' lang='lat'><strong><em>\</em></strong></span> <span class='ocrx_word' id='word_1_226' title='bbox 2505 1738 2522 1753; x_wconf 77' lang='grc' dir='ltr'><em>ι</em></span> <span class='ocrx_word' id='word_1_227' title='bbox 2556 1738 2582 1742; x_wconf 58' lang='grc'><strong>’⁷</strong></span> <span class='ocrx_word' id='word_1_228' title='bbox 2608 1738 3015 1755; x_wconf 65' lang='grc' dir='ltr'><strong>”--ν·ν-ϋ··υιιινισ</strong></span> <span class='ocrx_word' id='word_1_229' title='bbox 3048 1738 3358 1773; x_wconf 68' lang='grc' dir='ltr'><strong>γιωυιυιδιιι</strong></span> <span class='ocrx_word' id='word_1_230' title='bbox 3398 1738 3486 1769; x_wconf 57' lang='grc' dir='ltr'><strong>ὅδ’</strong></span> 
     </span>
     <span class='ocr_line' id='line_1_36' title="bbox 166 1738 3490 1863; baseline 0.013 -78"><span class='ocrx_word' id='word_1_231' title='bbox 166 1745 299 1788; x_wconf 90' lang='lat' dir='ltr'><strong>rum</strong></span> <span class='ocrx_word' id='word_1_232' title='bbox 345 1738 543 1796; x_wconf 88' lang='lat' dir='ltr'><strong>animis</strong></span> <span class='ocrx_word' id='word_1_233' title='bbox 571 1739 877 1802; x_wconf 85' lang='lat' dir='ltr'><strong>doctrinam</strong></span> <span class='ocrx_word' id='word_1_234' title='bbox 921 1747 1299 1824; x_wconf 87' lang='lat' dir='ltr'><strong>insinuarent;</strong></span> <span class='ocrx_word' id='word_1_235' title='bbox 1329 1759 1470 1816; x_wconf 81' lang='lat' dir='ltr'><strong>haud</strong></span> <span class='ocrx_word' id='word_1_236' title='bbox 1512 1763 1778 1835; x_wconf 82' lang='lat' dir='ltr'><strong>ingratam</strong></span> <span class='ocrx_word' id='word_1_237' title='bbox 1808 1755 1859 1818; x_wconf 88' lang='grc' dir='ltr'><strong>Β</strong></span> <span class='ocrx_word' id='word_1_238' title='bbox 1884 1766 2040 1834; x_wconf 90' lang='lat' dir='ltr'><strong>serit,</strong></span> <span class='ocrx_word' id='word_1_239' title='bbox 2069 1777 2231 1841; x_wconf 89' lang='lat' dir='ltr'><strong>atque</strong></span> <span class='ocrx_word' id='word_1_240' title='bbox 2261 1775 2401 1832; x_wconf 87' lang='lat' dir='ltr'><strong>inter</strong></span> <span class='ocrx_word' id='word_1_241' title='bbox 2430 1783 2736 1840; x_wconf 84' lang='lat' dir='ltr'><strong>recentiora</strong></span> <span class='ocrx_word' id='word_1_242' title='bbox 2778 1788 3133 1858; x_wconf 67' lang='lat' dir='ltr'><strong>phaenomena</strong></span> <span class='ocrx_word' id='word_1_243' title='bbox 3166 1800 3353 1859; x_wconf 46' lang='lat' dir='ltr'><strong>rere“.</strong></span> <span class='ocrx_word' id='word_1_244' title='bbox 3386 1808 3490 1863; x_wconf 51' lang='grc' dir='ltr'><strong>Μ-</strong></span> 
     </span>
     <span class='ocr_line' id='line_1_37' title="bbox 166 1825 1692 1863; baseline 0 0"><span class='ocrx_word' id='word_1_245' title='bbox 166 1839 264 1863; x_wconf 64' lang='lat' dir='ltr'><strong>m0</strong></span> <span class='ocrx_word' id='word_1_246' title='bbox 293 1825 563 1863; x_wconf 58' lang='grc' dir='ltr'><strong>Γαηίηιοηιπ</strong></span> <span class='ocrx_word' id='word_1_247' title='bbox 608 1849 729 1863; x_wconf 52' lang='lat' dir='ltr'><strong>Aean</strong></span> <span class='ocrx_word' id='word_1_248' title='bbox 770 1854 882 1863; x_wconf 63' lang='grc' dir='ltr'><strong>..Λα-ιι</strong></span> <span class='ocrx_word' id='word_1_249' title='bbox 918 1850 1065 1863; x_wconf 52' lang='lat' dir='ltr'><strong>_-l,__</strong></span> <span class='ocrx_word' id='word_1_250' title='bbox 1116 1860 1127 1863; x_wconf 40' lang='grc' dir='ltr'>μ</span> <span class='ocrx_word' id='word_1_251' title='bbox 1329 1851 1340 1862; x_wconf 74' lang='lat' dir='ltr'><strong>I</strong></span> <span class='ocrx_word' id='word_1_252' title='bbox 1422 1852 1435 1863; x_wconf 68' lang='grc' dir='ltr'>ι</span> <span class='ocrx_word' id='word_1_253' title='bbox 1483 1855 1505 1863; x_wconf 64' lang='grc' dir='ltr'><em>ι.</em></span> <span class='ocrx_word' id='word_1_254' title='bbox 1548 1858 1559 1863; x_wconf 88' lang='grc'><strong>-</strong></span> <span class='ocrx_word' id='word_1_255' title='bbox 1662 1860 1692 1863; x_wconf 83' lang='grc'><strong>--</strong></span> 
     </span>
    </p>
   </div>
   <div class='ocr_carea' id='block_1_34' title="bbox 164 1825 1779 1918">
    <p class='ocr_par' dir='ltr' id='par_1_34' title="bbox 164 1825 1779 1918">
     <span class='ocr_line' id='line_1_38' title="bbox 164 1825 1779 1918; baseline 0.025 -40"><span class='ocrx_word' id='word_1_256' title='bbox 164 1839 265 1880; x_wconf 88' lang='lat' dir='ltr'><strong>me</strong></span> <span class='ocrx_word' id='word_1_257' title='bbox 291 1825 564 1888; x_wconf 86' lang='lat' dir='ltr'><strong>facturum</strong></span> <span class='ocrx_word' id='word_1_258' title='bbox 606 1849 730 1891; x_wconf 88' lang='lat' dir='ltr'><strong>esse</strong></span> <span class='ocrx_word' id='word_1_259' title='bbox 770 1854 885 1894; x_wconf 90' lang='lat' dir='ltr'><strong>rem</strong></span> <span class='ocrx_word' id='word_1_260' title='bbox 918 1850 1069 1899; x_wconf 87' lang='lat' dir='ltr'><strong>ratus</strong></span> <span class='ocrx_word' id='word_1_261' title='bbox 1109 1860 1227 1902; x_wconf 91' lang='lat' dir='ltr'><strong>sum</strong></span> <span class='ocrx_word' id='word_1_262' title='bbox 1249 1890 1265 1917; x_wconf 89' lang='lat'><strong>,</strong></span> <span class='ocrx_word' id='word_1_263' title='bbox 1297 1851 1374 1918; x_wconf 90' lang='lat' dir='ltr'><strong>si,</strong></span> <span class='ocrx_word' id='word_1_264' title='bbox 1402 1852 1779 1918; x_wconf 87' lang='lat' dir='ltr'><strong>deficientibus</strong></span> 
     </span>
    </p>
   </div>
   <div class='ocr_carea' id='block_1_35' title="bbox 165 1918 1779 2023">
    <p class='ocr_par' dir='ltr' id='par_1_35' title="bbox 165 1918 1779 2023">
     <span class='ocr_line' id='line_1_39' title="bbox 165 1918 1779 2023; baseline 0.025 -52"><span class='ocrx_word' id='word_1_265' title='bbox 165 1918 395 1989; x_wconf 84' lang='lat' dir='ltr'><strong>scriptis</strong></span> <span class='ocrx_word' id='word_1_266' title='bbox 445 1922 592 1982; x_wconf 89' lang='lat' dir='ltr'><strong>illius</strong></span> <span class='ocrx_word' id='word_1_267' title='bbox 635 1943 741 1999; x_wconf 91' lang='lat' dir='ltr'><strong>qua</strong></span> <span class='ocrx_word' id='word_1_268' title='bbox 768 1930 1102 1994; x_wconf 82' lang='lat' dir='ltr'><strong>Auscharius</strong></span> <span class='ocrx_word' id='word_1_269' title='bbox 1131 1940 1317 1999; x_wconf 82' lang='lat' dir='ltr'><strong>floruit</strong></span> <span class='ocrx_word' id='word_1_270' title='bbox 1342 1949 1519 2004; x_wconf 61' lang='lat' dir='ltr'><strong>aetatis</strong></span> <span class='ocrx_word' id='word_1_271' title='bbox 1538 1990 1553 2018; x_wconf 93' lang='lat'><strong>,</strong></span> <span class='ocrx_word' id='word_1_272' title='bbox 1582 1954 1779 2023; x_wconf 87' lang='lat' dir='ltr'><strong>quibus</strong></span> 
     </span>
    </p>
   </div>
   <div class='ocr_carea' id='block_1_36' title="bbox 164 2006 1780 2104">
    <p class='ocr_par' dir='ltr' id='par_1_36' title="bbox 164 2006 1780 2104">
     <span class='ocr_line' id='line_1_40' title="bbox 164 2006 1780 2104; baseline 0.027 -43"><span class='ocrx_word' id='word_1_273' title='bbox 164 2006 568 2071; x_wconf 86' lang='lat' dir='ltr'><strong>Germanorum</strong></span> <span class='ocrx_word' id='word_1_274' title='bbox 626 2030 680 2075; x_wconf 92' lang='lat' dir='ltr'><strong>et</strong></span> <span class='ocrx_word' id='word_1_275' title='bbox 724 2026 1048 2094; x_wconf 89' lang='lat' dir='ltr'><strong>populorum</strong></span> <span class='ocrx_word' id='word_1_276' title='bbox 1098 2039 1605 2104; x_wconf 87' lang='lat' dir='ltr'><strong>septentrionalium</strong></span> <span class='ocrx_word' id='word_1_277' title='bbox 1651 2047 1780 2103; x_wconf 84' lang='lat' dir='ltr'><strong>reli-</strong></span> 
     </span>
    </p>
   </div>
   <div class='ocr_carea' id='block_1_37' title="bbox 162 2103 1774 2203">
    <p class='ocr_par' dir='ltr' id='par_1_37' title="bbox 162 2103 1774 2203">
     <span class='ocr_line' id='line_1_41' title="bbox 162 2103 1774 2203; baseline 0.027 -47"><span class='ocrx_word' id='word_1_278' title='bbox 162 2103 362 2175; x_wconf 89' lang='lat' dir='ltr'><strong>giones</strong></span> <span class='ocrx_word' id='word_1_279' title='bbox 384 2108 861 2189; x_wconf 86' lang='lat' dir='ltr'><strong>impugnabantur,</strong></span> <span class='ocrx_word' id='word_1_280' title='bbox 885 2135 1225 2194; x_wconf 84' lang='lat' dir='ltr'><strong>argumenta,</strong></span> <span class='ocrx_word' id='word_1_281' title='bbox 1248 2132 1448 2203; x_wconf 89' lang='lat' dir='ltr'><strong>quibus</strong></span> <span class='ocrx_word' id='word_1_282' title='bbox 1482 2135 1774 2198; x_wconf 89' lang='lat' dir='ltr'><strong>Christiani</strong></span> 
     </span>
    </p>
   </div>
   <div class='ocr_carea' id='block_1_38' title="bbox 163 2194 1776 2306">
    <p class='ocr_par' dir='ltr' id='par_1_38' title="bbox 163 2194 1776 2306">
     <span class='ocr_line' id='line_1_42' title="bbox 163 2194 1776 2306; baseline 0.026 -58"><span class='ocrx_word' id='word_1_283' title='bbox 163 2194 610 2270; x_wconf 79' lang='lat' dir='ltr'><strong>Polytheismum</strong></span> <span class='ocrx_word' id='word_1_284' title='bbox 631 2249 645 2273; x_wconf 94' lang='lat'><strong>,</strong></span> <span class='ocrx_word' id='word_1_285' title='bbox 675 2211 764 2281; x_wconf 88' lang='lat' dir='ltr'><strong>qui</strong></span> <span class='ocrx_word' id='word_1_286' title='bbox 798 2213 851 2267; x_wconf 93' lang='lat' dir='ltr'><strong>in</strong></span> <span class='ocrx_word' id='word_1_287' title='bbox 879 2213 1127 2274; x_wconf 83' lang='lat' dir='ltr'><strong>Romano</strong></span> <span class='ocrx_word' id='word_1_288' title='bbox 1171 2194 1404 2294; x_wconf 66' lang='lat' dir='ltr'><strong>imperio</strong></span> <span class='ocrx_word' id='word_1_289' title='bbox 1452 2230 1651 2302; x_wconf 85' lang='lat' dir='ltr'><strong>viguit,</strong></span> <span class='ocrx_word' id='word_1_290' title='bbox 1681 2250 1776 2306; x_wconf 84' lang='lat' dir='ltr'><strong>ag-</strong></span> 
     </span>
    </p>
   </div>
   <div class='ocr_carea' id='block_1_39' title="bbox 162 2292 1774 2399">
    <p class='ocr_par' dir='ltr' id='par_1_39' title="bbox 162 2292 1774 2399">
     <span class='ocr_line' id='line_1_43' title="bbox 162 2292 1774 2399; baseline 0.028 -58"><span class='ocrx_word' id='word_1_291' title='bbox 162 2292 339 2359; x_wconf 89' lang='lat' dir='ltr'><strong>gressi</strong></span> <span class='ocrx_word' id='word_1_292' title='bbox 372 2307 528 2363; x_wconf 87' lang='lat' dir='ltr'><strong>sunt,</strong></span> <span class='ocrx_word' id='word_1_293' title='bbox 558 2300 609 2354; x_wconf 89' lang='lat' dir='ltr'><strong>iu</strong></span> <span class='ocrx_word' id='word_1_294' title='bbox 640 2308 959 2364; x_wconf 88' lang='lat' dir='ltr'><strong>memoriam</strong></span> <span class='ocrx_word' id='word_1_295' title='bbox 989 2327 1305 2373; x_wconf 88' lang='lat' dir='ltr'><strong>revocarem</strong></span> <span class='ocrx_word' id='word_1_296' title='bbox 1342 2336 1357 2374; x_wconf 90' lang='lat'><strong><em>:</em></strong></span> <span class='ocrx_word' id='word_1_297' title='bbox 1392 2322 1624 2395; x_wconf 88' lang='lat' dir='ltr'><strong>ideoque</strong></span> <span class='ocrx_word' id='word_1_298' title='bbox 1649 2343 1774 2399; x_wconf 89' lang='lat' dir='ltr'><strong>spe-</strong></span> 
     </span>
    </p>
   </div>
   <div class='ocr_carea' id='block_1_40' title="bbox 162 2384 1772 2492">
    <p class='ocr_par' dir='ltr' id='par_1_40' title="bbox 162 2384 1772 2492">
     <span class='ocr_line' id='line_1_44' title="bbox 162 2384 1772 2492; baseline 0.027 -58"><span class='ocrx_word' id='word_1_299' title='bbox 162 2384 314 2451; x_wconf 84' lang='lat' dir='ltr'><strong>ravi,</strong></span> <span class='ocrx_word' id='word_1_300' title='bbox 343 2384 576 2447; x_wconf 88' lang='lat' dir='ltr'><strong>lectores</strong></span> <span class='ocrx_word' id='word_1_301' title='bbox 625 2405 678 2450; x_wconf 88' lang='lat' dir='ltr'><strong>et</strong></span> <span class='ocrx_word' id='word_1_302' title='bbox 726 2397 931 2460; x_wconf 90' lang='lat' dir='ltr'><strong>hancce</strong></span> <span class='ocrx_word' id='word_1_303' title='bbox 960 2404 1182 2465; x_wconf 88' lang='lat' dir='ltr'><strong>Firmici</strong></span> <span class='ocrx_word' id='word_1_304' title='bbox 1204 2452 1218 2478; x_wconf 94' lang='lat'><strong>,</strong></span> <span class='ocrx_word' id='word_1_305' title='bbox 1251 2414 1341 2482; x_wconf 90' lang='lat' dir='ltr'><strong>qui</strong></span> <span class='ocrx_word' id='word_1_306' title='bbox 1393 2416 1446 2471; x_wconf 91' lang='lat' dir='ltr'><strong>in</strong></span> <span class='ocrx_word' id='word_1_307' title='bbox 1483 2418 1585 2475; x_wconf 90' lang='lat' dir='ltr'><strong>hoc</strong></span> <span class='ocrx_word' id='word_1_308' title='bbox 1612 2436 1772 2492; x_wconf 83' lang='lat' dir='ltr'><strong>argu-</strong></span> 
     </span>
    </p>
   </div>
   <div class='ocr_carea' id='block_1_41' title="bbox 164 2484 1770 2582">
    <p class='ocr_par' dir='ltr' id='par_1_41' title="bbox 164 2484 1770 2582">
     <span class='ocr_line' id='line_1_45' title="bbox 164 2484 1770 2582; baseline 0.026 -52"><span class='ocrx_word' id='word_1_309' title='bbox 164 2487 357 2534; x_wconf 87' lang='lat' dir='ltr'><strong>mento</strong></span> <span class='ocrx_word' id='word_1_310' title='bbox 385 2484 541 2542; x_wconf 88' lang='lat' dir='ltr'><strong>unice</strong></span> <span class='ocrx_word' id='word_1_311' title='bbox 571 2500 839 2561; x_wconf 80' lang='lat' dir='ltr'><strong>versatur,</strong></span> <span class='ocrx_word' id='word_1_312' title='bbox 866 2511 1060 2554; x_wconf 89' lang='lat' dir='ltr'><strong>novam</strong></span> <span class='ocrx_word' id='word_1_313' title='bbox 1089 2502 1384 2562; x_wconf 89' lang='lat' dir='ltr'><strong>editionem</strong></span> <span class='ocrx_word' id='word_1_314' title='bbox 1409 2524 1566 2582; x_wconf 66' lang='lat' dir='ltr'><strong>atquo</strong></span> <span class='ocrx_word' id='word_1_315' title='bbox 1588 2513 1770 2571; x_wconf 89' lang='lat' dir='ltr'><strong>animo</strong></span> 
     </span>
    </p>
   </div>
   <div class='ocr_carea' id='block_1_42' title="bbox 165 2581 654 2643">
    <p class='ocr_par' dir='ltr' id='par_1_42' title="bbox 165 2581 654 2643">
     <span class='ocr_line' id='line_1_46' title="bbox 165 2581 654 2643; baseline 0.025 -20"><span class='ocrx_word' id='word_1_316' title='bbox 165 2581 488 2643; x_wconf 85' lang='lat' dir='ltr'><strong>accepturos</strong></span> <span class='ocrx_word' id='word_1_317' title='bbox 513 2594 654 2638; x_wconf 82' lang='lat' dir='ltr'><strong>esse.</strong></span> 
     </span>
    </p>
   </div>
   <div class='ocr_carea' id='block_1_43' title="bbox 935 2684 1000 2741">
    <p class='ocr_par' dir='ltr' id='par_1_43' title="bbox 935 2684 1000 2741">
     <span class='ocr_line' id='line_1_47' title="bbox 935 2684 1000 2741; baseline -0.015 -1"><span class='ocrx_word' id='word_1_318' title='bbox 935 2684 1000 2741; x_wconf 85' lang='lat' dir='ltr'><strong>ll.</strong></span> 
     </span>
    </p>
   </div>
   <div class='ocr_carea' id='block_1_44' title="bbox 244 2756 1766 2853">
    <p class='ocr_par' dir='ltr' id='par_1_44' title="bbox 244 2756 1766 2853">
     <span class='ocr_line' id='line_1_48' title="bbox 244 2756 1766 2853; baseline 0.026 -41"><span class='ocrx_word' id='word_1_319' title='bbox 244 2756 499 2819; x_wconf 84' lang='lat' dir='ltr'><strong>Editores</strong></span> <span class='ocrx_word' id='word_1_320' title='bbox 525 2770 726 2826; x_wconf 87' lang='lat' dir='ltr'><strong>veteris</strong></span> <span class='ocrx_word' id='word_1_321' title='bbox 748 2772 1043 2845; x_wconf 87' lang='lat' dir='ltr'><strong>cujuslibet</strong></span> <span class='ocrx_word' id='word_1_322' title='bbox 1079 2783 1362 2853; x_wconf 84' lang='lat' dir='ltr'><strong>scriptoris</strong></span> <span class='ocrx_word' id='word_1_323' title='bbox 1392 2788 1599 2847; x_wconf 85' lang='lat' dir='ltr'><strong>initium</strong></span> <span class='ocrx_word' id='word_1_324' title='bbox 1629 2796 1766 2850; x_wconf 89' lang='lat' dir='ltr'><strong>scri-</strong></span> 
     </span>
    </p>
   </div>
   <div class='ocr_carea' id='block_1_45' title="bbox 168 2850 1765 2945">
    <p class='ocr_par' dir='ltr' id='par_1_45' title="bbox 168 2850 1765 2945">
     <span class='ocr_line' id='line_1_49' title="bbox 168 2850 1765 2945; baseline 0.025 -41"><span class='ocrx_word' id='word_1_325' title='bbox 168 2850 332 2908; x_wconf 84' lang='lat' dir='ltr'><strong>bendi</strong></span> <span class='ocrx_word' id='word_1_326' title='bbox 374 2857 553 2916; x_wconf 89' lang='lat' dir='ltr'><strong>facere</strong></span> <span class='ocrx_word' id='word_1_327' title='bbox 581 2862 759 2919; x_wconf 92' lang='lat' dir='ltr'><strong>solent</strong></span> <span class='ocrx_word' id='word_1_328' title='bbox 789 2866 855 2922; x_wconf 88' lang='lat' dir='ltr'><strong>de</strong></span> <span class='ocrx_word' id='word_1_329' title='bbox 885 2869 1000 2939; x_wconf 88' lang='lat' dir='ltr'><strong>ipso</strong></span> <span class='ocrx_word' id='word_1_330' title='bbox 1020 2915 1033 2939; x_wconf 93' lang='lat'><strong>,</strong></span> <span class='ocrx_word' id='word_1_331' title='bbox 1062 2850 1222 2945; x_wconf 85' lang='lat' dir='ltr'><strong>quem</strong></span> <span class='ocrx_word' id='word_1_332' title='bbox 1248 2879 1350 2937; x_wconf 90' lang='lat' dir='ltr'><strong>sibi</strong></span> <span class='ocrx_word' id='word_1_333' title='bbox 1383 2883 1765 2943; x_wconf 85' lang='lat' dir='ltr'><strong>illustrandum</strong></span> 
     </span>
    </p>
   </div>
   <div class='ocr_carea' id='block_1_46' title="bbox 165 2959 1765 3052">
    <p class='ocr_par' dir='ltr' id='par_1_46' title="bbox 165 2959 1765 3052">
     <span class='ocr_line' id='line_1_50' title="bbox 165 2959 1765 3052; baseline 0.024 -53"><span class='ocrx_word' id='word_1_334' title='bbox 165 2959 546 3020; x_wconf 85' lang='lat' dir='ltr'><strong>sumpserunt,</strong></span> <span class='ocrx_word' id='word_1_335' title='bbox 577 2968 839 3015; x_wconf 90' lang='lat' dir='ltr'><strong>auctore:</strong></span> <span class='ocrx_word' id='word_1_336' title='bbox 873 2965 1015 3033; x_wconf 90' lang='lat' dir='ltr'><strong>quod</strong></span> <span class='ocrx_word' id='word_1_337' title='bbox 1070 2970 1290 3039; x_wconf 90' lang='lat' dir='ltr'><strong>quidem</strong></span> <span class='ocrx_word' id='word_1_338' title='bbox 1341 2977 1418 3030; x_wconf 89' lang='lat' dir='ltr'><strong>rei</strong></span> <span class='ocrx_word' id='word_1_339' title='bbox 1485 2979 1625 3035; x_wconf 87' lang='lat' dir='ltr'><strong>ratio</strong></span> <span class='ocrx_word' id='word_1_340' title='bbox 1668 2997 1765 3052; x_wconf 83' lang='lat' dir='ltr'><strong>po-</strong></span> 
     </span>
    </p>
   </div>
   <div class='ocr_carea' id='block_1_47' title="bbox 162 3039 1758 3144">
    <p class='ocr_par' dir='ltr' id='par_1_47' title="bbox 162 3039 1758 3144">
     <span class='ocr_line' id='line_1_51' title="bbox 162 3039 1758 3144; baseline 0.026 -53"><span class='ocrx_word' id='word_1_341' title='bbox 162 3039 346 3095; x_wconf 84' lang='lat' dir='ltr'><strong>stulat.</strong></span> <span class='ocrx_word' id='word_1_342' title='bbox 376 3041 459 3100; x_wconf 79' lang='lat' dir='ltr'><strong>Me</strong></span> <span class='ocrx_word' id='word_1_343' title='bbox 477 3061 608 3103; x_wconf 82' lang='lat' dir='ltr'><strong>vero</strong></span> <span class='ocrx_word' id='word_1_344' title='bbox 634 3064 823 3108; x_wconf 90' lang='lat' dir='ltr'><strong>eorum</strong></span> <span class='ocrx_word' id='word_1_345' title='bbox 852 3059 1091 3129; x_wconf 38' lang='lat' dir='ltr'><strong>vestigiis</strong></span> <span class='ocrx_word' id='word_1_346' title='bbox 1110 3065 1195 3119; x_wconf 80' lang='lat' dir='ltr'><strong>vix</strong></span> <span class='ocrx_word' id='word_1_347' title='bbox 1220 3075 1315 3121; x_wconf 89' lang='lat' dir='ltr'><strong>aut</strong></span> <span class='ocrx_word' id='word_1_348' title='bbox 1343 3085 1410 3124; x_wconf 88' lang='lat' dir='ltr'><strong>ne</strong></span> <span class='ocrx_word' id='word_1_349' title='bbox 1433 3073 1516 3127; x_wconf 78' lang='lat' dir='ltr'><strong>vix</strong></span> <span class='ocrx_word' id='word_1_350' title='bbox 1542 3076 1758 3144; x_wconf 85' lang='lat' dir='ltr'><strong>quidem</strong></span> 
     </span>
    </p>
   </div>
   <div class='ocr_carea' id='block_1_48' title="bbox 166 3132 1831 3232">
    <p class='ocr_par' dir='ltr' id='par_1_48' title="bbox 166 3132 1831 3232">
     <span class='ocr_line' id='line_1_52' title="bbox 166 3132 1831 3232; baseline 0.025 -44"><span class='ocrx_word' id='word_1_351' title='bbox 166 3132 421 3194; x_wconf 84' lang='lat' dir='ltr'><strong>insistere</strong></span> <span class='ocrx_word' id='word_1_352' title='bbox 473 3156 631 3212; x_wconf 89' lang='lat' dir='ltr'><strong>posse</strong></span> <span class='ocrx_word' id='word_1_353' title='bbox 669 3160 873 3207; x_wconf 86' lang='lat' dir='ltr'><strong>norunt</strong></span> <span class='ocrx_word' id='word_1_354' title='bbox 916 3170 1107 3213; x_wconf 89' lang='lat' dir='ltr'><strong>omnes</strong></span> <span class='ocrx_word' id='word_1_355' title='bbox 1151 3162 1532 3232; x_wconf 70' lang='lat' dir='ltr'><strong>antijuitatum</strong></span> <span class='ocrx_word' id='word_1_356' title='bbox 1584 3146 1831 3226; x_wconf 81' lang='lat' dir='ltr'><strong>eccle-C</strong></span> 
     </span>
    </p>
   </div>
   <div class='ocr_carea' id='block_1_49' title="bbox 164 3227 1763 3333">
    <p class='ocr_par' dir='ltr' id='par_1_49' title="bbox 164 3227 1763 3333">
     <span class='ocr_line' id='line_1_53' title="bbox 164 3227 1763 3333; baseline 0.025 -52"><span class='ocrx_word' id='word_1_357' title='bbox 164 3227 506 3290; x_wconf 87' lang='lat' dir='ltr'><strong>siasticarum</strong></span> <span class='ocrx_word' id='word_1_358' title='bbox 536 3241 715 3308; x_wconf 90' lang='lat' dir='ltr'><strong>periti.</strong></span> <span class='ocrx_word' id='word_1_359' title='bbox 742 3243 836 3299; x_wconf 89' lang='lat' dir='ltr'><strong>Illa</strong></span> <span class='ocrx_word' id='word_1_360' title='bbox 866 3249 1009 3304; x_wconf 88' lang='lat' dir='ltr'><strong>cnim</strong></span> <span class='ocrx_word' id='word_1_361' title='bbox 1044 3251 1223 3325; x_wconf 88' lang='lat' dir='ltr'><strong>iniqua</strong></span> <span class='ocrx_word' id='word_1_362' title='bbox 1251 3271 1371 3313; x_wconf 89' lang='lat' dir='ltr'><strong>sors</strong></span> <span class='ocrx_word' id='word_1_363' title='bbox 1405 3260 1599 3333; x_wconf 86' lang='lat' dir='ltr'><strong>obtigit</strong></span> <span class='ocrx_word' id='word_1_364' title='bbox 1645 3264 1763 3320; x_wconf 85' lang='lat' dir='ltr'><strong>Fir-</strong></span> 
     </span>
    </p>
   </div>
   <div class='ocr_carea' id='block_1_50' title="bbox 165 3321 1762 3425">
    <p class='ocr_par' dir='ltr' id='par_1_50' title="bbox 165 3321 1762 3425">
     <span class='ocr_line' id='line_1_54' title="bbox 165 3321 1762 3425; baseline 0.024 -48"><span class='ocrx_word' id='word_1_365' title='bbox 165 3321 307 3380; x_wconf 88' lang='lat' dir='ltr'><strong>mico</strong></span> <span class='ocrx_word' id='word_1_366' title='bbox 338 3343 460 3384; x_wconf 89' lang='lat' dir='ltr'><strong>meo</strong></span> <span class='ocrx_word' id='word_1_367' title='bbox 481 3372 495 3397; x_wconf 91' lang='lat'><strong>,</strong></span> <span class='ocrx_word' id='word_1_368' title='bbox 520 3341 579 3386; x_wconf 89' lang='lat' dir='ltr'><strong>ut</strong></span> <span class='ocrx_word' id='word_1_369' title='bbox 622 3351 690 3392; x_wconf 89' lang='lat' dir='ltr'><strong>ne</strong></span> <span class='ocrx_word' id='word_1_370' title='bbox 714 3354 856 3396; x_wconf 86' lang='lat' dir='ltr'><strong>unus</strong></span> <span class='ocrx_word' id='word_1_371' title='bbox 885 3344 1104 3413; x_wconf 86' lang='lat' dir='ltr'><strong>quidem</strong></span> <span class='ocrx_word' id='word_1_372' title='bbox 1135 3350 1372 3421; x_wconf 82' lang='lat' dir='ltr'><strong>scriptor</strong></span> <span class='ocrx_word' id='word_1_373' title='bbox 1394 3352 1553 3425; x_wconf 88' lang='lat' dir='ltr'><strong>hujus</strong></span> <span class='ocrx_word' id='word_1_374' title='bbox 1584 3360 1762 3415; x_wconf 86' lang='lat' dir='ltr'><strong>nomi-</strong></span> 
     </span>
    </p>
   </div>
   <div class='ocr_carea' id='block_1_51' title="bbox 164 3416 1757 3516">
    <p class='ocr_par' dir='ltr' id='par_1_51' title="bbox 164 3416 1757 3516">
     <span class='ocr_line' id='line_1_55' title="bbox 164 3416 1757 3516; baseline 0.025 -48"><span class='ocrx_word' id='word_1_375' title='bbox 164 3416 247 3469; x_wconf 88' lang='lat' dir='ltr'><strong>nis</strong></span> <span class='ocrx_word' id='word_1_376' title='bbox 314 3421 619 3481; x_wconf 87' lang='lat' dir='ltr'><strong>memincrit</strong></span> <span class='ocrx_word' id='word_1_377' title='bbox 665 3440 792 3487; x_wconf 91' lang='lat' dir='ltr'><strong>ante</strong></span> <span class='ocrx_word' id='word_1_378' title='bbox 855 3433 1152 3493; x_wconf 84' lang='lat' dir='ltr'><strong>Honorium</strong></span> <span class='ocrx_word' id='word_1_379' title='bbox 1212 3447 1757 3516; x_wconf 88' lang='lat' dir='ltr'><strong>Augustodunensem</strong></span> 
     </span>
    </p>
   </div>
   <div class='ocr_carea' id='block_1_52' title="bbox 164 3511 1756 3616">
    <p class='ocr_par' dir='ltr' id='par_1_52' title="bbox 164 3511 1756 3616">
     <span class='ocr_line' id='line_1_56' title="bbox 164 3511 1756 3616; baseline 0.024 -53"><span class='ocrx_word' id='word_1_380' title='bbox 164 3511 343 3567; x_wconf 63' lang='lat' dir='ltr'><strong>saeculi</strong></span> <span class='ocrx_word' id='word_1_381' title='bbox 390 3530 485 3571; x_wconf 80' lang='lat' dir='ltr'><strong>xm</strong></span> <span class='ocrx_word' id='word_1_382' title='bbox 510 3521 867 3592; x_wconf 89' lang='lat' dir='ltr'><strong>scriptorem,</strong></span> <span class='ocrx_word' id='word_1_383' title='bbox 898 3530 988 3598; x_wconf 89' lang='lat' dir='ltr'><strong>qni</strong></span> <span class='ocrx_word' id='word_1_384' title='bbox 1039 3532 1178 3589; x_wconf 88' lang='lat' dir='ltr'><strong>libro</strong></span> <span class='ocrx_word' id='word_1_385' title='bbox 1208 3551 1244 3590; x_wconf 88' lang='lat' dir='ltr'><strong>n</strong></span> <span class='ocrx_word' id='word_1_386' title='bbox 1293 3536 1362 3593; x_wconf 91' lang='lat' dir='ltr'><strong>de</strong></span> <span class='ocrx_word' id='word_1_387' title='bbox 1408 3540 1756 3616; x_wconf 84' lang='lat' dir='ltr'><strong>Philosophia</strong></span> 
     </span>
    </p>
   </div>
   <div class='ocr_carea' id='block_1_53' title="bbox 164 3601 1757 3695">
    <p class='ocr_par' dir='ltr' id='par_1_53' title="bbox 164 3601 1757 3695">
     <span class='ocr_line' id='line_1_57' title="bbox 164 3601 1757 3695; baseline 0.024 -37"><span class='ocrx_word' id='word_1_388' title='bbox 164 3601 346 3662; x_wconf 82' lang='lat' dir='ltr'><strong>Mundi</strong></span> <span class='ocrx_word' id='word_1_389' title='bbox 397 3623 517 3682; x_wconf 88' lang='lat' dir='ltr'><strong>cap.</strong></span> <span class='ocrx_word' id='word_1_390' title='bbox 557 3611 624 3681; x_wconf 83' lang='lat'><strong>5,</strong></span> <span class='ocrx_word' id='word_1_391' title='bbox 655 3616 877 3676; x_wconf 89' lang='lat' dir='ltr'><strong>Firmici</strong></span> <span class='ocrx_word' id='word_1_392' title='bbox 922 3622 1345 3686; x_wconf 87' lang='lat' dir='ltr'><strong>Astronomicon</strong></span> <span class='ocrx_word' id='word_1_393' title='bbox 1395 3633 1595 3691; x_wconf 82' lang='lat' dir='ltr'><strong>laudat.</strong></span> <span class='ocrx_word' id='word_1_394' title='bbox 1631 3601 1757 3695; x_wconf 69' lang='grc' dir='ltr'><strong>Ἠοὰ</strong></span> 
     </span>
    </p>
   </div>
   <div class='ocr_carea' id='block_1_54' title="bbox 161 3711 1756 3802">
    <p class='ocr_par' dir='ltr' id='par_1_54' title="bbox 161 3711 1756 3802">
     <span class='ocr_line' id='line_1_58' title="bbox 161 3711 1756 3802; baseline 0.023 -51"><span class='ocrx_word' id='word_1_395' title='bbox 161 3711 288 3753; x_wconf 86' lang='lat' dir='ltr'><strong>vero</strong></span> <span class='ocrx_word' id='word_1_396' title='bbox 315 3715 427 3756; x_wconf 87' lang='lat' dir='ltr'><strong>rem</strong></span> <span class='ocrx_word' id='word_1_397' title='bbox 456 3713 695 3763; x_wconf 86' lang='lat' dir='ltr'><strong>nostram</strong></span> <span class='ocrx_word' id='word_1_398' title='bbox 729 3727 914 3781; x_wconf 84' lang='lat' dir='ltr'><strong>parum</strong></span> <span class='ocrx_word' id='word_1_399' title='bbox 935 3716 1090 3786; x_wconf 84' lang='lat' dir='ltr'><strong>juvat</strong></span> <span class='ocrx_word' id='word_1_400' title='bbox 1113 3762 1126 3785; x_wconf 94' lang='lat'><strong>,</strong></span> <span class='ocrx_word' id='word_1_401' title='bbox 1160 3737 1280 3777; x_wconf 90' lang='lat' dir='ltr'><strong>cum</strong></span> <span class='ocrx_word' id='word_1_402' title='bbox 1315 3724 1401 3780; x_wconf 92' lang='lat' dir='ltr'><strong>hic</strong></span> <span class='ocrx_word' id='word_1_403' title='bbox 1431 3727 1570 3785; x_wconf 90' lang='lat' dir='ltr'><strong>liber</strong></span> <span class='ocrx_word' id='word_1_404' title='bbox 1593 3731 1756 3802; x_wconf 85' lang='lat' dir='ltr'><strong>plane</strong></span> 
     </span>
    </p>
   </div>
   <div class='ocr_carea' id='block_1_55' title="bbox 162 3790 1751 3895">
    <p class='ocr_par' dir='ltr' id='par_1_55' title="bbox 162 3790 1751 3895">
     <span class='ocr_line' id='line_1_59' title="bbox 162 3790 1751 3895; baseline 0.021 -50"><span class='ocrx_word' id='word_1_405' title='bbox 162 3790 406 3849; x_wconf 83' lang='lat' dir='ltr'><strong>diversus</strong></span> <span class='ocrx_word' id='word_1_406' title='bbox 432 3797 502 3853; x_wconf 88' lang='lat' dir='ltr'><strong>sit</strong></span> <span class='ocrx_word' id='word_1_407' title='bbox 529 3814 559 3853; x_wconf 87' lang='lat' dir='ltr'><strong>a</strong></span> <span class='ocrx_word' id='word_1_408' title='bbox 591 3813 776 3858; x_wconf 89' lang='lat' dir='ltr'><strong>nostro</strong></span> <span class='ocrx_word' id='word_1_409' title='bbox 804 3806 872 3863; x_wconf 90' lang='lat' dir='ltr'><strong>de</strong></span> <span class='ocrx_word' id='word_1_410' title='bbox 904 3808 1105 3865; x_wconf 86' lang='lat' dir='ltr'><strong>Errore</strong></span> <span class='ocrx_word' id='word_1_411' title='bbox 1148 3816 1494 3884; x_wconf 68' lang='lat' dir='ltr'><strong>profanarum</strong></span> <span class='ocrx_word' id='word_1_412' title='bbox 1527 3824 1751 3895; x_wconf 88' lang='lat' dir='ltr'><strong>religio-</strong></span> 
     </span>
    </p>
   </div>
   <div class='ocr_carea' id='block_1_56' title="bbox 161 3896 1751 3977">
    <p class='ocr_par' dir='ltr' id='par_1_56' title="bbox 161 3896 1751 3977">
     <span class='ocr_line' id='line_1_60' title="bbox 161 3896 1751 3977; baseline 0.023 -42"><span class='ocrx_word' id='word_1_413' title='bbox 161 3896 307 3951; x_wconf 90' lang='lat' dir='ltr'><strong>num,</strong></span> <span class='ocrx_word' id='word_1_414' title='bbox 340 3900 463 3954; x_wconf 92' lang='lat' dir='ltr'><strong>nec,</strong></span> <span class='ocrx_word' id='word_1_415' title='bbox 493 3904 612 3945; x_wconf 90' lang='lat' dir='ltr'><strong>mea</strong></span> <span class='ocrx_word' id='word_1_416' title='bbox 641 3897 940 3967; x_wconf 88' lang='lat' dir='ltr'><strong>sententia,</strong></span> <span class='ocrx_word' id='word_1_417' title='bbox 974 3901 1185 3960; x_wconf 88' lang='lat' dir='ltr'><strong>idoneis</strong></span> <span class='ocrx_word' id='word_1_418' title='bbox 1215 3914 1550 3977; x_wconf 82' lang='lat' dir='ltr'><strong>argumentis</strong></span> <span class='ocrx_word' id='word_1_419' title='bbox 1575 3916 1751 3972; x_wconf 91' lang='lat' dir='ltr'><strong>evinci</strong></span> 
     </span>
    </p>
   </div>
   <div class='ocr_carea' id='block_1_57' title="bbox 159 3976 1748 4078">
    <p class='ocr_par' dir='ltr' id='par_1_57' title="bbox 159 3976 1748 4078">
     <span class='ocr_line' id='line_1_61' title="bbox 159 3976 1748 4078; baseline 0.025 -52"><span class='ocrx_word' id='word_1_420' title='bbox 159 3976 354 4045; x_wconf 83' lang='lat' dir='ltr'><strong>possit,</strong></span> <span class='ocrx_word' id='word_1_421' title='bbox 381 3986 675 4055; x_wconf 89' lang='lat' dir='ltr'><strong>utrumque</strong></span> <span class='ocrx_word' id='word_1_422' title='bbox 718 3985 914 4045; x_wconf 90' lang='lat' dir='ltr'><strong>librum</strong></span> <span class='ocrx_word' id='word_1_423' title='bbox 943 3993 1010 4050; x_wconf 89' lang='lat' dir='ltr'><strong>ab</strong></span> <span class='ocrx_word' id='word_1_424' title='bbox 1050 3997 1241 4053; x_wconf 89' lang='lat' dir='ltr'><strong>eodem</strong></span> <span class='ocrx_word' id='word_1_425' title='bbox 1290 3976 1514 4061; x_wconf 83' lang='lat' dir='ltr'><strong>auctore</strong></span> <span class='ocrx_word' id='word_1_426' title='bbox 1563 4009 1748 4078; x_wconf 88' lang='lat' dir='ltr'><strong>profe-</strong></span> 
     </span>
    </p>
   </div>
   <div class='ocr_carea' id='block_1_58' title="bbox 161 4073 474 4127">
    <p class='ocr_par' dir='ltr' id='par_1_58' title="bbox 161 4073 474 4127">
     <span class='ocr_line' id='line_1_62' title="bbox 161 4073 474 4127; baseline 0.029 -8"><span class='ocrx_word' id='word_1_427' title='bbox 161 4073 300 4121; x_wconf 65' lang='lat' dir='ltr'><strong>Clill‘ll</strong></span> <span class='ocrx_word' id='word_1_428' title='bbox 331 4083 474 4127; x_wconf 82' lang='lat' dir='ltr'><strong>esse.</strong></span> 
     </span>
    </p>
   </div>
   <div class='ocr_carea' id='block_1_59' title="bbox 224 4137 1747 4245">
    <p class='ocr_par' dir='ltr' id='par_1_59' title="bbox 224 4137 1747 4245">
     <span class='ocr_line' id='line_1_63' title="bbox 224 4137 1747 4245; baseline 0.025 -54"><span class='ocrx_word' id='word_1_429' title='bbox 224 4137 403 4210; x_wconf 85' lang='lat' dir='ltr'><strong>Ipsum</strong></span> <span class='ocrx_word' id='word_1_430' title='bbox 433 4142 784 4207; x_wconf 82' lang='lat' dir='ltr'><strong>Firmicoram</strong></span> <span class='ocrx_word' id='word_1_431' title='bbox 808 4170 1004 4213; x_wconf 89' lang='lat' dir='ltr'><strong>nomen</strong></span> <span class='ocrx_word' id='word_1_432' title='bbox 1032 4161 1322 4218; x_wconf 85' lang='lat' dir='ltr'><strong>obscurum</strong></span> <span class='ocrx_word' id='word_1_433' title='bbox 1354 4178 1457 4224; x_wconf 88' lang='lat' dir='ltr'><strong>est.</strong></span> <span class='ocrx_word' id='word_1_434' title='bbox 1490 4168 1545 4225; x_wconf 92' lang='lat' dir='ltr'><strong>ln</strong></span> <span class='ocrx_word' id='word_1_435' title='bbox 1578 4174 1747 4245; x_wconf 87' lang='lat' dir='ltr'><strong>scrip-</strong></span> 
     </span>
    </p>
   </div>
   <div class='ocr_carea' id='block_1_60' title="bbox 155 4234 1749 4322">
    <p class='ocr_par' dir='ltr' id='par_1_60' title="bbox 155 4234 1749 4322">
     <span class='ocr_line' id='line_1_64' title="bbox 155 4234 1749 4322; baseline 0.022 -35"><span class='ocrx_word' id='word_1_436' title='bbox 155 4234 361 4291; x_wconf 87' lang='lat' dir='ltr'><strong>toribus</strong></span> <span class='ocrx_word' id='word_1_437' title='bbox 390 4237 770 4313; x_wconf 89' lang='lat' dir='ltr'><strong>desiderator,</strong></span> <span class='ocrx_word' id='word_1_438' title='bbox 804 4263 980 4319; x_wconf 87' lang='lat' dir='ltr'><strong>neque</strong></span> <span class='ocrx_word' id='word_1_439' title='bbox 1007 4251 1058 4306; x_wconf 87' lang='lat' dir='ltr'><strong>in</strong></span> <span class='ocrx_word' id='word_1_440' title='bbox 1087 4260 1455 4315; x_wconf 88' lang='lat' dir='ltr'><strong>monumentis</strong></span> <span class='ocrx_word' id='word_1_441' title='bbox 1497 4262 1749 4322; x_wconf 83' lang='lat' dir='ltr'><strong>litteratis</strong></span> 
     </span>
    </p>
   </div>
   <div class='ocr_carea' id='block_1_61' title="bbox 155 4326 1748 4417">
    <p class='ocr_par' dir='ltr' id='par_1_61' title="bbox 155 4326 1748 4417">
     <span class='ocr_line' id='line_1_65' title="bbox 155 4326 1748 4417; baseline 0.022 -38"><span class='ocrx_word' id='word_1_442' title='bbox 155 4326 409 4382; x_wconf 87' lang='lat' dir='ltr'><strong>occurrit.</strong></span> <span class='ocrx_word' id='word_1_443' title='bbox 441 4328 703 4388; x_wconf 76' lang='lat' dir='ltr'><strong>Maternus</strong></span> <span class='ocrx_word' id='word_1_444' title='bbox 736 4344 1106 4399; x_wconf 86' lang='lat' dir='ltr'><strong>tantummodo</strong></span> <span class='ocrx_word' id='word_1_445' title='bbox 1153 4347 1378 4417; x_wconf 87' lang='lat' dir='ltr'><strong>legimus</strong></span> <span class='ocrx_word' id='word_1_446' title='bbox 1424 4355 1565 4416; x_wconf 87' lang='lat' dir='ltr'><strong>apud</strong></span> <span class='ocrx_word' id='word_1_447' title='bbox 1607 4355 1748 4412; x_wconf 88' lang='lat' dir='ltr'><strong>Gru-</strong></span> 
     </span>
    </p>
   </div>
   <div class='ocr_carea' id='block_1_62' title="bbox 156 4422 1746 4517">
    <p class='ocr_par' dir='ltr' id='par_1_62' title="bbox 156 4422 1746 4517">
     <span class='ocr_line' id='line_1_66' title="bbox 156 4422 1746 4517; baseline 0.023 -46"><span class='ocrx_word' id='word_1_448' title='bbox 156 4426 326 4474; x_wconf 89' lang='lat' dir='ltr'><strong>terum</strong></span> <span class='ocrx_word' id='word_1_449' title='bbox 354 4436 472 4492; x_wconf 86' lang='lat' dir='ltr'><strong>pag.</strong></span> <span class='ocrx_word' id='word_1_450' title='bbox 503 4422 647 4492; x_wconf 68' lang='lat'><strong>220,</strong></span> <span class='ocrx_word' id='word_1_451' title='bbox 679 4428 746 4495; x_wconf 91' lang='lat'><strong>9;</strong></span> <span class='ocrx_word' id='word_1_452' title='bbox 783 4430 953 4499; x_wconf 84' lang='grc'><strong>1009,</strong></span> <span class='ocrx_word' id='word_1_453' title='bbox 983 4435 1238 4508; x_wconf 75' lang='grc'><strong>2;1468,</strong></span> <span class='ocrx_word' id='word_1_454' title='bbox 1263 4442 1746 4517; x_wconf 71' lang='grc' dir='ltr'><strong>8;1ι182,11;θι</strong></span> 
     </span>
    </p>
   </div>
   <div class='ocr_carea' id='block_1_63' title="bbox 156 4508 1826 4605">
    <p class='ocr_par' dir='ltr' id='par_1_63' title="bbox 156 4508 1826 4605">
     <span class='ocr_line' id='line_1_67' title="bbox 156 4508 1826 4605; baseline 0.026 -43"><span class='ocrx_word' id='word_1_455' title='bbox 156 4508 447 4567; x_wconf 68' lang='lat' dir='ltr'><strong>Maternum</strong></span> <span class='ocrx_word' id='word_1_456' title='bbox 473 4530 595 4588; x_wconf 89' lang='lat' dir='ltr'><strong>pag.</strong></span> <span class='ocrx_word' id='word_1_457' title='bbox 622 4518 781 4590; x_wconf 71' lang='lat'><strong>1225,</strong></span> <span class='ocrx_word' id='word_1_458' title='bbox 813 4523 877 4591; x_wconf 81' lang='lat'><strong>&#39;5;</strong></span> <span class='ocrx_word' id='word_1_459' title='bbox 905 4534 961 4582; x_wconf 89' lang='lat' dir='ltr'><strong>et</strong></span> <span class='ocrx_word' id='word_1_460' title='bbox 989 4529 1079 4599; x_wconf 87' lang='lat' dir='ltr'><strong>qui</strong></span> <span class='ocrx_word' id='word_1_461' title='bbox 1113 4529 1438 4605; x_wconf 87' lang='lat' dir='ltr'><strong>Firmicum,</strong></span> <span class='ocrx_word' id='word_1_462' title='bbox 1470 4508 1584 4596; x_wconf 76' lang='lat' dir='ltr'><strong>sive</strong></span> <span class='ocrx_word' id='word_1_463' title='bbox 1608 4558 1747 4601; x_wconf 90' lang='lat' dir='ltr'><strong>unus</strong></span> <span class='ocrx_word' id='word_1_464' title='bbox 1769 4543 1826 4605; x_wconf 91' lang='lat' dir='ltr'><strong>D</strong></span> 
     </span>
    </p>
   </div>
   <div class='ocr_carea' id='block_1_64' title="bbox 153 4604 1741 4705">
    <p class='ocr_par' dir='ltr' id='par_1_64' title="bbox 153 4604 1741 4705">
     <span class='ocr_line' id='line_1_68' title="bbox 153 4604 1741 4705; baseline 0.024 -49"><span class='ocrx_word' id='word_1_465' title='bbox 153 4604 431 4676; x_wconf 81' lang='lat' dir='ltr'><strong>utriusque</strong></span> <span class='ocrx_word' id='word_1_466' title='bbox 457 4608 582 4665; x_wconf 90' lang='lat' dir='ltr'><strong>libri</strong></span> <span class='ocrx_word' id='word_1_467' title='bbox 612 4623 804 4671; x_wconf 85' lang='lat' dir='ltr'><strong>auctor</strong></span> <span class='ocrx_word' id='word_1_468' title='bbox 832 4618 1013 4687; x_wconf 86' lang='lat' dir='ltr'><strong>fuerit,</strong></span> <span class='ocrx_word' id='word_1_469' title='bbox 1039 4625 1155 4680; x_wconf 89' lang='lat' dir='ltr'><strong>sive</strong></span> <span class='ocrx_word' id='word_1_470' title='bbox 1181 4628 1289 4684; x_wconf 91' lang='lat' dir='ltr'><strong>duo</strong></span> <span class='ocrx_word' id='word_1_471' title='bbox 1311 4635 1589 4691; x_wconf 87' lang='lat' dir='ltr'><strong>statuendi</strong></span> <span class='ocrx_word' id='word_1_472' title='bbox 1611 4638 1741 4705; x_wconf 90' lang='lat' dir='ltr'><strong>sint,</strong></span> 
     </span>
    </p>
   </div>
   <div class='ocr_carea' id='block_1_65' title="bbox 152 4697 1746 4789">
    <p class='ocr_par' dir='ltr' id='par_1_65' title="bbox 152 4697 1746 4789">
     <span class='ocr_line' id='line_1_69' title="bbox 152 4697 1746 4789; baseline 0.02 -33"><span class='ocrx_word' id='word_1_473' title='bbox 152 4697 364 4756; x_wconf 85' lang='lat' dir='ltr'><strong>Siculos</strong></span> <span class='ocrx_word' id='word_1_474' title='bbox 395 4700 565 4762; x_wconf 89' lang='lat' dir='ltr'><strong>fuisse</strong></span> <span class='ocrx_word' id='word_1_475' title='bbox 594 4717 861 4783; x_wconf 86' lang='lat' dir='ltr'><strong>statuunt,</strong></span> <span class='ocrx_word' id='word_1_476' title='bbox 891 4714 945 4769; x_wconf 90' lang='lat' dir='ltr'><strong>in</strong></span> <span class='ocrx_word' id='word_1_477' title='bbox 973 4723 1338 4781; x_wconf 89' lang='lat' dir='ltr'><strong>marmoribus</strong></span> <span class='ocrx_word' id='word_1_478' title='bbox 1358 4726 1558 4785; x_wconf 89' lang='lat' dir='ltr'><strong>Siculis</strong></span> <span class='ocrx_word' id='word_1_479' title='bbox 1586 4746 1615 4786; x_wconf 92' lang='lat' dir='ltr'><strong>a</strong></span> <span class='ocrx_word' id='word_1_480' title='bbox 1640 4731 1746 4789; x_wconf 88' lang='lat' dir='ltr'><strong>Ga-</strong></span> 
     </span>
    </p>
   </div>
   <div class='ocr_carea' id='block_1_66' title="bbox 147 4790 1745 4890">
    <p class='ocr_par' dir='ltr' id='par_1_66' title="bbox 147 4790 1745 4890">
     <span class='ocr_line' id='line_1_70' title="bbox 147 4790 1745 4890; baseline 0.023 -44"><span class='ocrx_word' id='word_1_481' title='bbox 147 4790 320 4850; x_wconf 79' lang='lat' dir='ltr'><strong>briele</strong></span> <span class='ocrx_word' id='word_1_482' title='bbox 366 4794 686 4858; x_wconf 85' lang='lat' dir='ltr'><strong>Lancelloto</strong></span> <span class='ocrx_word' id='word_1_483' title='bbox 733 4803 926 4864; x_wconf 84' lang='lat' dir='ltr'><strong>Turris</strong></span> <span class='ocrx_word' id='word_1_484' title='bbox 969 4809 1150 4870; x_wconf 85' lang='lat' dir='ltr'><strong>Mutiae</strong></span> <span class='ocrx_word' id='word_1_485' title='bbox 1202 4819 1446 4890; x_wconf 85' lang='lat' dir='ltr'><strong>principe</strong></span> <span class='ocrx_word' id='word_1_486' title='bbox 1494 4825 1745 4882; x_wconf 87' lang='lat' dir='ltr'><strong>collectis</strong></span> 
     </span>
    </p>
   </div>
   <div class='ocr_carea' id='block_1_67' title="bbox 147 4883 1742 4978">
    <p class='ocr_par' dir='ltr' id='par_1_67' title="bbox 147 4883 1742 4978">
     <span class='ocr_line' id='line_1_71' title="bbox 147 4883 1742 4978; baseline 0.023 -38"><span class='ocrx_word' id='word_1_487' title='bbox 147 4883 223 4940; x_wconf 89' lang='lat' dir='ltr'><strong>nil</strong></span> <span class='ocrx_word' id='word_1_488' title='bbox 270 4886 583 4957; x_wconf 80' lang='lat' dir='ltr'><strong>invenient,</strong></span> <span class='ocrx_word' id='word_1_489' title='bbox 618 4895 760 4953; x_wconf 89' lang='lat' dir='ltr'><strong>unde</strong></span> <span class='ocrx_word' id='word_1_490' title='bbox 799 4914 1116 4971; x_wconf 84' lang='lat' dir='ltr'><strong>argumenta</strong></span> <span class='ocrx_word' id='word_1_491' title='bbox 1169 4883 1272 4978; x_wconf 79' lang='lat' dir='ltr'><strong>pro</strong></span> <span class='ocrx_word' id='word_1_492' title='bbox 1320 4926 1417 4968; x_wconf 89' lang='lat' dir='ltr'><strong>sua</strong></span> <span class='ocrx_word' id='word_1_493' title='bbox 1469 4920 1742 4975; x_wconf 87' lang='lat' dir='ltr'><strong>sententia</strong></span> 
     </span>
    </p>
   </div>
   <div class='ocr_carea' id='block_1_68' title="bbox 148 4980 1737 5083">
    <p class='ocr_par' dir='ltr' id='par_1_68' title="bbox 148 4980 1737 5083">
     <span class='ocr_line' id='line_1_72' title="bbox 148 4980 1737 5083; baseline 0.024 -53"><span class='ocrx_word' id='word_1_494' title='bbox 148 4984 351 5046; x_wconf 88' lang='lat' dir='ltr'><strong>petant.</strong></span> <span class='ocrx_word' id='word_1_495' title='bbox 381 4980 515 5039; x_wconf 87' lang='lat' dir='ltr'><strong>Nam</strong></span> <span class='ocrx_word' id='word_1_496' title='bbox 548 4983 760 5057; x_wconf 84' lang='lat' dir='ltr'><strong>Firmii,</strong></span> <span class='ocrx_word' id='word_1_497' title='bbox 790 4994 882 5063; x_wconf 90' lang='lat' dir='ltr'><strong>qui</strong></span> <span class='ocrx_word' id='word_1_498' title='bbox 913 4996 964 5050; x_wconf 90' lang='lat' dir='ltr'><strong>in</strong></span> <span class='ocrx_word' id='word_1_499' title='bbox 994 4996 1060 5052; x_wconf 89' lang='lat' dir='ltr'><strong>iis</strong></span> <span class='ocrx_word' id='word_1_500' title='bbox 1084 5014 1589 5065; x_wconf 89' lang='lat' dir='ltr'><strong>commemorantur</strong></span> <span class='ocrx_word' id='word_1_501' title='bbox 1615 5027 1737 5083; x_wconf 89' lang='lat' dir='ltr'><strong>pag.</strong></span> 
     </span>
    </p>
   </div>
   <div class='ocr_carea' id='block_1_69' title="bbox 149 5068 1738 5164">
    <p class='ocr_par' dir='ltr' id='par_1_69' title="bbox 149 5068 1738 5164">
     <span class='ocr_line' id='line_1_73' title="bbox 149 5068 1738 5164; baseline 0.025 -40"><span class='ocrx_word' id='word_1_502' title='bbox 149 5068 271 5136; x_wconf 70' lang='grc'><strong>145,</strong></span> <span class='ocrx_word' id='word_1_503' title='bbox 313 5073 404 5139; x_wconf 75' lang='grc'><strong>50,</strong></span> <span class='ocrx_word' id='word_1_504' title='bbox 439 5085 496 5132; x_wconf 84' lang='lat' dir='ltr'><strong>et</strong></span> <span class='ocrx_word' id='word_1_505' title='bbox 527 5079 652 5149; x_wconf 70' lang='grc'><strong>182,</strong></span> <span class='ocrx_word' id='word_1_506' title='bbox 678 5083 771 5150; x_wconf 76' lang='lat'><strong>55,</strong></span> <span class='ocrx_word' id='word_1_507' title='bbox 797 5103 919 5143; x_wconf 91' lang='lat' dir='ltr'><strong>cum</strong></span> <span class='ocrx_word' id='word_1_508' title='bbox 951 5088 1204 5152; x_wconf 88' lang='lat' dir='ltr'><strong>Firmicis</strong></span> <span class='ocrx_word' id='word_1_509' title='bbox 1234 5101 1490 5158; x_wconf 82' lang='lat' dir='ltr'><strong>confundi</strong></span> <span class='ocrx_word' id='word_1_510' title='bbox 1517 5068 1738 5164; x_wconf 56' lang='lat' dir='ltr'><strong>titiuinie</strong></span> 
     </span>
    </p>
   </div>
   <div class='ocr_carea' id='block_1_70' title="bbox 145 5163 1738 5269">
    <p class='ocr_par' dir='ltr' id='par_1_70' title="bbox 145 5163 1738 5269">
     <span class='ocr_line' id='line_1_74' title="bbox 145 5163 1738 5269; baseline 0.026 -50"><span class='ocrx_word' id='word_1_511' title='bbox 145 5163 364 5222; x_wconf 82' lang='lat' dir='ltr'><strong>debent.</strong></span> <span class='ocrx_word' id='word_1_512' title='bbox 407 5169 589 5242; x_wconf 80' lang='lat' dir='ltr'><strong>itaque</strong></span> <span class='ocrx_word' id='word_1_513' title='bbox 615 5176 717 5248; x_wconf 86' lang='lat' dir='ltr'><strong>ipsi</strong></span> <span class='ocrx_word' id='word_1_514' title='bbox 745 5184 1066 5242; x_wconf 89' lang='lat' dir='ltr'><strong>consulendi</strong></span> <span class='ocrx_word' id='word_1_515' title='bbox 1099 5200 1228 5247; x_wconf 89' lang='lat' dir='ltr'><strong>sunt</strong></span> <span class='ocrx_word' id='word_1_516' title='bbox 1258 5194 1380 5250; x_wconf 88' lang='lat' dir='ltr'><strong>libri</strong></span> <span class='ocrx_word' id='word_1_517' title='bbox 1414 5204 1738 5269; x_wconf 91' lang='lat' dir='ltr'><strong>superstites</strong></span> 
     </span>
    </p>
   </div>
   <div class='ocr_carea' id='block_1_71' title="bbox 145 5254 1746 5351">
    <p class='ocr_par' dir='ltr' id='par_1_71' title="bbox 145 5254 1746 5351">
     <span class='ocr_line' id='line_1_75' title="bbox 145 5254 1746 5351; baseline 0.025 -40"><span class='ocrx_word' id='word_1_518' title='bbox 145 5254 437 5318; x_wconf 80' lang='lat' dir='ltr'><strong>Firmicum</strong></span> <span class='ocrx_word' id='word_1_519' title='bbox 479 5276 760 5327; x_wconf 86' lang='lat' dir='ltr'><strong>auctorem</strong></span> <span class='ocrx_word' id='word_1_520' title='bbox 794 5276 1144 5348; x_wconf 88' lang='lat' dir='ltr'><strong>profitentes,</strong></span> <span class='ocrx_word' id='word_1_521' title='bbox 1175 5285 1220 5339; x_wconf 87' lang='lat' dir='ltr'><strong>si</strong></span> <span class='ocrx_word' id='word_1_522' title='bbox 1254 5285 1396 5343; x_wconf 86' lang='lat' dir='ltr'><strong>forte</strong></span> <span class='ocrx_word' id='word_1_523' title='bbox 1435 5306 1500 5346; x_wconf 87' lang='lat' dir='ltr'><strong>ex</strong></span> <span class='ocrx_word' id='word_1_524' title='bbox 1534 5293 1599 5347; x_wconf 90' lang='lat' dir='ltr'><strong>iis</strong></span> <span class='ocrx_word' id='word_1_525' title='bbox 1645 5296 1746 5351; x_wconf 82' lang='lat' dir='ltr'><strong>ali—</strong></span> 
     </span>
    </p>
   </div>
   <div class='ocr_carea' id='block_1_72' title="bbox 143 5351 1745 5456">
    <p class='ocr_par' dir='ltr' id='par_1_72' title="bbox 143 5351 1745 5456">
     <span class='ocr_line' id='line_1_76' title="bbox 143 5351 1745 5456; baseline 0.029 -52"><span class='ocrx_word' id='word_1_526' title='bbox 143 5351 270 5422; x_wconf 85' lang='lat' dir='ltr'><strong>quid</strong></span> <span class='ocrx_word' id='word_1_527' title='bbox 295 5357 476 5429; x_wconf 80' lang='lat' dir='ltr'><strong>colligi</strong></span> <span class='ocrx_word' id='word_1_528' title='bbox 531 5368 723 5431; x_wconf 88' lang='lat' dir='ltr'><strong>possit.</strong></span> <span class='ocrx_word' id='word_1_529' title='bbox 762 5370 830 5425; x_wconf 86' lang='lat' dir='ltr'><strong>Et</strong></span> <span class='ocrx_word' id='word_1_530' title='bbox 855 5371 1027 5441; x_wconf 88' lang='lat' dir='ltr'><strong>duos,</strong></span> <span class='ocrx_word' id='word_1_531' title='bbox 1057 5381 1201 5447; x_wconf 90' lang='lat' dir='ltr'><strong>quod</strong></span> <span class='ocrx_word' id='word_1_532' title='bbox 1243 5382 1354 5453; x_wconf 89' lang='lat' dir='ltr'><strong>jam</strong></span> <span class='ocrx_word' id='word_1_533' title='bbox 1387 5386 1535 5456; x_wconf 80' lang='lat' dir='ltr'><strong>dixi,</strong></span> <span class='ocrx_word' id='word_1_534' title='bbox 1579 5392 1745 5449; x_wconf 85' lang='lat' dir='ltr'><strong>hahe-</strong></span> 
     </span>
    </p>
   </div>
   <div class='ocr_carea' id='block_1_73' title="bbox 143 5447 1745 5553">
    <p class='ocr_par' dir='ltr' id='par_1_73' title="bbox 143 5447 1745 5553">
     <span class='ocr_line' id='line_1_77' title="bbox 143 5447 1745 5553; baseline 0.027 -52"><span class='ocrx_word' id='word_1_535' title='bbox 143 5462 263 5504; x_wconf 91' lang='lat' dir='ltr'><strong>mus</strong></span> <span class='ocrx_word' id='word_1_536' title='bbox 289 5447 415 5507; x_wconf 86' lang='lat' dir='ltr'><strong>Julii</strong></span> <span class='ocrx_word' id='word_1_537' title='bbox 463 5455 687 5516; x_wconf 79' lang='lat' dir='ltr'><strong>Firmici</strong></span> <span class='ocrx_word' id='word_1_538' title='bbox 716 5462 945 5523; x_wconf 82' lang='lat' dir='ltr'><strong>Materni</strong></span> <span class='ocrx_word' id='word_1_539' title='bbox 981 5474 1203 5531; x_wconf 90' lang='lat' dir='ltr'><strong>nomine</strong></span> <span class='ocrx_word' id='word_1_540' title='bbox 1249 5477 1573 5553; x_wconf 85' lang='lat' dir='ltr'><strong>inscriptos;</strong></span> <span class='ocrx_word' id='word_1_541' title='bbox 1608 5487 1745 5545; x_wconf 89' lang='lat' dir='ltr'><strong>alte-</strong></span> 
     </span>
    </p>
   </div>
   <div class='ocr_carea' id='block_1_74' title="bbox 142 5545 1741 5647">
    <p class='ocr_par' dir='ltr' id='par_1_74' title="bbox 142 5545 1741 5647">
     <span class='ocr_line' id='line_1_78' title="bbox 142 5545 1741 5647; baseline 0.029 -54"><span class='ocrx_word' id='word_1_542' title='bbox 142 5552 259 5595; x_wconf 86' lang='lat' dir='ltr'><strong>rum</strong></span> <span class='ocrx_word' id='word_1_543' title='bbox 288 5545 673 5619; x_wconf 84' lang='lat' dir='ltr'><strong>astrologicum</strong></span> <span class='ocrx_word' id='word_1_544' title='bbox 691 5595 705 5620; x_wconf 95' lang='lat'><strong>,</strong></span> <span class='ocrx_word' id='word_1_545' title='bbox 738 5556 808 5614; x_wconf 89' lang='lat' dir='ltr'><strong>ab</strong></span> <span class='ocrx_word' id='word_1_546' title='bbox 836 5556 1057 5619; x_wconf 91' lang='lat' dir='ltr'><strong>homine</strong></span> <span class='ocrx_word' id='word_1_547' title='bbox 1085 5545 1459 5639; x_wconf 79' lang='lat' dir='ltr'><strong>Polytheismo</strong></span> <span class='ocrx_word' id='word_1_548' title='bbox 1484 5577 1704 5637; x_wconf 89' lang='lat' dir='ltr'><strong>addicto</strong></span> <span class='ocrx_word' id='word_1_549' title='bbox 1722 5623 1741 5647; x_wconf 89' lang='lat'><strong>,</strong></span> 
     </span>
    </p>
   </div>
   <div class='ocr_carea' id='block_1_75' title="bbox 216 5682 1530 5828">
    <p class='ocr_par' dir='ltr' id='par_1_75' title="bbox 216 5682 1530 5828">
     <span class='ocr_line' id='line_1_79' title="bbox 216 5682 1530 5828; baseline 0.027 -90"><span class='ocrx_word' id='word_1_550' title='bbox 216 5683 287 5828; x_wconf 50' lang='lat' dir='ltr'><strong>te;</strong></span> <span class='ocrx_word' id='word_1_551' title='bbox 314 5686 460 5744; x_wconf 79' lang='lat' dir='ltr'><strong>Ann.</strong></span> <span class='ocrx_word' id='word_1_552' title='bbox 493 5682 653 5749; x_wconf 88' lang='lat' dir='ltr'><strong>Urbis</strong></span> <span class='ocrx_word' id='word_1_553' title='bbox 680 5698 918 5759; x_wconf 67' lang='lat' dir='ltr'><strong>condita:</strong></span> <span class='ocrx_word' id='word_1_554' title='bbox 948 5703 1530 5775; x_wconf 70' lang='lat' dir='ltr'><strong>1087.Almeloveenii</strong></span> 
     </span>
     <span class='ocr_line' id='line_1_80' title="bbox 216 5753 671 5828; baseline 0.026 -20"><span class='ocrx_word' id='word_1_555' title='bbox 216 5753 263 5827; x_wconf 74' lang='grc' dir='ltr'><strong>(ὁ</strong></span> <span class='ocrx_word' id='word_1_556' title='bbox 311 5757 428 5817; x_wconf 86' lang='lat' dir='ltr'><strong>Lib.</strong></span> <span class='ocrx_word' id='word_1_557' title='bbox 458 5776 571 5828; x_wconf 76' lang='lat' dir='ltr'><strong>xu,</strong></span> <span class='ocrx_word' id='word_1_558' title='bbox 600 5763 671 5828; x_wconf 67' lang='lat'><strong>8.!</strong></span> 
     </span>
    </p>
   </div>
   <div class='ocr_carea' id='block_1_76' title="bbox 214 5753 671 5839">
    <p class='ocr_par' dir='ltr' id='par_1_76' title="bbox 214 5753 671 5839">
     <span class='ocr_line' id='line_1_81' title="bbox 214 5753 671 5839; baseline 0.026 -31"><span class='ocrx_word' id='word_1_559' title='bbox 214 5753 285 5828; x_wconf 74' lang='grc' dir='ltr'><strong>(ὁ)</strong></span> <span class='ocrx_word' id='word_1_560' title='bbox 311 5757 428 5817; x_wconf 86' lang='lat' dir='ltr'><strong>Lib.</strong></span> <span class='ocrx_word' id='word_1_561' title='bbox 458 5776 571 5831; x_wconf 76' lang='lat' dir='ltr'><strong>xu,</strong></span> <span class='ocrx_word' id='word_1_562' title='bbox 600 5763 671 5839; x_wconf 63' lang='lat'><strong>8.!</strong></span> 
     </span>
    </p>
   </div>
   <div class='ocr_carea' id='block_1_77' title="bbox 1883 1861 3481 1965">
    <p class='ocr_par' dir='ltr' id='par_1_77' title="bbox 1883 1861 3481 1965">
     <span class='ocr_line' id='line_1_82' title="bbox 1883 1861 3481 1965; baseline 0.029 -53"><span class='ocrx_word' id='word_1_563' title='bbox 1883 1874 1989 1929; x_wconf 92' lang='lat' dir='ltr'><strong>que</strong></span> <span class='ocrx_word' id='word_1_564' title='bbox 2017 1861 2172 1919; x_wconf 92' lang='lat' dir='ltr'><strong>brevi</strong></span> <span class='ocrx_word' id='word_1_565' title='bbox 2196 1877 2315 1936; x_wconf 92' lang='lat' dir='ltr'><strong>post</strong></span> <span class='ocrx_word' id='word_1_566' title='bbox 2340 1872 2580 1944; x_wconf 88' lang='lat' dir='ltr'><strong>scriptus</strong></span> <span class='ocrx_word' id='word_1_567' title='bbox 2601 1888 2690 1933; x_wconf 91' lang='lat' dir='ltr'><strong>aut</strong></span> <span class='ocrx_word' id='word_1_568' title='bbox 2712 1882 2908 1939; x_wconf 89' lang='lat' dir='ltr'><strong>saltem</strong></span> <span class='ocrx_word' id='word_1_569' title='bbox 2940 1889 3104 1947; x_wconf 88' lang='lat' dir='ltr'><strong>scribi</strong></span> <span class='ocrx_word' id='word_1_570' title='bbox 3135 1905 3347 1965; x_wconf 70' lang='lat' dir='ltr'><strong>emptus</strong></span> <span class='ocrx_word' id='word_1_571' title='bbox 3376 1913 3481 1959; x_wconf 90' lang='lat' dir='ltr'><strong>est.</strong></span> 
     </span>
    </p>
   </div>
   <div class='ocr_carea' id='block_1_78' title="bbox 1879 1950 3481 2053">
    <p class='ocr_par' dir='ltr' id='par_1_78' title="bbox 1879 1950 3481 2053">
     <span class='ocr_line' id='line_1_83' title="bbox 1879 1950 3481 2053; baseline 0.03 -47"><span class='ocrx_word' id='word_1_572' title='bbox 1879 1950 2028 2009; x_wconf 84' lang='lat' dir='ltr'><strong>Idem</strong></span> <span class='ocrx_word' id='word_1_573' title='bbox 2078 1973 2291 2032; x_wconf 87' lang='lat' dir='ltr'><strong>quoque</strong></span> <span class='ocrx_word' id='word_1_574' title='bbox 2349 1966 2510 2023; x_wconf 91' lang='lat' dir='ltr'><strong>alteri</strong></span> <span class='ocrx_word' id='word_1_575' title='bbox 2562 1970 2707 2028; x_wconf 92' lang='lat' dir='ltr'><strong>libro</strong></span> <span class='ocrx_word' id='word_1_576' title='bbox 2764 1977 2832 2033; x_wconf 92' lang='lat' dir='ltr'><strong>de</strong></span> <span class='ocrx_word' id='word_1_577' title='bbox 2878 1978 3084 2040; x_wconf 88' lang='lat' dir='ltr'><strong>Errore</strong></span> <span class='ocrx_word' id='word_1_578' title='bbox 3124 1987 3481 2053; x_wconf 90' lang='lat' dir='ltr'><strong>Profanarum</strong></span> 
     </span>
    </p>
   </div>
   <div class='ocr_carea' id='block_1_79' title="bbox 1879 2042 3482 2144">
    <p class='ocr_par' dir='ltr' id='par_1_79' title="bbox 1879 2042 3482 2144">
     <span class='ocr_line' id='line_1_84' title="bbox 1879 2042 3482 2144; baseline 0.029 -45"><span class='ocrx_word' id='word_1_579' title='bbox 1879 2042 2219 2118; x_wconf 85' lang='lat' dir='ltr'><strong>Religionum</strong></span> <span class='ocrx_word' id='word_1_580' title='bbox 2255 2064 2468 2129; x_wconf 88' lang='lat' dir='ltr'><strong>tempus</strong></span> <span class='ocrx_word' id='word_1_581' title='bbox 2498 2068 2780 2136; x_wconf 89' lang='lat' dir='ltr'><strong>competit.</strong></span> <span class='ocrx_word' id='word_1_582' title='bbox 2816 2070 2896 2125; x_wconf 84' lang='lat' dir='ltr'><strong>Ad</strong></span> <span class='ocrx_word' id='word_1_583' title='bbox 2932 2073 3482 2144; x_wconf 75' lang='lat' dir='ltr'><strong>Constantinianam-</strong></span> 
     </span>
    </p>
   </div>
   <div class='ocr_carea' id='block_1_80' title="bbox 1877 2141 3481 2249">
    <p class='ocr_par' dir='ltr' id='par_1_80' title="bbox 1877 2141 3481 2249">
     <span class='ocr_line' id='line_1_85' title="bbox 1877 2141 3481 2249; baseline 0.029 -57"><span class='ocrx_word' id='word_1_584' title='bbox 1877 2155 1984 2210; x_wconf 90' lang='lat' dir='ltr'><strong>que</strong></span> <span class='ocrx_word' id='word_1_585' title='bbox 2011 2150 2065 2197; x_wconf 90' lang='lat' dir='ltr'><strong>et</strong></span> <span class='ocrx_word' id='word_1_586' title='bbox 2096 2141 2479 2220; x_wconf 85' lang='lat' dir='ltr'><strong>Constantem,</strong></span> <span class='ocrx_word' id='word_1_587' title='bbox 2509 2154 2855 2217; x_wconf 89' lang='lat' dir='ltr'><strong>Constantini</strong></span> <span class='ocrx_word' id='word_1_588' title='bbox 2901 2163 2969 2220; x_wconf 87' lang='grc' dir='ltr'><strong>Μ.</strong></span> <span class='ocrx_word' id='word_1_589' title='bbox 3005 2169 3178 2239; x_wconf 84' lang='lat' dir='ltr'><strong>filios,</strong></span> <span class='ocrx_word' id='word_1_590' title='bbox 3208 2176 3481 2249; x_wconf 81' lang='lat' dir='ltr'><strong>Augustos</strong></span> 
     </span>
    </p>
   </div>
   <div class='ocr_carea' id='block_1_81' title="bbox 1875 2230 3478 2335">
    <p class='ocr_par' dir='ltr' id='par_1_81' title="bbox 1875 2230 3478 2335">
     <span class='ocr_line' id='line_1_86' title="bbox 1875 2230 3478 2335; baseline 0.028 -51"><span class='ocrx_word' id='word_1_591' title='bbox 1875 2230 2064 2300; x_wconf 89' lang='lat' dir='ltr'><strong>datus,</strong></span> <span class='ocrx_word' id='word_1_592' title='bbox 2106 2249 2369 2297; x_wconf 82' lang='lat' dir='ltr'><strong>cxaratus</strong></span> <span class='ocrx_word' id='word_1_593' title='bbox 2415 2256 2501 2301; x_wconf 91' lang='lat' dir='ltr'><strong>est</strong></span> <span class='ocrx_word' id='word_1_594' title='bbox 2544 2259 2669 2318; x_wconf 89' lang='lat' dir='ltr'><strong>post</strong></span> <span class='ocrx_word' id='word_1_595' title='bbox 2714 2251 3030 2315; x_wconf 91' lang='lat' dir='ltr'><strong>Constantis</strong></span> <span class='ocrx_word' id='word_1_596' title='bbox 3075 2268 3478 2335; x_wconf 81' lang='lat' dir='ltr'><strong>expeditionem</strong></span> 
     </span>
    </p>
   </div>
   <div class='ocr_carea' id='block_1_82' title="bbox 1875 2324 3478 2423">
    <p class='ocr_par' dir='ltr' id='par_1_82' title="bbox 1875 2324 3478 2423">
     <span class='ocr_line' id='line_1_87' title="bbox 1875 2324 3478 2423; baseline 0.027 -45"><span class='ocrx_word' id='word_1_597' title='bbox 1875 2324 2278 2401; x_wconf 88' lang='lat' dir='ltr'><strong>Britannicam,</strong></span> <span class='ocrx_word' id='word_1_598' title='bbox 2330 2352 2493 2407; x_wconf 89' lang='lat' dir='ltr'><strong>quam</strong></span> <span class='ocrx_word' id='word_1_599' title='bbox 2555 2356 2983 2418; x_wconf 88' lang='lat' dir='ltr'><strong>commemorat,</strong></span> <span class='ocrx_word' id='word_1_600' title='bbox 3040 2352 3273 2416; x_wconf 76' lang='lat' dir='ltr'><strong>fortasse</strong></span> <span class='ocrx_word' id='word_1_601' title='bbox 3316 2365 3478 2423; x_wconf 88' lang='lat' dir='ltr'><strong>etiam</strong></span> 
     </span>
    </p>
   </div>
   <div class='ocr_carea' id='block_1_83' title="bbox 1876 2415 3483 2516">
    <p class='ocr_par' dir='ltr' id='par_1_83' title="bbox 1876 2415 3483 2516">
     <span class='ocr_line' id='line_1_88' title="bbox 1876 2415 3483 2516; baseline 0.029 -47"><span class='ocrx_word' id='word_1_602' title='bbox 1876 2415 2029 2475; x_wconf 91' lang='lat' dir='ltr'><strong>initio</strong></span> <span class='ocrx_word' id='word_1_603' title='bbox 2062 2420 2190 2478; x_wconf 87' lang='lat' dir='ltr'><strong>belli</strong></span> <span class='ocrx_word' id='word_1_604' title='bbox 2221 2424 2427 2484; x_wconf 85' lang='lat' dir='ltr'><strong>Persici</strong></span> <span class='ocrx_word' id='word_1_605' title='bbox 2478 2447 2508 2486; x_wconf 93' lang='lat' dir='ltr'><strong>a</strong></span> <span class='ocrx_word' id='word_1_606' title='bbox 2537 2430 2858 2495; x_wconf 90' lang='lat' dir='ltr'><strong>Constantio</strong></span> <span class='ocrx_word' id='word_1_607' title='bbox 2886 2415 3025 2512; x_wconf 81' lang='lat' dir='ltr'><strong>gesti</strong></span> <span class='ocrx_word' id='word_1_608' title='bbox 3057 2458 3113 2504; x_wconf 91' lang='lat' dir='ltr'><strong>et</strong></span> <span class='ocrx_word' id='word_1_609' title='bbox 3141 2461 3269 2510; x_wconf 88' lang='lat' dir='ltr'><strong>ante</strong></span> <span class='ocrx_word' id='word_1_610' title='bbox 3298 2456 3483 2516; x_wconf 88' lang='lat' dir='ltr'><strong>clades</strong></span> 
     </span>
    </p>
   </div>
   <div class='ocr_carea' id='block_1_84' title="bbox 1871 2508 3483 2620">
    <p class='ocr_par' dir='ltr' id='par_1_84' title="bbox 1871 2508 3483 2620">
     <span class='ocr_line' id='line_1_89' title="bbox 1871 2508 3483 2620; baseline 0.029 -57"><span class='ocrx_word' id='word_1_611' title='bbox 1871 2508 2131 2582; x_wconf 87' lang='lat' dir='ltr'><strong>iteratas,</strong></span> <span class='ocrx_word' id='word_1_612' title='bbox 2161 2519 2360 2587; x_wconf 89' lang='lat' dir='ltr'><strong>quibus</strong></span> <span class='ocrx_word' id='word_1_613' title='bbox 2408 2523 2497 2579; x_wconf 90' lang='lat' dir='ltr'><strong>hic</strong></span> <span class='ocrx_word' id='word_1_614' title='bbox 2546 2527 2843 2600; x_wconf 89' lang='lat' dir='ltr'><strong>imperator</strong></span> <span class='ocrx_word' id='word_1_615' title='bbox 2871 2535 3021 2594; x_wconf 90' lang='lat' dir='ltr'><strong>brevi</strong></span> <span class='ocrx_word' id='word_1_616' title='bbox 3060 2555 3183 2611; x_wconf 86' lang='lat' dir='ltr'><strong>post</strong></span> <span class='ocrx_word' id='word_1_617' title='bbox 3213 2562 3241 2599; x_wconf 90' lang='lat' dir='ltr'><strong>a</strong></span> <span class='ocrx_word' id='word_1_618' title='bbox 3274 2549 3483 2620; x_wconf 80' lang='lat' dir='ltr'><strong>Sapore</strong></span> 
     </span>
    </p>
   </div>
   <div class='ocr_carea' id='block_1_85' title="bbox 1871 2601 3482 2699">
    <p class='ocr_par' dir='ltr' id='par_1_85' title="bbox 1871 2601 3482 2699">
     <span class='ocr_line' id='line_1_90' title="bbox 1871 2601 3482 2699; baseline 0.027 -42"><span class='ocrx_word' id='word_1_619' title='bbox 1871 2601 2025 2661; x_wconf 88' lang='lat' dir='ltr'><strong>fusus</strong></span> <span class='ocrx_word' id='word_1_620' title='bbox 2054 2618 2169 2675; x_wconf 90' lang='lat' dir='ltr'><strong>est;</strong></span> <span class='ocrx_word' id='word_1_621' title='bbox 2198 2621 2348 2669; x_wconf 89' lang='lat' dir='ltr'><strong>certe</strong></span> <span class='ocrx_word' id='word_1_622' title='bbox 2377 2623 2504 2672; x_wconf 88' lang='lat' dir='ltr'><strong>ante</strong></span> <span class='ocrx_word' id='word_1_623' title='bbox 2550 2636 2739 2678; x_wconf 90' lang='lat' dir='ltr'><strong>necem</strong></span> <span class='ocrx_word' id='word_1_624' title='bbox 2770 2626 3082 2689; x_wconf 89' lang='lat' dir='ltr'><strong>Constantis</strong></span> <span class='ocrx_word' id='word_1_625' title='bbox 3113 2636 3328 2696; x_wconf 90' lang='lat' dir='ltr'><strong>insidiis</strong></span> <span class='ocrx_word' id='word_1_626' title='bbox 3371 2643 3482 2699; x_wconf 83' lang='lat' dir='ltr'><strong>Ma-</strong></span> 
     </span>
    </p>
   </div>
   <div class='ocr_carea' id='block_1_86' title="bbox 1869 2700 3477 2795">
    <p class='ocr_par' dir='ltr' id='par_1_86' title="bbox 1869 2700 3477 2795">
     <span class='ocr_line' id='line_1_91' title="bbox 1869 2700 3477 2795; baseline 0.028 -45"><span class='ocrx_word' id='word_1_627' title='bbox 1869 2700 2078 2765; x_wconf 87' lang='lat' dir='ltr'><strong>gnentii</strong></span> <span class='ocrx_word' id='word_1_628' title='bbox 2120 2718 2266 2762; x_wconf 90' lang='lat' dir='ltr'><strong>anno</strong></span> <span class='ocrx_word' id='word_1_629' title='bbox 2314 2710 2421 2765; x_wconf 82' lang='lat'><strong>550</strong></span> <span class='ocrx_word' id='word_1_630' title='bbox 2467 2715 2664 2783; x_wconf 88' lang='lat' dir='ltr'><strong>occisi;</strong></span> <span class='ocrx_word' id='word_1_631' title='bbox 2698 2733 2830 2791; x_wconf 85' lang='lat' dir='ltr'><strong>ergo</strong></span> <span class='ocrx_word' id='word_1_632' title='bbox 2876 2722 3021 2781; x_wconf 89' lang='lat' dir='ltr'><strong>inter</strong></span> <span class='ocrx_word' id='word_1_633' title='bbox 3067 2744 3241 2788; x_wconf 91' lang='lat' dir='ltr'><strong>annos</strong></span> <span class='ocrx_word' id='word_1_634' title='bbox 3283 2735 3392 2792; x_wconf 74' lang='grc'><strong>545</strong></span> <span class='ocrx_word' id='word_1_635' title='bbox 3420 2751 3477 2795; x_wconf 91' lang='lat' dir='ltr'><strong>et</strong></span> 
     </span>
    </p>
   </div>
   <div class='ocr_carea' id='block_1_87' title="bbox 1869 2788 3483 2887">
    <p class='ocr_par' dir='ltr' id='par_1_87' title="bbox 1869 2788 3483 2887">
     <span class='ocr_line' id='line_1_92' title="bbox 1869 2788 3483 2887; baseline 0.027 -43"><span class='ocrx_word' id='word_1_636' title='bbox 1869 2788 1997 2846; x_wconf 78' lang='lat'><strong>550.</strong></span> <span class='ocrx_word' id='word_1_637' title='bbox 2028 2792 2187 2851; x_wconf 90' lang='lat' dir='ltr'><strong>Unde</strong></span> <span class='ocrx_word' id='word_1_638' title='bbox 2236 2810 2428 2869; x_wconf 89' lang='lat' dir='ltr'><strong>patet,</strong></span> <span class='ocrx_word' id='word_1_639' title='bbox 2464 2788 2996 2878; x_wconf 40' lang='lat' dir='ltr'><strong>utruntque&#39;librum</strong></span> <span class='ocrx_word' id='word_1_640' title='bbox 3031 2819 3227 2879; x_wconf 91' lang='lat' dir='ltr'><strong>iisdem</strong></span> <span class='ocrx_word' id='word_1_641' title='bbox 3259 2788 3483 2887; x_wconf 70' lang='lat' dir='ltr'><strong>circiter</strong></span> 
     </span>
    </p>
   </div>
   <div class='ocr_carea' id='block_1_88' title="bbox 1867 2882 3476 2992">
    <p class='ocr_par' dir='ltr' id='par_1_88' title="bbox 1867 2882 3476 2992">
     <span class='ocr_line' id='line_1_93' title="bbox 1867 2882 3476 2992; baseline 0.029 -58"><span class='ocrx_word' id='word_1_642' title='bbox 1867 2882 2026 2937; x_wconf 90' lang='lat' dir='ltr'><strong>annis</strong></span> <span class='ocrx_word' id='word_1_643' title='bbox 2056 2886 2261 2944; x_wconf 89' lang='lat' dir='ltr'><strong>editum</strong></span> <span class='ocrx_word' id='word_1_644' title='bbox 2306 2907 2460 2961; x_wconf 87' lang='lat' dir='ltr'><strong>esse;</strong></span> <span class='ocrx_word' id='word_1_645' title='bbox 2494 2897 2727 2966; x_wconf 91' lang='lat' dir='ltr'><strong>primum</strong></span> <span class='ocrx_word' id='word_1_646' title='bbox 2780 2918 2911 2961; x_wconf 90' lang='lat' dir='ltr'><strong>vero</strong></span> <span class='ocrx_word' id='word_1_647' title='bbox 2958 2910 3237 2983; x_wconf 86' lang='lat' dir='ltr'><strong>aliquanto</strong></span> <span class='ocrx_word' id='word_1_648' title='bbox 3282 2922 3476 2992; x_wconf 88' lang='lat' dir='ltr'><strong>prius,</strong></span> 
     </span>
    </p>
   </div>
   <div class='ocr_carea' id='block_1_89' title="bbox 1866 2974 3477 3074">
    <p class='ocr_par' dir='ltr' id='par_1_89' title="bbox 1866 2974 3477 3074">
     <span class='ocr_line' id='line_1_94' title="bbox 1866 2974 3477 3074; baseline 0.029 -47"><span class='ocrx_word' id='word_1_649' title='bbox 1866 2974 2223 3035; x_wconf 88' lang='lat' dir='ltr'><strong>Constantino</strong></span> <span class='ocrx_word' id='word_1_650' title='bbox 2250 2983 2322 3039; x_wconf 87' lang='lat' dir='ltr'><strong>M.</strong></span> <span class='ocrx_word' id='word_1_651' title='bbox 2352 2986 2692 3062; x_wconf 90' lang='lat' dir='ltr'><strong>imperante,</strong></span> <span class='ocrx_word' id='word_1_652' title='bbox 2729 3000 3013 3072; x_wconf 84' lang='lat' dir='ltr'><strong>pro_cujus</strong></span> <span class='ocrx_word' id='word_1_653' title='bbox 3049 2974 3239 3067; x_wconf 66' lang='lat' dir='ltr'><strong>salute</strong></span> <span class='ocrx_word' id='word_1_654' title='bbox 3282 2974 3477 3074; x_wconf 65' lang='lat' dir='ltr'><strong>auctor</strong></span> 
     </span>
    </p>
   </div>
   <div class='ocr_carea' id='block_1_90' title="bbox 1867 3074 3472 3177">
    <p class='ocr_par' dir='ltr' id='par_1_90' title="bbox 1867 3074 3472 3177">
     <span class='ocr_line' id='line_1_95' title="bbox 1867 3074 3472 3177; baseline 0.029 -55"><span class='ocrx_word' id='word_1_655' title='bbox 1867 3083 2058 3126; x_wconf 87' lang='lat' dir='ltr'><strong>versus</strong></span> <span class='ocrx_word' id='word_1_656' title='bbox 2088 3074 2290 3131; x_wconf 82' lang='lat' dir='ltr'><strong>exitum</strong></span> <span class='ocrx_word' id='word_1_657' title='bbox 2324 3079 2445 3137; x_wconf 90' lang='lat' dir='ltr'><strong>libri</strong></span> <span class='ocrx_word' id='word_1_658' title='bbox 2474 3085 2634 3153; x_wconf 91' lang='lat' dir='ltr'><strong>primi</strong></span> <span class='ocrx_word' id='word_1_659' title='bbox 2668 3089 2758 3158; x_wconf 90' lang='lat' dir='ltr'><strong>pia</strong></span> <span class='ocrx_word' id='word_1_660' title='bbox 2786 3103 2909 3148; x_wconf 88' lang='lat' dir='ltr'><strong>vota</strong></span> <span class='ocrx_word' id='word_1_661' title='bbox 2946 3095 3092 3155; x_wconf 89' lang='lat' dir='ltr'><strong>facit.</strong></span> <span class='ocrx_word' id='word_1_662' title='bbox 3129 3102 3321 3177; x_wconf 85' lang='lat' dir='ltr'><strong>Neque</strong></span> <span class='ocrx_word' id='word_1_663' title='bbox 3365 3110 3472 3167; x_wconf 84' lang='lat' dir='ltr'><strong>im-</strong></span> 
     </span>
    </p>
   </div>
   <div class='ocr_carea' id='block_1_91' title="bbox 1866 3156 3474 3275">
    <p class='ocr_par' dir='ltr' id='par_1_91' title="bbox 1866 3156 3474 3275">
     <span class='ocr_line' id='line_1_96' title="bbox 2670 3156 3440 3177; baseline 0.029 -19"><span class='ocrx_word' id='word_1_664' title='bbox 2670 3156 2681 3158; x_wconf 70' lang='lat'><strong>-</strong></span> <span class='ocrx_word' id='word_1_665' title='bbox 3130 3156 3320 3177; x_wconf 51' lang='grc' dir='ltr'><strong>ων-</strong></span> 
     </span>
     <span class='ocr_line' id='line_1_97' title="bbox 1866 3156 3474 3275; baseline 0.027 -57"><span class='ocrx_word' id='word_1_666' title='bbox 1866 3162 2054 3233; x_wconf 91' lang='lat' dir='ltr'><strong>pedire</strong></span> <span class='ocrx_word' id='word_1_667' title='bbox 2095 3156 2310 3227; x_wconf 85' lang='lat' dir='ltr'><strong>videtur</strong></span> <span class='ocrx_word' id='word_1_668' title='bbox 2338 3173 2489 3232; x_wconf 89' lang='lat' dir='ltr'><strong>locus</strong></span> <span class='ocrx_word' id='word_1_669' title='bbox 2531 3180 2675 3237; x_wconf 88' lang='lat' dir='ltr'><strong>alter</strong></span> <span class='ocrx_word' id='word_1_670' title='bbox 2723 3190 2973 3254; x_wconf 71' lang='lat' dir='ltr'><strong>prommii</strong></span> <span class='ocrx_word' id='word_1_671' title='bbox 3021 3192 3147 3251; x_wconf 89' lang='lat' dir='ltr'><strong>libri</strong></span> <span class='ocrx_word' id='word_1_672' title='bbox 3189 3213 3240 3267; x_wconf 80' lang='grc' dir='ltr'><strong>ι,</strong></span> <span class='ocrx_word' id='word_1_673' title='bbox 3267 3217 3333 3258; x_wconf 77' lang='lat' dir='ltr'><strong>ex</strong></span> <span class='ocrx_word' id='word_1_674' title='bbox 3364 3220 3474 3275; x_wconf 91' lang='lat' dir='ltr'><strong>quo</strong></span> 
     </span>
    </p>
   </div>
   <div class='ocr_carea' id='block_1_92' title="bbox 1865 3254 3470 3365">
    <p class='ocr_par' dir='ltr' id='par_1_92' title="bbox 1865 3254 3470 3365">
     <span class='ocr_line' id='line_1_98' title="bbox 1865 3254 3470 3365; baseline 0.027 -56"><span class='ocrx_word' id='word_1_675' title='bbox 1865 3254 2217 3331; x_wconf 84' lang='lat' dir='ltr'><strong>intelligitur,</strong></span> <span class='ocrx_word' id='word_1_676' title='bbox 2271 3274 2556 3325; x_wconf 87' lang='lat' dir='ltr'><strong>auctorem</strong></span> <span class='ocrx_word' id='word_1_677' title='bbox 2602 3273 3030 3338; x_wconf 67' lang='lat' dir='ltr'><strong>Mathematicén</strong></span> <span class='ocrx_word' id='word_1_678' title='bbox 3081 3254 3286 3358; x_wconf 79' lang='lat' dir='ltr'><strong>libros,</strong></span> <span class='ocrx_word' id='word_1_679' title='bbox 3331 3254 3470 3365; x_wconf 59' lang='lat' dir='ltr'><strong>qhos</strong></span> 
     </span>
    </p>
   </div>
   <div class='ocr_carea' id='block_1_93' title="bbox 1863 3346 3469 3454">
    <p class='ocr_par' dir='ltr' id='par_1_93' title="bbox 1863 3346 3469 3454">
     <span class='ocr_line' id='line_1_99' title="bbox 3270 3346 3468 3365; baseline 0.025 -17"><span class='ocrx_word' id='word_1_680' title='bbox 3270 3346 3285 3358; x_wconf 85' lang='lat'><strong>,</strong></span> <span class='ocrx_word' id='word_1_681' title='bbox 3337 3346 3468 3365; x_wconf 63' lang='grc' dir='ltr'><strong>τ---</strong></span> 
     </span>
     <span class='ocr_line' id='line_1_100' title="bbox 1863 3346 3469 3454; baseline 0.027 -54"><span class='ocrx_word' id='word_1_682' title='bbox 1863 3346 2133 3407; x_wconf 84' lang='lat' dir='ltr'><strong>Mavortio</strong></span> <span class='ocrx_word' id='word_1_683' title='bbox 2180 3353 2427 3414; x_wconf 87' lang='lat' dir='ltr'><strong>Lolliano</strong></span> <span class='ocrx_word' id='word_1_684' title='bbox 2473 3362 2527 3416; x_wconf 86' lang='lat' dir='ltr'><strong>in</strong></span> <span class='ocrx_word' id='word_1_685' title='bbox 2577 3362 2884 3438; x_wconf 72' lang='lat' dir='ltr'><strong>Campania:</strong></span> <span class='ocrx_word' id='word_1_686' title='bbox 2920 3378 3202 3444; x_wconf 76' lang='lat' dir='ltr'><strong>provincia:</strong></span> <span class='ocrx_word' id='word_1_687' title='bbox 3240 3387 3469 3454; x_wconf 79' lang='lat' dir='ltr'><strong>fascibus</strong></span> 
     </span>
    </p>
   </div>
   <div class='ocr_carea' id='block_1_94' title="bbox 1862 3443 3473 3540">
    <p class='ocr_par' dir='ltr' id='par_1_94' title="bbox 1862 3443 3473 3540">
     <span class='ocr_line' id='line_1_101' title="bbox 1862 3443 3473 3540; baseline 0.028 -48"><span class='ocrx_word' id='word_1_688' title='bbox 1862 3443 2142 3500; x_wconf 80' lang='lat' dir='ltr'><strong>constituto</strong></span> <span class='ocrx_word' id='word_1_689' title='bbox 2190 3447 2502 3520; x_wconf 88' lang='lat' dir='ltr'><strong>dedicavit,</strong></span> <span class='ocrx_word' id='word_1_690' title='bbox 2538 3455 2715 3514; x_wconf 89' lang='lat' dir='ltr'><strong>eidem</strong></span> <span class='ocrx_word' id='word_1_691' title='bbox 2764 3443 3015 3521; x_wconf 85' lang='lat' dir='ltr'><strong>Lolliano</strong></span> <span class='ocrx_word' id='word_1_692' title='bbox 3061 3479 3376 3540; x_wconf 87' lang='lat' dir='ltr'><strong>proconsuli</strong></span> <span class='ocrx_word' id='word_1_693' title='bbox 3414 3491 3473 3537; x_wconf 89' lang='lat' dir='ltr'><strong>et</strong></span> 
     </span>
    </p>
   </div>
   <div class='ocr_carea' id='block_1_95' title="bbox 1860 3533 3466 3643">
    <p class='ocr_par' dir='ltr' id='par_1_95' title="bbox 1860 3533 3466 3643">
     <span class='ocr_line' id='line_1_102' title="bbox 1860 3533 3466 3643; baseline 0.027 -57"><span class='ocrx_word' id='word_1_694' title='bbox 1860 3533 2143 3594; x_wconf 90' lang='lat' dir='ltr'><strong>ordinario</strong></span> <span class='ocrx_word' id='word_1_695' title='bbox 2192 3544 2403 3599; x_wconf 86' lang='lat' dir='ltr'><strong>eonsuli</strong></span> <span class='ocrx_word' id='word_1_696' title='bbox 2456 3546 2741 3620; x_wconf 82' lang='lat' dir='ltr'><strong>designato</strong></span> <span class='ocrx_word' id='word_1_697' title='bbox 2790 3555 3098 3618; x_wconf 83' lang='lat' dir='ltr'><strong>dedicasse.</strong></span> <span class='ocrx_word' id='word_1_698' title='bbox 3147 3565 3297 3625; x_wconf 86' lang='lat' dir='ltr'><strong>Fasti</strong></span> <span class='ocrx_word' id='word_1_699' title='bbox 3346 3575 3466 3643; x_wconf 82' lang='lat' dir='ltr'><strong>qui-</strong></span> 
     </span>
    </p>
   </div>
   <div class='ocr_carea' id='block_1_96' title="bbox 1859 3623 3470 3726">
    <p class='ocr_par' dir='ltr' id='par_1_96' title="bbox 1859 3623 3470 3726">
     <span class='ocr_line' id='line_1_103' title="bbox 1859 3623 3470 3726; baseline 0.029 -47"><span class='ocrx_word' id='word_1_700' title='bbox 1859 3623 1983 3681; x_wconf 88' lang='lat' dir='ltr'><strong>dem</strong></span> <span class='ocrx_word' id='word_1_701' title='bbox 2032 3628 2102 3684; x_wconf 93' lang='lat' dir='ltr'><strong>ad</strong></span> <span class='ocrx_word' id='word_1_702' title='bbox 2167 3647 2368 3692; x_wconf 88' lang='lat' dir='ltr'><strong>annum</strong></span> <span class='ocrx_word' id='word_1_703' title='bbox 2419 3639 2527 3697; x_wconf 79' lang='lat'><strong>555</strong></span> <span class='ocrx_word' id='word_1_704' title='bbox 2571 3641 2877 3705; x_wconf 89' lang='lat' dir='ltr'><strong>Lollianum</strong></span> <span class='ocrx_word' id='word_1_705' title='bbox 2922 3657 3212 3724; x_wconf 88' lang='lat' dir='ltr'><strong>quemdam</strong></span> 
     </span>
    </p>
   </div>
   <div class='ocr_carea' id='block_1_97' title="bbox 1857 3722 3466 3825">
    <p class='ocr_par' dir='ltr' id='par_1_97' title="bbox 1857 3722 3466 3825">
     <span class='ocr_line' id='line_1_104' title="bbox 1857 3722 3466 3825; baseline 0.029 -53"><span class='ocrx_word' id='word_1_706' title='bbox 1857 3722 2178 3792; x_wconf 85' lang='lat' dir='ltr'><strong>consulem;</strong></span> <span class='ocrx_word' id='word_1_707' title='bbox 2229 3727 2551 3790; x_wconf 80' lang='lat' dir='ltr'><strong>Mavortiam</strong></span> <span class='ocrx_word' id='word_1_708' title='bbox 2598 3746 2779 3795; x_wconf 90' lang='lat' dir='ltr'><strong>autem</strong></span> <span class='ocrx_word' id='word_1_709' title='bbox 2839 3746 3155 3813; x_wconf 73' lang='lat' dir='ltr'><strong>pra-fectum</strong></span> <span class='ocrx_word' id='word_1_710' title='bbox 3205 3762 3466 3825; x_wconf 72' lang='lat' dir='ltr'><strong>praetorio</strong></span> 
     </span>
    </p>
   </div>
   <div class='ocr_carea' id='block_1_98' title="bbox 1858 3813 3461 3913">
    <p class='ocr_par' dir='ltr' id='par_1_98' title="bbox 1858 3813 3461 3913">
     <span class='ocr_line' id='line_1_105' title="bbox 1858 3813 3461 3913; baseline 0.031 -50"><span class='ocrx_word' id='word_1_711' title='bbox 1858 3813 2176 3873; x_wconf 81' lang='lat' dir='ltr'><strong>Ammianus</strong></span> <span class='ocrx_word' id='word_1_712' title='bbox 2223 3822 2576 3885; x_wconf 83' lang='lat' dir='ltr'><strong>Marcellinus</strong></span> <span class='ocrx_word' id='word_1_713' title='bbox 2642 3833 2712 3888; x_wconf 89' lang='lat' dir='ltr'><strong>ob</strong></span> <span class='ocrx_word' id='word_1_714' title='bbox 2778 3840 3049 3899; x_wconf 78' lang='lat' dir='ltr'><strong>sublimem</strong></span> <span class='ocrx_word' id='word_1_715' title='bbox 3108 3856 3461 3913; x_wconf 81' lang='lat' dir='ltr'><strong>constantiam</strong></span> 
     </span>
    </p>
   </div>
   <div class='ocr_carea' id='block_1_99' title="bbox 1854 3901 3461 4005">
    <p class='ocr_par' dir='ltr' id='par_1_99' title="bbox 1854 3901 3461 4005">
     <span class='ocr_line' id='line_1_106' title="bbox 1854 3901 3461 4005; baseline 0.031 -50"><span class='ocrx_word' id='word_1_716' title='bbox 1854 3901 2040 3961; x_wconf 89' lang='lat' dir='ltr'><strong>laudat</strong></span> <span class='ocrx_word' id='word_1_717' title='bbox 2085 3908 2183 3980; x_wconf 78' lang='grc' dir='ltr'><strong>(ὁ).</strong></span> <span class='ocrx_word' id='word_1_718' title='bbox 2222 3912 2372 3971; x_wconf 90' lang='lat' dir='ltr'><strong>llaud</strong></span> <span class='ocrx_word' id='word_1_719' title='bbox 2424 3934 2553 3976; x_wconf 88' lang='lat' dir='ltr'><strong>vero</strong></span> <span class='ocrx_word' id='word_1_720' title='bbox 2601 3936 2846 3995; x_wconf 87' lang='lat' dir='ltr'><strong>constat,</strong></span> <span class='ocrx_word' id='word_1_721' title='bbox 2878 3932 2986 3990; x_wconf 91' lang='lat' dir='ltr'><strong>duo</strong></span> <span class='ocrx_word' id='word_1_722' title='bbox 3030 3935 3199 3997; x_wconf 88' lang='lat' dir='ltr'><strong>hosce</strong></span> <span class='ocrx_word' id='word_1_723' title='bbox 3240 3949 3461 4005; x_wconf 90' lang='lat' dir='ltr'><strong>nonnisi</strong></span> 
     </span>
    </p>
   </div>
   <div class='ocr_carea' id='block_1_100' title="bbox 1856 4000 3462 4098">
    <p class='ocr_par' dir='ltr' id='par_1_100' title="bbox 1856 4000 3462 4098">
     <span class='ocr_line' id='line_1_107' title="bbox 1856 4000 3462 4098; baseline 0.029 -47"><span class='ocrx_word' id='word_1_724' title='bbox 1856 4012 2021 4054; x_wconf 91' lang='lat' dir='ltr'><strong>unum</strong></span> <span class='ocrx_word' id='word_1_725' title='bbox 2053 4000 2221 4061; x_wconf 83' lang='lat' dir='ltr'><strong>fuisse</strong></span> <span class='ocrx_word' id='word_1_726' title='bbox 2253 4006 2524 4066; x_wconf 85' lang='lat' dir='ltr'><strong>hominem</strong></span> <span class='ocrx_word' id='word_1_727' title='bbox 2544 4056 2557 4080; x_wconf 92' lang='lat'><strong>,</strong></span> <span class='ocrx_word' id='word_1_728' title='bbox 2591 4020 2954 4096; x_wconf 85' lang='lat' dir='ltr'><strong>eumdemque</strong></span> <span class='ocrx_word' id='word_1_729' title='bbox 2985 4027 3309 4093; x_wconf 81' lang='lat' dir='ltr'><strong>Mavortiam</strong></span> <span class='ocrx_word' id='word_1_730' title='bbox 3332 4039 3462 4098; x_wconf 89' lang='lat' dir='ltr'><strong>Lol-</strong></span> 
     </span>
    </p>
   </div>
   <div class='ocr_carea' id='block_1_101' title="bbox 1854 4088 3460 4202">
    <p class='ocr_par' dir='ltr' id='par_1_101' title="bbox 1854 4088 3460 4202">
     <span class='ocr_line' id='line_1_108' title="bbox 1854 4088 3460 4202; baseline 0.031 -61"><span class='ocrx_word' id='word_1_731' title='bbox 1854 4088 2081 4162; x_wconf 89' lang='lat' dir='ltr'><strong>lianum,</strong></span> <span class='ocrx_word' id='word_1_732' title='bbox 2108 4097 2195 4151; x_wconf 90' lang='lat' dir='ltr'><strong>cui</strong></span> <span class='ocrx_word' id='word_1_733' title='bbox 2233 4097 2502 4158; x_wconf 87' lang='lat' dir='ltr'><strong>Firmicus</strong></span> <span class='ocrx_word' id='word_1_734' title='bbox 2534 4104 2731 4166; x_wconf 90' lang='lat' dir='ltr'><strong>librum</strong></span> <span class='ocrx_word' id='word_1_735' title='bbox 2760 4129 2918 4172; x_wconf 90' lang='lat' dir='ltr'><strong>suum</strong></span> <span class='ocrx_word' id='word_1_736' title='bbox 2950 4120 3256 4196; x_wconf 89' lang='lat' dir='ltr'><strong>inscripsit;</strong></span> <span class='ocrx_word' id='word_1_737' title='bbox 3287 4146 3460 4202; x_wconf 85' lang='lat' dir='ltr'><strong>quan-</strong></span> 
     </span>
    </p>
   </div>
   <div class='ocr_carea' id='block_1_102' title="bbox 1857 4191 3456 4285">
    <p class='ocr_par' dir='ltr' id='par_1_102' title="bbox 1857 4191 3456 4285">
     <span class='ocr_line' id='line_1_109' title="bbox 1857 4191 3456 4285; baseline 0.029 -47"><span class='ocrx_word' id='word_1_738' title='bbox 1857 4197 2017 4254; x_wconf 91' lang='lat' dir='ltr'><strong>quam</strong></span> <span class='ocrx_word' id='word_1_739' title='bbox 2047 4204 2111 4244; x_wconf 84' lang='lat' dir='ltr'><strong>ex</strong></span> <span class='ocrx_word' id='word_1_740' title='bbox 2138 4191 2309 4248; x_wconf 88' lang='lat' dir='ltr'><strong>altera</strong></span> <span class='ocrx_word' id='word_1_741' title='bbox 2345 4206 2499 4265; x_wconf 84' lang='lat' dir='ltr'><strong>parte</strong></span> <span class='ocrx_word' id='word_1_742' title='bbox 2544 4205 2953 4267; x_wconf 89' lang='lat' dir='ltr'><strong>concedendum</strong></span> <span class='ocrx_word' id='word_1_743' title='bbox 2986 4224 3101 4285; x_wconf 90' lang='lat' dir='ltr'><strong>est,</strong></span> <span class='ocrx_word' id='word_1_744' title='bbox 3121 4191 3456 4285; x_wconf 51' lang='lat' dir='ltr'><strong>ilavortiutn</strong></span> 
     </span>
    </p>
   </div>
   <div class='ocr_carea' id='block_1_103' title="bbox 1851 4275 3455 4390">
    <p class='ocr_par' dir='ltr' id='par_1_103' title="bbox 1851 4275 3455 4390">
     <span class='ocr_line' id='line_1_110' title="bbox 1851 4275 3455 4390; baseline 0.031 -59"><span class='ocrx_word' id='word_1_745' title='bbox 1851 4275 2154 4338; x_wconf 91' lang='lat' dir='ltr'><strong>Lollianum</strong></span> <span class='ocrx_word' id='word_1_746' title='bbox 2187 4288 2467 4359; x_wconf 88' lang='lat' dir='ltr'><strong>pluribus,</strong></span> <span class='ocrx_word' id='word_1_747' title='bbox 2500 4306 2789 4369; x_wconf 89' lang='lat' dir='ltr'><strong>antequam</strong></span> <span class='ocrx_word' id='word_1_748' title='bbox 2837 4302 3044 4364; x_wconf 91' lang='lat' dir='ltr'><strong>Consul</strong></span> <span class='ocrx_word' id='word_1_749' title='bbox 3089 4275 3455 4390; x_wconf 74' lang='lat' dir='ltr'><strong>processerit,</strong></span> 
     </span>
    </p>
   </div>
   <div class='ocr_carea' id='block_1_104' title="bbox 1848 4374 3456 4481">
    <p class='ocr_par' dir='ltr' id='par_1_104' title="bbox 1848 4374 3456 4481">
     <span class='ocr_line' id='line_1_111' title="bbox 1848 4374 3456 4481; baseline 0.031 -56"><span class='ocrx_word' id='word_1_750' title='bbox 1848 4374 2008 4429; x_wconf 90' lang='lat' dir='ltr'><strong>annis</strong></span> <span class='ocrx_word' id='word_1_751' title='bbox 2054 4382 2335 4437; x_wconf 89' lang='lat' dir='ltr'><strong>consulem</strong></span> <span class='ocrx_word' id='word_1_752' title='bbox 2392 4385 2665 4460; x_wconf 86' lang='lat' dir='ltr'><strong>designari</strong></span> <span class='ocrx_word' id='word_1_753' title='bbox 2717 4399 2998 4468; x_wconf 89' lang='lat' dir='ltr'><strong>potuisse;</strong></span> <span class='ocrx_word' id='word_1_754' title='bbox 3051 4404 3105 4460; x_wconf 91' lang='lat' dir='ltr'><strong>id</strong></span> <span class='ocrx_word' id='word_1_755' title='bbox 3156 4412 3300 4481; x_wconf 91' lang='lat' dir='ltr'><strong>quod</strong></span> <span class='ocrx_word' id='word_1_756' title='bbox 3351 4417 3456 4474; x_wconf 88' lang='lat' dir='ltr'><strong>sub</strong></span> 
     </span>
    </p>
   </div>
   <div class='ocr_carea' id='block_1_105' title="bbox 1848 4469 3452 4567">
    <p class='ocr_par' dir='ltr' id='par_1_105' title="bbox 1848 4469 3452 4567">
     <span class='ocr_line' id='line_1_112' title="bbox 1848 4469 3452 4567; baseline 0.031 -51"><span class='ocrx_word' id='word_1_757' title='bbox 1848 4469 2115 4533; x_wconf 75' lang='lat' dir='ltr'><strong>proximis</strong></span> <span class='ocrx_word' id='word_1_758' title='bbox 2165 4470 2508 4535; x_wconf 83' lang='lat' dir='ltr'><strong>ConStantini</strong></span> <span class='ocrx_word' id='word_1_759' title='bbox 2553 4482 2940 4549; x_wconf 90' lang='lat' dir='ltr'><strong>decessoribus</strong></span> <span class='ocrx_word' id='word_1_760' title='bbox 2986 4494 3132 4553; x_wconf 88' lang='lat' dir='ltr'><strong>haud</strong></span> <span class='ocrx_word' id='word_1_761' title='bbox 3202 4502 3275 4559; x_wconf 88' lang='lat' dir='ltr'><strong>ita</strong></span> <span class='ocrx_word' id='word_1_762' title='bbox 3325 4522 3452 4567; x_wconf 91' lang='lat' dir='ltr'><strong>raro</strong></span> 
     </span>
    </p>
   </div>
   <div class='ocr_carea' id='block_1_106' title="bbox 1853 4560 3452 4659">
    <p class='ocr_par' dir='ltr' id='par_1_106' title="bbox 1853 4560 3452 4659">
     <span class='ocr_line' id='line_1_113' title="bbox 1853 4560 3452 4659; baseline 0.031 -49"><span class='ocrx_word' id='word_1_763' title='bbox 1853 4560 2066 4628; x_wconf 86' lang='lat' dir='ltr'><strong>accidit,</strong></span> <span class='ocrx_word' id='word_1_764' title='bbox 2096 4565 2325 4639; x_wconf 87' lang='lat' dir='ltr'><strong>ejusque</strong></span> <span class='ocrx_word' id='word_1_765' title='bbox 2356 4585 2690 4634; x_wconf 88' lang='lat' dir='ltr'><strong>summorum</strong></span> <span class='ocrx_word' id='word_1_766' title='bbox 2727 4581 2997 4644; x_wconf 89' lang='lat' dir='ltr'><strong>honorum</strong></span> <span class='ocrx_word' id='word_1_767' title='bbox 3026 4591 3292 4656; x_wconf 78' lang='lat' dir='ltr'><strong>Mavortio</strong></span> <span class='ocrx_word' id='word_1_768' title='bbox 3321 4600 3452 4659; x_wconf 89' lang='lat' dir='ltr'><strong>Lol-</strong></span> 
     </span>
    </p>
   </div>
   <div class='ocr_carea' id='block_1_107' title="bbox 1854 4649 3452 4764">
    <p class='ocr_par' dir='ltr' id='par_1_107' title="bbox 1854 4649 3452 4764">
     <span class='ocr_line' id='line_1_114' title="bbox 1854 4649 3452 4764; baseline 0.032 -60"><span class='ocrx_word' id='word_1_769' title='bbox 1854 4649 2000 4707; x_wconf 89' lang='lat' dir='ltr'><strong>liano</strong></span> <span class='ocrx_word' id='word_1_770' title='bbox 2051 4658 2445 4725; x_wconf 89' lang='lat' dir='ltr'><strong>promissorum</strong></span> <span class='ocrx_word' id='word_1_771' title='bbox 2505 4675 3011 4738; x_wconf 87' lang='lat' dir='ltr'><strong>procrastinationis</strong></span> <span class='ocrx_word' id='word_1_772' title='bbox 3058 4700 3225 4745; x_wconf 90' lang='lat' dir='ltr'><strong>causa</strong></span> <span class='ocrx_word' id='word_1_773' title='bbox 3279 4700 3452 4764; x_wconf 67' lang='lat' dir='ltr'><strong>quaeri</strong></span> 
     </span>
     <span class='ocr_line' id='line_1_115' title="bbox 1854 4742 2517 4764; baseline 0.027 0"><span class='ocrx_word' id='word_1_774' title='bbox 1854 4742 1979 4764; x_wconf 38' lang='lat' dir='ltr'><strong>I&#39;A_,.,</strong></span> <span class='ocrx_word' id='word_1_775' title='bbox 2034 4763 2037 4764; x_wconf 46' lang='grc' dir='ltr'><em>ν</em></span> <span class='ocrx_word' id='word_1_776' title='bbox 2185 4761 2193 4764; x_wconf 83' lang='lat'><strong>-</strong></span> <span class='ocrx_word' id='word_1_777' title='bbox 2270 4755 2280 4764; x_wconf 89' lang='lat'>&#39;</span> <span class='ocrx_word' id='word_1_778' title='bbox 2341 4757 2352 4764; x_wconf 83' lang='lat'><strong>‘</strong></span> <span class='ocrx_word' id='word_1_779' title='bbox 2506 4760 2517 4764; x_wconf 71' lang='lat'><em>‘</em></span> 
     </span>
    </p>
   </div>
   <div class='ocr_carea' id='block_1_108' title="bbox 1850 4742 3450 4849">
    <p class='ocr_par' dir='ltr' id='par_1_108' title="bbox 1850 4742 3450 4849">
     <span class='ocr_line' id='line_1_116' title="bbox 1850 4742 3450 4849; baseline 0.032 -52"><span class='ocrx_word' id='word_1_780' title='bbox 1850 4742 2081 4825; x_wconf 64' lang='lat' dir='ltr'><strong>fortasse</strong></span> <span class='ocrx_word' id='word_1_781' title='bbox 2111 4755 2307 4819; x_wconf 89' lang='lat' dir='ltr'><strong>poterit</strong></span> <span class='ocrx_word' id='word_1_782' title='bbox 2339 4757 2390 4812; x_wconf 91' lang='lat' dir='ltr'><strong>in</strong></span> <span class='ocrx_word' id='word_1_783' title='bbox 2442 4760 2746 4822; x_wconf 88' lang='lat' dir='ltr'><strong>rebellione</strong></span> <span class='ocrx_word' id='word_1_784' title='bbox 2778 4769 3069 4844; x_wconf 85' lang='lat' dir='ltr'><strong>Magnentii</strong></span> <span class='ocrx_word' id='word_1_785' title='bbox 3113 4790 3169 4836; x_wconf 89' lang='lat' dir='ltr'><strong>et</strong></span> <span class='ocrx_word' id='word_1_786' title='bbox 3216 4742 3450 4849; x_wconf 69' lang='lat' dir='ltr'><strong>tumultu</strong></span> 
     </span>
    </p>
   </div>
   <div class='ocr_carea' id='block_1_109' title="bbox 1848 4824 3445 4951">
    <p class='ocr_par' dir='ltr' id='par_1_109' title="bbox 1848 4824 3445 4951">
     <span class='ocr_line' id='line_1_117' title="bbox 2864 4824 3445 4849; baseline 0.043 -24"><span class='ocrx_word' id='word_1_787' title='bbox 2864 4824 3069 4844; x_wconf 62' lang='lat'><strong>0---&quot;--.</strong></span> <span class='ocrx_word' id='word_1_788' title='bbox 3115 4824 3169 4836; x_wconf 72' lang='grc' dir='ltr'><strong>νυ</strong></span> <span class='ocrx_word' id='word_1_789' title='bbox 3216 4824 3445 4849; x_wconf 71' lang='grc' dir='ltr'><strong>ιυιιιυιιυ</strong></span> 
     </span>
     <span class='ocr_line' id='line_1_118' title="bbox 1848 4824 3445 4951; baseline 0.031 -61"><span class='ocrx_word' id='word_1_790' title='bbox 1848 4824 1993 4893; x_wconf 81' lang='lat' dir='ltr'><strong>civili</strong></span> <span class='ocrx_word' id='word_1_791' title='bbox 2026 4840 2153 4898; x_wconf 89' lang='lat' dir='ltr'><strong>inde</strong></span> <span class='ocrx_word' id='word_1_792' title='bbox 2181 4854 2303 4902; x_wconf 91' lang='lat' dir='ltr'><strong>orto</strong></span> <span class='ocrx_word' id='word_1_793' title='bbox 2323 4888 2338 4917; x_wconf 91' lang='lat'><strong>,</strong></span> <span class='ocrx_word' id='word_1_794' title='bbox 2369 4865 2472 4906; x_wconf 90' lang='lat' dir='ltr'><strong>nec</strong></span> <span class='ocrx_word' id='word_1_795' title='bbox 2502 4864 2631 4912; x_wconf 91' lang='lat' dir='ltr'><strong>ante</strong></span> <span class='ocrx_word' id='word_1_796' title='bbox 2677 4858 2955 4919; x_wconf 89' lang='lat' dir='ltr'><strong>interitum</strong></span> <span class='ocrx_word' id='word_1_797' title='bbox 2996 4866 3160 4941; x_wconf 91' lang='lat' dir='ltr'><strong>hujus</strong></span> <span class='ocrx_word' id='word_1_798' title='bbox 3188 4882 3402 4948; x_wconf 88' lang='lat' dir='ltr'><strong>tyranni</strong></span> <span class='ocrx_word' id='word_1_799' title='bbox 3431 4926 3445 4951; x_wconf 95' lang='lat'><strong>,</strong></span> 
     </span>
    </p>
   </div>
   <div class='ocr_carea' id='block_1_110' title="bbox 1848 4931 3449 5038">
    <p class='ocr_par' dir='ltr' id='par_1_110' title="bbox 1848 4931 3449 5038">
     <span class='ocr_line' id='line_1_119' title="bbox 1848 4931 3449 5038; baseline 0.031 -54"><span class='ocrx_word' id='word_1_800' title='bbox 1848 4931 2005 5003; x_wconf 88' lang='lat' dir='ltr'><strong>cujus</strong></span> <span class='ocrx_word' id='word_1_801' title='bbox 2050 4936 2277 4995; x_wconf 90' lang='lat' dir='ltr'><strong>arbitrio</strong></span> <span class='ocrx_word' id='word_1_802' title='bbox 2329 4943 2442 5015; x_wconf 89' lang='lat' dir='ltr'><strong>ipsa</strong></span> <span class='ocrx_word' id='word_1_803' title='bbox 2476 4948 2607 5004; x_wconf 89' lang='lat' dir='ltr'><strong>urbs</strong></span> <span class='ocrx_word' id='word_1_804' title='bbox 2647 4950 2819 5009; x_wconf 82' lang='lat' dir='ltr'><strong>Roma</strong></span> <span class='ocrx_word' id='word_1_805' title='bbox 2852 4958 3084 5018; x_wconf 82' lang='lat' dir='ltr'><strong>obnoxia</strong></span> <span class='ocrx_word' id='word_1_806' title='bbox 3134 4978 3273 5038; x_wconf 89' lang='lat' dir='ltr'><strong>erat,</strong></span> <span class='ocrx_word' id='word_1_807' title='bbox 3305 4989 3449 5033; x_wconf 89' lang='lat' dir='ltr'><strong>anno</strong></span> 
     </span>
    </p>
   </div>
   <div class='ocr_carea' id='block_1_111' title="bbox 1844 5026 3448 5134">
    <p class='ocr_par' dir='ltr' id='par_1_111' title="bbox 1844 5026 3448 5134">
     <span class='ocr_line' id='line_1_120' title="bbox 1844 5026 3448 5134; baseline 0.027 -52"><span class='ocrx_word' id='word_1_808' title='bbox 1844 5026 1951 5083; x_wconf 78' lang='lat'><strong>555</strong></span> <span class='ocrx_word' id='word_1_809' title='bbox 1977 5043 2314 5102; x_wconf 87' lang='lat' dir='ltr'><strong>compresso.</strong></span> <span class='ocrx_word' id='word_1_810' title='bbox 2347 5037 2531 5110; x_wconf 87' lang='lat' dir='ltr'><strong>Itaque</strong></span> <span class='ocrx_word' id='word_1_811' title='bbox 2558 5044 2826 5104; x_wconf 83' lang='lat' dir='ltr'><strong>Stabimus</strong></span> <span class='ocrx_word' id='word_1_812' title='bbox 2856 5050 2909 5106; x_wconf 90' lang='lat' dir='ltr'><strong>in</strong></span> <span class='ocrx_word' id='word_1_813' title='bbox 2940 5067 3002 5110; x_wconf 89' lang='lat' dir='ltr'><strong>ea</strong></span> <span class='ocrx_word' id='word_1_814' title='bbox 3047 5066 3314 5120; x_wconf 91' lang='lat' dir='ltr'><strong>sententia</strong></span> <span class='ocrx_word' id='word_1_815' title='bbox 3335 5110 3349 5134; x_wconf 90' lang='lat'><strong>,</strong></span> <span class='ocrx_word' id='word_1_816' title='bbox 3379 5070 3448 5126; x_wconf 87' lang='lat' dir='ltr'><strong>li-</strong></span> 
     </span>
    </p>
   </div>
   <div class='ocr_carea' id='block_1_112' title="bbox 1845 5119 3449 5221">
    <p class='ocr_par' dir='ltr' id='par_1_112' title="bbox 1845 5119 3449 5221">
     <span class='ocr_line' id='line_1_121' title="bbox 1845 5119 3449 5221; baseline 0.029 -47"><span class='ocrx_word' id='word_1_817' title='bbox 1845 5119 1975 5176; x_wconf 90' lang='lat' dir='ltr'><strong>bros</strong></span> <span class='ocrx_word' id='word_1_818' title='bbox 2000 5122 2420 5187; x_wconf 53' lang='lat' dir='ltr'><strong>Mathematici.»</strong></span> <span class='ocrx_word' id='word_1_819' title='bbox 2448 5134 2625 5190; x_wconf 90' lang='lat' dir='ltr'><strong>editos</strong></span> <span class='ocrx_word' id='word_1_820' title='bbox 2655 5154 2776 5196; x_wconf 87' lang='lat' dir='ltr'><strong>esse</strong></span> <span class='ocrx_word' id='word_1_821' title='bbox 2806 5144 2956 5200; x_wconf 90' lang='lat' dir='ltr'><strong>brevi</strong></span> <span class='ocrx_word' id='word_1_822' title='bbox 3004 5160 3125 5220; x_wconf 91' lang='lat' dir='ltr'><strong>post</strong></span> <span class='ocrx_word' id='word_1_823' title='bbox 3157 5155 3286 5213; x_wconf 93' lang='lat' dir='ltr'><strong>illud</strong></span> <span class='ocrx_word' id='word_1_824' title='bbox 3311 5162 3449 5221; x_wconf 88' lang='lat' dir='ltr'><strong>solis</strong></span> 
     </span>
    </p>
   </div>
   <div class='ocr_carea' id='block_1_113' title="bbox 1849 5213 3453 5312">
    <p class='ocr_par' dir='ltr' id='par_1_113' title="bbox 1849 5213 3453 5312">
     <span class='ocr_line' id='line_1_122' title="bbox 1849 5213 3453 5312; baseline 0.028 -44"><span class='ocrx_word' id='word_1_825' title='bbox 1849 5213 2172 5286; x_wconf 90' lang='lat' dir='ltr'><strong>deliquium,</strong></span> <span class='ocrx_word' id='word_1_826' title='bbox 2204 5224 2348 5292; x_wconf 88' lang='lat' dir='ltr'><strong>quod</strong></span> <span class='ocrx_word' id='word_1_827' title='bbox 2383 5239 2529 5283; x_wconf 90' lang='lat' dir='ltr'><strong>anno</strong></span> <span class='ocrx_word' id='word_1_828' title='bbox 2554 5229 2658 5286; x_wconf 71' lang='lat'><strong>556</strong></span> <span class='ocrx_word' id='word_1_829' title='bbox 2686 5236 2917 5304; x_wconf 85' lang='lat' dir='ltr'><strong>accidit,</strong></span> <span class='ocrx_word' id='word_1_830' title='bbox 2953 5249 3008 5295; x_wconf 92' lang='lat' dir='ltr'><strong>et</strong></span> <span class='ocrx_word' id='word_1_831' title='bbox 3033 5256 3160 5302; x_wconf 78' lang='lat' dir='ltr'><strong>ante</strong></span> <span class='ocrx_word' id='word_1_832' title='bbox 3189 5248 3453 5312; x_wconf 89' lang='lat' dir='ltr'><strong>Constan-</strong></span> 
     </span>
    </p>
   </div>
   <div class='ocr_carea' id='block_1_114' title="bbox 1848 5306 3447 5406">
    <p class='ocr_par' dir='ltr' id='par_1_114' title="bbox 1848 5306 3447 5406">
     <span class='ocr_line' id='line_1_123' title="bbox 1848 5306 3447 5406; baseline 0.028 -46"><span class='ocrx_word' id='word_1_833' title='bbox 1848 5306 1942 5362; x_wconf 90' lang='lat' dir='ltr'><strong>tini</strong></span> <span class='ocrx_word' id='word_1_834' title='bbox 1965 5309 2046 5381; x_wconf 85' lang='grc' dir='ltr'><strong>Μ.</strong></span> <span class='ocrx_word' id='word_1_835' title='bbox 2072 5313 2275 5370; x_wconf 88' lang='lat' dir='ltr'><strong>obitum</strong></span> <span class='ocrx_word' id='word_1_836' title='bbox 2301 5335 2315 5385; x_wconf 92' lang='lat'>;</span> <span class='ocrx_word' id='word_1_837' title='bbox 2346 5317 2542 5377; x_wconf 92' lang='lat' dir='ltr'><strong>librum</strong></span> <span class='ocrx_word' id='word_1_838' title='bbox 2578 5341 2708 5381; x_wconf 81' lang='lat' dir='ltr'><strong>vero</strong></span> <span class='ocrx_word' id='word_1_839' title='bbox 2736 5328 2802 5385; x_wconf 90' lang='lat' dir='ltr'><strong>de</strong></span> <span class='ocrx_word' id='word_1_840' title='bbox 2836 5329 3043 5392; x_wconf 86' lang='lat' dir='ltr'><strong>Errare</strong></span> <span class='ocrx_word' id='word_1_841' title='bbox 3090 5338 3447 5406; x_wconf 87' lang='lat' dir='ltr'><strong>Profanarum</strong></span> 
     </span>
    </p>
   </div>
   <div class='ocr_carea' id='block_1_115' title="bbox 1848 5399 3451 5512">
    <p class='ocr_par' dir='ltr' id='par_1_115' title="bbox 1848 5399 3451 5512">
     <span class='ocr_line' id='line_1_124' title="bbox 1848 5399 3451 5512; baseline 0.031 -59"><span class='ocrx_word' id='word_1_842' title='bbox 1848 5399 2191 5475; x_wconf 79' lang='lat' dir='ltr'><strong>Religionum</strong></span> <span class='ocrx_word' id='word_1_843' title='bbox 2221 5402 2589 5486; x_wconf 81' lang='lat' dir='ltr'><strong>conscriptum</strong></span> <span class='ocrx_word' id='word_1_844' title='bbox 2614 5435 2736 5477; x_wconf 89' lang='lat' dir='ltr'><strong>esse</strong></span> <span class='ocrx_word' id='word_1_845' title='bbox 2761 5423 2903 5481; x_wconf 88' lang='lat' dir='ltr'><strong>inter</strong></span> <span class='ocrx_word' id='word_1_846' title='bbox 2924 5443 3095 5487; x_wconf 87' lang='lat' dir='ltr'><strong>annos</strong></span> <span class='ocrx_word' id='word_1_847' title='bbox 3117 5434 3224 5491; x_wconf 75' lang='grc'><strong>545</strong></span> <span class='ocrx_word' id='word_1_848' title='bbox 3243 5449 3296 5493; x_wconf 91' lang='lat' dir='ltr'><strong>et</strong></span> <span class='ocrx_word' id='word_1_849' title='bbox 3318 5442 3451 5512; x_wconf 82' lang='grc'><strong>550,</strong></span> 
     </span>
    </p>
   </div>
   <div class='ocr_carea' id='block_1_116' title="bbox 1849 5494 3444 5601">
    <p class='ocr_par' dir='ltr' id='par_1_116' title="bbox 1849 5494 3444 5601">
     <span class='ocr_line' id='line_1_125' title="bbox 1849 5494 3444 5601; baseline 0.029 -55"><span class='ocrx_word' id='word_1_850' title='bbox 1849 5494 1931 5549; x_wconf 88' lang='lat' dir='ltr'><strong>vel</strong></span> <span class='ocrx_word' id='word_1_851' title='bbox 1961 5498 2142 5566; x_wconf 91' lang='lat' dir='ltr'><strong>potius</strong></span> <span class='ocrx_word' id='word_1_852' title='bbox 2171 5501 2297 5571; x_wconf 70' lang='lat'><strong>348,</strong></span> <span class='ocrx_word' id='word_1_853' title='bbox 2327 5522 2436 5579; x_wconf 90' lang='lat' dir='ltr'><strong>quo</strong></span> <span class='ocrx_word' id='word_1_854' title='bbox 2479 5508 2715 5568; x_wconf 84' lang='lat' dir='ltr'><strong>Romani</strong></span> <span class='ocrx_word' id='word_1_855' title='bbox 2760 5529 2791 5569; x_wconf 87' lang='lat' dir='ltr'><strong>a</strong></span> <span class='ocrx_word' id='word_1_856' title='bbox 2816 5517 3025 5589; x_wconf 86' lang='lat' dir='ltr'><strong>Sapore</strong></span> <span class='ocrx_word' id='word_1_857' title='bbox 3060 5524 3131 5581; x_wconf 87' lang='lat' dir='ltr'><strong>ad</strong></span> <span class='ocrx_word' id='word_1_858' title='bbox 3159 5494 3444 5601; x_wconf 70' lang='lat' dir='ltr'><strong>Singaram</strong></span> 
     </span>
    </p>
   </div>
   <div class='ocr_carea' id='block_1_117' title="bbox 1847 5585 2127 5649">
    <p class='ocr_par' dir='ltr' id='par_1_117' title="bbox 1847 5585 2127 5649">
     <span class='ocr_line' id='line_1_126' title="bbox 1847 5585 2127 5649; baseline 0.032 -8"><span class='ocrx_word' id='word_1_859' title='bbox 1847 5585 1950 5644; x_wconf 83' lang='lat' dir='ltr'><strong>fusi</strong></span> <span class='ocrx_word' id='word_1_860' title='bbox 1980 5603 2127 5649; x_wconf 88' lang='lat' dir='ltr'><strong>sunt.</strong></span> 
     </span>
    </p>
   </div>
   <div class='ocr_carea' id='block_1_118' title="bbox 1572 5718 2404 5808">
    <p class='ocr_par' dir='ltr' id='par_1_118' title="bbox 1572 5718 2404 5808">
     <span class='ocr_line' id='line_1_127' title="bbox 1572 5718 2404 5808; baseline 0.024 -32"><span class='ocrx_word' id='word_1_861' title='bbox 1572 5718 1722 5779; x_wconf 86' lang='lat' dir='ltr'><strong>Fasti</strong></span> <span class='ocrx_word' id='word_1_862' title='bbox 1744 5722 2094 5789; x_wconf 82' lang='lat' dir='ltr'><strong>Consulares.</strong></span> <span class='ocrx_word' id='word_1_863' title='bbox 2125 5748 2246 5808; x_wconf 83' lang='lat' dir='ltr'><strong>pag.</strong></span> <span class='ocrx_word' id='word_1_864' title='bbox 2280 5738 2404 5795; x_wconf 84' lang='grc'><strong>161.</strong></span> 
     </span>
    </p>
   </div>
  </div>
