3992 6204
551 221 658 279 975

622 453 781 510 Prior
828 453 965 511 liber
1014 460 1293 512 auctorem
1350 456 1513 512 habet
1539 457 1715 513 virum
1748 460 2153 530 superstitioni-

546 546 652 603 bus
700 547 1050 604 Ethnicorum
1098 550 1409 618 addictum,
1442 553 1581 607 alter
1628 552 2017 609 Christianum.
2051 556 2151 610 Vix

543 654 678 696 vero
707 639 934 696 inducor
964 653 1019 696 ut
1046 643 1585 715 mihifpersuadeam,
1615 645 1909 703 Firmicum
1942 648 2152 703 mathe-

547 736 829 803 maticum,
860 744 1023 793 aztate
1049 737 1160 808 jam
1191 749 1543 809 provectum,
1577 741 1721 810 quod
1752 743 1866 812 ipse
1894 743 1947 797 in
1975 751 2151 796 astro-

544 826 779 882 nomicis
807 829 1131 898 profitetur,
1179 833 1502 887 sententiam
1551 842 1815 901 mutasse,
1865 836 2147 892 numinum

543 921 711 976 cultui
730 964 746 990 ,
774 923 860 977 cui
916 939 1013 994 per
1041 940 1259 981 omnem
1291 926 1576 996 pristinam
1604 927 1768 981 vitam
1802 928 2108 983 adhazserat
2130 970 2146 997 ,

542 1014 904 1081 valedixisse,
938 1027 994 1073 ct
1038 1018 1357 1074 Christiana
1408 1034 1563 1075 sacra
1614 1021 1928 1091 amplexum
1956 1020 2145 1077 fuisse.

545 1107 702 1175 Quod
730 1108 774 1163 si
808 1108 1048 1176 fecisset,
1080 1112 1133 1165 in
1162 1110 1305 1166 libro
1333 1111 1401 1168 de
1443 1112 1647 1170 Errore
1684 1113 2034 1185 profanarum
2064 1130 2150 1171 re-

537 1200 802 1271 ligionum
850 1214 1000 1259 certe
1043 1207 1420 1262 conversionis
1470 1221 1583 1263 sure
1632 1208 1698 1262 ad
1730 1206 2004 1264 Christum
2035 1225 2150 1265 me-

543 1294 816 1363 minisset,
845 1307 900 1352 et
924 1296 1009 1352 vel
1037 1298 1240 1353 inscius
1271 1301 1473 1355 veteris
1499 1302 1906 1371 superstitionis
1947 1302 2147 1359 indicia

542 1387 791 1457 quaedam
854 1390 1191 1462 reliquisset.
1243 1392 1350 1448 Sed
1414 1393 1741 1464 religionum
1795 1395 2145 1451 Ethnicarum

542 1482 791 1551 quamvis
821 1484 960 1539 bene
977 1484 1047 1538 sit
1064 1500 1290 1555 gnarus,
1309 1500 1403 1541 eas
1424 1497 1602 1543 tamen
1626 1503 1692 1543 ex
1711 1488 1944 1545 lectione
1967 1490 2149 1559 potius

537 1583 593 1631 et
617 1576 975 1633 relationibus
1020 1577 1254 1633 aliorum
1288 1579 1569 1636 hominum
1595 1627 1610 1649 ,
1644 1598 1803 1652 quam
1836 1598 1901 1637 ex
1928 1584 2145 1654 propria

537 1668 910 1738 experientia,
962 1671 1133 1725 novit.
1186 1672 1370 1728 Sacrae
1424 1673 1719 1743 Scriptura:
1759 1686 1842 1730 est
1890 1677 2141 1746 peritus,

1692 221 1931 285 JULIUS
1968 221 2291 285 FIRMICUS
2327 220 2728 288 MATERNUS.
3634 229 3661 251 '

2179 357 2234 415 Α
2258 354 2552 415 perpetuus
2581 348 2698 403 fere
2719 343 2970 403 codicum
3000 358 3169 406 sacra:
3209 349 3507 424 Scriptura:
3555 352 3817 411 Afrorum
3843 400 3858 423 ,

3758 235 3861 295 976

2253 439 2343 509 qui
2369 440 2510 510 apud
2541 456 2666 497 eum
2706 440 3064 508 observatur,
3100 458 3230 500 usus
3261 447 3330 501 ad
3356 447 3498 503 hanc
3529 448 3854 518 opinionem

2256 532 2599 586 astruendam
2631 531 2950 603 sufﬁceret,
2989 549 3111 591 cum
3145 536 3197 591 hi
3227 554 3296 593 ex
3337 539 3521 595 Africa
3545 540 3616 596 ad
3650 541 3857 597 Italiam

2252 621 2567 693 llispaniam
2618 625 2981 699 Galliamque
3011 630 3207 686 devehi
3254 633 3513 690 facillime
3544 638 3858 706 potuerint:

2254 730 2353 771 nec
2380 717 2652 774 Africanae
2680 721 2986 788 latinitatis,
3022 739 3087 779 ex
3139 726 3394 795 Apuleio,
3425 729 3779 787 Tertulliano
3810 743 3862 789 et

2251 808 2527 880 Cypriano
2553 813 2689 869 satis
2720 824 2895 883 notae,
2930 816 3204 875 luculenta
3237 820 3437 878 indicia
3481 823 3535 879 in
3571 826 3696 897 ejus
3722 826 3863 885 libro

2254 902 2458 959 invenL

2324 997 2653 1071 Episcopum
2679 1001 3142 1063 Mediolanensem
3172 1007 3394 1081 Synodo
3424 1009 3693 1069 Romana:
3714 1029 3744 1069 a
3766 1015 3863 1071 Ju-

2251 1090 2324 1145 lio
2350 1091 2393 1156 l,
2422 1092 2670 1150 Romano
2693 1098 2950 1169 episcopo
2977 1115 3120 1155 anno
3141 1101 3269 1168 357,
3289 1106 3858 1173 coactazinterfuisse,

2248 1182 2425 1239 credit
2452 1185 2736 1242 Baronius.
2774 1189 2971 1246 Verum
2998 1194 3238 1265 synodus
3268 1196 3373 1250 ista
3395 1206 3479 1252 est
3518 1201 3861 1268 pseudo-lsi-

2250 1276 2373 1332 dori
2404 1277 2717 1350 ﬁgmentum
2768 1283 2873 1355 (ά).
2918 1284 3141 1354 Julium,
3174 1287 3301 1343 Julii
3346 1291 3593 1362 episcopi
3624 1292 3858 1351 Romani

2252 1377 2497 1440 tempore
2513 1374 2827 1445 episc0pum
2858 1377 3613 1453 Mediolancnsem,ignorant
3640 1402 3854 1445 omnes.

2248 1461 2523 1521 Maternus
2549 1483 2678 1522 vero
2704 1468 3133 1528 Mediolanensis
3162 1476 3261 1530 sub
3291 1475 3634 1535 Diocletiano
3660 1490 3718 1536 et
3742 1482 3853 1538 bla-

2248 1555 2487 1612 ximiano
2512 1557 2767 1629 Augustis
2792 1562 2951 1631 hujus
2984 1565 3134 1621 urbis
3164 1568 3333 1623 sacris
3362 1569 3697 1629 Christianis
3726 1591 3855 1645 pra:-

2249 1650 2351 1705 fuit
2372 1668 2515 1707 anno
2544 1654 2648 1709 507
2679 1664 2771 1710 aut
2794 1657 2892 1711 511
2920 1699 2935 1724 ,
2968 1667 3023 1714 et
3054 1675 3153 1730 pro
3184 1662 3446 1732 religione
3476 1667 3739 1723 occubuit
3760 1669 3847 1739 (e).

532 1774 708 1829 eaque
744 1776 841 1829 pro
873 1777 1025 1818 more
1052 1763 1263 1830 :etatis‘,
1292 1765 1380 1819 cui
1424 1765 1683 1822 diuturno
1727 1768 1887 1822 unice
1930 1785 2028 1824 usu
2055 1785 2130 1823 as-

2247 1747 2466 1803 Corruit
2494 1749 2658 1818 igitur
2703 1752 2845 1821 quod
2890 1752 3299 1811 habentBinius
3322 1767 3377 1813 et
3400 1758 3700 1829 Cajetanus
3744 1762 3849 1834 (θ.

533 1867 793 1910 suescere
840 1857 1053 1925 potuit,
1083 1856 1136 1910 in
1179 1856 1429 1913 docendo
1468 1868 1629 1929 atque
1671 1859 1997 1928 disputando
2040 1863 2145 1916 uti-

533 1956 647 2009 tur,
677 1949 751 2004 ita
775 1958 833 2004 ut
855 1950 944 2004 vix
991 1950 1140 2005 credi
1169 1953 1365 2022 possit,
1390 1968 1514 2008 eum
1542 1953 1681 2008 adeo
1708 1966 1963 2009 recenter
1985 1954 2143 2010 Chri-

535 2042 774 2098 stianum
804 2042 1002 2099 factum
1032 2058 1175 2109 esse,
1206 2044 1300 2100 sed
1327 2045 1678 2101 statuendum
1710 2048 1910 2117 potius,
1939 2063 1965 2099 a
1990 2055 2142 2101 nata-

530 2136 677 2193 libus
719 2138 844 2195 inde
884 2138 973 2195 vel
1002 2140 1191 2195 saltem
1224 2154 1253 2194 a
1295 2142 1523 2211 juvenili
1570 2151 1731 2198 mtate
1768 2141 2137 2199 Christianum

528 2227 720 2287 fuisse.

606 2322 721 2377 Huc
760 2323 973 2380 accedit
1014 2324 1289 2381 sermonis
1329 2325 1505 2382 Latini
1535 2326 1589 2382 in
1617 2336 1847 2400 utroque
1876 2328 2139 2400 opusculo

529 2415 845 2483 diversitas,
864 2434 1024 2488 quam
1047 2434 1178 2475 sane
1197 2436 1446 2491 magnam
1477 2438 1601 2478 esse
1633 2424 1773 2478 inter
1794 2440 1983 2480 omnes
2005 2439 2139 2479 con-

527 2517 658 2564 stat.
686 2508 743 2563 In
775 2508 1160 2567 Astrouomico
1182 2511 1328 2566 enim
1352 2513 1491 2568 libro
1516 2515 1828 2583 permodica
1854 2518 2136 2588 utriusque

528 2604 755 2675 linguae,
802 2604 1006 2660 Grmca:
1051 2615 1104 2661 et
1133 2605 1337 2661 Latina:
1360 2650 1374 2674 ,
1402 2606 1831 2678 deprehenditur
1874 2611 2132 2681 cognitio.

532 2694 724 2751 Verbis
780 2706 835 2753 et
887 2697 1177 2769 phrasibus
1222 2699 1455 2755 refertus
1495 2711 1579 2756 est
1618 2702 1901 2769 barbaris,
1951 2704 2134 2773 cujus-

525 2788 697 2857 modi,
726 2797 785 2845 ut
835 2792 1095 2846 nonnulla
1125 2791 1439 2857 aﬁ'eramus,
1464 2803 1591 2848 sunt
1619 2795 1901 2865 sequentia
1933 2813 1944 2849 :
1973 2783 2133 2852 hora;

524 2898 763 2954 ccupare,
793 2886 1023 2956 ferarum
1056 2888 1418 2953 mansuetarii,
1442 2888 1798 2953 cardinaliter,
1823 2889 2133 2960 quiescentia

519 2989 621 3046 pro
643 2977 847 3048 quiete,
876 2979 1119 3033 intimare
1143 2980 1301 3034 alicui
1329 2996 1427 3051 pro
1457 2982 1781 3052 signiﬁcare,
1808 2984 2134 3039 concordiale

517 3081 621 3137 pro
654 3071 881 3138 sociale,
916 3074 1180 3143 partiliter
1207 3088 1303 3143 pro
1333 3090 1430 3144 per
1461 3085 1665 3145 partes,
1690 3075 2010 3132 caballarius
2036 3093 2131 3147 pro

2248 1853 2371 1894 eum
2396 1840 2539 1895 inter
2566 1851 2784 1898 sanctos
2816 1842 3075 1901 Ecclesia:
3102 1845 3395 1904 Catholica:
3417 1853 3743 1909 referentes.

2318 1931 2504 2003 Itaque
2534 1932 2635 1989 hoc
2667 1938 3041 1992 tantummodo
3073 1940 3392 2007 tenendum,
3421 1940 3629 1999 Julium
3654 1946 3849 2002 Firmi-

2245 2040 2366 2081 cum
2407 2027 2729 2098 Maternum,
2783 2041 2840 2084 ut
2870 2047 2936 2087 ex
2971 2033 3111 2089 libro
3148 2034 3267 2105 ejus
3308 2037 3377 2092 de
3417 2037 3627 2095 Errore
3666 2040 3844 2110 profa-

2243 2135 2434 2176 narum
2482 2123 2801 2193 religionum
2829 2134 2995 2196 patet,
3023 2126 3190 2184 fuisse
3218 2130 3390 2185 virum
3409 2132 3559 2202 pium
3588 2143 3643 2189 et
3668 2134 3847 2191 erudi-

2244 2221 2356 2270 tum
2379 2224 2540 2288 atque
2564 2217 2882 2289 religionum
2912 2220 3263 2279 Ethnicarum
3305 2225 3707 2283 adversarium.
3741 2230 3845 2287 Has

2241 2310 2440 2364 acriter
2471 2310 2776 2383 impugnat,
2805 2316 2970 2371 nimio
2999 2317 3271 2373 interdum
3319 2319 3559 2389 fervore,
3588 2338 3715 2378 cum
3745 2323 3846 2380 Im-

2241 2413 2523 2473 peratores
2554 2406 2623 2461 ad
2652 2408 2915 2479 reliquias
2937 2426 3124 2466 earum
3157 2413 3431 2470 violenter
3458 2416 3728 2473 delendas
3752 2434 3847 2475 ex-

2240 2497 2408 2563 citet;
2466 2514 2585 2567 quze
2637 2515 2768 2556 vero
2807 2517 2929 2557 cum
2971 2505 3312 2575 temporibus
3339 2506 3393 2561 in
3437 2509 3639 2579 quibus
3662 2511 3799 2567 vixit
3826 2554 3843 2580 ,

2241 2598 2352 2645 tum
2376 2594 2639 2663 exemplis
2670 2609 2789 2665 quze
2827 2611 2939 2666 pra:
2965 2598 3142 2654 oculis
3186 2599 3383 2657 habuit
3411 2601 3591 2659 danda
3617 2605 3803 2676 potius
3828 2648 3843 2670 ,

2238 2696 2398 2752 quam
2429 2682 2507 2739 illi
2530 2687 2705 2757 culpa:
2736 2690 2998 2745 vertenda
3022 2700 3169 2746 sunt.

2995 2807 3062 2862 V.

2309 2901 2365 2957 ln
2384 2904 2633 2960 examine
2656 2903 2726 2961 de
2756 2907 2927 2963 veteri
2957 2910 3201 2981 quolibet
3238 2922 3464 2972 auctore
3496 2916 3846 2978 instituendo

2235 2992 2549 3063 primariam
2582 2996 2819 3067 aliquam
2864 3010 3073 3068 partem
3117 3003 3217 3058 sibi
3249 3005 3493 3063 vindicat
3525 3009 3843 3081 disquisitio

2239 3084 2306 3140 de
2336 3085 2580 3143 fontibus
2607 3090 2749 3146 unde
2775 3091 3038 3161 hauserit,
3072 3096 3339 3167 imprimis
3380 3100 3429 3155 si
3460 3102 3710 3160 historici
3758 3118 3844 3163 est

516 3164 734 3233 equite,
764 3176 1036 3237 computus
1068 3182 1167 3236 pro
1209 3170 1615 3237 computatione
1642 3168 1717 3241 (α)
1748 3186 1867 3240 qure
1905 3170 2126 3240 quidem
2155 3171 2202 3235 C
2232 3182 2559 3248 argumenti.
2593 3181 2701 3238 Nec
2734 3183 2787 3238 in
2830 3186 3098 3255 scriptore
3138 3164 3514 3248 ecclesiastico
3545 3196 3838 3267 negligen-

516 3253 933 3324 Longobardica
980 3268 1224 3330 tempora
1266 3261 1447 3330 potius
1474 3278 1635 3332 quam
1669 3264 2124 3322 Constantiniana

515 3348 769 3415 capiunt,
799 3359 891 3403 aut
934 3351 1130 3407 saltem
1159 3353 1338 3420 illius,
1367 3370 1488 3425 qua:
1531 3356 1583 3410 in
1636 3356 1891 3414 versione
1931 3358 2123 3415 Irenazi

514 3436 737 3508 legitur,
767 3441 1048 3498 latinitatis
1072 3444 1292 3501 Gallicae
1319 3462 1418 3503 nos
1447 3448 1763 3505 admonent.

590 3533 814 3589 Librum
862 3552 992 3591 vero
1018 3537 1087 3593 de
1138 3539 1342 3596 Errore
1392 3541 1744 3611 profanarum
1794 3544 2121 3616 religionum

514 3627 663 3697 quod
694 3628 910 3695 attinet,
943 3631 1181 3701 scriptus
1228 3641 1313 3688 est
1358 3648 1613 3691 sermone
1662 3637 1919 3707 puriore,
1975 3639 2121 3708 quali

513 3728 767 3774 auctores
794 3720 894 3776 ξιξνὶ
924 3718 1356 3779 Constantiniani
1382 3735 1650 3794 utuntur;
1680 3728 1781 3783 etsi
1804 3744 1911 3784 non
1939 3746 2122 3786 aurea:

517 3809 833 3879 latinitatis,
872 3814 1139 3884 ejusmodi
1172 3823 1349 3872 tamen
1378 3834 1498 3888 qua:
1524 3818 1657 3874 ferri
1686 3820 1879 3890 possit,
1909 3833 1964 3878 et
1988 3824 2121 3880 satis

515 3905 745 3962 diserto.
780 3907 888 3965 Sed
937 3917 992 3964 et
1039 3908 1125 3964 hic
1156 3909 1295 3965 liber
1342 3911 1611 3967 modicam
1664 3914 1870 3971 Graecae
1920 3916 2120 3988 linguae

510 4000 875 4071 cognitionem
903 4001 1119 4072 prodit;
1153 4018 1218 4058 ex
1249 4019 1355 4075 qua
1380 4013 1558 4060 tamen
1593 4007 1819 4062 minime
1859 4008 2119 4079 colligere

507 4092 660 4162 licet,
710 4102 1002 4167 utrumque
1051 4095 1249 4151 librum
1294 4099 1363 4155 ab
1396 4112 1503 4152 uno
1547 4099 1851 4170 eodemque
1893 4111 2118 4157 auctore

508 4186 815 4258 profectum
830 4204 973 4244 esse.
1006 4187 1157 4245 lianc
1175 4190 1337 4260 igitur
1357 4192 1741 4260 amplectimur
1760 4194 2113 4265 sententiam,

509 4281 787 4339 diversum
836 4300 1064 4355 prorsus
1090 4300 1213 4340 esse
1246 4285 1540 4342 Firmicum
1572 4289 1908 4360 astrologum
1934 4304 1962 4343 a
1992 4289 2115 4345 Fir-

505 4377 654 4429 mico
683 4375 971 4446 theologo;
1004 4391 1165 4444 quam
1188 4376 1407 4446 quidem
1432 4379 1545 4449 jam
1576 4380 1778 4435 dudum
1805 4382 1945 4436 inter
1978 4381 2115 4436 mul-

506 4476 597 4522 tos
618 4468 754 4522 alios
776 4509 791 4533 ,
821 4483 959 4539 quos
982 4468 1236 4524 Hertzius
1261 4481 1515 4528 recenset
1539 4513 1553 4537 ,
1609 4475 1726 4529 tuiti
1756 4484 1883 4529 sunt
1907 4472 2113 4532 Coelius

2229 3269 2353 3326 dam
2376 3288 2495 3327 eam
2521 3289 2665 3343 esse,
2695 3292 2791 3346 per
2816 3292 2877 3333 se
2906 3288 3074 3349 patet.
3106 3280 3221 3350 Qua
3260 3283 3330 3338 de
3360 3300 3548 3354 causa,
3572 3302 3697 3344 cum
3732 3306 3832 3345 an-

2228 3366 2540 3422 notationcs
2568 3368 2621 3423 in
2665 3369 2961 3427 Firmicum
2998 3390 3177 3430 meum
3221 3378 3581 3449 colligerem,
3636 3384 3837 3441 sedulo

2225 3458 2588 3531 circumspexi
2642 3465 2941 3535 scriptores
2990 3468 3330 3540 antiquiores
3358 3487 3498 3543 quos
3528 3476 3831 3533 consulue-

2230 3552 2328 3621 rit,
2354 3556 2427 3609 ita
2462 3563 2668 3625 tamen,
2704 3566 2763 3613 ut
2784 3574 3037 3617 caverem
3061 3606 3076 3631 ,
3108 3579 3177 3619 ne
3206 3565 3415 3635 singula
3446 3568 3669 3639 qumvis,
3706 3588 3837 3642 quae

2224 3649 2531 3705 communia
2568 3650 2731 3706 habet
2749 3667 2871 3707 cum
2890 3654 3011 3710 aliis
3039 3655 3319 3727 religionis
3343 3658 3665 3718 Christianae
3687 3680 3832 3734 apo-

2224 3739 2417 3811 logetis
2443 3784 2458 3811 ,
2493 3758 2711 3814 semper
2748 3760 2814 3800 ex
2842 3761 3032 3802 eorum
3086 3748 3242 3805 libris
3286 3751 3479 3808 hausta
3512 3770 3633 3810 esse
3668 3757 3831 3812 arbi-

2224 3840 2423 3901 trarer,
2454 3849 2577 3890 cum
2604 3836 2721 3906 ipsa
2743 3840 3049 3908 argumenti
3082 3842 3223 3895 ratio
3257 3840 3398 3899 haud
3433 3844 3599 3902 dubie
3635 3858 3829 3917 postuc

2222 3930 2380 3997 laret,
2409 3940 2469 3986 ut
2495 3949 2709 4002 omnes,
2738 3937 2828 4006 qui
2850 3935 3281 4007 Polytheismum
3315 3941 3673 3999 destruerent
3700 3960 3830 4002 eas—

2219 4021 2342 4078 dem
2372 4024 2485 4079 fere
2512 4024 2721 4081 fabulas
2746 4037 2801 4083 et
2832 4041 3181 4086 recenserent
3226 4041 3281 4088 et
3306 4035 3606 4090 refutarent
3630 4078 3645 4103 ,
3708 4053 3825 4094 ea:-

2220 4116 2454 4187 demque
2480 4119 2547 4174 iis
2574 4120 2655 4175 vel
2674 4135 2740 4175 ex
2770 4122 2997 4177 eruditis
3026 4124 3317 4197 colloquiis
3337 4135 3392 4183 et
3416 4144 3488 4184 ex
3512 4130 3817 4189 institutio-

2218 4225 2288 4265 ne
2315 4209 2847 4269 Catechumenorum
2871 4216 3177 4273 innotuisse
3207 4223 3515 4290 potuerint.
3547 4223 3655 4279 Sed
3683 4224 3817 4281 illos

2216 4302 2488 4374 imprimis
2506 4306 2655 4362 locos
2682 4309 2923 4377 respexi,
2956 4308 3012 4363 in
3039 4312 3236 4381 quibus
3257 4312 3528 4369 Firmicus
3555 4316 3781 4372 easdem
3803 4358 3820 4383 ,

2214 4410 2350 4466 quas
2390 4399 2578 4454 cmteri
2620 4400 2919 4469 scriptores
2945 4401 3272 4472 apologetici
3317 4404 3565 4472 habent,
3596 4405 3819 4465 fabulas

2219 4489 2409 4545 eadem
2458 4506 2597 4561 pene
2627 4493 2770 4548 serie
2798 4501 2857 4549 et
2900 4493 3033 4564 ipsis
3064 4494 3177 4551 fere
3223 4497 3594 4569 antiquiorum
3635 4501 3821 4557 verbis

506 4560 877 4633 Rhodiginus,
910 4563 1205 4629 Baronius,
1242 4566 1611 4638 Glandorpius
1636 4577 1693 4625 et
1724 4569 1976 4639 Lipsius:
2011 4571 2105 4659 sed

2239 4593 2484 4641 'ecenset.
2544 4585 2868 4653 Huiusmodi
2920 4597 3099 4645 autem
3152 4605 3487 4659 consensus,
3534 4605 3589 4649 ut
3619 4610 3683 4651 ex
3710 4612 3820 4653 an-

504 4654 675 4709 misso
722 4654 1040 4727 astrologo,
1082 4655 1150 4712 de
1202 4656 1460 4731 theologo
1502 4661 1876 4718 tantummodo
1924 4647 2109 4720 videt?-

505 4761 631 4804 mus
662 4747 758 4820 (b).

1270 4864 1359 4921 IV.

582 4956 658 5011 At
687 4954 844 5013 valde
874 4954 1168 5013 dolendum
1189 4999 1204 5025 ,
1238 4959 1378 5015 adeo
1428 4961 1637 5017 incerta
1686 4972 1849 5035 atque
1876 4963 2106 5021 obscura

505 5063 631 5106 csse
659 5051 833 5105 omnia
859 5092 874 5117 ,
908 5060 967 5106 ut
996 5052 1223 5109 candide
1258 5056 1629 5113 confitendum
1677 5060 1768 5127 sit,
1797 5075 1897 5115 nos
1927 5072 2112 5118 aucto-

503 5156 627 5198 rem
658 5142 780 5197 libri
807 5143 874 5199 de
902 5144 1107 5201 Errore
1139 5146 1493 5204 Profanarum
1527 5151 1851 5223 religionum
1881 5169 2108 5225 prorsus

500 5236 784 5305 ignorare.
832 5235 1051 5293 Natales
1079 5243 1127 5293 ei
1157 5238 1326 5295 fuisse
1351 5238 1575 5309 ,Sicnlos
1598 5253 1841 5301 statuunt
1870 5246 1944 5319 (ε)
1976 5290 1989 5315 ,
2024 5264 2122 5304 ne-

497 5326 619 5383 scio
647 5342 751 5398 qua
774 5327 842 5385 de
870 5345 1058 5387 causa.
1086 5332 1277 5387 Afrum
1300 5330 1472 5391 fuisse
1498 5337 1849 5406 crediderim,
1875 5340 1921 5394 si
1949 5342 2114 5397 modo

680 5465 910 5546 Eahricii
930 5467 1262 5546 Qihliotheca
1278 5470 1464 5527 Latina
1481 5473 1569 5527 ed.
1588 5474 1888 5543 Ernestan,
1908 5491 1961 5546 p.
1982 5478 2107 5535 115.

498 5542 511 5601 ξ
577 5539 653 5612 (ὁ)
688 5538 764 5612 De
784 5538 897 5594 Jul.
930 5539 1101 5594 Firm.
1125 5541 1366 5597 Materno
1396 5562 1449 5612 p.
1486 5546 1670 5606 £1.12.

604 5613 651 5679 c)
673 5610 955 5689 limigitor
985 5610 1645 5689 Siculum_d_icitincertze
1691 5618 1906 5689 patriae,
1940 5620 2105 5676 nimi-

497 5692 623 5734 rum
673 5680 722 5731 in
752 5679 960 5735 Sicilia.
1005 5683 1196 5738 Reuda
1227 5685 1486 5743 Biblioth.
1538 5679 1720 5751 Sicula
1770 5679 2102 5765 Vetus(Ro-

502 5761 631 5815 mae,
662 5748 847 5820 i700),
880 5766 1004 5823 pag.
1040 5752 1163 5808 167.

616 5788 631 5815 ,
667 5783 847 5817 IOVUI,
880 5783 1004 5817 [111⁵.
1040 5783 1163 5808 ιυΙο

2217 4681 2598 4737 notationibus
2628 4683 2857 4752 patebit,
2882 4684 3026 4739 haud
3058 4701 3181 4741 raro
3217 4690 3673 4748 animadvertitur
3687 4708 3820 4750 cum

2216 4773 2519 4832 Clementis
2568 4777 2923 4834 Alexandrini
2961 4780 3323 4853 Protreptico,
3356 4784 3573 4841 Minucii
3616 4787 3821 4845 Felicis

2218 4869 2478 4939 Octavio,
2526 4880 2582 4927 et
2636 4875 2871 4930 maxime
2918 4890 3041 4932 cum
3090 4876 3319 4934 Arnobii
3352 4880 3507 4937 libris
3551 4883 3821 4941 adversus

2216 4963 2442 5022 Gentes.
2482 4965 2820 5023 Lactantium
2848 4985 3010 5040 porro
3044 4971 3185 5027 haud
3217 4988 3342 5030 raro
3363 4977 3709 5035 consuluisse
3738 4984 3821 5035 vi—

2215 5056 2375 5113 detur
2400 5099 2414 5123 ,
2446 5068 2501 5114 et
2531 5070 2679 5116 certe
2707 5060 2965 5133 Cypriani
2998 5063 3457 5123 Testimoniorum
3503 5069 3674 5127 libros
3700 5082 3817 5131 tres

2216 5162 2476 5223 perpetua
2526 5169 2659 5210 cura
2710 5155 2982 5212 tractavit.
3036 5157 3283 5230 Namque
3340 5161 3570 5231 plurima
3640 5164 3704 5219 ν.
3760 5174 3816 5221 et

2214 5246 2282 5303 Ν.
2338 5248 2671 5305 Testamenti
2702 5249 2872 5318 dicta,
2907 5267 3029 5321 qute
3068 5253 3120 5307 in
3149 5254 3386 5311 medium
3419 5258 3657 5327 profert,
3685 5274 3812 5316 cum

2218 5350 2365 5398 textu
2387 5342 2717 5415 Cyprianico
2739 5346 3080 5417 conspirant,
3098 5362 3203 5404 non
3224 5348 3280 5405 in
3307 5351 3617 5422 vulgaribus
3645 5354 3815 5410 tritis-

2288 5480 2650 5570 (ξιμνειιριιῑί
2698 5484 2936 5543 Historie
2964 5487 3062 5545 der
3114 5487 3810 5568 Kirchenversatnlungen,

2211 5555 2615 5703 Egegﬁllghelli
2685 5629 2834 5685 Italia
2861 5646 3016 5688 sacra
3063 5648 3137 5697 tv,
3172 5648 3227 5703 p.
3280 5637 3407 5693 567.
3442 5636 3705 5696 Bisoizius
3751 5638 3810 5696 in

2206 5693 3405 5777 Historia'episcoporumMediolanénsium,
3435 5726 3488 5777 p.
3525 5693 3605 5767 15.

2279 5766 2350 5841 (Ῑ)
2391 5766 2525 5826 Idea
2551 5771 2609 5829 S.
2641 5766 2704 5831 S.
2736 5773 3069 5847 Siculorum,
3099 5791 3154 5850 p.
3198 5778 3266 5835 15
3293 5788 3350 5836 et
3381 5766 3500 5840 I2'5.
