3992 6204
181 313 294 372 977

175 519 386 578 habent
415 523 485 579 ab
511 522 577 578 iis
597 538 732 593 quas
755 523 876 578 libri
909 524 1262 594 manuscripti
1313 532 1368 580 et
1395 524 1685 580 citationes
1729 525 1784 581 in

177 615 413 672 aliorum
447 616 664 672 Patrum
695 617 950 686 Operibus
977 616 1346 687 suppeditant,
1370 616 1636 672 diversas.

252 707 441 778 Neque
466 724 599 764 vero
625 709 922 780 scriptores
950 709 1218 764 Profanos
1241 723 1467 780 prorsus
1515 708 1780 779 neglexit.

179 800 262 856 Ex
287 800 431 856 haud
462 801 535 855 ita
567 802 754 872 paucis
787 801 920 856 locis
951 810 1117 871 patet,
1154 801 1451 856 Firmicum
1492 799 1784 857 Ciceronis

175 896 354 952 libros
385 895 453 951 de
481 895 683 950 Natura
709 895 946 950 Deorum
969 894 1163 950 sedqu
1195 903 1481 950 tractasse.
1513 892 1782 949 Nonnulla

179 988 369 1045 hausit
417 1003 483 1044 ex
520 987 813 1059 Porphyrii
861 987 1002 1043 libro
1029 987 1099 1044 de
1142 989 1316 1042 Autro
1369 986 1738 1059 Nympharum
1765 1027 1781 1053 ,

181 1081 412 1136 forsitan
442 1096 662 1152 quoque
711 1096 780 1136 ex
811 1080 920 1136 alio
947 1079 1066 1151 ejus
1117 1080 1300 1136 libello
1331 1079 1399 1135 de
1439 1078 1782 1134 Abstinentia

180 1175 252 1229 ab
273 1190 371 1231 esu
399 1176 667 1231 carnium.
699 1173 916 1245 Allegat
946 1184 1211 1244 praeterea
1239 1190 1359 1245 cap.
1389 1175 1455 1230 14
1479 1174 1640 1245 hujus
1665 1175 1786 1244 phi-

179 1270 399 1342 Iosophi
429 1270 625 1326 librum
666 1273 787 1347 περί
811 1279 902 1332 τῆς
929 1272 981 1326 ἐκ
1001 1271 1182 1345 λογίων
1211 1271 1528 1344 φιλοσοφίας,
1557 1271 1648 1340 qui
1667 1271 1780 1340 jam

179 1363 389 1419 dudum
444 1363 644 1433 injuria
692 1374 993 1434 temporum
1025 1364 1206 1434 periit.
1263 1362 1462 1418 Verum
1506 1362 1672 1418 etiam
1726 1363 1784 1419 in

181 1455 421 1512 Firmico
439 1456 694 1527 leguntur
722 1455 919 1512 fabulae
951 1455 1093 1526 apud
1118 1456 1322 1510 nullum
1349 1455 1514 1510 alium
1542 1457 1780 1527 scripto-

180 1564 302 1605 rem
328 1547 622 1605 Profanum
649 1547 1092 1604 Christianumve
1115 1548 1487 1619 reperiundae,
1517 1563 1622 1618 qua
1645 1563 1782 1618 quo-

180 1659 291 1714 que
312 1643 381 1698 de
398 1658 560 1699 causa
578 1643 914 1700 recentiores
939 1659 1122 1699 rerum
1145 1642 1627 1714 mythologicarum
1647 1642 1782 1699 scri-

182 1749 372 1810 ptores
400 1738 539 1794 haud
566 1739 639 1794 ita
671 1755 795 1794 raro
821 1739 888 1794 ad
911 1738 1028 1810 ejus
1062 1738 1431 1794 testimonium
1458 1746 1772 1808 provocant.

1551 308 2094 372 PROLEGOMENA.

179 443 290 500 que
315 427 857 496 tantummodolocis,
881 427 974 485 sed
999 428 1054 484 in
1079 428 1394 501 iisquoque,
1411 427 1502 485 ubi
1515 428 1783 488 lectiones
1807 434 1864 496 Α

3376 321 3485 382 978

2643 433 2728 491 VI.

1958 523 2278 592 Firmicum,
2307 525 2375 582 ad
2407 526 2654 584 seculum
2678 543 2768 584 xvr
2801 528 3042 585 medium
3070 543 3243 602 usque
3264 532 3491 603 penitus

1885 619 2156 690 ignotum,
2190 621 2331 693 typis
2361 624 2571 694 primus
2604 626 2846 696 vulgavit
2872 626 3132 682 Matthias
3165 627 3380 684 Flacius
3411 629 3485 686 ll-

1885 714 2090 786 lyricus
2140 715 2490 788 Argentorati
2542 719 2683 775 1562
2727 737 2798 776 ex
2827 721 3021 778 codice
3051 722 3245 779 Mindte
3294 724 3489 782 West-

1887 807 2087 878 phalia‘:
2116 821 2359 880 reperto.
2398 810 2496 865 llic
2526 810 2721 866 unicus
2749 823 2833 867 est
2862 813 3037 868 codex
3069 815 3160 883 qui
3201 825 3488 872 auctorem

1887 912 2138 957 nostrum
2189 903 2425 972 posteris
2469 906 2734 960 servavit.
2767 906 2970 962 Eadem
3031 907 3249 963 fortuna
3293 909 3490 981 obtigit

1887 994 2118 1051 Phaedro
2139 1038 2154 1061 ,
2173 995 2388 1052 Velleio
2416 996 2707 1056 Paterculo
2727 1040 2742 1065 ,
2768 1001 3005 1070 quinque
3027 1002 3301 1072 prioribus
3319 1017 3488 1058 anna—

1886 1090 2018 1145 lium
2061 1091 2236 1146 Taciti
2267 1092 2446 1160 libris,
2479 1093 2775 1165 Hesychio,
2808 1096 2996 1166 primae
3047 1095 3346 1155 Clementis
3376 1099 3487 1154 Ro-

1885 1186 2032 1240 mani
2063 1186 2130 1240 ad
2157 1185 2474 1242 Corinthios
2503 1188 2785 1258 Epistolrc,
2813 1190 3054 1247 Minucio
3078 1191 3246 1248 Felici
3291 1201 3348 1248 et
3377 1194 3480 1249 Ar-

1885 1279 2072 1334 nobio.
2107 1279 2211 1335 Ubi
2259 1296 2393 1337 vero
2426 1281 2648 1339 Firmici
2673 1285 2848 1340 nostri
2877 1286 3056 1342 codex
3103 1287 3375 1360 hodieque
3403 1289 3488 1343 la-

1886 1380 1996 1429 teat
2020 1373 2217 1444 (latere
2247 1376 2392 1430 enim
2436 1374 2593 1443 dico,
2627 1393 2792 1447 quum
2835 1393 3102 1450 nusquam
3147 1396 3488 1438 commemo-

1885 1464 2058 1536 retur)
2083 1465 2299 1522 nescius
2323 1482 2468 1522 sum.
2502 1467 2770 1524 Editionis
2793 1469 3065 1526 Flavianae
3085 1474 3339 1529 meminit
3370 1474 3492 1530 Rit-

1886 1567 2035 1615 terus
2067 1560 2122 1616 in
2145 1560 2472 1633 Biographia
2502 1560 2704 1636 Illyrici
2738 1562 3133 1636 (Francofurti,
3169 1566 3331 1639 I725)
3359 1582 3484 1639 pag.

1883 1655 2012 1720 353,
2034 1655 2175 1710 haud
2201 1663 2383 1712 tamen
2413 1656 2656 1713 indicato
2682 1658 2803 1714 loco
2830 1673 3042 1714 annove
3068 1659 3448 1726 impressionis
3473 1680 3487 1715 :

1881 1748 2030 1804 unde
2077 1749 2297 1820 colligo,
2327 1749 2604 1805 Ritterum
2633 1766 2753 1806 eam
2783 1751 2958 1806 oculis
2989 1750 3134 1805 haud
3165 1766 3484 1822 usurpasse.

184 1833 346 1889 Unde
375 1847 504 1889 vero
544 1832 660 1888 haec
679 1833 801 1888 aliis
829 1833 1014 1904 ignora
1043 1831 1268 1886 hausit?
1292 1831 1470 1888 dicam
1497 1831 1622 1902 quid
1654 1847 1781 1886 sen-
1811 1843 1857 1904 Β
1887 1841 1956 1896 At
1986 1855 2105 1896 rara
2157 1850 2242 1896 est
2293 1841 2612 1898 admodum.
2655 1843 3012 1900 Desideratur
3044 1843 3098 1900 in
3126 1843 3484 1902 Bibliothecis

184 1927 314 1982 tiam
342 1927 356 1982 !
395 1928 467 1982 Ex
500 1927 793 1983 Euhemeri
815 1927 950 2006 Ἱερᾷ
975 1925 1284 2004 ’.Δειυαοηοοιφῇ⁶
1307 1925 1445 1982 Cum
1477 1926 1623 1981 enim
1651 1925 1781 1980 Elli-

183 2021 338 2074 nicas
372 2018 602 2087 fabulas,
635 2031 819 2092 spreta
848 2021 1039 2090 quavis
1069 2019 1290 2091 physica
1340 2019 1645 2089 mysticave
1699 2018 1780 2072 iu-

185 2115 602 2184 terpretatione,
624 2115 889 2171 historice
919 2114 1296 2170 tantummodo
1322 2113 1658 2168 intellexerit
1682 2127 1780 2168 ex-

183 2207 576 2278 plicaveritque
599 2249 614 2272 ,
647 2208 894 2263 arridere
921 2209 968 2262 ei
1001 2222 1166 2278 quam
1194 2206 1429 2260 maxime
1456 2204 1644 2260 debuit
1677 2204 1782 2258 Eu-

185 2300 401 2356 hemeri
458 2301 549 2356 illa
600 2301 763 2356 totius
817 2301 1170 2373 mythologia:
1217 2299 1423 2356 Graeca:
1463 2299 1776 2370 expositio,

183 2411 347 2467 quam
377 2396 429 2450 in
457 2395 543 2462 iis,
575 2411 696 2466 qua:
721 2396 789 2452 de
815 2395 948 2453 Jove
977 2395 1161 2463 habet,
1195 2411 1318 2451 cum
1344 2405 1590 2450 secutqu
1615 2408 1738 2450 esse
1760 2433 1777 2461 ,

185 2489 498 2546 luculenter
549 2499 718 2560 patet.
763 2489 922 2546 Unde
967 2506 1098 2546 vero
1129 2490 1511 2556 Euhemerus,
1558 2487 1782 2545 Graecus

185 2583 444 2654 scriptor,
472 2582 550 2638 illi
579 2583 871 2639 innotuerit
899 2625 914 2649 ,
971 2583 1148 2651 palam
1176 2590 1262 2639 est
1287 2591 1416 2638 ante
1445 2582 1633 2638 oculos
1660 2596 1778 2636 oni-

185 2678 359 2734 nium.
407 2677 618 2734 Ennius
655 2693 887 2749 namque
918 2677 1286 2733 Euhcmerum
1317 2677 1587 2731 latinitate
1609 2675 1784 2730 dona-

185 2780 376 2838 verat;
418 2771 574 2842 cujus
623 2772 891 2826 versionis
923 2771 1207 2842 complura
1244 2771 1543 2840 fragmenta
1603 2784 1632 2823 a
1679 2769 1782 2824 La-

186 2865 394 2922 ctantio
425 2863 602 2920 Instit.
633 2865 840 2920 Divina:
893 2865 1032 2920 libro
1055 2881 1092 2930 ι,
1117 2879 1167 2918 c.
1197 2863 1515 2931 11,15,14,
1550 2862 1636 2925 n,
1666 2861 1776 2929 22,

187 2969 244 3017 et
273 2960 342 3016 de
363 2961 445 3015 Ira
470 2960 565 3016 Dei
591 2959 879 3016 laudantur
908 2959 995 3015 vel
1026 2959 1486 3015 exscribuntur.A
1515 2955 1782 3013 Cicerone

187 3052 257 3110 de
309 3052 513 3109 Natura
559 3054 858 3120 Deorumt,
916 3068 965 3110 c.
996 3053 1063 3108 42
1088 3093 1103 3120 ,
1137 3069 1166 3108 a
1195 3053 1498 3121 jClemcnte
1547 3052 1776 3106 Alexan-

187 3145 348 3202 drino
376 3146 648 3218 Protrept.
679 3162 727 3202 c.
756 3146 793 3201 2
835 3162 889 3217 p.
941 3145 1013 3204 9.0
1041 3147 1129 3202 ed.
1185 3147 1388 3202 Pottcri
1413 3187 1428 3212 ,
1489 3160 1518 3199 a
1549 3144 1782 3200 Minucio

1883 1933 2110 2000 nostris,
2135 1948 2258 1988 cum
2291 1933 2465 2005 Regia
2488 1943 2600 1990 tum
2635 1934 3057 2003 Universitatis,
3089 1951 3270 2007 neque
3301 1937 3403 1992 fuit
3432 1936 3490 1993 in

1884 2025 2195 2081 Bunaviana
2221 2026 2334 2096 jam
2362 2041 2483 2082 cum
2530 2027 2697 2098 Regia
2726 2028 3019 2083 Dresdensi
3046 2029 3360 2099 conjuncta.
3400 2031 3488 2085 ln-

1883 2119 2006 2173 veni
2051 2133 2184 2173 vero
2233 2119 2287 2173 in
2330 2119 2686 2174 selectissima
2737 2135 2916 2175 rever.
2956 2120 3195 2176 Hausen.
3246 2122 3487 2191 pastoris

1881 2213 2356 2282 Slangerupiensis
2383 2212 2685 2269 dioeceseos
2713 2213 3008 2282 Selandize,
3057 2215 3150 2286 qui
3193 2215 3362 2272 hocce
3383 2239 3487 2274 κει-

1883 2307 2055 2378 μήλιον
2083 2305 2388 2361 liberaliter
2417 2307 2563 2362 dono
2617 2305 2753 2361 mihi
2784 2307 2954 2363 dedit.
2984 2306 3060 2363 Ita
3105 2323 3239 2364 vero
3264 2309 3484 2367 Flacius

1883 2397 1939 2454 in
1967 2398 2244 2455 Procemio
2294 2399 2362 2454 ad
2389 2399 2666 2456 Andream
2698 2401 3114 2457 Meiendorfium
3145 2402 3216 2460 de
3250 2403 3446 2460 codice
3471 2443 3489 2471 ,

1884 2506 1951 2548 ex
1977 2508 2086 2563 quo
2111 2507 2266 2547 suam
2299 2491 2599 2548 editionem
2632 2492 2835 2560 hausit,
2862 2494 3028 2550 verba
3053 2493 3205 2551 facit.

1964 2603 1983 2636 ‹
2016 2583 2097 2639 Ad
2142 2587 2280 2640 hanc
2310 2599 2442 2640 vero
2486 2585 2626 2654 piam
2663 2585 3050 2656 gratitudinem
3092 2585 3378 2658 zelumque
3423 2587 3479 2642 in

1884 2677 2080 2733 animis
2116 2679 2319 2734 nostris
2348 2679 2714 2744 excitandum,
2745 2695 2866 2735 cum
2901 2681 3080 2752 aliqua
3111 2681 3197 2752 pia
3225 2691 3278 2738 et
3309 2683 3487 2753 aliqua

1885 2771 2047 2824 etiam
2080 2771 2243 2840 impia
2270 2771 2472 2840 scripta
2502 2769 2827 2841 profuerint,
2854 2781 2966 2828 tum
2995 2781 3050 2828 et
3079 2772 3184 2828 hoc
3208 2773 3335 2829 Julii
3363 2773 3483 2829 Fir—

1886 2861 2013 2918 mici
2038 2870 2226 2917 contra
2251 2876 2470 2917 errores
2495 2862 2851 2931 profanarum
2889 2864 3234 2934 religionum,
3263 2864 3408 2935 quod
3455 2881 3486 2920 a

1886 2970 1974 3009 me
2025 2956 2076 3008 in
2108 2955 2278 3009 veleri
2331 2963 2386 3010 et
2430 2970 2540 3010 non
2586 2955 2808 3026 ignobili
2861 2957 3082 3012 civitate
3122 2957 3483 3028 Wcstphaliac

1886 3047 2062 3103 Miuda
2099 3057 2372 3118 repertum
2395 3063 2538 3102 nunc
2564 3047 2796 3118 primum
2818 3049 2870 3103 in
2897 3049 3163 3118 publicam
3187 3049 3476 3105 utilitatem

1885 3140 2186 3211 evulgatur.
2227 3138 2324 3193 Est
2357 3153 2490 3195 sane
2521 3138 2871 3210 dignissimus
2913 3140 3128 3196 libellus
3155 3142 3247 3212 qui
3276 3148 3484 3208 exstet,

187 3237 373 3294 Felice
403 3238 614 3294 Octavii
637 3255 687 3294 c.
719 3239 812 3308 2t,
863 3239 932 3294 ab
960 3238 1202 3294 Arnobio
1232 3237 1355 3292 adv.
1407 3237 1608 3293 Gentes
1635 3252 1690 3292 1v
1730 3251 1779 3292 c.
1811 3247 1859 3312 ρ
1888 3247 2010 3288 cum
2045 3241 2263 3303 propter
2295 3232 2562 3289 sermonis
2593 3233 2943 3304 elegantiam,
2977 3243 3087 3288 tum
3126 3243 3346 3305 propter
3384 3248 3486 3289 ve-

188 3325 275 3396 ἓξ),
316 3328 571 3386 similiter
599 3331 888 3402 allegatur.
918 3331 1103 3401 Itaque
1134 3329 1208 3385 nil
1240 3331 1460 3396 mirum,
1485 3329 1629 3385 hunc
1650 3344 1777 3385 auc-

188 3427 388 3488 torem,
420 3422 736 3493 religionum
766 3421 1116 3478 Ethnicarum
1162 3421 1561 3476 destt'uctorem
1587 3461 1602 3487 ,
1659 3419 1780 3475 Fir—

188 3517 334 3572 mico
366 3517 668 3573 innotuisse
689 3559 703 3583 ,
733 3519 1026 3588 placuisse,
1058 3528 1219 3588 atque
1246 3517 1314 3572 ab
1368 3531 1434 3572 eo
1471 3515 1782 3573 consultum

186 3609 379 3666 fuisse.
401 3609 582 3664 Mirari
599 3609 778 3680 potius
796 3609 960 3676 subit,
985 3608 1299 3680 apologetas
1328 3607 1407 3662 rei
1431 3607 1780 3675 Christianae,

188 3700 242 3756 in
275 3699 476 3757 eodem
499 3716 620 3755 cum
650 3698 960 3756 Euhemero
990 3710 1311 3770 argumento
1337 3698 1621 3753 tractando
1647 3697 1784 3754 adeo

189 3791 415 3847 sedulos
444 3833 459 3858 ,
499 3793 617 3861 ejus
660 3800 839 3847 tamen
869 3807 1066 3847 nomen
1109 3801 1165 3846 et
1193 3791 1386 3846 librum
1415 3791 1564 3860 justo
1610 3791 1784 3848 rarius

190 3882 445 3939 laudasse
470 3891 630 3954 atque
656 3883 806 3938 locos
835 3896 899 3937 ex
927 3881 1117 3938 eodem
1163 3881 1428 3936 attulisse.
1460 3881 1638 3935 Pauca
1670 3891 1788 3936 tau-

192 3975 476 4032 tummodo
503 3975 772 4030 hactenus
799 3990 864 4030 ex
885 3973 1196 4029 anetoribus
1220 3972 1492 4028 veteribus
1513 3972 1651 4042 ejus,
1679 3971 1788 4026 En-

189 4071 372 4126 nianae
399 4069 666 4140 imprimis
684 4069 974 4130 versionis.
1014 4076 1265 4138 excerpta
1293 4079 1416 4121 sunt
1447 4067 1744 4136 fragmenta
1771 4083 1786 4132 ;

191 4165 380 4221 nullus
413 4175 591 4220 tamen
629 4163 840 4230 dubito,
873 4164 1028 4234 quin,
1061 4170 1118 4217 ut
1145 4179 1208 4218 ex
1256 4160 1492 4216 Firmico
1532 4161 1605 4215 ita
1649 4174 1786 4230 quo-

191 4276 298 4331 que
321 4275 391 4315 ex
410 4259 528 4313 aliis
551 4258 906 4329 scriptoribus
923 4257 1201 4328 complura
1225 4254 1532 4325 hujusmodi
1549 4254 1788 4326 λείψανα,

1888 3327 2101 3383 tustatis
2129 3326 2374 3383 Ethnicac
2402 3336 2459 3383 et
2487 3326 2647 3383 simul
2671 3327 3015 3394 Christianae,
3045 3341 3166 3398 quae
3188 3330 3240 3383 in
3266 3343 3332 3383 eo
3357 3343 3496 3384 con-

1885 3421 2115 3487 tinetur,
2183 3418 2569 3491 cognitionem.
2633 3419 2750 3476 Non
2810 3435 2980 3490 pauca
3025 3421 3172 3475 enim
3234 3420 3362 3476 hinc
3416 3421 3487 3476 de

1885 3513 2151 3570 doctrina:
2177 3513 2493 3568 sinceritate
2521 3521 2578 3567 et
2605 3513 2809 3568 rituum
2849 3513 3106 3569 Ecclesiae
3143 3513 3494 3585 simplicitate

1887 3619 1940 3664 et
1969 3608 2205 3680 puritate
2242 3622 2574 3678 cognoscere
2609 3607 2807 3677 possis,
2841 3607 2887 3662 si
2929 3607 3092 3663 modo
3122 3607 3284 3678 paulo
3311 3615 3489 3664 atten-

1888 3701 2018 3769 tius,
2042 3716 2162 3772 qure
2184 3700 2252 3756 de
2280 3699 2520 3766 Christo,
2543 3699 2612 3755 de
2645 3699 2947 3768 sacrificiis,
2976 3699 3046 3756 de
3087 3716 3226 3771 pane
3256 3699 3491 3770 cmlesti,

1887 3802 1945 3851 et
1976 3793 2043 3849 de
2069 3792 2399 3864 imaginibus
2424 3807 2487 3847 ac
2513 3792 2634 3847 aliis
2658 3792 2932 3860 dicuntur,
2959 3793 3255 3865 expendas.
3287 3812 3307 3846 ι

1961 3887 2091 3944 Haec
2117 3888 2228 3943 ille.
2263 3887 2531 3943 Caeterum
2563 3887 2652 3942 vix
2679 3887 2785 3942 ulla
2811 3896 2896 3943 est
2940 3902 3067 3958 spes
3095 3886 3212 3943 fore
3247 3894 3310 3940 ut
3350 3886 3492 3942 alius

1891 3978 2051 4049 hujus
2097 3979 2270 4033 nostri
2316 3978 2558 4032 auctoris
2583 3977 2757 4032 codex
2807 3985 3067 4047 emergat.
3106 3977 3162 4031 In
3211 3976 3493 4034 ditissimis

1890 4073 2035 4128 enim
2065 4069 2404 4127 bibliothecis
2435 4071 2553 4139 ejus
2582 4069 2915 4138 exemplaria
2940 4067 3340 4123 desiderantur.
3386 4069 3496 4124 De-

1892 4175 2021 4223 sunt
2058 4165 2311 4221 nimirum
2363 4165 2416 4218 in
2465 4162 2894 4228 Vindebonensi,
2951 4161 3284 4228 Mouacensi,
3341 4162 3494 4217 Pari-

1892 4258 2080 4324 siensi,
2111 4255 2317 4312 Veneta
2343 4254 2462 4309 Divi
2491 4253 2680 4320 Marci,
2710 4262 2763 4306 et
2793 4254 2846 4307 in
2875 4252 3249 4309 Sau-Gallensi
3273 4268 3289 4318 ;
3313 4267 3496 4323 neque

191 4354 388 4426 quibus
417 4352 665 4408 collectio
694 4351 1008 4406 llesseliana
1061 4351 1113 4405 in
1145 4349 1382 4406 editione
1416 4348 1571 4403 Ennii
1605 4345 1679 4419 (α)
1713 4349 1793 4402 lo-
1894 4349 2164 4405 habentur
2213 4349 2265 4403 in
2312 4345 2641 4402 Britannicis
2686 4344 3046 4416 Belgicisque,
3097 4359 3224 4399 cum
3261 4343 3500 4400 editores

193 4446 461 4518 cupletari
506 4455 690 4516 queat,
721 4444 913 4515 majori
943 4442 1191 4499 adhibita
1218 4442 1520 4513 diligentia,
1554 4455 1794 4511 sanaque
1895 4442 2079 4498 Batavi
2107 4440 2175 4497 de
2207 4441 2309 4496 hac
2347 4456 2405 4494 re
2445 4437 2818 4509 investiganda
2855 4445 3005 4492 certo
3025 4436 3234 4492 certius
3279 4434 3500 4490 solliciti

193 4539 247 4594 in
273 4538 618 4594 secernendo
646 4537 1107 4608 dijudicandoque
1131 4536 1282 4602 crisi,
1310 4534 1426 4591 erui
1454 4534 1666 4605 possint
1690 4533 1789 4604 (b).
1896 4534 2125 4600 fuerint;
2161 4548 2263 4589 nec
2294 4533 2346 4587 in
2377 4532 2655 4596 Vaticana,
2688 4545 2811 4601 quae
2861 4529 3014 4600 quasi
3057 4539 3142 4584 est
3172 4528 3500 4584 bibliotheca

194 4632 252 4688 Id
283 4631 430 4704 quod
473 4641 622 4688 certe
652 4631 996 4700 praestitisset
1039 4630 1124 4684 vir
1169 4628 1434 4700 praeclare
1477 4627 1674 4683 doctus
1703 4625 1790 4682 Jo.
1821 4640 1875 4702 D
1901 4627 2379 4690 bibliothecarum,
2399 4625 2535 4679 cuia
2554 4623 2764 4679 duobus
2793 4621 2917 4678 inde
2944 4621 3162 4677 saeculis
3183 4622 3283 4676 viri
3305 4621 3506 4677 doctis-

193 4724 482 4782 Lundblad
511 4724 568 4780 S.
598 4724 763 4780 theol.
804 4724 863 4778 D.
895 4732 949 4779 et
981 4722 1311 4794 eloquentiae
1341 4733 1507 4792 atque
1560 4734 1794 4790 poeseos
1899 4723 2042 4787 simi,
2083 4719 2415 4786 Holsteuius,
2469 4717 2581 4772 Leo
2619 4716 2870 4782 Allatius,
2925 4713 3294 4783 Zaccagnius,
3343 4713 3506 4768 Mari-

193 4822 250 4876 in
287 4819 653 4876 Universitate
681 4818 954 4874 Lundensi
982 4817 1263 4888 professor
1291 4816 1448 4872 Publ.
1481 4815 1674 4871 Ordin.
1703 4815 1796 4886 qui
1901 4821 2022 4876 nius
2051 4818 2250 4887 aliique
2295 4813 2650 4886 ριιερῐιιθιουηι,
2703 4812 2795 4882 qui
2825 4809 3133 4880 hujusmodi
3172 4809 3372 4886 εὕρημα
3401 4807 3505 4862 mi-

192 4911 413 4969 duabus
444 4911 1004 4967 dissertationibusde
1038 4911 1350 4966 Euhemero
1371 4908 1629 4980 (Londini
1659 4907 1796 4964 Got-
1912 4914 2057 4967 nime
2089 4909 2476 4980 neglexissent.
2522 4905 2637 4960 Nisi
2676 4905 2822 4960 enim
2863 4903 3003 4957 forte
3046 4900 3264 4956 fortuna
3312 4900 3368 4955 in
3409 4915 3505 4970 pa-

194 5007 352 5072 hor.,
388 5006 548 5078 I804)
600 5007 719 5076 ejus
767 5007 1068 5078 fragmenta
1101 5005 1268 5061 edere
1299 5013 1464 5075 atque
1518 5004 1801 5059 illustrare
1903 5006 2185 5073 limpsesto
2237 5002 2419 5072 aliquo
2465 4997 2657 5055 codice
2709 4997 3014 5066 detegatur,
3055 5004 3149 5049 aut
3193 5009 3260 5050 ex
3305 4993 3506 5063 angulo

194 5106 492 5169 coeperat,
549 5113 580 5153 e
625 5099 764 5153 vivis
820 5108 1003 5153 autem
1056 5108 1280 5167 ereptus
1328 5107 1410 5151 est
1442 5138 1457 5163 ,
1509 5106 1805 5166 antequam
1905 5095 2255 5154 bibliothecae
2299 5091 2528 5163 alicujus
2559 5091 2874 5146 monasticae
2919 5087 3162 5143 nondum
3203 5086 3339 5142 satis
3383 5085 3508 5141 dili-

193 5207 341 5264 opus
375 5192 685 5248 inchoatum
719 5192 1004 5248 absolvere
1036 5191 1296 5262 potuerit.
1327 5187 1498 5259 Cujus
1527 5189 1632 5244 viri
1662 5189 1806 5259 opti—
1908 5199 2101 5263 genter
2130 5188 2472 5260 perlustratae
2498 5187 2550 5240 in
2576 5185 2753 5241 lucem
2783 5183 3140 5255 producatur,
3169 5182 3335 5237 unico
3365 5195 3432 5236 eo
3454 5181 3508 5234 in

197 5287 276 5343 mi
310 5286 557 5358 mihique
583 5285 904 5341 amicissimi
936 5285 1185 5356 vestigiis
1234 5285 1532 5350 insistens,
1581 5284 1630 5338 si
1660 5282 1809 5339 Deus
1909 5293 2187 5358 posterum
2229 5297 2446 5353 quoque
2489 5279 2774 5336 fruendum
2813 5278 2972 5334 nobis
3015 5277 3142 5344 erit,
3188 5275 3335 5346 quod
3384 5284 3514 5332 ante

195 5379 381 5436 otium
411 5377 641 5443 fecerit,
674 5377 974 5434 Euhemeri
1025 5385 1299 5448 quotquot
1343 5379 1590 5447 reperire
1615 5386 1811 5446 p0tero
1911 5382 2012 5437 tria
2046 5378 2160 5435 fere
2189 5377 2308 5433 haec
2329 5376 2525 5432 saecula
2553 5373 2799 5438 emersit,
2829 5370 3147 5442 exemplari.

197 5469 467 5541 reliquias
505 5469 764 5540 colligere
806 5479 971 5541 atque
1000 5469 1281 5542 publicam
1331 5470 1388 5526 in
1413 5469 1592 5525 lucem
1641 5468 1806 5525 edere
1985 5473 2113 5544 Ejus
2135 5470 2352 5543 quidem
2394 5477 2611 5524 aetatem
2645 5466 2865 5522 Flacius
2902 5463 3045 5518 haud
3092 5459 3371 5516 indicavit.
3430 5459 3512 5513 Ex

200 5579 382 5637 penes
406 5579 494 5622 me
520 5565 806 5621 constitui.

283 5723 368 5796 (α)
408 5721 842 5796 Amstelzedatni,
881 5722 1045 5789 I707,
1072 5724 1123 5796 in
1155 5723 1233 5796 4°.

283 5794 359 5870 (ὁ)
400 5797 579 5870 Locos
603 5795 699 5870 ubi
725 5795 990 5865 allegatur
1032 5795 1226 5870 sedqu
1253 5794 1477 5870 collegit
1500 5795 1592 5870 εἰς).
1641 5794 1806 5870 Conr.

208 5865 489 5930 Orelliusé
509 5868 815 5942 μακαρίτης,
840 5875 1088 5926 annotat.
1108 5865 1162 5922 in
1183 5865 1389 5928 Arnob.
1408 5867 1584 5932 tv,99,
1607 5866 1787 5926 tum."
1802 5905 1816 5933 ,

1916 5575 2028 5623 tota
2059 5578 2191 5622 vero
2213 5571 2391 5621 textus
2431 5560 2612 5617 indole
2652 5565 2899 5630 apparet,
2923 5554 3260 5623 descriptum
3300 5550 3353 5606 id
3387 5563 3513 5606 esse

1917 5739 1973 5848 pi.
1998 5721 2108 5848 2:5
2136 5738 2150 5786 ;
2196 5720 2302 5777 alia
2322 5720 2406 5776 Jo.
2439 5716 2618 5787 Lydus
2638 5722 2692 5769 et
2711 5711 3032 5771 Scholiasta:
3058 5711 3288 5768 fortasse
3315 5723 3514 5784 suppo-

1965 5805 2030 5848 Ita
2051 5801 2188 5848 tum.

1965 5801 2188 5850 HahunL
