3992 6204
543 267 648 325 οῖς)

1662 267 1900 326 JULIUS
1939 268 2268 328 FIRMICBS
2307 272 2706 332 MATERNUS.

3765 296 3866 356 980

542 400 571 434 a
607 381 826 436 librario
853 380 994 436 haud
1030 382 1302 452 imperito.
1348 381 1567 437 Mendas
1608 383 1750 437 enim
1799 385 1960 440 habet
2010 385 2149 441 haud
2179 390 2228 448 Α
2259 390 2458 444 micmn
2491 391 2751 460 impendi.
2789 393 3090 465 Superesse
3135 399 3309 457 fateor
3337 417 3502 460 unum
3536 422 3727 464 earum
3769 429 3866 482 ge-

544 473 682 529 adeo
712 474 908 533 multas
952 485 1004 528 et
1055 475 1195 527 facili
1245 477 1459 546 negotio
1508 475 1881 546 corrigendos.
1918 478 2146 533 Lacuna:

544 567 768 623 librario
800 567 935 621 haud
967 574 1094 620 sunt
1116 567 1285 637 culpat
1315 567 1623 632 vertendaa;
1655 570 2145 626 cxstitcrunteuim

544 661 663 716 sine
699 659 862 716 dubio
911 660 963 712 in
1005 659 1194 714 codice
1239 675 1402 729 quem
1453 660 1757 730 exscripsit.
1811 661 2145 716 Prooemium

547 753 792 808 mutilum
820 765 904 808 est
945 754 1012 809 ab
1050 752 1244 820 initio;
1280 755 1440 810 verba
1486 765 1664 810 autem
1715 757 1909 824 Flacii,
1948 757 2148 813 Desunt

545 846 802 916 quietiam,
833 844 1074 901 indicare
1111 846 1384 915 videntur,
1417 847 1469 902 in
1492 849 1676 903 codice
1705 848 1968 903 Mindensi
2005 849 2146 904 haud

548 939 620 991 ita
649 938 812 992 multa
841 937 1101 994 defuisse.
1128 940 1205 994 Eo
1232 956 1363 996 vero
1392 941 1444 996 in
1486 941 1626 1009 loco,
1657 941 1744 996 ubi
1773 942 2010 999 Wovveri
2033 944 2148 1000 edi-

548 1031 624 1086 tio
649 1039 702 1086 et
724 1041 847 1100 post
868 1047 986 1086 eam
1033 1034 1256 1103 reliqua:
1289 1035 1364 1105 (in
1393 1035 1489 1088 Itac
1515 1036 1737 1090 editione
1763 1037 1863 1091 col.
1898 1035 2026 1109 955)
2070 1039 2147 1092 la—

549 1140 740 1180 cunam
773 1124 1049 1192 exhibent,
1087 1126 1290 1180 nullam
1331 1127 1382 1181 in
1425 1142 1524 1182 suo
1558 1127 1746 1183 codice
1796 1131 2000 1200 reperit
2025 1129 2149 1185 Fla-

548 1218 686 1285 cius,
725 1218 919 1274 saltem
970 1217 1110 1272 haud
1161 1221 1390 1276 notavit.
1427 1225 1678 1276 Attamen
1709 1223 1912 1292 aliquid
1955 1223 2148 1280 deesse

549 1320 833 1366 contextus
861 1310 1040 1380 docet,
1077 1328 1197 1366 cum
1237 1313 1500 1370 Firmicus
1534 1316 1812 1386 promissis
1850 1318 1962 1374 suis
2003 1318 2146 1374 haud

547 1406 777 1462 steterit.

621 1497 807 1570 Capite
834 1502 1024 1572 quinto
1052 1509 1175 1571 post
1205 1500 1368 1557 verba
1400 1520 1412 1555 :
1443 1511 1495 1558 at
1533 1501 1816 1559 Persarum
1844 1504 2040 1576 legibus
2064 1522 2145 1560 se-

546 1605 755 1663 quatur,
788 1594 929 1665 apud
978 1593 1216 1649 Flacium
1250 1610 1375 1662 una,
1418 1600 1557 1667 apud
1588 1596 1902 1654 Wowerum
1934 1599 2144 1667 eadem,

548 1693 604 1740 et
634 1686 785 1739 brevi
817 1696 938 1755 post
984 1685 1154 1741 altera
1208 1687 1435 1743 habetur
1463 1679 1650 1745 la'cuna
1700 1708 1729 1744 a
1777 1691 1963 1746 Flacio
2005 1692 2147 1748 haud

2251 499 2373 549 nus,
2389 485 2531 554 quod
2559 485 2748 540 harutn
2771 504 2949 543 rerum
2973 491 3162 548 arbitri
3182 494 3413 553 fortasse
3433 498 3866 561 desiderabunt:

2250 576 2468 630 collatio
2543 579 2798 636 nimirum
2874 599 3172 654 exegescos
3237 601 3400 660 atque
3463 601 3866 658 sententiarum

2253 669 2683 738 theologicarum
2726 673 2902 728 Nostri
2958 692 3080 730 cum
3139 679 3598 751 interpretatione
3647 704 3874 747 eorum-

2250 758 2375 814 dem
2411 761 2653 816 locorum
2687 774 2849 834 atque
2879 771 3226 838 expositione
3253 773 3596 846 dogmatum,
3626 797 3869 852 quorum

2252 851 2518 906 Firmicus
2550 857 2817 923 meminit,
2860 861 3000 929 apud
3052 863 3290 934 reliquos
3335 851 3656 940 apologetas
3699 886 3869 947 atque

2250 943 2463 1001 Patres.
2496 945 2681 1015 Neque
2711 950 2868 1018 plane
2908 954 3141 1024 neglexi.
3171 957 3447 1026 Attamen,
3499 978 3626 1018 cum
3669 943 3873 1025 Firmi-

2252 1052 2369 1102 cus,
2408 1041 2688 1109 exegetica
2736 1054 2898 1112 atque
2944 1048 3248 1118 dogmatica
3305 1053 3348 1107 si
3397 1066 3633 1124 Spectes,
3667 1065 3871 1134 exiguo

2253 1130 2444 1185 saltem
2475 1131 2591 1185 usui
2622 1135 2692 1188 sit
2721 1133 3010 1208 theologis,
3039 1156 3226 1197 verum
3258 1143 3489 1202 Elttnica
3527 1130 3870 1225 mythologia

2251 1238 2570 1295 arcanzeque
2603 1228 2896 1298 religiones
2948 1232 3121 1288 lucem
3169 1235 3310 1290 haud
3344 1239 3415 1294 ita
3457 1251 3868 1313 aspernandam

2254 1316 2322 1370 ab
2351 1331 2417 1371 eo
2439 1317 2736 1387 lucrentur,
2767 1321 2885 1378 hrec
2914 1324 3123 1394 potiora
3150 1343 3272 1385 esse
3304 1333 3458 1398 duxi,
3487 1345 3655 1405 atque
3696 1339 3751 1395 in
3785 1344 3869 1398 his

2252 1411 2590 1468 illustrandis
2644 1416 2885 1472 curatius
2945 1431 3192 1477 versatus
3247 1439 3389 1482 sum.
3460 1428 3675 1486 Vellem
3732 1451 3867 1491 vero

2254 1505 2512 1561 Orellinm
2548 1509 2718 1563 virum
2751 1511 3204 1583 eruditissimum,
3259 1528 3320 1574 ut
3347 1536 3501 1589 spem
3551 1524 3761 1583 fecerat
3809 1530 3865 1585 in

2254 1599 2574 1668 prmfatione
2602 1603 2667 1656 ad
2694 1606 2994 1662 Arnobium
3020 1625 3070 1678 p.
3108 1627 3218 1676 xvi,
3246 1611 3299 1667 in
3320 1613 3620 1674 Firmicum
3643 1637 3863 1691 quoque

2255 1691 2517 1749 doctrina:
2548 1712 2659 1751 sua:
2687 1700 2874 1769 copias
2904 1717 3195 1772 erogasse;
3225 1715 3335 1761 tum
3377 1711 3515 1766 meis
3553 1727 3690 1770 sane
3718 1719 3862 1773 curis

553 1785 772 1829 notata:
799 1791 827 1831 a
859 1775 1120 1832 Wovvero
1150 1778 1308 1848 igitur
1336 1796 1400 1835 ex
1450 1782 1761 1851 conjectura
1805 1783 2034 1838 indicata
2071 1785 2148 1838 vi-
2177 1783 2226 1844 B
2255 1785 2395 1842 haud
2428 1803 2564 1858 Opus
2595 1789 2807 1846 fuisset.
2839 1794 3043 1862 Atille,
3072 1812 3194 1852 cum
3222 1799 3341 1854 aliis
3367 1802 3548 1859 doctis
3579 1805 3860 1864 laboribus

553 1871 729 1926 detur.
764 1870 1006 1944 Reliqua:
1037 1889 1106 1928 ex
1140 1876 1361 1946 singulis
1392 1878 1766 1936 tantummodo
1791 1878 1974 1933 verbis
2003 1878 2151 1934 elisis

552 1974 689 2018 ortae
717 1964 1000 2032 videntur;
1035 1982 1136 2021 nec
1166 1982 1382 2022 sensum
1417 1983 1746 2040 magnopere
1771 1970 2096 2040 impediunt.

623 2058 891 2115 Nonnulla
924 2061 1227 2131 sphalmata
1269 2074 1622 2119 correxerunt
1662 2063 1949 2120 Wowcrus
1991 2076 2154 2138 atque

553 2152 895 2220 Gronovius;
939 2169 1040 2225 ego
1077 2172 1293 2227 quoque
1319 2159 1574 2227 pauculas
1615 2161 2021 2216 emendationes
2059 2162 2154 2217 ad-

552 2245 660 2299 didi
690 2247 743 2301 in
768 2250 940 2312 notis;
977 2249 1646 2321 induobustantuntlocis,
1669 2270 1717 2309 c.
1747 2257 1832 2322 16,
1863 2257 1963 2327 ipsi
1987 2259 2154 2313 textui

554 2339 819 2395 medelam
836 2341 1094 2409 alferens,
1121 2345 1208 2398 ubi
1228 2355 1414 2415 aperte
1441 2345 1626 2403 Abaris
1647 2348 1841 2419 Scytha
1861 2349 2152 2421 legendum

555 2442 636 2487 cst
660 2449 757 2504 pro
788 2435 955 2491 Avaro
989 2437 1209 2508 Scytha.

625 2527 770 2583 Istud
803 2539 982 2584 autem
1016 2531 1283 2602 imprimis
1308 2536 1359 2591 in
1392 2551 1527 2591 nova
1554 2536 1651 2592 hac
1668 2537 1882 2594 Firmici
1915 2541 2155 2598 editione

552 2634 696 2674 cura;
731 2623 861 2676 tnihi
913 2623 1033 2691 fuit,
1079 2639 1158 2691 ut,
1201 2639 1461 2697 quantum
1510 2645 1748 2700 possem,
1791 2632 1912 2689 licet
1948 2634 2157 2691 brevis—

551 2719 708 2785 sime,
743 2737 829 2787 ea,
859 2739 980 2792 quae
1004 2725 1070 2780 de
1091 2727 1261 2780 sacris
1301 2726 1550 2782 Ethnicis
1582 2728 1772 2793 refert,
1805 2731 2151 2788 illustrarcm.

548 2813 721 2881 Quem
755 2815 807 2868 in
853 2815 1012 2872 linem
1059 2829 1215 2873 uetas
1256 2819 1497 2876 Woweri
1532 2824 1871 2893 aliorumque
1914 2826 2153 2882 virorum

553 2908 840 2966 doctorum
873 2914 924 2966 in
960 2912 1252 2968 Firtnieutn
1284 2916 1572 2984 exscripsi,
1594 2919 1789 2986 quibus
1810 2919 1982 2988 adjeci
2007 2936 2155 2974 com-

553 3005 704 3073 plura
734 3021 942 3070 eorum,
984 3022 1105 3076 qua:
1137 3008 1384 3062 llertzius
1419 3011 1470 3062 in
1505 3011 1896 3068 dissertatione
1927 3013 1994 3068 de
2039 3013 2155 3068 Fir-

555 3099 693 3151 ιιιίίό
742 3099 1081 3165 observavit;
1142 3117 1315 3171 neque
1367 3103 1585 3171 neglexi
1641 3104 1886 3160 editores
1931 3106 2150 3161 Patrum

553 3190 787 3246 Firmico
815 3194 1209 3263 antiquiorum,
1242 3197 1294 3252 in
1327 3198 1524 3266 quibus
1551 3198 1746 3253 similia
1777 3217 1990 3266 eorum,
2029 3218 2153 3272 quae

554 3284 598 3336 is
628 3284 812 3350 habet,
857 3286 1134 3354 leguntur;
1187 3289 1439 3344 videliret
1478 3289 1783 3359 Ouzelium,
1836 3294 2150 3361 llcraldutn,

554 3375 869 3443 liigaltiutn,
902 3378 1198 3445 Davisinnt,
1235 3379 1562 3434 Lindnerom
1607 3383 1660 3436 in
1695 3383 1982 3440 Minucium
2014 3388 2153 3443 Feli—

549 3484 688 3535 cem,
740 3470 1044 3526 Walcltium
1099 3474 1152 3526 in
1206 3474 1564 3539 Lactantium,
1604 3477 2061 3536 Elmenhorstium
2096 3489 2152 3535 et

553 3564 819 3631 imprimis
847 3563 1107 3618 Orellium
1140 3567 1191 3619 itt
1221 3567 1541 3631 Arnobiuni,
1575 3569 1732 3636 alios,
1778 3587 1913 3640 quos
1945 3574 2146 3642 passim

550 3653 785 3723 inspexi,
818 3665 873 3710 nt
912 3665 1142 3714 taceam.
1191 3659 1350 3713 Plura
1399 3674 1612 3730 queque
1642 3677 1707 3717 ex
1742 3666 1962 3733 pr0pria
2005 3683 2148 3734 penu

549 3745 756 3811 addidi,
791 3750 846 3803 in
899 3749 1086 3818 primis
1140 3750 1205 3806 ad
1251 3754 1552 3820 posteriora
1597 3755 1828 3823 capitaa
1883 3757 1948 3812 1-8
1986 3759 2144 3827 inde,

544 3856 664 3908 qua:
693 3840 988 3900 Wowerus
1017 3842 1131 3899 fere
1161 3850 1269 3900 tata
1303 3844 1561 3915 neglexit,
1590 3863 1761 3918 neque
1793 3853 1882 3920 qui
1916 3868 2035 3906 eum
2061 3869 2147 3908 se-

539 3935 650 3990 cuti
673 3944 799 3992 sunt
819 3936 1061 3992 editores
1083 3948 1369 4004 curarunt;
1392 3939 1466 3995 ita
1491 3939 1684 3996 leviter
1705 3951 1758 3998 et
1781 3946 2145 4012 perfuncwrie

543 4029 596 4082 in
631 4028 953 4086 illustrando
980 4029 1084 4086 hoc
1100 4042 1325 4088 auctore
1344 4032 1563 4088 minime
1584 4049 1714 4090 sane
1739 4041 2143 4095 contemnendo

543 4123 744 4178 versati
776 4133 924 4180 sunt.

613 4216 876 4287 Denique,
911 4233 1032 4274 cum
1073 4219 1175 4274 loci
1207 4219 1398 4275 Biblici
1443 4221 1582 4276 haud
1615 4222 1686 4278 ita
1721 4225 1878 4293 pauci
1918 4225 2136 4296 allegati

533 4308 646 4363 sint
671 4324 738 4363 ex
770 4309 1109 4366 versionibus
1136 4311 1349 4367 Latinis
1374 4313 1967 4386 Antehieronymianis,
1995 4318 2140 4386 ipsas

533 4399 747 4455 illarum
776 4401 1041 4456 lectiones
1072 4403 1464 4460 examinandas
1508 4421 1631 4462 esse
1678 4407 1828 4464 duxi.
1863 4409 1974 4464 Nec
1996 4410 2138 4465 diffi-

530 4491 654 4546 cilis
699 4490 787 4548 hic
840 4492 1013 4548 labor.
1055 4493 1299 4564 Namque
1329 4497 1515 4552 statim
1568 4511 1909 4569 compertum
1945 4501 2130 4570 habui,

533 4597 629 4640 eas
659 4598 688 4638 a
717 4583 1001 4641 Sabaterio
1031 4587 1083 4642 in
1114 4585 1402 4644 Bibliorum
1431 4589 1719 4646 Sacrorum
1760 4592 1961 4648 Latinis
2009 4597 2136 4651 Ver-

529 4677 758 4733 sionibus
805 4679 1030 4749 antiquis
1080 4680 1273 4736 sedulo
1319 4684 1550 4740 collatas
1598 4700 1739 4742 esse.
1794 4686 1982 4760 Itaque
2029 4690 2132 4747 hoc

530 4787 653 4828 cum
685 4773 919 4830 maxime
947 4775 1230 4844 explorare
1275 4777 1480 4845 studui,
1512 4793 1778 4848 quosnam
1818 4797 1884 4836 ex
1934 4791 2011 4837 tot
2042 4799 2132 4840 ve-

533 4866 662 4920 teris
702 4867 990 4932 versionis,
1041 4869 1126 4922 vel
1169 4869 1349 4938 potius
1387 4873 1734 4940 antiquarum
1786 4873 2126 4944 versionem,

526 4956 808 5013 codicibus
840 4957 1108 5015 Firmicus
1141 4972 1269 5017 ante
1303 4963 1492 5018 oculos
1523 4963 1792 5022 habuerit.
1825 4965 1894 5022 Et
1923 4969 2129 5037 quaevis

526 5051 643 5106 fere
671 5063 756 5105 me
783 5051 972 5121 pagina
1005 5053 1210 5119 docuit,
1244 5070 1365 5112 eum
1410 5057 1554 5113 inter
1583 5073 1774 5115 omnes
1804 5060 1994 5117 Patres
2027 5061 2130 5118 La-

527 5144 672 5198 tinos
721 5144 955 5200 maxime
1007 5159 1126 5202 cum
1169 5145 1462 5220 Cypriane,
1511 5151 1777 5222 imprimis
1809 5169 1930 5210 cum
1976 5157 2128 5214 libris

523 5237 687 5306 hujus
716 5237 962 5309 episcopi
1001 5240 1461 5299 Testimoniorum
1506 5245 1768 5306 adversus
1815 5251 2033 5308 Judaeos
2073 5264 2128 5310 et

525 5329 594 5383 de
623 5328 832 5384 Unitate
857 5331 1116 5388 Ecclesiae
1138 5340 1486 5403 consentire;
1521 5353 1709 5397 sacros
1733 5344 1896 5413 igitur
1919 5355 2122 5413 textus,

521 5421 720 5491 quibus
751 5424 942 5489 utitur,
975 5436 1067 5481 aut
1091 5441 1157 5482 ex
1182 5429 1330 5485 hisce
1359 5434 1776 5501 opusculis,aut
1798 5452 1827 5492 e
1848 5439 2124 5494 codicibus

517 5529 732 5580 eorum,
750 5530 887 5586 quos
902 5517 1200 5587 Cyprianus
1216 5521 1648 5595 legitsimillimis
1661 5537 1960 5585 mutuatum
1974 5547 2116 5590 esse.

593 5610 661 5664 Et
689 5610 807 5666 hazc
833 5611 1056 5682 quidem
1079 5623 1166 5671 est
1199 5633 1410 5674 summa
1435 5634 1712 5687 Curat-um,
1737 5639 1871 5694 quas
1909 5627 1960 5680 in
2003 5628 2122 5683 Fir-

595 5741 673 5880 (αζ
713 5745 922 5813 llertz.,
951 5748 1020 5803 de
1043 5749 1094 5804 J.
1119 5751 1179 5805 F.
1208 5753 1305 5817 M.,
1338 5769 1390 5824 p.
1423 5755 1513 5809 36.

597 5814 647 5880 (b
713 5813 868 5880 Apud
903 5819 1107 5880 llertz.,
1137 5837 1191 5880 ι).
1219 5823 1306 5876 il.

597 5813 673 5880 (ὁ)
713 5813 868 5882 Apud
903 5819 1107 5887 llertz.,
1137 5837 1191 5889 p.
1219 5813 1306 5876 H.

2260 1895 2356 1948 per
2387 1881 2592 1951 aliquot
2645 1900 2819 1940 annos
2864 1885 3159 1944 distractus
3207 1891 3417 1961 fuisset,
3474 1913 3672 1967 nuper,
3718 1902 3862 1971 quod

2259 1973 2415 2029 valde
2444 1973 2736 2030 dolendum
2767 1986 2870 2046 est,
2907 1995 2936 2034 e
2969 1981 3106 2036 vivis
3135 1986 3390 2041 excessit.

3003 2075 3114 2132 νυ.

2328 2164 2636 2237 Antequam
2666 2182 2797 2223 vero
2834 2169 2901 2224 ad
2925 2181 3303 2241 argumentum
3335 2172 3488 2242 libri,
3519 2192 3686 2248 quem
3709 2195 3865 2237 enar-

2261 2266 2480 2312 raturus
2505 2275 2648 2326 sunt,
2670 2261 3051 2332 exponendum
3097 2265 3378 2333 accedam,
3407 2268 3475 2324 de
3503 2269 3680 2340 ipsius
3709 2271 3867 2330 titulo

2262 2366 2433 2419 pauca
2479 2353 2735 2410 monebo.
2769 2352 2902 2409 Cum
2935 2371 3064 2413 vero
3113 2360 3328 2414 unicum
3370 2363 3651 2433 exemplar
3691 2377 3868 2424 exstet

2261 2445 2345 2500 vel
2375 2447 2666 2512 exstiterit,
2702 2464 2729 2500 a
2778 2447 2962 2505 Flacio
3005 2452 3058 2506 in
3092 2452 3266 2508 lucem
3312 2457 3600 2522 emissum,
3645 2460 3866 2526 unicus,

2260 2553 2419 2608 quem
2452 2553 2550 2608 pro
2577 2541 2816 2610 genuino
2847 2542 3047 2599 habere
3076 2545 3224 2612 licet,
3253 2547 3301 2602 is
3335 2558 3421 2604 est
3451 2565 3615 2620 quem
3644 2553 3869 2610 Flaeius

2261 2629 2336 2684 illi
2365 2630 2661 2702 inscripsit,
2697 2634 2748 2688 in
2774 2635 2891 2706 ipso
2913 2636 3177 2693 Mindensi
3203 2641 3392 2696 codice
3423 2641 3564 2697 haud
3592 2644 3763 2702 dubio
3802 2649 3870 2704 ab

2259 2741 2326 2780 eo
2355 2725 2556 2781 lectus:
2579 2728 2641 2781 de
2665 2725 2860 2784 Errore
2885 2729 3235 2800 Profatmrum
3265 2734 3795 2805 Religionum.Quod
3824 2740 3870 2795 si

2261 2816 2423 2886 igitur
2449 2818 2740 2887 scriptores
2771 2824 3124 2889 recentiores,
3159 2826 3250 2895 qui
3279 2827 3441 2896 hujus
3473 2810 3594 2884 libri
3629 2834 3873 2888 mentio-

2261 2925 2383 2962 nem
2436 2915 2699 2978 fecerunt,
2761 2915 2971 2969 titulum
3015 2920 3172 2985 paulo
3221 2919 3381 2974 aliter
3428 2936 3869 2991 expresserunt,

2260 3017 2312 3053 v.
2341 3017 2389 3056 c.
2425 3002 2599 3056 Balth.
2635 3005 2940 3060 Bonifacius
2987 3009 3038 3061 in
3083 3009 3306 3066 historia
3357 3011 3561 3067 ludicra
3589 3016 3866 3086 (Bruscll.

2265 3095 2422 3157 1656,
2474 3112 2525 3165 p.
2560 3095 2715 3168 456),
2750 3100 2844 3168 qui
2885 3100 3111 3154 libellum
3162 3102 3225 3155 de
3268 3101 3459 3159 Errorc
3507 3104 3869 3177 l’rofanarum

2182 3171 2227 3232 Ο
2259 3191 2482 3263 gentium
2533 3203 2581 3246 et
2623 3194 2929 3264 religionum
2961 3206 3139 3264 vocat,
3185 3211 3346 3267 atque
3397 3199 3683 3268 Batonius,
3719 3206 3867 3274 apud

2257 3302 2414 3353 quem
2454 3286 2582 3340 liber
2608 3289 2671 3340 de
2702 3286 2966 3358 Mysteriis
2995 3299 3039 3343 et
3086 3289 3365 3346 Erroribus
3390 3293 3673 3366 Profertur.
3707 3300 3861 3368 ri-lig.

2255 3378 2406 3432 audit
2427 3378 2593 3449 (a),hi
2625 3381 2766 3434 haud
2798 3381 2983 3447 dubie,
3017 3397 3137 3438 cum
3162 3385 3484 3453 scriberent,
3519 3392 3859 3456 memoriter,

2256 3489 2357 3526 nec
2398 3475 2644 3543 inspecto
2677 3474 2836 3542 libro,
2871 3476 2986 3546 ejus
3026 3477 3239 3532 titulum
3287 3478 3598 3536 laudarunt.
3641 3481 3860 3540 Nomen

2254 3567 2495 3620 auctoris
2541 3569 2592 3621 in
2637 3568 2825 3622 codice
2866 3569 3128 3624 Mindensi
3181 3572 3484 3628 luculenter
3533 3589 3861 3643 expressum

2253 3667 2368 3722 est;
2403 3660 2544 3714 nulla
2577 3659 2737 3730 igitur
2765 3661 2898 3716 ﬁdes
2928 3661 3173 3717 habenda
3202 3663 3464 3734 Gyraldo,
3489 3668 3581 3734 qui
3617 3665 3856 3733 Villium,

2251 3762 2305 3807 et
2335 3751 2692 3822 Glandorpio,
2725 3753 2816 3822 qui
2851 3755 2950 3818 Qu.
2993 3753 3206 3808 Villium
3236 3769 3510 3826 nuncupat
3545 3757 3618 3827 (ὁ)
3640 3799 3653 3822 ,
3691 3758 3858 3814 Uter-

2249 3859 2356 3914 que
2385 3853 2649 3914 pra-terea
2690 3861 2812 3900 cunt
2856 3845 3131 3916 astrologo
3175 3847 3480 3904 confundit.
3517 3849 3606 3906 ille
3647 3866 3854 3906 tiomen

2249 3939 2301 3990 in
2330 3947 2646 4005 pervetusto
2673 3938 2860 3994 codice
2886 3948 2938 3993 et
2967 3938 3018 3992 in
3047 3940 3272 4009 antiquo
3297 3955 3432 3996 saxo
3470 3942 3571 4013 legi
3603 3959 3666 3999 ex
3715 3946 3854 3999 alio-

2249 4045 2366 4083 rum
2395 4028 2502 4085 [ide
2524 4041 2707 4085 narrat
2748 4030 2854 4100 (c);
2886 4031 2972 4086 hic
3016 4031 3224 4087 nullum
3251 4033 3383 4090 citat
3414 4033 3605 4090 vadem
3634 4035 3743 4105 (εἰ).

2318 4125 2399 4179 Ad
2455 4123 2809 4179 Constantium
2875 4137 2921 4180 et
2970 4125 3302 4181 Constantem
3359 4128 3616 4199 Augustos
3682 4129 3853 4186 habet

2247 4232 2411 4289 porro
2443 4217 2667 4272 titulus:
2699 4228 2753 4273 et
2775 4218 2897 4293 jure
2913 4217 2965 4272 id
2999 4218 3216 4288 quidem
3241 4237 3254 4285 ;
3277 4235 3402 4274 nam
3435 4221 3584 4275 hisce
3610 4221 3851 4289 impera-

2245 4309 2477 4375 toribus,
2509 4319 2566 4364 ut
2606 4325 2672 4364 ex
2718 4310 3088 4380 compluribus
3121 4311 3254 4365 locis
3297 4310 3514 4366 abunde
3549 4321 3720 4382 patet,
3769 4313 3850 4367 in-

2242 4404 2480 4472 scriptus
2503 4414 2605 4458 est.
2638 4403 2830 4459 Falsus
2858 4405 3022 4474 igitur
3048 4413 3129 4460 est
3166 4403 3457 4470 Baronius,
3503 4409 3595 4475 qui
3644 4404 3849 4459 librant

2241 4495 2307 4550 ad
2338 4495 2730 4550 Constantinum
2773 4505 2819 4550 et
2857 4493 3186 4550 Constantem
3211 4499 3476 4566 scriptum
3505 4511 3629 4552 esse
3661 4507 3842 4566 putat.

2239 4590 2430 4646 Otnnia
2458 4590 2604 4646 enim
2636 4590 2891 4645 historica
2914 4606 3034 4660 quae
3057 4601 3473 4656 commemorat,
3501 4599 3623 4660 post
3650 4589 3851 4644 inteti~

2241 4697 2352 4740 tum
2382 4682 2748 4750 Constantini,
2778 4685 2868 4754 qui
2918 4700 3060 4739 anno
3112 4685 3218 4740 540
3259 4685 3462 4753 evenit,
3495 4684 3844 4740 acciderunt.

2237 4777 2313 4835 De
2343 4780 2541 4834 litteris
2560 4778 2699 4833 V.C.
2731 4780 2937 4834 nomini
2974 4780 3193 4834 Firmici
3226 4779 3425 4834 additis
3445 4779 3557 4849 jam
3583 4780 3844 4850 exposui.

2977 4872 3105 4928 Vlll.

2303 4967 2422 5022 .lam
2457 4982 2581 5024 vero
2612 4967 2680 5023 ad
2717 4976 3095 5038 argumentum
3147 4967 3269 5022 libri
3313 4965 3700 5038 expellendum
3753 4983 3845 5024 ac-

2235 5065 2390 5129 cedo,
2427 5063 2701 5118 Hcrtzium
2745 5063 3064 5131 plerumque
3111 5069 3417 5116 secuturus.
3457 5061 3570 5114 Hoc
3599 5071 3842 5117 tantum-

2233 5159 2395 5214 modo
2427 5159 2478 5212 in
2512 5158 2770 5228 praevium
2804 5157 3070 5212 monebo:
3100 5158 3151 5212 in
3179 5156 3453 5212 Prommio
3475 5158 3688 5218 mutilo,
3713 5173 3842 5214 mea

2233 5251 2450 5320 quidem
2475 5251 2770 5317 sententia,
2793 5249 2935 5304 haud
2965 5250 3130 5304 multa
3161 5248 3483 5304 desiderari.
3511 5247 3660 5303 Folia
3681 5251 3834 5304 enim

2229 5361 2258 5400 a
2288 5345 2476 5401 codice
2503 5345 2770 5402 Mindensi
2804 5344 2946 5398 haud
2973 5344 3211 5399 abscissa
3239 5344 3513 5407 videntur,
3545 5358 3668 5398 cum
3700 5345 3836 5400 titu-

2229 5441 2314 5494 lus
2355 5440 2520 5505 adsit,
2567 5449 2622 5494 et
2664 5436 2883 5492 Flarius
2927 5437 3082 5493 initio
3113 5445 3319 5490 tantum
3363 5437 3591 5491 habeat:
3628 5435 3833 5491 Desunt

2228 5532 2483 5601 quwdam.
2515 5532 2570 5586 Si
2601 5546 2730 5584 vero
2750 5530 2936 5585 titulus
2960 5529 3026 5586 ab
3053 5529 3206 5584 initio
3235 5528 3520 5594 abfuisset,
3545 5536 3596 5583 et
3624 5530 3692 5584 ad
3718 5532 3831 5585 cal-

2228 5639 2344 5679 cem
2373 5625 2491 5678 libri
2520 5634 2727 5678 tantum
2756 5622 3001 5692 adjectus
3040 5619 3232 5677 fuisset
3261 5621 3413 5677 hisce
3451 5619 3629 5676 verbis
3664 5639 3678 5673 :
3720 5619 3829 5675 Ea:-

2303 5763 2381 5908 lzl
2418 5763 2552 5891 3.1%;

2299 5833 2381 5909 (ἀ)
2419 5833 2726 5904 0nomast.,
2765 5853 2817 5910 p.
2848 5837 2972 5895 905.
