3992 6204
159 242 286 301 981

1561 245 2101 306 PBOLEGOMENA.

3381 260 3491 317 98!

167 365 335 435 plicis
364 363 476 420 Jul.
512 364 730 420 Firmici
751 364 978 420 Materni
1015 363 1076 419 V.
1101 364 1160 422 Ε.
1197 366 1261 422 de
1301 365 1495 422 Error:
1521 366 1790 439 Profana-
1816 371 1862 428 Α
1892 382 2013 426 cum
2039 369 2244 424 cultum
2271 369 2396 426 lata:
2421 378 2600 437 erant,
2627 371 2721 443 qui
2751 373 2881 428 olim
2905 373 3191 431 dominans
3220 389 3364 433 nunc
3381 375 3497 434 fere

163 477 301 515 rum
333 459 680 532 Religionum,
713 459 1014 532 cujusmodi
1046 460 1476 532 subscriptiones
1515 461 1568 516 in
1603 463 1788 517 multis

165 551 470 609 veteribus
513 552 665 608 libris
712 552 985 624 leguntur,
1020 552 1236 611 Flacius
1273 566 1421 610 certe
1471 555 1786 610 indicasset.

168 645 358 700 Deest
389 644 552 715 igitur
578 644 758 700 brevis
780 645 846 699 ad
873 645 1235 716 Imperatores
1265 646 1526 702 allocutio
1554 659 1609 702 et
1634 662 1792 716 argu-

170 740 360 796 menti
404 738 698 808 expositio.
756 739 1062 795 Transiisse
1104 741 1320 797 videtur
1361 741 1430 796 ad
1479 739 1790 797 Christiana

172 832 442 904 quaedam
482 832 733 904 dogmata
765 833 834 888 de
879 833 1158 890 creatione
1199 834 1384 889 mundi
1415 834 1592 904 deque
1637 834 1790 904 lapsu

175 925 663 996 Protoplastorum
696 924 909 980 insidiis
933 924 1135 982 diaboli
1178 926 1558 991 seductorum;
1598 925 1793 996 quibus

173 1019 335 1074 viam
366 1017 470 1074 sibi
498 1017 732 1073 munivit
757 1017 822 1071 ad
852 1017 1116 1086 Ethniqos
1158 1017 1282 1089 (hos
1326 1019 1494 1082 enim,
1535 1017 1659 1072 licet
1688 1017 1792 1070 im-

178 1112 542 1184 peratoribus
572 1111 711 1168 liber
738 1110 810 1166 sit
838 1111 1153 1182 inscriptus,
1188 1126 1331 1182 saape
1353 1111 1672 1180 alloquitur)
1701 1109 1796 1166 ad-

178 1206 518 1271 monendos,
547 1215 607 1261 ut
648 1220 679 1260 a
719 1205 883 1260 simili
926 1205 1117 1262 fraude
1159 1206 1264 1264 sibi
1311 1214 1560 1260 caveant.
1593 1204 1796 1260 Facilis

181 1301 320 1356 hinc
336 1300 404 1356 ad
420 1299 686 1371 originem
707 1301 1052 1356 oraculorum
1071 1300 1574 1371 divinationumque
1598 1301 1798 1356 transi-

183 1404 305 1462 tus,
350 1409 417 1449 ex
448 1392 720 1448 sententia
754 1393 955 1448 Hertzii
993 1392 1346 1461 editionibus,
1381 1409 1502 1464 quae
1546 1393 1795 1448 lacunam

185 1488 402 1545 habent
428 1501 551 1542 mox
583 1495 706 1558 post
731 1487 969 1552 initium,
1001 1497 1428 1558 superstructus.
1457 1485 1644 1542 Codex
1664 1501 1798 1542 vero

183 1580 510 1645 Mindensis,
537 1587 596 1634 ut
625 1578 794 1635 editio
817 1579 1071 1649 princeps
1094 1579 1343 1634 Ftaciana
1374 1579 1559 1647 docet,
1593 1579 1796 1634 nullam

187 1675 379 1732 habet.
412 1672 596 1744 Neque
619 1671 780 1727 video
806 1687 905 1727 cur
935 1687 1160 1728 necesse
1199 1671 1271 1726 sit
1294 1673 1452 1728 verba
1497 1673 1747 1743 prooemii
1779 1688 1795 1726 :

1891 461 2316 530 apprimebatnr.
2351 462 2477 518 Haec
2505 478 2638 519 sane
2667 465 3002 521 considerari
3030 478 3084 522 et
3105 467 3366 539 perpendi
3399 469 3497 526 dc-

1891 554 2042 618 bent,
2099 553 2188 608 ubi
2248 555 2516 611 Firmicus
2560 572 2685 612 cum
2743 559 3139 629 antiquioribus
3197 561 3499 632 apologetis

1892 647 2268 715 componitur;
2301 647 2426 703 inde
2456 648 2777 717 explicanda
2807 659 2891 705 est
2920 651 3084 705 totius
3123 652 3388 707 orationis
3416 653 3502 708 di-

1894 739 2145 802 versitas.
2167 756 2290 811 qua":
2312 742 2396 796 vel
2423 740 2490 796 ad
2515 743 2716 797 cultum
2749 743 3103 797 Ethnicorum
3129 744 3178 798 vi
3212 745 3503 800 destruen-

1897 829 2022 883 dum
2043 831 2401 900 imperatores
2418 833 2536 902 plus
2554 834 2728 890 semel
2750 834 2996 890 hortatur
3019 846 3182 904 atque
3205 839 3427 904 excitat,
3445 839 3500 894 id

1896 922 2040 992 quod
2057 917 2458 992 antiquioribus
2485 927 2808 996 apologetis,
2834 927 2962 984 licet
2989 940 3043 983 et
3072 929 3123 982 hi
3158 928 3409 984 hostilem
3446 933 3497 984 in

1897 1017 2216 1088 religionem
2241 1034 2400 1090 qnam
2413 1021 2803 1091 aggrediuntur
2826 1024 3063 1077 animum
3093 1023 3270 1078 ubivis
3291 1023 3499 1078 ferelo-

1899 1125 2088 1166 corum
2107 1111 2408 1180 declarent,
2435 1115 2487 1168 in
2508 1125 2744 1170 mentem
2771 1132 3065 1188 numquam
3092 1117 3277 1173 venire
3301 1122 3496 1188 potuit.

2652 1207 2746 1262 IX.

1974 1296 2252 1354 Editiones
2279 1298 2529 1367 Firmici,
2557 1315 2682 1371 qua:
2711 1300 2843 1355 mihi
2866 1301 3245 1370 innotuerunt,
3274 1310 3399 1359 sunt
3418 1318 3502 1358 sc-

1902 1400 2135 1461 quentes
2166 1411 2178 1446 :

1971 1485 2081 1540 Jul.
2107 1487 2327 1543 Firmici
2358 1489 2582 1544 Materni
2617 1488 2682 1544 ν.
2709 1487 2772 1544 C.
2811 1489 2878 1546 de
2916 1491 3116 1546 Errore
3139 1490 3500 1546 Profanarum

1904 1579 2250 1650 Religionum
2280 1582 2343 1636 ad
2359 1582 2736 1639 Constantium
2765 1592 2821 1637 et
2847 1582 3196 1639 Constantem
3229 1585 3506 1656 Angustos

1906 1671 2064 1738 liber,
2101 1689 2392 1744 numquam
2421 1674 2652 1729 antehac
2701 1675 2752 1729 in
2804 1675 2981 1730 lucem
3027 1675 3227 1730 editus.
3259 1676 3505 1731 Excusus

187 1767 492 1838 Manifestis
514 1765 802 1820 rationibus
828 1766 1279 1837 exemplorumque
1318 1767 1621 1820 testimoniis
1662 1766 1794 1820 divi-
1828 1769 1876 1829 Β
1904 1765 2214 1837 Argentius:
2244 1767 2386 1838 apud
2414 1767 2638 1822 Paulum
2669 1767 3144 1839 Machazropaaum,
3197 1769 3506 1840 sumptibus

187 1858 461 1914 nationem
491 1857 820 1929 probabimus
863 1873 956 1929 per
1001 1857 1264 1912 diabolum
1307 1875 1416 1912 esse
1452 1859 1709 1913 inventam
1751 1867 1798 1913 et

190 1955 502 2025 perfectam,
529 1949 603 2004 ita
635 1951 905 2020 accipere,
961 1959 1019 2005 ut
1061 1950 1237 2005 isthoc
1286 1951 1522 2021 scriptor
1564 1952 1798 2020 primum

191 2059 365 2116 agere
389 2043 720 2111 decreverit,
753 2057 876 2098 cum
917 2044 970 2098 in
1002 2043 1083 2098 eis
1111 2058 1232 2114 qua:
1263 2051 1564 2113 sequuntur
1594 2043 1662 2097 ad
1699 2042 1802 2098 hoc

193 2149 576 2210 argumentum
623 2138 821 2208 sepius
860 2137 1070 2194 redeat.
1104 2137 1210 2193 Sed
1257 2152 1379 2192 eum
1434 2137 1590 2192 initio
1632 2136 1800 2193 libelli

194 2231 454 2303 dogmata
525 2230 772 2302 quaedam
844 2229 1155 2285 Christiana
1220 2230 1480 2300 tetigisse,
1553 2229 1802 2285 Hertzius

194 2324 573 2396 compluribus
613 2324 947 2396 argumentis
1001 2323 1278 2394 probavit,
1325 2323 1444 2378 veri
1491 2323 1688 2378 saltem
1729 2323 1801 2378 si-

199 2419 487 2476 millimum
541 2418 795 2473 reddidit.
861 2435 880 2470 ‹
915 2415 973 2473 Si
1016 2415 1376 2486 fragmentum
1429 2416 1804 2472 tantummodo

201 2523 312 2581 est,
337 2511 530 2583 inquit,
564 2511 707 2582 quod
734 2521 932 2577 exstat,
965 2510 1008 2565 si
1038 2510 1163 2566 huic
1188 2510 1465 2580 praecessit
1491 2509 1803 2581 dogmatum

200 2602 564 2675 quarumdam
621 2600 1058 2658 Chrisﬁanorum
1119 2602 1414 2674 expositio,
1460 2601 1724 2658 absonum
1773 2619 1804 2658 a

208 2712 343 2752 vero
374 2695 502 2751 tnihi
529 2695 750 2767 quidem
780 2711 888 2750 non
935 2695 1148 2751 videtur
1173 2694 1499 2751 Christianae
1525 2697 1807 2768 religionis

205 2791 510 2862 apologiam
544 2805 644 2844 suo
675 2805 793 2845 aevo
833 2789 1298 2845 accommodatam
1337 2790 1629 2846 Firmicum
1676 2806 1806 2846 cou-

205 2883 515 2955 scripsisse,
563 2883 891 2954 mutatisque
930 2899 1049 2953 qua:
1095 2898 1194 2952 pro
1248 2883 1456 2938 ratione
1499 2891 1806 2953 temporum

209 2979 464 3036 mutanda
515 2979 850 3044 viderentur,
903 2977 1157 3034 eumdem
1212 2980 1262 3033 in
1315 2979 1415 3034 hac
1464 2979 1804 3046 adornanda,

1903 1858 2169 1913 Johannis
2209 1859 2433 1930 Oporini
2461 1902 2475 1927 ,
2522 1875 2666 1915 anno
2713 1860 2852 1917 1562
2886 1902 2901 1928 ,
2965 1861 3121 1917 in-8'.
3184 1861 3500 1917 Praefation.

1906 1953 2229 2024 subscripsit
2260 1953 2411 2009 Matt.
2447 1953 2597 2010 Flac.
2623 1953 2880 2010 llliricus.
2913 1953 3090 2010 Editio
3117 1954 3394 2026 Princeps.

1975 2077 2038 2088 —
2073 2046 2269 2114 Paris.,
2308 2049 2466 2103 1575.

1976 2169 2049 2179 —
2074 2136 2208 2193 Cum
2234 2138 2613 2215 Mylltologicis
2631 2139 2836 2195 Latinis
2850 2155 2978 2196 cura
3005 2139 3322 2214 Hieronymi
3341 2137 3506 2195 Cum-

1908 2233 2115 2288 melini.
2152 2233 2528 2305 Heidelbcrge,
2566 2234 2729 2300 1599,
2765 2236 2931 2292 iit-8°.

1978 2357 2048 2365 —-
2074 2326 2274 2392 Paris.,
2306 2327 2467 2384 1610.

1976 2448 2049 2458 -
2072 2419 2178 2474 Jul.
2207 2418 2476 2476 Firmicus
2505 2420 2572 2476 de
2600 2422 2804 2478 Errore
2858 2422 3140 2480 Profanar.
3175 2423 3506 2496 religionum

1909 2512 1996 2568 Jo.
2032 2529 2059 2565 a
2091 2512 2311 2568 Wower
2343 2516 2618 2570 recensuit
2647 2517 2987 2590 (llamhurgi)
3018 2519 3179 2587 1605,
3202 2519 3360 2575 ἰη-8⁰.

1983 2637 2052 2647 -
2078 2607 2212 2662 Cum
2244 2607 2470 2663 Minutio
2495 2608 2698 2665 Felice.
2729 2608 2947 2673 Oxonii,
2982 2611 3142 2667 1662.
3172 2613 3224 2668 1η
3257 2613 3336 2668 8°.

1981 2729 2051 2738 —
2082 2699 2139 2754 In
2171 2698 2427 2770 Cypriani
2455 2701 2708 2771 operibus
2739 2703 2810 2757 ed
2837 2703 3068 2774 Philippi
3100 2706 3152 2760 le
3181 2705 3396 2762 Prieur.

1981 2820 2052 2831 —
2079 2790 2278 2860 Paris.,
2317 2792 2473 2847 1666.
2510 2794 2561 2847 in
2586 2793 2736 2849 folio.

1984 2917 2052 2924 —
2077 2885 2211 2940 Cum
2244 2886 2387 2941 notis
2415 2886 2677 2954 Woweri,
2705 2885 2857 2943 Oxon
2895 2887 3054 2956 1678,
3084 2890 3254 2946 iit-8°.

1983 3008 2055 3017 —
2089 2976 2142 3030 In
2168 2977 2417 3032 Galland.
2444 2978 2581 3033 Bibl.
2615 2979 2832 3034 Patrum
2859 2987 2988 3034 tom.
3028 2996 3082 3047 ν,
3110 2979 3180 3036 65
3210 2996 3328 3052 seq.

206 3090 370 3146 quem
398 3074 611 3145 priores
652 3074 965 3145 apologetas
1004 3087 1255 3128 servasse
1288 3072 1520 3140 videret,
1563 3073 1809 3129 ordinem
1839 3092 1885 3156 ο
1987 3099 2058 3111 —-
2090 3069 2143 3123 lu
2162 3069 2492 3126 Bibliotheca
2511 3071 2635 3124 P.P.
2655 3071 2881 3126 Maxima
2905 3071 3152 3139 tom.lV,
3174 3071 3507 3142 p.164-179.

210 3166 469 3224 tenuisse.
501 3183 520 3219 ι
569 3167 681 3222 Hoc
706 3165 924 3237 quidem
986 3166 1204 3221 Hertzio
1249 3166 1444 3221 lubens
1493 3166 1718 3236 largior,
1762 3167 1807 3222 si

212 3261 376 3317 modo
407 3261 723 3318 brevissime
751 3261 986 3316 indicata
1019 3260 1200 3331 potius
1222 3277 1380 3330 quam
1410 3262 1656 3331 exposita
1693 3260 1810 3317 fue—

213 3359 344 3414 rint.
385 3354 487 3412 Ubi
533 3369 662 3411 vero
705 3355 855 3410 addit
893 3373 905 3408 :
947 3373 967 3407 α
1018 3355 1219 3409 Divinas
1276 3370 1476 3425 nempe
1531 3355 1811 3426 religionis

212 3449 461 3520 dogmata
503 3457 664 3520 atque
703 3463 880 3515 sacra,
924 3463 1022 3504 nec
1051 3463 1159 3504 non
1208 3449 1449 3520 integros
1471 3448 1812 3505 Christiano-

215 3559 334 3600 rum
383 3558 561 3598 mores
610 3543 662 3598 in
708 3544 873 3612 priori
905 3551 1170 3598 tractatus
1217 3552 1370 3614 parte
1411 3543 1673 3599 adversus
1716 3543 1812 3599 ob-

217 3619 576 3691 trectationes.
609 3633 906 3690 Gentilium
957 3634 1223 3701 defendit,
1265 3635 1318 3692 in
1363 3634 1653 3705 posteriori
1682 3649 1813 3692 vero

218 3728 563 3798 profanarum
597 3726 802 3782 detexit
837 3727 1161 3796 religionum
1189 3742 1437 3793 errores;
1477 3747 1496 3780 ι
1542 3728 1809 3783 monebo:

219 3815 509 3874 Firmicum
529 3817 707 3889 potius
726 3817 1022 3873 adversarii
1037 3818 1441 3888 superstitionis
1458 3819 1812 3876 Ethnicorum

219 3923 380 3980 quam
409 3907 710 3980 apologeta:
750 3908 1020 3980 dogmatis
1046 3909 1334 3981 cultusque
1365 3909 1658 3967 Christiani
1700 3927 1816 3982 per-

219 4021 408 4062 sonam
440 4007 635 4077 egisse.
681 4004 869 4076 Neqne
912 4007 1002 4063 illa
1041 4006 1272 4075 amplius
1313 4014 1472 4061 aetate
1515 4023 1652 4078 opus
1700 4016 1817 4063 erat

219 4099 464 4171 apologis
487 4115 552 4155 eo
577 4114 762 4166 sensu,
787 4115 895 4171 quo
920 4100 988 4155 ab
1015 4099 1384 4172 Athenagora,
1417 4099 1656 4169 Justino,
1682 4101 1815 4156 Ter—

222 4191 467 4259 tulliano,
496 4189 730 4246 Minucio
752 4190 954 4257 Felice,
987 4191 1240 4261 aliisque,
1271 4189 1504 4247 ﬂorente
1533 4193 1816 4248 numinum

219 4286 390 4349 cultu,
409 4285 734 4354 conscriptae
751 4293 927 4340 erant.
961 4283 1206 4354 Namque
1228 4282 1676 4338 Constantiniano
1701 4300 1818 4340 aevo

219 4389 412 4430 omnes
437 4375 549 4443 jam
581 4375 930 4430 Ethnicorum
966 4389 1051 4430 res
1074 4374 1432 4441 vacillabant;
1463 4375 1818 4445 imperatores

1984 3163 2375 3234 lnN.Rigaltii
2429 3162 2517 3218 ed.
2569 3163 2784 3219 Minucii
2832 3163 3032 3219 Felicis
3062 3173 3117 3219 ct
3143 3164 3396 3236 Cypriani
3442 3165 3514 3222 de

1912 3256 2185 3313 [dolorum
2221 3255 2480 3323 vanitate,
2511 3272 2631 3312 cum
2665 3259 2811 3312 notis
2847 3257 2897 3312 J.
2921 3273 2950 3312 a
2983 3257 3225 3325 Wower,
3252 3273 3356 3312 una
3387 3273 3510 3313 cum

1915 3365 2060 3406 novo
2087 3350 2285 3406 indice.
2311 3349 2486 3421 Lugd.
2520 3351 2736 3416 Batav.,
2771 3349 2932 3416 1645,
2965 3349 3128 3404 iit-8°.

1985 3477 2054 3488 —
2084 3446 2216 3500 Ead.
2243 3445 2410 3501 editio
2433 3447 2683 3516 repetita,
2711 3445 3003 3500 accedente
3027 3459 3157 3501 cura
3179 3444 3295 3500 Jac.
3323 3443 3514 3502 Oiselii

1915 3538 2088 3610 Lugd.
2121 3537 2266 3604 Bat.,
2300 3536 2462 3605 1652,
2493 3538 2659 3593 ill-4°.

1988 3659 2060 3671 --
2089 3630 2145 3685 In
2171 3629 2289 3685 Jac.
2313 3671 2327 3696 ,
2357 3628 2543 3685 Oiselii
2590 3629 2824 3684 Minucio
2866 3629 3067 3685 Felice.
3093 3629 3267 3701 Lugd.
3303 3629 3515 3697 Batav.,

1921 3725 2078 3791 1672,
2113 3725 2276 3780 iri-8°.

1989 3846 2058 3856 —
2090 3817 2324 3872 Minucio
2355 3813 2520 3872 Felici
2546 3815 2636 3872 ed.
2671 3816 2720 3871 le
2751 3815 2916 3872 Maire
2963 3816 3254 3886 adjunctus
3281 3857 3294 3882 ,
3347 3815 3514 3886 Lugd.

1918 3908 2038 3964 Bat.
2074 3909 2232 3964 1652.
2256 3909 2359 3976 Qu.

1991 4033 2060 4041 —
2092 4002 2146 4057 In
2173 4002 2358 4057 Jacobi
2389 4002 2650 4057 Gronovii
2679 4002 2911 4056 Minucio
2950 4001 3132 4057 Felice
3162 4012 3216 4058 et
3244 4001 3520 4073 Cypriane

1919 4096 2273 4154 deldolorum
2291 4096 2563 4151 Vanitate.
2591 4095 2762 4166 Lugd.
2785 4097 2930 4162 Bat.,
2949 4096 3111 4153 1709.
3133 4097 3333 4152 Eadem
3354 4097 3513 4161 edit.,

1920 4206 2041 4246 cum
2071 4205 2212 4244 novo
2236 4189 2428 4244 saltem
2453 4189 2626 4255 titulo,
2648 4189 2849 4259 prodiit
2871 4189 3132 4245 Roterod.
3159 4189 3320 4255 1745,
3350 4189 3516 4244 iit-8’.

1992 4314 2063 4326 —
2110 4281 2248 4338 Cum
2300 4282 2547 4337 Arnobio
2622 4283 2674 4336 in
2728 4281 2971 4338 editione
3029 4281 3134 4337 PP.
3198 4281 3520 4338 Latinorum

1919 4377 2346 4435 Oberthuriana.
2394 4376 2740 4450 Wirceburgi
2764 4420 2778 4443 ,
2816 4379 2957 4434 1785
2984 4422 2998 4444 ,
3026 4379 3139 4434 vol.
3174 4379 3239 4435 ν.
3289 4379 3364 4435 Ex
3417 4394 3522 4450 qua

221 4483 341 4524 sese
380 4466 600 4523 Christo
641 4467 998 4533 addixeram;
1031 4469 1293 4523 immensa
1327 4467 1604 4523 hominum
1637 4468 1818 4523 multi-
1851 4480 1897 4540 ι)
1929 4468 2143 4525 Firmici
2179 4478 2382 4524 textum
2410 4470 2461 4523 in
2493 4469 2704 4540 singula
2737 4469 2914 4540 capita
2945 4469 3130 4526 divisi.

224 4561 351 4616 tudo
378 4577 504 4617 aras
546 4560 770 4617 deorum
816 4561 1168 4626 deseruerat;
1211 4561 1358 4632 leges
1393 4561 1501 4632 jam
1536 4563 1588 4616 in
1621 4561 1816 4616 Ethni-

2000 4560 2216 4630 Belgice
2232 4561 2394 4616 vertit
2411 4563 2658 4632 notisque
2679 4561 2969 4616 illustravit
2987 4559 3051 4616 G.
3073 4561 3332 4633 Kempfer
3364 4561 3522 4617 I7l8.

930 4783 1232 4869 JULII
1310 4784 1777 4870 FIRMICI
1854 4785 2390 4870 MATERNI
2463 4787 2578 4872 V.
2655 4787 2759 4869 C.

648 4961 791 5112 DE
901 4955 1337 5112 Illlllllllll
1448 4957 2237 5112 PROFANARUM
2348 4957 3092 5113 RELIGIONUM.

829 5299 1206 5359 PRCEMIUM.

224 5494 362 5568 quod
389 5495 442 5548 in
475 5489 832 5546 fabricatione
863 5486 1102 5544 hominis
1127 5483 1326 5541 artifex
1350 5481 1478 5539 fecit
1496 5489 1546 5548 ³,
1569 5486 1630 5534 ut
1660 5485 1820 5530 antea

303 5637 327 5665 ει
356 5628 432 5682 De
467 5626 662 5681 lacuna
701 5623 940 5678 diximus
991 5622 1042 5676 in
1075 5619 1410 5695 praefatione
1463 5612 1598 5695 (Col.
1654 5623 1835 5695 prtem,

235 5718 288 5756 n.
313 5679 427 5754 Vill
457 5679 630 5767 init.),
689 5695 774 5751 ubi
827 5707 1042 5767 quoque
1073 5679 1276 5767 Hertzii
1306 5679 1628 5743 sententiam
1658 5679 1845 5767 attuli:

241 5749 761 5829 iiiu's"dé”6h3issi§.
817 5749 969 5821 liaud
1019 5766 1087 5818 ita
1140 5761 1308 5819 multa
1360 5774 1423 5814 ea
1475 5770 1618 5820 esse,
1677 5749 1840 5805 verba

1929 5287 2198 5360 diximus,
2255 5299 2451 5352 annuis
2499 5301 2838 5368 perditorum
2892 5303 3438 5360 commonitionibus
3473 5315 3538 5358 ac

1929 5385 2514 5447 comnmuicatimiibus
2542 5395 2856 5463 specialiter
2881 5395 3176 5452 retexenda
3227 5403 3356 5449 sunt
3384 5393 3432 5446 ι).
3470 5391 3531 5447 1η

1931 5477 2371 5538 testificationem
2403 5486 2647 5542 veritatis
2676 5487 2974 5544 manifestis
3015 5487 3322 5542 rationibus
3351 5497 3540 5538 exem-

1948 5606 2115 5666 Flacii
2149 5613 2389 5672 indicare
2415 5618 2686 5674 videntur.

2025 5679 2051 5720 δ
2083 5682 2298 5744 Prior-es
2327 5685 2594 5745 editiones
2622 5689 2959 5759 conjungunt
2985 5693 3148 5749 verba
3194 5693 3247 5744 in
3296 5691 3540 5761 testiﬁca-
