3992 6204
554 202 657 265 995

1772 212 1941 269 JULII
1982 213 2239 272 FIRMICI
2278 216 2585 274 MATERNI
3797 223 3877 279 9ξέ
3946 224 3949 279 ἐ

550 321 741 376 sonita
773 321 1082 391 imperium.
1116 322 1315 377 Ultima
1360 336 1483 391 pars
1517 322 1799 389 tripartitae
1838 324 1992 379 istius
2018 324 2156 380 divi-
2187 334 2232 393 Α
2261 328 2381 383 aliae
2410 330 2827 399 superstitiones
2853 342 2873 369 ε
2903 347 3130 401 quarum
3151 342 3364 390 secreta
3396 334 3714 406 medenda
3745 349 3875 395 sunt.

552 416 723 471 sionis
745 417 982 471 aestimat
1021 416 1306 473 libidinum
1337 416 1473 483 vias,
1508 434 1629 487 qua!
1681 434 1842 488 prava
1889 418 2161 475 desideria

554 526 786 581 quicque
808 520 1153 581 praepostera:
1179 511 1493 581 cupiditatis
1516 521 1822 568 monstrant
1852 512 2159 568 illecebras.

557 602 683 659 Illeo
714 620 871 658 unant
907 614 1111 671 partem
1135 605 1301 674 capiti
1334 605 1637 675 assignant,
1669 614 1729 660 ut
1759 605 1997 660 hominis
2029 606 2164 660 iram

559 697 957 763 quodammodo
984 697 1252 752 denotare
1282 697 1551 753 videatur.
1586 699 1756 753 Aliam
1784 700 1835 753 in
1862 698 2027 754 corde
2056 708 2167 753 sta-

560 797 737 853 tuunt,
772 798 829 842 ut
854 788 1197 844 diversarum
1231 790 1622 859 cogitatiomtm
1655 791 2003 855 varietatem,
2031 803 2165 857 quas

563 880 843 950 multiplici
891 880 1192 935 intentiooe
1236 881 1603 949 concipimus,
1652 883 1702 937 in
1745 880 1962 935 modum
1986 880 2168 951 sylva-

563 989 681 1027 runt
712 984 899 1030 tenere
931 973 1202 1029 videatur.
1245 973 1428 1029 Tertia
1465 991 1588 1045 pars
1618 975 1969 1029 constituitur
2000 974 2053 1028 in
2080 975 2165 1043 je-

561 1081 724 1133 core,
766 1066 906 1121 unde
949 1066 1116 1121 libido
1163 1068 1403 1121 nascitur
1444 1078 1498 1122 et
1544 1068 1809 1137 voluptas.
1860 1068 1974 1121 Illic
2022 1068 2166 1122 enim

562 1160 875 1230 genitalium
923 1162 1193 1216 seminum
1222 1162 1451 1217 collecta
1483 1160 1785 1216 fecunditas
1832 1160 2168 1216 naturalibus

562 1255 799 1309 stimulis
829 1254 1160 1311 desiderium
1208 1255 1521 1327 cupiditatis
1566 1257 1822 1325 exagitat.
1857 1254 1995 1323 Quid
2040 1270 2168 1326 ergo

563 1346 777 1416 pet-[icit
805 1348 903 1401 ista
947 1347 1167 1409 divisio,
1200 1347 1493 1418 diligenter
1516 1349 1779 1417 aspicite,
1811 1358 1870 1403 ut
1909 1349 2167 1413 cernatis,

562 1455 725 1509 quam
758 1438 917 1495 facile
946 1452 1320 1496 commentum
1346 1441 1486 1497 ratio
1511 1442 1758 1497 veritatis
1786 1444 2084 1513 impugnet.
2112 1441 2169 1497 Si

565 1534 825 1589 dividitur
851 1536 1030 1589 anima
1052 1578 1066 1601 ,
1101 1544 1157 1590 et
1186 1538 1487 1591 substantia
1520 1540 1637 1605 ejus
1666 1537 1885 1592 diverso
1911 1536 2170 1592 efficacia:

564 1644 769 1699 genere
800 1640 1107 1695 separatur,
1135 1628 1402 1683 diSsoluto
1443 1630 1634 1685 ordine
1676 1646 1798 1693 suo,
1831 1631 2019 1700 incipit
2048 1645 2172 1685 esse

2264 419 2443 476 Liberi
2477 432 2531 476 et
2558 421 2771 478 Libera:
2792 421 2818 460 ά
2839 464 2855 490 ,
2882 440 3001 493 ιιιιειε
3054 427 3234 480 omnia
3269 429 3447 483 sacris
3484 428 3774 483 sensibus
3803 444 3878 482 ve-

2265 513 2394 567 stris
2414 514 2727 582 specialiter
2749 514 3049 571 intimanda
3073 527 3221 579 sunt,
3243 529 3299 572 ut
3323 528 3379 574 et
3401 520 3461 574 in
3488 520 3619 574 istis
3645 519 3878 589 profani:

2266 604 2622 675 religionibus
2652 608 2840 661 sciatis
2870 624 2976 663 ιιιοι
2996 618 3074 662 tes
3107 625 3233 665 esse
3266 610 3560 666 hominum
3589 626 3879 667 consecra-

2271 710 2373 758 tas.
2405 703 2566 759 Liber
2596 704 2778 774 itaque
2802 704 2957 760 Jovis
2986 705 3086 760 fuit
3112 705 3256 761 ﬁlius
3276 718 3297 743 ε
3338 709 3486 779 regis
3511 708 3742 762 scilicet
3766 707 3881 763 Cre-

2270 798 2358 850 tiei
2390 796 2431 850 ί.
2464 797 2561 852 Hic
2596 814 2719 854 cum
2753 797 2947 855 fuisset
2987 799 3236 855 adultera
3267 804 3462 857 ‘matre
3506 802 3881 873 progenitus.

2270 893 2611 946 nutriebatur
2642 893 2783 961 apud
2826 901 3069 962 patrem,
3100 893 3401 949 studiosius
3425 911 3596 965 quam
3628 895 3881 951 decelm.

2271 983 2419 1040 Uxor
2438 984 2611 1051 Jovis,
2635 986 2720 1041 cui
2746 985 2943 1041 lunoni
2966 987 3065 1041 fuit
3089 998 3351 1053 uenienti,
3372 989 3700 1043 novucalis
3726 991 3881 1044 animi

2271 1079 2457 1135 furore
2484 1090 2777 1147 commota,
2822 1082 2887 1136 ad
2919 1097 3109 1137 necem
3144 1083 3368 1139 infantis
3394 1085 3766 1138 omnifariam
3802 1100 3884 1153 pa-

2270 1174 2427 1228 rabat
2455 1173 2700 1228 insidias.
2743 1174 3102 1230 Proficiscens
3135 1191 3364 1247 peregre.
3396 1188 3552 1249 pater
3581 1220 3599 1244 ,
3632 1180 3768 1247 quia
3814 1181 3883 1229 in-

2271 1265 2615 1335 digoatioues
2638 1267 2829 1321 tacitas
2876 1268 3087 1323 sciebat
3118 1270 3321 1335 uxoris,
3357 1285 3425 1324 ne
3462 1271 3598 1339 quid
3647 1272 3727 1324 ab
3756 1273 3881 1323 irata

2274 1356 2504 1415 muliere
2536 1360 2661 1415 dolo
2696 1360 2848 1415 fleret
2872 1405 2886 1428 ,
2943 1362 3155 1418 idoneis
3204 1364 3381 1435 (sicut
3412 1364 3515 1419 sibi
3551 1364 3876 1420 videbaturt

2273 1452 2593 1508 Custodibus
2622 1456 2844 1509 tutelam
2877 1454 3055 1510 credit
3088 1455 3206 1511 filii.
3254 1454 3405 1511 Tunc
3453 1456 3605 1512 .Iuno
3633 1500 3648 1523 ,
3684 1476 3875 1528 oppon

2276 1555 2462 1599 tunnm
2488 1546 2824 1615 insidiarum
2867 1558 3024 1603 nacta
3068 1562 3315 1619 tempus,
3344 1561 3401 1605 et
3429 1567 3496 1605 ex
3541 1552 3648 1606 hoc
3690 1554 3878 1608 fortius

2275 1639 2607 1693 inflammata
2634 1683 2647 1704 ,
2683 1642 2811 1709 quia
2840 1642 3194 1711 proficiscens
3225 1654 3378 1712 pater
3409 1652 3466 1697 et
3496 1646 3702 1699 solium
3736 1648 3875 1715 regni

562 1722 709 1792 quod
740 1721 935 1776 fuerat.
972 1722 1131 1777 Aliud
1180 1724 1325 1777 enim
1358 1738 1509 1777 tuens
1538 1734 1651 1789 est,
1679 1724 1823 1778 aliud
1878 1725 1953 1779 ira
1976 1769 1988 1789 ,
2025 1724 2168 1778 aliud
2203 1741 2246 1801 Β
2277 1747 2446 1801 puero
2472 1732 2774 1787 tradiderat
2796 1739 2857 1787 et‘
2880 1741 3159 1803 sceptrum
3184 1778 3199 1802 ,
3231 1735 3487 1792 custodes
3530 1740 3772 1807 primum
3798 1755 3875 1792 τε-
3960 1721 3961 1783 1

565 1814 755 1869 libido.
789 1815 1041 1869 Animam
1072 1830 1205 1884 ergo
1233 1815 1504 1883 separatio
1537 1816 1635 1871 ista
1677 1816 1956 1881 di~solvit,
1989 1826 2043 1871 et
2072 1833 2164 1887 pa-

570 1906 701 1961 titur
730 1906 1018 1962 maximam
1049 1924 1113 1963 cx
1147 1908 1244 1961 ista
1272 1908 1561 1978 partitione
1577 1907 1867 1978 jacturam,
1903 1923 2003 1963 nec
2027 1909 2169 1963 inte-

567 2015 716 2069 grant
743 2000 821 2053 sui
844 2002 1081 2069 speciem
1115 2016 1200 2055 res
1226 2002 1329 2054 ista
1352 2000 1622 2063 custodit,
1648 2017 1769 2070 qum
1792 2016 1887 2070 per
1912 2011 2021 2055 tres
2046 2016 2174 2055 ron.

570 2094 763 2147 trarias
807 2094 1097 2163 separatim
1130 2094 1412 2162 dividitur,
1448 2104 1501 2149 et
1532 2094 1618 2167 (ut
1653 2112 1837 2149 verum
1882 2096 2080 2167 dicam)
2117 2099 2174 2151 tit

570 2202 635 2241 ex
676 2187 789 2258 ipsa
830 2188 1095 2244 divisione
1126 2190 1371 2245 mortalis
1393 2198 1439 2243 τί.
1478 2190 1689 2245 Etenim
1718 2190 1860 2261 quod
1889 2200 2067 2261 potest
2095 2192 2175 2245 di-

570 2282 675 2336 vidi
703 2324 717 2347 ,
746 2297 944 2352 corpus
972 2295 1073 2339 est.
1106 2283 1261 2350 Quod
1282 2294 1463 2339 autem
1490 2300 1689 2353 corpus
1711 2296 1813 2349 est,
1848 2300 2071 2340 necesse
2092 2293 2178 2339 est

571 2374 1020 2441 essejmortaleb.
1058 2375 1203 2446 Ergo
1230 2378 1274 2429 si
1319 2376 1498 2430 anima
1527 2375 1807 2441 dividitur,
1840 2391 2038 2446 corpus
2066 2385 2172 2432 est.

572 2467 630 2523 Si
658 2481 856 2538 corpus
892 2479 996 2533 εει,
1033 2482 1259 2523 necesse
1294 2479 1377 2523 est
1416 2469 1485 2522 sit
1515 2484 1602 2523 res
1652 2468 1917 2525 mortalis.
1950 2469 2173 2539 Egregia

572 2560 777 2614 erroris
805 2560 959 2614 istius
986 2574 1051 2615 ac
1069 2559 1332 2630 prazclara
1350 2559 1984 2616 comitantiaMaximum
2018 2562 2176 2617 nobis

568 2652 894 2708 beneficium
920 2669 987 2709 ex
1011 2654 1111 2707 ista
1146 2653 1534 2725 consequentia
1557 2658 1857 2710 confertur.
1885 2653 2176 2711 Commen-

568 2749 638 2803 tis
660 2750 882 2804 istarum
900 2748 1293 2804 absurditatum
1314 2750 1523 2804 animas
1539 2750 1726 2805 volunt
1747 2766 1867 2806 esse
1891 2754 2171 2807 mortales.

1184 2862 1414 2919 CAPUT
1458 2861 1547 2917 VI.

572 2956 645 3010 Ab
677 2956 1054 3011 Elementorum
1080 2957 1223 3010 cultu
1266 2956 1335 3008 ad
1376 2956 1509 3008 alias
1554 2956 1955 3025 superstitiones
1987 2956 2174 3010 transit

639 3068 918 3123 earumque
952 3061 1143 3106 secreta
1184 3050 1399 3121 pandit;
1430 3059 1479 3104 et
1510 3050 1674 3119 primo
1701 3049 1911 3119 quidem
1951 3051 2174 3103 duorum

2273 1825 2490 1895 galihus
2522 1826 2761 1897 prmmiis
2793 1828 3221 1898 muneribusque
3259 1832 3530 1900 corrupit,
3561 1832 3766 1887 deinde
3794 1848 3872 1887 sa-

2276 1920 2477 1975 tellites
2516 1936 2646 1977 suos
2667 1964 2681 1986 ,
2728 1922 2819 1993 qui
2851 1921 3075 1977 Titanes
3098 1923 3436 1979 vocabantur
3472 1926 3499 1960 δ
3522 1967 3537 1990 ,
3571 1927 3626 1979 in
3656 1926 3874 1981 interio-

2276 2016 2426 2069 ribus
2456 2016 2618 2085 regire
2647 2016 2792 2070 locat
2822 2017 3064 2087 partibus
3088 2059 3102 2082 ,
3128 2027 3181 2071 et
3206 2018 3531 2088 crepundiis
3571 2035 3640 2075 ac
3659 2020 3873 2088 Speculo

2276 2107 2482 2163 ail'abre
2520 2108 2661 2163 facto
2692 2110 2903 2165 animos
2935 2110 3005 2164 ita
3036 2110 3277 2181 pueriles
3312 2110 3520 2179 illexit,
3556 2122 3621 2167 ut
3650 2112 3869 2167 desertis

2278 2202 2444 2269 regiis
2488 2201 2711 2255 sedibus
2755 2200 2821 2256 ad
2864 2201 3187 2256 insidiarum
3219 2202 3402 2258 locum
3446 2205 3677 2273 puerilis
3721 2205 3869 2259 animi

2277 2293 2552 2348 desiderio
2580 2294 2890 2349 duceretur.
2924 2293 3035 2349 Illic
3064 2295 3401 2366 interceptus
3451 2297 3783 2352 trucidatur.
3816 2297 3871 2351 Et

2280 2399 2333 2442 ut
2369 2389 2573 2442 nullum
2616 2398 2800 2459 posset
2832 2388 2982 2445 necis
3006 2389 3241 2446 inveniri
3271 2392 3562 2462 vestigium
3588 2433 3605 2458 ,
3635 2393 3868 2461 particu-

2279 2480 2427 2535 latim
2462 2483 2702 2537 membra
2725 2482 2999 2537 conscissa
3018 2483 3315 2538 satellitum
3339 2484 3444 2538 sibi
3465 2483 3665 2538 dividit
3694 2485 3865 2539 turba.

2278 2572 2456 2637 Tunc,
2485 2584 2541 2627 ιιι
2570 2574 2692 2629 huic
2723 2573 2955 2629 facinori
2989 2574 3134 2628 aliud
3162 2573 3373 2630 facinus
3401 2574 3725 2641 adderetur,
3756 2579 3870 2646 quia

2280 2667 2639 2722 vehementer
2683 2668 2900 2739 tyranni
2945 2667 3242 2724 crudelitas
3290 2669 3626 2737 timebatur,
3654 2670 3870 2725 decocta

2279 2762 2444 2816 variis
2476 2761 2769 2830 generibus
2804 2761 2953 2831 pueri
2997 2762 3241 2818 membra
3280 2773 3651 2829 consumunt,
3698 2775 3755 2818 ut
3781 2764 3870 2817 hu.

2278 2855 2421 2909 mani
2454 2854 2767 2922 cadaveris,
2801 2852 3061 2908 inauditis
3098 2869 3270 2926 usque
3298 2856 3350 2910 in
3379 2856 3536 2910 illum
3567 2856 3712 2911 diem
3743 2871 3867 2925 epu-

2278 2950 2346 3003 lis
2369 2990 2383 3015 ,
2426 2958 2804 3005 vescerentur.
2831 2947 2938 3003 Cor
2968 2949 3146 3003 visum
3193 2949 3295 3006 sibi
3329 2966 3491 3007 soror
3536 2959 3755 3016 servat,
3793 2951 3867 3004 cui

2280 3047 2521 3102 Minerva
2552 3047 2653 3101 fuit
2680 3061 2911 3111 nomen,
2944 3046 3069 3116 quia
3101 3055 3157 3101 et
3182 3047 3297 3117 ipsa
3334 3046 3561 3103 sceleris
3584 3046 3687 3100 fuit
3714 3044 3868 3115 parti-

640 3145 945 3201 Liberorum
966 3187 982 3213 ,
1024 3146 1279 3201 Cretensis
1305 3146 1496 3217 quippe
1527 3161 1587 3198 ac
1620 3143 1869 3207 Thebani,
1904 3146 2177 3200 historiam
2203 3139 2249 3204 C
2280 3156 2432 3213 ceps,
2466 3149 2520 3195 et
2553 3148 2613 3194 ut
2642 3140 2993 3194 manifestum
3019 3146 3167 3193 esset
3189 3139 3488 3195 delationis
3513 3139 3793 3205 indicium,
3821 3148 3864 3193 et

643 3247 842 3292 narrat.

644 3330 736 3385 Sic
766 3339 925 3396 sunt,
969 3329 1320 3385 sacratissimi
1368 3330 1767 3400 imperatores,
1818 3332 2097 3386 Elementa
2140 3347 2169 3385 a

576 3422 807 3495 perditis
831 3422 1146 3478 hominibus
1169 3438 1425 3477 conseira
1438 3433 1509 3477 ta.
1542 3422 1647 3478 Sed
1675 3423 1850 3479 adhuc
1877 3433 2170 3494 supersunt

571 3593 627 3647 p,
659 3574 919 3638 550,5“.
948 3574 1201 3647 Fortasse
1223 3589 1437 3642 quoque
1460 3575 1568 3647 huc
1589 3575 1877 3647 pertinebit
1911 3590 2167 3647 nummus

571 3645 985 3703 llieroczcsarem
1026 3645 1398 3715 Lydiievquem
1449 3645 1615 3699 edidit
1669 3645 1935 3715 Seguinus
1966 3645 2017 3699 in
2050 3646 2162 3700 Sel.

572 3722 831 3773 nuutism.
870 3716 1102 3790 antiqu.,
1138 3717 1265 3790 p29
1288 3726 1340 3769 et
1374 3716 1439 3769 10
1465 3715 1692 3790 (Eekhel
1731 3731 1811 3790 in,
1848 3732 1900 3784 p.
1934 3718 2076 3790 19ξιδ,
2114 3718 2165 3771 itt

569 3804 679 3865 quo
710 3790 945 3865 Artemis
973 3785 1156 3865 (deam
1184 3785 1481 3841 Comanatn‘
1508 3785 1689 3865 credo)
1714 3789 1860 3865 cultu
1893 3787 2162 3855 mulir-bri,

568 3858 663 3917 sed
740 3858 991 3927 pharetra
1054 3860 1343 3923 instructa,
1395 3873 1515 3911 cum
1557 3858 1851 3927 epigraphe
1900 3869 2161 3915 IIEPSIKH.

570 3937 774 3990 Aversa
828 3932 989 3989 habet
1040 3946 1188 3985 aram
1243 3931 1493 3999 ignitum,
1531 3930 1849 3999 Sphingihus
1882 3942 2163 3996 ornatam,

570 4023 674 4076 qua
720 4005 896 4059 cultus
945 4002 1704 4077 ignisrtnysticutiindicatur.
1748 4001 1839 4077 _De
1899 4002 2168 4077 Dioctesa-

568 4072 838 4133 reensittm
898 4072 998 4134 hac
1060 4072 1222 4131 Diana
1267 4075 1337 4128 cf.
1375 4072 1544 4126 Taciti
1586 4073 1782 4127 Annal.
1842 4089 1936 4137 ιιι,
1979 4075 2078 4136 6'2,
2111 4085 2165 4128 et

569 4150 956 4217 Spanhemiunt
986 4146 1383 4203 adCaIlitnach.
1413 4143 1608 4215 Hymn.
1640 4147 1689 4197 in
1728 4146 1978 4211 Dianam,
2004 4146 2160 4211 v.57,

574 4223 661 4276 ubi
701 4224 862 4273 multa
889 4221 955 4277 dc
997 4222 1097 4275 hoc
1126 4218 1348 4272 numine
1378 4225 1633 4283 congesta
1666 4218 1925 4284 reperies.

644 4304 670 4329 υ
710 4290 977 4359 Athettag.
1005 4308 1054 4347 c.
1088 4293 1116 4342 7
1154 4306 1167 4342 :
1202 4291 1387 4343 Καίτοι
1411 4287 1436 4341 ὁ
1462 4290 1551 4359 μὲν
1581 4290 1885 4362 Σωκράτηῆ
1908 4288 2048 4362 παρό
2077 4310 2163 4360 γε-

571 4366 717 4424 νητὸς
754 4367 862 4441 ,καὶ-
890 4366 1144 4441 φθαρτὸς,
1184 4362 1524 4441 ρυγκεὶμειιος.
1566 4363 1666 4441 καεὶῄ
1691 4359 2044 4441 διαιροιῦέιειιὸς
2087 4359 2164 4419 κείς

572 4414 722 4509 Egi”;
754 4433 811 4486 «Ο
838 4414 913 4509 δέ
934 4414 1060 4494 θὲδς
1103 4414 1345 4509 ἀγένηὲος
1366 4414 1710 4509 ικαὶ-ᾇπαθής,
1735 4414 1818 4485 καὶ
1852 4414 2159 4509 ἀδιαίρετος.

572 4501 717 4560 Loco
737 4506 999 4571 Σωκράτης
1032 4501 1243 4571 poterat
1267 4504 1428 4555 etiam
1456 4501 1660 4556 dixisse
1691 4503 1841 4554 homo
1864 4513 1912 4555 et
1945 4501 2159 4554 animal.

571 4577 678 4634 Sed
713 4560 899 4630 maltiit
935 4560 1195 4631 adhibere
1226 4588 1423 4627 nomen
1468 4574 1544 4627 rei
1576 4573 1886 4643 singularis.
1922 4571 2161 4627 LINDNER

573 4649 639 4705 ad
668 4648 935 4718 Athenag.

642 4721 668 4759 δ
702 4714 995 4777 Firmiétttu
1022 4718 1080 4774 h.
1110 4717 1146 4772 l.
1175 4729 1489 4787 aggressum
1522 4730 1644 4787 esse
1688 4714 2041 4786 philosophos
2065 4715 2163 4771 du-

570 4794 728 4850 bitari
755 4808 859 4846 non
887 4801 1101 4862 potest,
1134 4797 1189 4862 et
1214 4787 1483 4862 imprimis
1505 4786 1724 4862 quidem
1753 4787 2157 4859 Pythagoricos,

569 4879 707 4951 quos
736 4858 1159 4954 annimi‘humani.
1184 4872 1362 4954 partes
1395 4860 1477 4913 vel
1508 4858 1961 4954 facultatestres,
2002 4868 2124 4954 νρξν
2144 4900 2158 4925 ,
2193 4893 2239 4954 D

571 4930 976 5011 ᾦρέναςηθυμὸν,
1013 4934 1279 5011 posuisse,
1314 4932 1614 5011 harumque
1644 4930 1855 5011 duabus
1884 4932 2161 5011 prioribus

569 5003 625 5061 in
650 5003 900 5071 cerebro,
929 5006 1102 5060 tertiae
1127 5004 1178 5057 in
1198 5003 1363 5057 corde
1388 5003 1563 5056 locum
1590 5004 1902 5071 assignasse
1923 5009 2159 5058 constat.

577 5078 765 5135 [Isara
792 5078 860 5133 de
886 5077 933 5132 J.
965 5076 1025 5132 F.
1063 5075 1131 5129 M.
1165 5090 1219 5144 p.
1251 5074 1341 5129 59.

648 5160 669 5188 ο
714 5151 931 5204 'I‘ransit
972 5149 1082 5216 jam
1124 5161 1153 5200 a
1185 5144 1509 5201 refutatione
1548 5145 1727 5200 cultus
1764 5145 2163 5201 elementorum

569 5223 635 5279 ad
652 5223 784 5275 alias
803 5219 1144 5291 Mytltologim
1160 5225 1340 5291 partes
1362 5216 1434 5270 im
1445 5218 1779 5286 pugnandas,
1802 5233 1939 5287 quas
1970 5216 2165 5286 partim

571 5311 637 5352 ex
673 5289 961 5348 traditione
993 5289 1235 5359 populari
1264 5299 1425 5357 atque
1450 5300 1728 5356 poetarum
1749 5330 1763 5352 ,
1790 5304 2018 5356 quorum
2047 5303 2166 5342 car-

573 5368 718 5422 mina
754 5373 886 5420 tetas
918 5358 1186 5426 servavit,
1217 5358 1412 5415 fabulis
1452 5359 1661 5424 hausit;
1691 5362 1886 5429 partim
1911 5402 1924 5425 ,
1960 5368 2020 5412 ιιι
2046 5374 2167 5412 sus.

568 5440 741 5511 picor,
766 5432 1290 5511 e_x_Euheme_ri_'_tepaft
1310 5430 1594 5508 Ἀναγραφῇ
1616 5432 1911 5500 excerpsit.
1946 5430 2163 5484 Initium

568 5504 695 5567 facit
725 5504 753 5565 ἐι
786 5507 986 5564 Libero
1012 5516 1067 5560 et
1094 5504 1311 5559 Libera.

639 5581 667 5621 ἀ
688 5586 930 5639 Lactant.
947 5595 984 5641 t,
1003 5594 1051 5633 c.
1064 5577 1151 5642 l0,
1165 5574 1362 5631 Minue.
1385 5573 1542 5630 Felix
1561 5573 1722 5636 c.21;
1746 5571 1941 5628 Cicero
1958 5572 2023 5627 de
2039 5571 2160 5629 Nat.

576 5656 735 5711 Deor.
754 5653 925 5718 ",26;
950 5649 1219 5706 Arnobius
1236 5646 1378 5702 haud
1395 5646 1588 5718 habet;
1607 5644 1865 5718 Cruz._ut,
1886 5644 2014 5707 576,
2035 5643 2161 5718 '5_8l.

659 5738 681 5763 ε
726 5716 958 5779 Duorum
990 5721 1309 5779 Liberorum
1336 5717 1355 5789 (
1379 5716 1493 5773 Cic.
1527 5717 1594 5775 de
1624 5716 1746 5773 Nat.
1779 5716 1939 5773 lleor.
1974 5731 2033 5785 ιι,
2062 5716 2163 5787 24)

2281 3244 2335 3289 ιιι
2374 3233 2601 3289 haberet
2630 3232 2771 3287 unde
2804 3231 3035 3287 furentis
3062 3233 3238 3302 patris
3284 3233 3548 3303 impetum
3579 3232 3857 3303 mitigaret.

2280 3326 2518 3383 Reverso
2560 3326 2680 3382 .Iovi
2722 3326 2830 3380 tilia
2862 3324 3109 3380 ordinem
3141 3326 3400 3381 facinoris
3432 3326 3679 3395 exponit.
3723 3325 3857 3379 Tunc

2274 3429 2433 3488 pat:r
2477 3419 2689 3476 funesta
2734 3420 3042 3475 calamitate
3107 3418 3279 3475 cladis
3329 3429 3385 3475 et
3439 3420 3635 3476 acerba
3697 3421 3856 3476 luctus

2275 3574 2559 3647 historiam
2585 3584 2790 3640 narrat,
2825 3574 3103 3647 Cretensis
3126 3576 3325 3647 quippe
3348 3584 3404 3630 ct
3427 3577 3694 3635 Thebani.
3725 3594 3857 3633 eam-

2271 3662 2402 3718 que,
2449 3647 2493 3701 si
2527 3645 2842 3701 Cretensem
2883 3645 3156 3701 Liberum,
3181 3645 3433 3715 spectes,
3476 3649 3678 3703 fabula:
3715 3652 3855 3704 valde

2275 3720 2517 3773 affinem.
2551 3718 2607 3771 In
2634 3733 2737 3786 qua
2766 3718 2982 3787 quidem
3011 3760 3025 3783 ,
3066 3734 3137 3771 an
3174 3718 3511 3774 Clementem
3544 3721 3849 3776 Alexandri-

2272 3806 2399 3844 num
2431 3793 2480 3843 in
2513 3789 2785 3857 Protrept.
2814 3804 2863 3842 c.
2896 3791 2951 3853 ‘2,
2978 3800 3035 3843 ut
3056 3789 3306 3859 judicare
3336 3792 3554 3846 videtur
3581 3790 3851 3847 Wowerus

2272 3862 2323 3915 in
2364 3863 2505 3915 notis
2550 3861 2617 3914 ad
2670 3860 2965 3932 Firmicum
2994 3902 3007 3923 ,
3057 3860 3203 3931 quod
3258 3878 3392 3917 vero
3436 3876 3593 3932 negat
3645 3863 3850 3919 Ursinus

2269 3933 2583 3999 Quaestione
2613 3931 2750 3986 bibl.
2787 3932 2826 3985 ι.
2860 3948 2932 3996 ιι,
2967 3947 3019 3985 e.
3052 3932 3154 4000 19,
3196 3944 3417 3988 secutus
3446 3931 3551 3997 sit,
3588 3935 3740 3990 facile
3767 3936 3850 3988 du-

2272 4005 2591 4068 bitaverim,
2635 4018 2757 4057 cum
2807 4004 2873 4057 ah
2918 4018 2985 4059 eo
3034 4004 3085 4057 in
3136 4006 3412 4074 sepultura
3462 4007 3641 4061 saltim
3690 4006 3846 4061 Liberi

2268 4075 2569 4130 enarranda
2590 4074 3019 4147 discedathulla
3047 4086 3307 4147 caeterum
3332 4080 3569 4132 auctoris
3591 4079 3845 4147 cujusdam

2269 4148 2589 4201 auctoritate
2620 4145 2803 4200 fultus.
2833 4146 3017 4201 IIertz.
3044 4147 3111 4201 de
3134 4147 3182 4202 .l.
3216 4146 3277 4201 F.
3308 4148 3379 4202 M.
3410 4164 3463 4217 p.
3500 4152 3586 4204 tt).
3620 4145 3758 4203 lianc
3784 4150 3846 4200 {.1-

2267 4218 2451 4273 halam
2481 4227 2914 4290 commemorant
2945 4217 3227 4286 Eusebius,
3257 4220 3431 4288 Prtep.
3470 4219 3673 4290 Evang.
3704 4236 3753 4278 ιι.
3783 4218 3839 4280 5;

2269 4290 2541 4361 Arnobius
2568 4305 2616 4351 ι,
2651 4304 2701 4341 c.
2726 4288 2827 4361 56,
2872 4290 2971 4353 II;
3006 4305 3061 4355 v,
3098 4290 3198 4353 I9,
3231 4298 3286 4344 et
3320 4292 3524 4359 secpius
3550 4334 3565 4355 ,
3599 4288 3842 4361 imprimis

2267 4360 2407 4415 libro
2434 4376 2499 4424 v;
2536 4361 2667 4414 licet
2687 4360 2827 4414 haud
2860 4361 3060 4427 ubique
3090 4361 3379 4415 Thebanus
3398 4378 3427 4415 a
3447 4360 3692 4418 Cretensi
3720 4361 3841 4416 facili

2269 4432 2487 4509 ttchtio
2517 4432 2758 4509 discerni
2790 4433 2981 4509 possit.
3026 4432 3217 4509 Ilygini
3266 4430 3399 4489 Fab.
3449 4434 3573 4489 167.
3625 4433 3833 4490 Macrob.

2266 4507 2320 4558 itt
2356 4519 2534 4557 somn.
2566 4504 2838 4572 Scipionis
2870 4519 2923 4568 ι,
2951 4520 3002 4558 c.
3040 4504 3127 4558 12.

2344 4574 2361 4612 ί
2406 4574 2497 4631 Sic
2518 4576 2945 4630 Commodianus
2976 4575 3108 4630 Inst.
3144 4592 3216 4631 vt.

2312 4709 2404 4761 Ille
2424 4716 2587 4761 autem
2609 4709 2849 4774 (Jupiter)
2872 4712 2920 4760 in
2945 4709 3091 4762 Creta
3112 4713 3357 4775 regnavit,
3385 4713 3553 4777 ibique
3571 4713 3758 4764 defecit.

2269 4858 2407 4913 Deos
2434 4856 2685 4913 homines
2719 4856 2915 4919 fuisse.
2947 4871 3068 4927 qua
3098 4856 3205 4912 fuit
3237 4857 3535 4914 Euhemcri
3558 4858 3833 4927 sententia,

2268 4929 2546 4984 Arnobius
2599 4944 2814 4997 quoque
2865 4926 3141 4997 perhibet,
3188 4929 3282 4984 lib.
3312 4945 3362 4991 ι,
3411 4945 3459 4984 c.
3506 4930 3689 4987 5641.
3732 4926 3831 4981 Vid.

2272 5003 2415 5057 l’etri
2440 5000 2583 5069 Krog
2615 5000 2808 5066 Meier,
2838 5003 3061 5071 collega:
3101 5000 3585 5065 desideratissimi,
3634 5001 3831 5071 Dissertf

2273 5073 2665 5143 iuauguralem
2701 5072 2770 5126 de
2826 5068 3037 5127 ratione
3068 5081 3122 5127 et
3166 5083 3490 5143 argumento
3531 5068 3831 5143 Apologetici

2272 5140 2570 5215 Arnobiani
2602 5142 2813 5215 (Hafn.,
2847 5144 3010 5214 1815)
3044 5160 3094 5212 p.
3126 5140 3261 5208 158⁷,
3294 5145 3417 5200 139.
3462 5140 3723 5199 Caeterum
3748 5140 3828 5215 Ar-

2274 5214 2468 5271 nobius
2499 5213 2689 5270 eadem
2720 5215 2835 5269 fere
2857 5213 3013 5269 affert
3042 5216 3285 5284 exempla
3316 5231 3441 5285 qum
3475 5215 3727 5272 Firnticus
3751 5213 3827 5263 ha—

2274 5288 2383 5342 bet.
2432 5287 2621 5341 .Iovem
2662 5302 2691 5339 a
2736 5287 3087 5343 Cretensibus
3132 5286 3281 5341 inter
3331 5288 3466 5342 deos
3519 5294 3822 5343 numeratum

2268 5358 2433 5413 fuisse
2468 5357 2632 5413 refert
2660 5373 2875 5428 quoque
2908 5358 3238 5413 Athanasius
3273 5361 3405 5414 κατὰ
3424 5359 3550 5416 Ἑλλ.
3584 5375 3631 5414 c.
3656 5361 3703 5413 9.

2340 5440 2365 5477 8
2406 5431 2594 5484 Omnis
2625 5432 2738 5486 “330
2777 5431 2955 5486 fabula
2981 5446 3010 5486 a
3041 5431 3158 5485 solo
3187 5429 3427 5486 Firmico
3455 5440 3695 5487 narratur
3724 5438 3818 5483 tan

2266 5518 2330 5558 ex
2365 5501 2714 5557 Euhemero?

2340 5570 2365 5609 ιι
2408 5572 2472 5627 Hi
2495 5573 2633 5643 apud
2661 5573 2994 5629 Antoninum
3024 5572 3328 5629 Liberalem
3358 5574 3753 5630 considerantur
3773 5575 3817 5619 ut

2267 5646 2532 5700 satellites
2564 5645 2783 5700 Saturni
2812 5687 2827 5713 ,
2858 5661 2909 5701 c.
2938 5645 3030 5710 ⁸56,
3063 5646 3208 5700 unde
3238 5647 3531 5701 scribitur:
3554 5650 3670 5704 Ζεὺς
3690 5646 3813 5697 Τιτᾶ-

2266 5738 2357 5779 νας
2392 5716 2635 5782 ἐξελάσας
2674 5721 2761 5775 τὸν
2792 5719 2974 5796 Κρόνον
3000 5719 3228 5792 ἀφείλετο
3253 5724 3345 5781 τὴς
3376 5721 3569 5796 ἀρχῆς.
3604 5718 3811 5773 Gnoson
