3992 6204
650 312 735 379 :lm

334 392 368 433 ’⁵
573 379 715 477 3""

192 684 213 695 κ.
250 688 265 709 ,
538 640 553 671 ”
652 674 661 691 .~
710 627 719 663 1

606 720 719 847 tio:

719 421 864 477 tebat
896 439 909 476 :
944 430 1076 477 tunc
1103 434 1205 476 nec
1229 427 1452 475 senatus
1480 416 1693 473 consuli
1722 431 1823 472 nec
1858 416 2007 487 leges
2046 415 2172 471 Rei-

656 607 860 683 liibus,
892 607 983 678 qtti
1028 608 1188 679 hujus
1220 608 1360 663 sacri
1401 607 1669 663 scelerata
1714 615 2021 661 commenta
2063 611 2173 658 tra—

652 688 806 771 bant,
834 711 1026 757 contra
1055 715 1249 757 omnes
1278 716 1493 767 servos,
1522 700 1692 755 immo
1722 698 2001 754 Romanos
2023 712 2170 768 qua:-

606 796 769 853 tionis
798 795 1047 851 examine
1083 796 1330 866 capitalis
1358 809 1519 864 poena
1547 793 1615 850 de
1649 803 1873 849 senatus
1898 789 2172 847 sententia

572 891 795 947 decreta
836 899 939 946 est.
992 889 1103 945 Nec
1150 898 1258 944 tam
1312 887 1404 944 diu
1450 888 1694 945 vindices
1735 886 1901 958 gladii
1933 884 2173 941 consulis

574 984 972 1056 conquierunt,
1021 983 1279 1054 quamdiu
1312 983 1416 1037 hoc
1448 983 1650 1039 malum
1682 981 1878 1036 fuisset
1912 979 2174 1035 radicitus

577 1087 940 1148 amputatum.
965 1075 1010 1132 0
1032 1075 1192 1147 digna
1209 1076 1461 1131 Romano
1484 1075 1705 1130 nomine
1733 1070 2169 1127 animadversio!

574 1170 620 1225 0
651 1170 844 1241 prisca:
875 1168 1098 1224 virtutis
1130 1168 1398 1223 laudanda
1424 1166 1776 1239 Iconstantia!
1817 1180 1917 1220 nec
1962 1162 2174 1219 civibus

576 1263 688 1317 suis
723 1261 917 1317 consul
963 1275 1189 1332 parcere
1214 1260 1423 1323 voluit,
1453 1275 1576 1315 cum
1606 1258 1678 1314 ob
1719 1255 2053 1329 purgandam
2083 1271 2175 1327 pa-

577 1357 734 1414 triam
766 1356 1049 1428 peregrina
1080 1355 1209 1411 vitia
1237 1355 1605 1427 corriguntur.

1196 1447 1423 1505 CAPUT
1462 1447 1573 1503 VII.

572 1543 772 1601 Libera:
799 1544 876 1599 vel
904 1542 1239 1611 Proserpina
1279 1543 1550 1598 historiam
1580 1540 1826 1613 exponit,
1858 1548 1903 1596 et
1929 1539 2173 1595 Liberum

791 1654 885 1708 pro
914 1636 1047 1704 sole,
1083 1636 1321 1691 Liberam
1350 1652 1444 1706 pro
1466 1637 1591 1689 luna
1611 1635 1715 1689 coli
1745 1635 1949 1689 asserit.

1790 195 1962 261 ωιιι
1999 191 2262 259 FlllMlCl
2300 196 2611 260 MATERNI

777 326 1092 400 peregrinas
1140 320 1557 397 superstitiones
1608 321 1890 380 dissolutis
1930 321 2425 390 moribusAculo,
2482 324 2672 381 scissis
2704 324 2973 394 vestibus,
3028 323 3286 383 laceratis
3341 323 3596 383 crinibus
3644 323 3882 380 ducitur.

3762 198 3880 259 I005

2274 415 2383 472 Nec
2440 418 2706 473 reservati
2758 432 2966 489 ungues
2986 417 3203 489 {contra
3256 426 3564 475 amatorem
3619 420 3880 474 rusticum

2273 509 2478 581 aliquid
2512 510 2856 581 profuerunt,
2901 525 3002 568 nec
3025 511 3234 568 clamor
3263 521 3423 584 atque
3454 511 3710 568 ululatus
3738 511 3884 582 adju-

2276 607 2373 673 vit,
2423 622 2525 663 nec
2550 616 2874 665 caeterarum
2923 608 3185 680 strepitus
3231 609 3560 680 puellarum.
3594 610 3765 664 Tunc
3793 624 3885 664 una

2274 698 2437 755 celeri
2462 714 2651 768 cursu,
2676 716 2800 757 cum
2822 700 2891 757 de
2905 700 3131 758 civitate
3158 717 3319 759 nemo
3341 711 3729 769 succurreret,
3755 700 3887 757 facta

2274 805 2340 847 ex
2377 792 2494 862 ipso
2525 792 2724 849 timore
2752 794 3016 863 velocior,
3046 794 3205 850 matri
3237 804 3448 866 raptum
3485 793 3730 866 virginis
3758 812 3887 850 nun-

2277 884 2395 939 tiat.
2451 885 2652 941 Contra
2708 894 2983 958 raptorem
3038 887 3315 958 indignata
3362 896 3559 953 mater,
3613 897 3887 943 armatam

2275 990 2493 1033 manum
2526 977 2698 1033 ducit.
2733 978 2844 1033 Nec
2870 978 3161 1034 Plutonem
3184 978 3429 1035 mulieris
3454 977 3655 1035 fefellit
3682 979 3888 1034 adven-

2276 1076 2387 1135 tus,
2420 1069 2520 1125 sed
2552 1070 2854 1126 utretorsit
2878 1071 2945 1127 ad
2972 1072 3247 1128 civitatem
3284 1073 3477 1128 oculos
3499 1113 3513 1139 ,
3544 1080 3603 1129 et
3640 1071 3887 1129 inﬁnitos

2274 1176 2480 1219 cuneos
2528 1164 2769 1233 respexit
2814 1165 3002 1221 venire
3023 1180 3145 1221 cum
3172 1174 3367 1231 matre,
3412 1166 3697 1221 funestum
3745 1166 3886 1235 cepit

2276 1270 2341 1311 ex
2389 1253 2771 1326 desperatione
2811 1258 3126 1315 consilium.
3155 1258 3506 1329 Quadrigam,
3551 1274 3679 1329 quae
3732 1260 3886 1313 vehi-

2276 1348 2459 1404 culum
2509 1348 2785 1417 trahebat,
2831 1365 2930 1421 per
2959 1352 3197 1407 medium
3245 1353 3419 1409 lacum
3447 1352 3657 1423 dieigit.
3688 1353 3740 1408 Is
3767 1363 3885 1408 erat

2276 1441 2559 1511 profundis
2602 1443 2960 1514 voraginibus
3002 1445 3314 1514 immersus,
3365 1444 3480 1502 illic
3526 1461 3654 1502 cum
3702 1458 3879 1502 amata

2276 1533 2593 1591 submersus
2623 1535 2855 1605 virgine,
2890 1538 3210 1593 miserandae
3238 1539 3397 1593 matri
3438 1538 3509 1594 de
3539 1547 3723 1594 morte
3762 1540 3880 1595 ﬁlize

2276 1626 2554 1683 funestum
2587 1630 2959 1698 spectaculum
2994 1630 3251 1701 pra-buit.
3281 1630 3632 1697 Hennenses,
3663 1641 3725 1686 ut
3753 1646 3878 1702 pos-

646 1731 903 1802 Sequitur
927 1728 1068 1785 hanc
1107 1730 1251 1785 sacri
1290 1728 1695 1800 contagioncm,
1729 1737 1785 1783 et
1813 1727 2055 1782 imitatur
2083 1740 2169 1781 or-
2199 1718 2247 1779 B
2276 1729 2403 1775 sent
2445 1722 2711 1777 maternis
2768 1721 3008 1778 luctibus
3058 1738 3125 1777 ex
3170 1723 3352 1794 aliqua
3404 1730 3566 1793 parte
3628 1721 3879 1780 invenire

573 1822 757 1879 dinem
784 1821 1018 1889 funeris,
1046 1836 1076 1876 a
1106 1820 1345 1889 Cerere,
1385 1821 1665 1877 Hennensi
1693 1820 1920 1875 muliere
1943 1829 1991 1887 τι,
2026 1833 2174 1874 mors

575 1916 702 1971 ﬁlia:
746 1924 1087 1972 consecrata.
1141 1915 1274 1971 Nam
1306 1914 1569 1987 quidquid
1613 1915 1666 1969 in
1730 1913 1891 1968 Creta
1922 1920 2078 1982 pater
2103 1912 2174 1967 ob

577 2010 748 2065 ﬁlium
801 2009 1048 2076 fecerat,
1105 2009 1212 2066 hoc
1271 2018 1443 2065 totum
1514 2010 1677 2063 Ceres
1726 2007 1865 2077 apud
1924 2006 2172 2062 Hennam

574 2105 773 2160 amissa
807 2105 953 2171 ﬁlia,
990 2104 1329 2174 impatientia
1377 2104 1613 2159 materni
1655 2102 1861 2157 doloris
1902 2100 2171 2168 instituit,

572 2197 718 2269 quod
748 2207 1017 2268 quatenus
1047 2197 1247 2253 factum
1277 2198 1382 2265 sit,
1426 2197 1582 2253 brevi
1618 2210 1872 2251 sermone
1901 2194 2172 2265 perstrin-

572 2304 719 2361 gam.
768 2290 994 2345 Unicam
1041 2289 1263 2347 Cereris
1296 2291 1503 2357 ﬁliam,
1552 2305 1713 2360 quam
1764 2290 1938 2346 (ἱηεί
1985 2301 2175 2365 Περσε-

572 2380 744 2456 φόνην,
771 2383 941 2438 nostri
970 2384 1253 2438 immutato
1276 2398 1531 2439 sermone
1553 2383 1937 2453 Proserpinam
1962 2383 2173 2447 dicunt,

571 2475 641 2531 ad
670 2475 963 2545 conjugale
993 2475 1332 2531 consortium
1355 2476 1539 2545 plures
1568 2476 1845 2546 petebant.
1871 2476 2040 2531 Mater
2068 2476 2176 2530 sol-

573 2570 726 2626 licite
746 2569 816 2626 de
844 2569 1182 2641 singulorum
1202 2570 1417 2626 meritis
1441 2569 1737 2639 judicabat.
1763 2570 1830 2623 Et
1856 2584 1977 2624 cum
2001 2568 2174 2624 adhuc

570 2662 829 2717 omnibus
870 2662 1060 2716 matris
1106 2660 1382 2716 sententia
1424 2659 1703 2715 videretur
1739 2660 1976 2725 incerta,
2023 2659 2174 2715 dives

569 2756 811 2811 rusticus
833 2796 849 2822 ,
879 2755 966 2810 cui
996 2763 1223 2825 pr0pter
1254 2754 1475 2809 divitias
1504 2755 1736 2811 Πλούτων
1782 2752 1886 2808 fuit
1928 2769 2127 2810 nomen
2155 2796 2169 2819 ,

568 2848 865 2904 temerario
903 2846 1225 2918 cupiditatis
1262 2845 1493 2915 ardore,
1536 2862 1659 2902 cum
1709 2861 1919 2901 moram
1955 2846 2174 2903 dilatio-

568 2941 656 2998 nis
682 2941 829 2998 ferre
862 2954 968 2995 non
1001 2948 1221 3012 posset,
1255 2948 1312 2995 et
1344 2954 1467 2995 cum
1503 2939 1572 2995 de
1613 2939 1935 3011 praeposteri
1971 2942 2174 2997 amoris

568 3043 1004 3106 conquereretur
1037 3033 1305 3090 incendiis
1329 3074 1345 3101 ,
1388 3050 1558 3105 prope
1588 3033 1815 3090 Percum
1838 3034 1866 3072 ι)
1895 3035 2169 3091 inventam

2274 1814 2549 1879 solatium,
2585 1814 2883 1871 inferorum
2910 1831 3094 1888 regem
3122 1817 3395 1889 virginem
3418 1818 3667 1889 rapuisse
3704 1818 3882 1874 ﬁnxe-

2274 1916 2422 1962 runt.
2455 1908 2522 1962 Et
2552 1916 2609 1963 ut
2638 1907 2777 1964 ﬁdes
2810 1908 3126 1980 figmentum
3155 1920 3497 1980 sequeretur,
3521 1926 3692 1982 prope
3715 1910 3881 1984 Syra-

2275 2018 2437 2059 cusas
2463 2000 2486 2040 ἀ
2521 2019 2645 2059 eum
2677 2020 2777 2074 per
2795 2004 2961 2059 alium
2997 2006 3177 2061 locum
3199 2021 3321 2061 cum
3352 2006 3565 2077 virgine
3587 2008 3879 2063 emersisse

2269 2096 2564 2169 jactarunt.
2590 2098 2881 2170 Templum
2897 2115 3029 2155 sane
3044 2109 3097 2156 et
3111 2101 3317 2170 raptori
3340 2111 3393 2158 et
3405 2101 3605 2173 virgini
3629 2112 3875 2157 accurate

2275 2192 2492 2247 collatis
2547 2192 2854 2262 sumptibus
2905 2192 3135 2262 faciunt,
3182 2204 3204 2230 ο
3239 2203 3294 2249 et
3343 2209 3522 2249 annua
3571 2195 3628 2249 in
3674 2194 3875 2264 templo

2274 2294 2399 2341 vota
2428 2286 2750 2343 decernunt.
2787 2286 2895 2342 Sed
2923 2288 3072 2342 nullo
3098 2303 3305 2358 genere
3334 2286 3523 2343 matris
3560 2287 3728 2343 dolor
3756 2289 3871 2343 vin-

2275 2380 2439 2447 citur,
2475 2394 2576 2436 nec
2610 2380 2895 2435 muliebris
2916 2381 3274 2451 impatientia:
3299 2388 3570 2436 tormenta
3593 2389 3873 2436 curantur.

2276 2475 2383 2531 Sed
2413 2474 2643 2531 credens
2670 2490 2799 2530 vere
2822 2474 2985 2529 ﬁliam
3017 2490 3186 2545 prope
3210 2475 3509 2545 Syracusas
3537 2489 3665 2530 esse
3687 2475 3874 2535 visam,

2276 2568 2614 2639 Triptolemo
2644 2569 2829 2623 villico
2865 2583 2964 2623 suo
2991 2568 3152 2635 duce,
3177 2568 3458 2623 nocturnis
3488 2566 3786 2622 itineribus
3816 2568 3877 2622 ad

2276 2662 2637 2735 Syracusana:
2659 2660 3067 2716 civitatislittus
3088 2676 3213 2716 cum
3242 2660 3454 2730 lugubri
3488 2669 3641 2715 veste
3666 2675 3732 2715 ac
3758 2675 3877 2715 sor-

2277 2755 2407 2812 dido
2453 2757 2711 2827 squalore
2761 2754 3051 2826 pervenit,
3097 2769 3195 2810 nec
3223 2752 3299 2808 illi
3331 2752 3523 2816 defuit,
3556 2754 3648 2824 qui
3683 2754 3879 2808 credu-

2279 2849 2383 2905 lem
2413 2848 2481 2904 de
2508 2848 2912 2904 calamitatibus
2938 2848 3053 2903 suis
3077 2846 3291 2902 falleret
3334 2856 3587 2901 matrem.
3630 2844 3786 2901 Tunc
3806 2846 3877 2899 ait

2276 2957 2338 2998 se
2391 2940 2695 3007 Pandarus,
2741 2940 2928 2996 nescio
2957 2941 3100 3010 quis,
3150 2938 3354 2995 vidisse
3380 2954 3485 2994 non
3518 2939 3682 3008 longe
3708 2938 3740 2993 :‘t
3764 2938 3875 3007 Pa-

2275 3036 2453 3107 chyno
2503 3050 2696 3090 navem
2766 3042 3045 3104 raptorem
3104 3032 3416 3089 ascendisse
3461 3047 3583 3088 cum
3644 3033 3871 3103 virgine.

564 3105 830 3200 virginem
862 3128 1025 3198 rapit.
1054 3128 1256 3183 Percus
1284 3136 1465 3183 autem
1515 3128 1666 3182 lacus
1687 3128 1740 3181 in
1785 3126 1991 3183 Henna:
2039 3128 2169 3183 civi-
2200 3105 2245 3169 Ο
2278 3105 2602 3185 Persuasum
2652 3138 2738 3185 est
2765 3127 3006 3193 mulieri,
3053 3143 3173 3197 quae
3200 3127 3441 3198 quolibet
3465 3142 3669 3198 genere
3691 3126 3871 3183 vivere

565 3224 696 3278 tatis
724 3222 923 3276 ﬁnibus
952 3221 1089 3275 satis
1114 3235 1363 3276 amoenus
1389 3228 1444 3275 et
1470 3229 1678 3290 gratus,
1709 3219 1862 3289 cujus
1887 3220 2172 3277 amoenitas

567 3329 636 3372 ex
695 3315 889 3370 florum
935 3314 1288 3369 varietatibus
1336 3314 1595 3369 nascitur.
1650 3312 1782 3368 Nam
1817 3329 1912 3384 per
1953 3330 2169 3369 omnem

566 3423 771 3465 annum
799 3406 1036 3463 vicissim
1071 3407 1174 3462 sibi
1202 3407 1626 3463 succedentibus
1672 3402 1898 3463 ﬁoribus
1940 3422 2172 3463 corona-

568 3510 679 3557 tur.
713 3500 829 3555 lllic
871 3500 1117 3555 invenies
1156 3499 1413 3570 quidquid
1446 3499 1724 3571 hyacinthi
1753 3510 1930 3571 turget
1964 3503 2014 3556 in
2046 3517 2171 3557 cau-

568 3596 717 3660 lem;
752 3594 869 3651 illic
898 3610 1110 3651 comam
1143 3595 1399 3660 narcissi,
1427 3595 1511 3649 vel
1544 3594 1687 3665 quod
1718 3609 1939 3650 auream
1985 3612 2167 3651 rosam

567 3688 808 3759 desuper
838 3687 1009 3759 pingit
1035 3704 1047 3740 :
1073 3687 1185 3743 illic
1212 3687 1350 3743 albas
1378 3686 1598 3743 hederae
1626 3703 1727 3757 per
1755 3698 1957 3743 terram
1987 3689 2168 3744 molli-

568 3789 653 3838 ter
683 3790 935 3851 serpunt,
968 3789 1024 3836 et
1043 3794 1167 3835 cum
1192 3781 1484 3851 purpureis
1512 3780 1674 3835 violis
1701 3783 1941 3837 suaviter
1970 3784 2169 3841 rubens

565 3890 858 3933 amaracus
909 3875 1228 3932 invenitur:
1285 3891 1389 3932 nec
1430 3890 1686 3931 coronam
1730 3876 1889 3932 istam
1927 3878 2044 3934 alba
2077 3880 2171 3936 dc-

564 3979 755 4027 serunt
804 3970 940 4025 lilia.
983 3970 1431 4041 Prorsusfaptus
1481 3970 1650 4037 locus,
1699 3971 1789 4040 qui
1838 3972 2012 4042 gratia
2070 3988 2166 4029 sua

564 4064 842 4136 puellares
867 4063 1085 4120 animos
1132 4072 1187 4120 et
1218 4063 1474 4120 invitaret
1503 4065 1709 4133 pariter
1736 4072 1791 4120 et
1835 4076 2063 4123 teneret.
2108 4068 2165 4124 lu

565 4156 671 4214 hoc
722 4158 882 4227 loco,
933 4173 1058 4215 cum
1104 4172 1135 4212 a
1171 4156 1403 4214 Plutone
1449 4158 1604 4230 virgo
1654 4174 1822 4229 prope
1881 4176 2163 4232 vesperam

558 4250 757 4308 fuisset
780 4251 1027 4317 inventa,
1066 4252 1120 4305 vi
1144 4251 1379 4321 rapitur,
1417 4262 1438 4291 ε
1472 4258 1527 4307 et
1551 4251 1975 4322 superimposita
2014 4258 2165 4312 vehi-

2280 3221 2447 3279 ﬁliam
2488 3222 2743 3294 cupiebat
2769 3221 2982 3288 audire,
3032 3221 3263 3276 infinitis
3299 3220 3519 3276 dctibus
3564 3228 3872 3277 remunerat

2278 3316 2574 3372 civitatem.
2593 3314 2925 3386 Syracusani
2946 3314 3282 3370 liberalitate
3300 3313 3545 3369 mulieris
3572 3314 3867 3384 provocati,

2236 3438 2247 3449 -
2277 3419 2491 3480 raptum
2534 3409 2764 3479 virginis
2794 3416 3143 3474 consecrant,
3191 3416 3247 3463 et
3292 3405 3603 3477 mitigantes
3633 3406 3867 3463 dolorem

2278 3503 2501 3568 matris,
2562 3516 2815 3571 pompam
2869 3501 3057 3556 miseri
3109 3499 3313 3556 funeris
3355 3501 3617 3556 excolunt
3670 3500 3868 3556 honore

2279 3596 2627 3667 templorum.
2654 3595 2762 3652 Sed
2800 3609 2901 3650 nec
2933 3595 3036 3651 hoc
3064 3595 3264 3651 sufﬁcit
3295 3596 3475 3661 matri,
3510 3596 3604 3651 sed
3650 3610 3863 3651 ascensa

2276 3706 2413 3747 nave
2438 3707 2536 3762 per
2565 3690 2849 3762 peregrina
2876 3691 3058 3746 littora
3084 3691 3248 3746 ﬁliam
3270 3692 3489 3762 quaerit.
3513 3692 3605 3748 Sic
3621 3693 3864 3748 ﬂuctibus

2275 3787 2808 3858 tempestatibusque
2864 3786 3071 3857 jactata
3122 3787 3188 3841 ad
3239 3787 3437 3843 Atticae
3496 3789 3647 3845 urbis
3692 3790 3859 3845 locum

2274 3880 2543 3954 pervenit.
2584 3878 2601 3917 τ
2636 3880 2750 3936 lllic
2772 3879 3009 3950 hospitio
3032 3892 3275 3953 recepta,
3305 3881 3501 3937 incolis
3538 3882 3857 3953 incognitum

2275 3974 2455 4029 adhuc
2498 3972 2738 4029 triticum
2770 3972 2984 4028 dividit.
3020 3972 3198 4028 Locus
3243 3988 3305 4029 ex
3339 3974 3512 4043 patria
3561 3984 3615 4030 et
3660 3990 3726 4029 ex
3772 3974 3857 4028 ad.

2277 4076 2440 4124 ventu
2468 4068 2718 4123 mulieris
2744 4083 2942 4123 nomen
2965 4068 3199 4138 accepit.
3224 4066 3355 4121 Nam
3381 4066 3600 4123 Eleusis
3667 4068 3852 4133 dictus,

2276 4174 2301 4213 ε
2329 4163 2470 4235 quod
2518 4162 2649 4218 illuc
2671 4162 2859 4231 Ceres,
2895 4164 3081 4220 relicta
3138 4163 3349 4229 Henna,
3384 4176 3632 4219 venerat.
3667 4164 3850 4235 Sicque

2273 4267 2387 4315 tum
2414 4258 2531 4328 ipsa
2552 4256 2889 4327 dispensatio
2914 4254 3118 4327 h,‘quod
3144 4256 3401 4312 attulerat
3431 4256 3726 4325 frumenta,
3749 4269 3846 4313 tum

565 4368 840 4442 ltershoek
869 4368 936 4422 de
965 4367 1597 4442 Religioneperegrina,
1630 4368 1685 4422 in
1709 4369 1985 4437 Oper-ibus.
2031 4372 2163 4428 Ter—
2190 4377 2245 4438 D
2341 4370 2369 4410 ἀ
2409 4373 2697 4428 Plutonem
2729 4387 2850 4428 cum
2881 4382 3034 4442 rapta
3066 4373 3392 4439 Proserpina
3444 4375 3513 4429 ad
3544 4376 3738 4432 Orcum
3765 4377 3845 4431 de-

563 4441 691 4514 tull.
723 4441 1005 4514 Apologet.
1033 4454 1081 4492 c.
1118 4438 1169 4492 6.
1204 4439 1474 4514 Liberum
1495 4441 1711 4493 Patrem
1744 4455 1865 4494 cum
1894 4447 2165 4514 mysteriis

562 4511 677 4584 suis
705 4510 992 4584 consules,
1007 4516 1225 4584 senatus
1267 4511 1616 4584 auctoritate,
1644 4527 1768 4584 non
1794 4510 1962 4566 modo
1999 4515 2164 4584 Urbe,

563 4581 662 4637 sed
693 4581 949 4636 universa
976 4581 1126 4635 Italia
1158 4580 1603 4638 eliminaverunt.
1640 4583 1713 4637 De
1739 4580 2166 4645 Bacchanalibus

559 4667 615 4710 ν.
650 4667 866 4729 quoque
905 4652 1063 4729 C_a_sp.
1112 4652 1392 4707 Barthium
1435 4654 1501 4708 ad
1550 4655 1705 4710 Statii
1740 4653 2047 4714 Thebaidos
2086 4676 2122 4715 Il
2148 4703 2163 4729 ,

564 4741 710 4783 vers.
744 4724 815 4781 74
841 4734 896 4781 et
924 4726 1015 4779 '77.

634 4807 662 4835 α
699 4796 757 4853 ln
786 4795 1079 4852 Trinacria:
1122 4796 1319 4853 ﬁnibus
1347 4808 1529 4853 natam
1558 4797 1689 4852 dicit
1713 4796 1986 4855 Arnobius
2007 4817 2045 4868 ι,
2071 4803 2160 4859 56.

571 4868 725 4925 Hanc
763 4883 980 4939 quoque
1027 4868 1393 4925 narrationem
1434 4868 1726 4925 Firmicum
1756 4884 1822 4925 ex
1856 4871 2164 4931 Euhemero

560 4939 811 4994 hausisse
841 4941 1113 5004 suspicor.

628 5009 657 5049 δ
687 5011 779 5066 Sc.
808 5009 1010 5064 lacum.
1040 5010 1199 5069 Ovid.
1232 5012 1595 5083 Metamorph.
1631 5029 1682 5077 v,
1716 5013 1857 5069 385:

571 5082 628 5093 "
679 5088 822 5156 Haud
841 5088 1009 5156 procul
1028 5088 1268 5141 Hennaeis
1282 5092 1417 5143 lacus
1436 5082 1516 5143 est
1533 5105 1561 5142 a
1586 5094 1829 5144 montibus
1850 5094 1981 5156 altae,

681 5151 898 5201 Nomine
923 5151 1133 5213 Pergus,
1158 5167 1315 5217 aquae.

557 5212 815 5288 O‘v—idius',‘
846 5212 1163 5279 Aristoteles
1182 5212 1453 5291 [Solinus
1471 5220 1533 5281 et
1554 5220 1835 5283 Diodorus
1861 5221 2045 5285 locum
2062 5230 2161 5286 ﬁo-

558 5294 710 5350 ribus
736 5294 1037 5363 omnigenis
1054 5304 1108 5350 et
1128 5299 1359 5352 maxime
1383 5298 1537 5353 violis
1563 5299 1797 5354 obsitum
1824 5299 2153 5359 describunt.

558 5363 695 5421 Hinc
721 5366 968 5443 imaginis
988 5369 1510 5443 mutuatusvidetur
1536 5370 1820 5443 Firmicus.
1856 5371 1991 5427 Vide
2018 5390 2157 5443 prae-

551 5443 700 5494 terea
721 5437 954 5493 Cluverii
985 5437 1226 5494 Siciliam
1257 5440 1385 5505 519,
1412 5442 1513 5507 20;
1546 5441 1673 5505 525,
1701 5442 1792 5496 24.

630 5520 654 5549 ο
686 5508 998 5583 Apollodori
1028 5509 1165 5583 Bibl.
1200 5527 1249 5577 ι,
1276 5528 1324 5568 c.
1368 5513 1432 5578 5,
1466 5523 1520 5568 ct
1561 5516 1743 5583 Ileyne
1770 5512 1837 5568 ad
1868 5513 1921 5567 h.
1959 5514 1996 5569 1.
2036 5514 2157 5569 Οἰο-

550 5581 673 5638 dor.
697 5580 810 5637 Sic.
840 5597 896 5649 ν,
940 5596 991 5638 c.
1037 5582 1091 5637 5.
1125 5583 1282 5639 Ovid.
1331 5582 1541 5638 Fastor.
1586 5580 1660 5645 tv,
1707 5598 1848 5639 vers.
1881 5584 1988 5639 420
2023 5586 2152 5641 620.

549 5651 745 5728 Hygini
775 5653 1038 5728 fab_._l{t_i.
1062 5653 1271 5709 Arnob.
1300 5671 1353 5721 v,
1395 5671 1443 5710 c.
1482 5654 1575 5711 94.
1615 5653 1699 5710 Cl‘.
1737 5670 1950 5728 quoque
1986 5658 2153 5714 Cleri-

548 5723 673 5783 cum
705 5724 758 5780 in
788 5723 925 5779 Bibl.
960 5725 1278 5783 Universeffe
1310 5743 1380 5793 Vl,
1405 5742 1458 5798 p.
1492 5728 1584 5785 55.

2270 4447 2572 4509 scendisse,
2604 4445 2697 4499 illo
2725 4460 2855 4500 vero
2894 4446 2946 4499 in
2976 4447 3118 4509 loco,
3148 4446 3236 4500 ubi
3261 4446 3629 4515 descenderit,
3681 4458 3841 4503 ortum

2270 4533 2392 4573 esse
2426 4518 2644 4588 Cyanen
2674 4517 2902 4577 fontem,
2945 4519 3190 4571 referunt
3236 4517 3508 4574 Diodorus
3536 4519 3644 4576 Sic.
3679 4521 3765 4576 lib.
3792 4537 3839 4584 v,

2268 4605 2318 4644 c.
2351 4588 2408 4654 4,
2438 4604 2494 4658 p.
2526 4588 2654 4660 555,
2688 4599 2742 4643 et
2770 4588 2997 4643 Ovidius
3022 4588 3385 4660 Metamorph.
3441 4606 3496 4657 v,
3536 4592 3574 4645 1.
3621 4607 3671 4647 c.
3721 4591 3840 4647 Vide

2268 4660 2500 4715 Claverii
2533 4659 2794 4725 Siciliam,
2830 4676 2883 4731 p.
2926 4661 3048 4715 177.

2343 4742 2365 4768 θ
2405 4731 2791 4786 Cundcbantur
2822 4748 2950 4787 vero
2991 4732 3279 4802 Syracusas
3318 4733 3387 4789 ab
3422 4734 3624 4790 Archia
3650 4734 3836 4798 multis,

2266 4802 2424 4878 annis
2457 4815 2743 4878 postquam
2777 4803 3215 4878 cultusCercris
3244 4816 3308 4878 et,
3332 4806 3675 4878 Proserpinre
3709 4806 3833 4878 apud

2267 4874 2488 4946 Gnecos
2543 4876 2876 4942 invaluerat,
2923 4876 3136 4946 Olymp.
3181 4892 3257 4942 ιι,
3288 4877 3443 4931 Ξοιιι
3471 4874 3700 4944 4ξθηηο
3744 4874 3833 4932 735

2265 4944 2552 5074 gntiesghr.
2584 4963 2639 5002 n.
2676 4946 2920 5019 Thucyd.
2944 4944 3039 5003 lib.
3072 4944 3142 5014 vt,
3172 4962 3222 5003 c.
3255 4950 3328 5017 3;
3360 4948 3600 5007 Cluverii
3642 4949 3828 5011 Sicilia.

2265 5032 2320 5089 τ’·
2342 5032 2611 5145 ἔίῖἔέηοι..
2644 5106 2698 5157 v,
2728 5089 2821 5145 εδ.

2337 5170 2362 5208 8
2401 5160 2547 5217 fdem
2576 5162 2740 5217 tradit
2765 5170 2956 5219 auctor
2983 5161 3228 5231 Etymol.
3272 5163 3366 5231 BL,
3418 5166 3570 5223 verb.
3603 5163 3819 5223 Ἐλινσίς.

2263 5233 2355 5289 Διά
2408 5238 2500 5293 τὴν
2549 5236 2650 5290 ἀπὸ
2702 5239 2989 5312 Δημήτερος
3029 5233 3250 5291 ἴλευσιν·
3306 5237 3414 5294 ἐκεῖ
3459 5239 3555 5314 γάρ
3610 5235 3715 5311 εὗρε
3746 5238 3818 5289 τὸν

2263 5305 2452 5358 καρπὸν
2478 5306 2785 5358 ἐλθοῦσα....
2814 5313 2844 5358 ἦ
2875 5309 2976 5358 ἀπὸ
3004 5306 3289 5358 Ἐλευσίνου
3320 5316 3411 5358 τοῦ
3440 5308 3643 5358 Ἐοαοῦ-

2262 5308 2452 5380 καρπὸν
2478 5308 2785 5361 ἐλθοῦσα....
2814 5313 2844 5367 ἠ
2875 5308 2976 5362 ἆπὸ
3004 5308 3289 5362 Ἐ).ευσὶνου
3320 5316 3411 5364 τοῦ
3440 5308 3643 5383 Ἑρμοῦ.
3667 5308 3675 5311 ⁷

2336 5382 2360 5413 ιλ
2401 5378 2533 5431 Cum
2562 5393 2663 5430 vox
2718 5377 3033 5445 dispensatio
3087 5379 3295 5433 nullum
3351 5380 3587 5437 Verbum
3646 5378 3813 5433 habeat

2261 5462 2494 5517 quocum
2546 5448 2700 5518 jungi
2730 5451 2919 5517 possit,
2980 5450 3213 5504 fortasse
3258 5453 3459 5507 rectior
3505 5453 3639 5508 foret
3678 5447 3810 5517 hujus

2260 5518 2365 5592 loci
2395 5519 2576 5592 lectio,
2605 5522 2655 5592 si?
2677 5528 2770 5592 aut
2798 5530 3129 5578 statueretur
3157 5531 3276 5590 post
3307 5538 3495 5579 vocem
3522 5522 3807 5592 disciplinam

2259 5589 2365 5645 tale
2392 5589 2518 5658 quid
2544 5591 2808 5646 excidisse
2837 5609 2850 5645 :
2883 5609 3040 5647 causa
3068 5593 3116 5646 ei
3151 5589 3322 5648 cultus
3352 5596 3514 5649 diuini
3539 5589 3654 5664 fuit,
3684 5603 3808 5661 atque

2258 5669 2372 5731 post
2403 5672 2759 5728 mortem.....,
2797 5672 2890 5719 aut
2930 5664 3343 5736 delcreturivox
3388 5668 3724 5736 dispensatio,
3763 5669 3804 5716 et

2258 5742 2519 5804 praetcrea
2550 5735 2660 5806 ipsa
2686 5747 2793 5791 tum
2825 5750 2921 5807 pro
2951 5746 3060 5791 tum
3080 5736 3193 5806 ipsa
3218 5735 3505 5809 legeretur.
