3992 6204
186 297 208 351 1
221 293 322 353 009

1103 290 1190 345 DE
1231 287 1513 346 ERROBE
1552 286 2026 346 PROFANARUM
2068 285 2520 346 RELIGIONUM.

3329 287 3472 343 1010

177 407 502 469 institutum,
535 411 587 458 et
628 404 893 458 incestum
933 401 1372 457 desiderantibus
1417 419 1445 456 a
1490 401 1624 458 Jove
1674 416 1766 456 su-
1793 405 1848 468 Α
1870 417 1998 457 num
2022 401 2270 458 deflenda
2287 403 2602 473 persuasio!
2624 402 2668 458 Ο
2693 401 3263 458 infelicisimitationis
3285 417 3480 458 cruen-

181 508 390 553 mantur
426 496 694 565 exempla.
725 494 860 549 Cum
896 505 1069 548 matre
1115 495 1410 549 concubuit
1441 503 1486 560 α,
1519 508 1765 549 sororem

180 590 324 645 duxit
373 602 592 643 uxorem
625 586 686 653 ι);
726 597 778 641 et
825 595 883 640 ut
932 585 1205 656 integrum
1263 585 1470 641 facinus
1518 585 1770 656 impleret

181 683 381 748 incesti,
419 683 579 737 tiliam
609 695 822 752 quoque
867 680 1050 735 animo
1096 680 1432 750 corruptoris
1480 694 1767 750 aggressus

179 785 258 833 est
280 787 322 829 ο.
354 774 642 829 lnferiores
671 772 870 842 aliquis
896 771 1092 825 aemulo
1123 771 1359 826 stridore
1384 771 1764 842 persequitur,

179 882 229 928 et
257 870 619 926 adversarium
657 869 806 938 cupit
853 867 1061 923 crudeli
1105 867 1324 922 feritate
1375 878 1650 937 torquere,
1699 866 1768 920 ab

178 962 420 1033 Apolline
447 977 514 1016 ex
541 961 769 1031 Marsyre
807 959 1024 1013 casibus
1058 956 1086 994 ιι
1115 959 1416 1013 crudelium
1464 966 1767 1013 tormento-

177 1073 290 1112 rum
316 1068 471 1111 casus
511 1053 708 1110 discat.
742 1054 997 1109 Alienum
1029 1053 1224 1122 aliquis
1267 1053 1542 1107 desiderat
1584 1063 1637 1107 et
1666 1052 1769 1106 hoc

178 1164 291 1204 cum
339 1156 513 1202 morte
551 1146 756 1200 domini
786 1155 1016 1200 conatur
1057 1145 1308 1213 implere,
1337 1144 1520 1199 videat
1549 1153 1606 1197 ut
1636 1143 1770 1198 Iler-

177 1241 318 1295 cules
345 1240 526 1293 occiso
555 1237 808 1309 Geryone
833 1237 1018 1291 lberas
1041 1236 1285 1306 abegerit
1304 1236 1470 1290 boves
1497 1244 1540 1288 ε.
1567 1234 1626 1288 Si
1649 1235 1770 1303 quis

178 1332 474 1403 promiscua
502 1329 782 1384 hominum
807 1329 956 1384 casde
982 1329 1200 1398 gaudet,
1239 1337 1605 1397 prmposteras
1628 1325 1768 1379 Mar-

180 1425 242 1479 tis
268 1423 588 1493 cupiditates
617 1420 908 1491 diligenter
951 1421 1221 1490 inspiciat.
1251 1419 1468 1475 Semina
1488 1433 1627 1489 pene
1655 1433 1772 1472 om-

179 1513 315 1569 nium
340 1512 608 1568 scelerum
641 1527 671 1566 a
699 1512 804 1567 diis
829 1511 940 1566 suis
970 1509 988 1547 ί
1023 1511 1368 1581 peccantium
1411 1510 1569 1565 turba
1596 1509 1769 1564 colle-

177 1606 262 1677 git.
305 1605 368 1659 Et
399 1614 456 1659 ut
495 1605 742 1676 perditus
795 1605 1010 1658 animus
1060 1605 1281 1674 impune
1325 1602 1534 1658 facinus
1586 1610 1772 1672 posset

177 1697 492 1764 admittere,
550 1713 617 1754 ex
671 1697 1105 1768 prtecedentibus
1149 1697 1453 1753 facinorum
1501 1696 1769 1766 exemplis

1867 508 1916 552 ta
1945 497 2226 551 meditatio
2253 497 2266 551 !
2293 498 2525 552 Scenam
2554 497 2620 552 de
2647 497 2786 551 coelo
2817 495 3021 552 fecistis
3047 495 3099 561 ιε,
3137 506 3192 552 et
3232 507 3478 552 errantes

1867 590 2081 645 animos
2134 606 2231 661 per
2274 592 2500 661 abrupta
2557 591 2856 661 praecipitia
2910 591 3116 646 crudeli
3168 591 3482 647 calamitate

1868 681 2124 744 duxistis,
2152 699 2273 736 cum
2305 683 2617 738 hominibus
2660 697 2894 752 peccare
2940 683 3292 752 cupientibus
3340 683 3480 738 faci-

1870 789 2064 827 norum
2091 774 2175 829 via
2206 774 2274 830 de
2304 776 2530 829 deorum
2562 783 2897 828 monstratur
2936 775 3224 845 exemplis.
3267 776 3374 830 Sed
3426 776 3479 830 in

1869 867 1971 922 ista
1993 868 2280 922 criminum
2311 869 2451 937 lege,
2487 871 2538 922 in
2569 867 2675 923 ista
2703 868 3046 923 confessione
3070 869 3338 923 scelerum
3361 884 3484 939 gra-

1870 959 1971 1014 tias
2004 975 2228 1030 agamus
2253 960 2388 1026 illis,
2417 961 2506 1029 qui
2539 961 2700 1014 etiam
2729 961 2896 1015 exitia
2928 970 2984 1014 et
3019 971 3224 1016 mortes
3254 961 3482 1015 deorum

1871 1053 2097 1108 istorum
2127 1051 2143 1090 1
2170 1054 2326 1108 nobis
2353 1054 2722 1110 nescientibus
2744 1054 3137 1124 prodiderunt:
3165 1062 3223 1108 ut
3242 1053 3486 1110 discere-

1870 1163 1990 1204 mus
2020 1149 2200 1202 omnia
2233 1163 2329 1218 per
2358 1157 2438 1202 tot
2469 1149 2771 1204 obstantes.
2802 1148 2930 1202 Fuit
2954 1147 3102 1202 enim
3127 1156 3180 1200 et
3217 1147 3360 1216 apud
3386 1161 3484 1201 ve-

1876 1247 2040 1304 teres,
2074 1240 2197 1293 licet
2242 1240 2477 1293 nondum
2509 1248 2708 1293 terram
2742 1239 3106 1293 illuminasset
3138 1236 3354 1291 Domini
3382 1252 3483 1291 no-

1871 1333 1969 1387 stri
1999 1331 2128 1388 Jesu
2173 1332 2372 1386 Christi
2403 1331 2712 1386 veneranda
2756 1331 3021 1400 dignatio,
3065 1331 3118 1384 in
3158 1328 3484 1398 spernendis

1871 1425 2354 1495 superstitionibus
2393 1423 2646 1494 religiosa
2692 1423 3024 1478 constantia.
3065 1422 3357 1476 Diomedes
3387 1437 3484 1490 pu-

1873 1518 2025 1574 dicus
2048 1535 2110 1573 ac
2137 1519 2352 1574 sobrius
2383 1517 2656 1572 Venerem
2684 1517 2953 1582 vulnerat,
2980 1515 3202 1570 Martem
3228 1515 3399 1569 vincit
3425 1525 3486 1570 et

1873 1613 2106 1682 percutit
2127 1622 2186 1667 ιη.
2219 1611 2306 1667 Oti
2327 1621 2380 1666 et
2410 1610 2678 1680 Ephialtae
2707 1618 2735 1646 τι
2759 1609 2937 1664 edicto
2973 1609 3112 1663 Mars
3153 1608 3484 1677 bellipotens

1879 1707 2162 1776 temporali
2182 1706 2374 1760 exsilio
2404 1714 2427 1741 ο
2451 1704 2942 1769 damnatus,ferrea
2964 1711 3277 1758 catenarum
3298 1701 3476 1756 vincla

179 1801 374 1871 majore
403 1817 462 1856 se
509 1801 839 1855 auctoritate
891 1799 1154 1855 defendit.
1201 1800 1255 1855 Si
1310 1800 1482 1871 stupri
1542 1800 1763 1869 prmmia
1795 1789 1840 1849 Β
1869 1800 2144 1853 sustinuit.
2180 1798 2550 1867 Sarpedonem
2571 1798 2737 1852 filium
2764 1806 3034 1853 mortuum
3066 1797 3119 1850 iu
3144 1796 3305 1866 'l‘roja
3329 1797 3486 1865 Jupi-

177 1910 451 1971 corruptor
491 1900 739 1970 inquirit,
779 1901 822 1954 si
856 1899 997 1954 viam
1028 1908 1180 1968 optat
1227 1898 1631 1953 sollicitationis
1677 1899 1773 1952 ad-

179 1991 396 2058 discere,
428 1994 480 2047 iu
509 1992 634 2048 sinu
665 2003 938 2062 corruptae
965 1993 1210 2048 mulieris
1247 2007 1440 2046 aurum
1465 1991 1647 2046 videat
1673 1992 1770 2048 Jo-

180 2096 253 2150 vis
277 2106 320 2148 ις.
353 2095 407 2151 Si
434 2095 691 2166 publicus
729 2094 1030 2166 parricida,
1078 2094 1424 2148 commissam
1476 2093 1582 2148 sibi
1614 2095 1768 2164 regni

178 2197 462 2252 custodiam
495 2196 706 2253 nefaria
737 2196 970 2266 prodere
995 2195 1293 2266 cupiditate
1340 2195 1635 2264 desiderat,
1683 2213 1772 2254 re-

177 2298 358 2368 spiciat
380 2300 445 2354 ad
492 2313 613 2363 eos,
656 2298 746 2368 qui
808 2296 1103 2353 Saturnum
1141 2296 1256 2351 filio
1305 2295 1664 2366 prodiderunt
1716 2295 1764 2352 λ.

179 2403 548 2474 Quatenusjus
580 2404 808 2458 laedatur
836 2403 1076 2473 hospitii,
1107 2403 1192 2458 vel
1215 2411 1484 2473 quatenus
1511 2403 1766 2458 amicitiae

174 2505 283 2576 jura
313 2507 615 2572 turbentur,
653 2506 738 2561 vel
768 2514 1036 2575 quatenus
1065 2519 1269 2559 mensae
1296 2503 1610 2559 conciliatio
1632 2519 1762 2558 san-

179 2614 254 2661 cta
292 2608 520 2663 violetur
559 2605 599 2660 ί.
631 2605 688 2663 Si
727 2606 848 2676 quis
893 2605 960 2660 ad
1005 2605 1258 2675 injuriam
1312 2621 1514 2675 pronus
1565 2606 1764 2676 quaerit

180 2724 310 2775 esse,
339 2711 586 2766 ordinem
627 2709 897 2765 scelernru
924 2707 993 2764 de
1023 2707 1236 2762 Tantali
1264 2708 1484 2762 casibus
1511 2707 1686 2762 discat
1718 2707 1763 2760 i.

181 2812 221 2868 Ο
263 2811 582 2869 facinorosae
611 2788 922 2881 cupiditatis
975 2809 1129 2863 triste
1159 2805 1448 2862 solatium!
1499 2807 1544 2863 O
1595 2807 1772 2863 homi-

179 2942 1562 3090 f°rasa:ararat:uariata-niti...

185 3088 322 3154 bius,
352 3088 406 3154 v,
433 3090 487 3147 9.

248 3160 274 3198 δ
309 3161 596 3218 lunonem.

251 3243 272 3269 ο
321 3233 723 3303 Proserpinam.
776 3231 1135 3303 Tatianuse.
1182 3228 1279 3303 46;
1317 3227 1544 3303 _Apuleii
1595 3226 1768 3303 Meta-

185 3305 381 3372 morph.
407 3320 488 3370 vi,
518 3298 578 3373 'p.
609 3304 708 3359 25!
734 3320 748 3368 ;
782 3302 1035 3356 Elmenh.
1063 3300 1238 3382 Nonni
1273 3299 1492 3369 Dionys.
1525 3313 1600 3363 vr,
1638 3298 1764 3380 I57.

249 3372 274 3411 ἀ
316 3374 566 3441 Apollod.
595 3375 802 3441 Biblh,
829 3389 880 3428 c.
915 3376 981 3434 4;
1029 3373 1222 3441 Hygm.
1255 3370 1386 3423 Fab.
1421 3369 1561 3434 165;
1601 3369 1762 3424 Ovrd.

249 3388 274 3411 α
316 3388 566 3447 Αροιιοα.
596 3388 802 3441 Bli)l.|l,
829 3389 880 3428 c.
915 3388 981 3434 4;
1029 3388 1222 3442 nygm.
1256 3388 1386 3423 rat).
1421 3388 1561 3434 100;

185 3443 383 3502 Metam.
410 3464 494 3514 vi,
528 3462 676 3503 vers.
707 3446 836 3514 584,
868 3456 921 3500 et
951 3444 1097 3499 Fast.
1124 3458 1176 3497 vr
1198 3483 1212 3508 ,
1246 3441 1370 3496 705.

253 3529 272 3554 θ
311 3519 562 3588 Apollod.
596 3534 656 3585 ιι,
680 3518 735 3572 5.

253 3587 269 3625 ί
318 3581 403 3646 Sic
428 3581 716 3645 Wowerus
735 3586 975 3643 correxit
1003 3585 1295 3642 lectionem
1327 3581 1587 3639 editionis
1617 3581 1768 3653 prin-

186 3660 310 3730 cipis
334 3679 364 3715 a
389 3663 488 3726 piis
517 3662 625 3716 suis
661 3661 974 3715 habentem.

252 3741 274 3777 ε
318 3733 561 3800 lntellige
584 3731 651 3787 de
676 3731 879 3785 Danae.

246 3800 273 3838 ¹ι
298 3794 650 3860 Prometheus
673 3812 728 3858 et
747 3801 902 3864 socii,
927 3799 1039 3854 vid.
1073 3797 1311 3854 Eschil.
1341 3797 1393 3850 in
1414 3794 1760 3851 Prometheo.

188 3871 270 3928 Vel
297 3877 337 3929 si
362 3877 602 3930 ultimam
634 3873 1006 3944 proditionem
1029 3868 1404 3944 respicittq‘ua
1434 3867 1703 3944 Saturnus
1735 3881 1764 3919 a

187 3944 286 4068 fullio
314 3938 688 4068 exagicabatu'r,
739 3944 1010 4016 Lycophr.
1059 3955 1204 3995 vers.
1238 3939 1374 4004 869,
1429 3948 1484 3993 et
1513 3938 1764 3992 'l‘zetzem

187 4027 211 4068 a
270 4033 384 4068 eum
428 4035 536 4068 em-

186 4020 243 4068 ad
270 4020 536 4074 eumdem.

256 4086 268 4123 ί
314 4089 406 4144 Hic
426 4089 628 4160 aliquid
655 4087 921 4143 excidisse
941 4083 1190 4160 videtur,
1210 4097 1330 4160 nam
1355 4081 1553 4160 desunt
1580 4094 1766 4160 exem-

184 4156 282 4226 pla,
311 4177 421 4228 qiuu
451 4149 578 4216 sunt
603 4161 654 4213 in
698 4160 940 4223 caneris;
977 4157 1103 4228 licet
1142 4152 1364 4228 historia
1403 4151 1617 4228 Tantali
1661 4149 1766 4228 huc

185 4222 357 4300 referri
391 4236 577 4300 possit.
609 4231 715 4288 Sed
746 4246 807 4284 ea
851 4229 1014 4282 utitur
1048 4222 1313 4279 Firmicus
1356 4224 1613 4291 exemplo
1645 4225 1762 4274 vin-

185 4298 328 4355 dicta:
354 4298 418 4358 de
441 4304 630 4374 injuria
659 4309 911 4374 sumptte.
1049 4368 1080 4374 __
1340 4371 1348 4374 _
1491 4363 1502 4374 ,

254 4373 264 4419 i
313 4361 571 4430 Anctnr'es
616 4374 706 4444 qui
740 4361 828 4426 res
872 4368 1084 4424 Tantali
1130 4371 1355 4420 narrant
1401 4379 1453 4419 v.
1491 4363 1543 4417 in
1580 4361 1759 4416 Hede-

183 4442 306 4516 τίσω
324 4443 560 4516 ίΜυιΙιοι.
587 4442 834 4516 Lexicon.

248 4512 268 4550 ¹ί
321 4503 454 4571 Vera
486 4530 568 4573 est
597 4514 926 4576 emendatio,
956 4511 1177 4566 Scenam
1210 4507 1330 4562 loco
1357 4522 1572 4571 canam,
1618 4503 1763 4575 quod

186 4581 333 4658 habet
357 4589 521 4643 editio
553 4588 838 4658 princeps,
870 4598 1102 4658 ponens.
1149 4579 1316 4658 Plane
1355 4579 1625 4658 expressit
1674 4576 1764 4630 illa

184 4653 343 4711 Clem.
384 4646 650 4728 I’rntrépt.
704 4646 759 4711 εί
780 4646 853 4728 4⁷,
873 4646 958 4720 ἰ).
1006 4653 1075 4728 52
1107 4670 1118 4703 :
1152 4649 1316 4728 diuae
1344 4646 1760 4728 τῆξᾲθεόξηξος,

188 4736 352 4789 σκηνήν
384 4717 694 4790 ﬂuminum:
725 4727 812 4785 τόν
824 4722 1076 4802 -οὐρανόχ,
1103 4727 1186 4776 καὶ
1211 4717 1272 4776 τό
1295 4723 1419 4802 Gaio»
1445 4721 1564 4801 ὑμῖγ
1591 4719 1764 4800 δρᾶμρι

185 4802 450 4870 γεγένηται.
486 4803 662 4858 Wow.
696 4830 766 4844 ---
807 4791 1110 4870 Tragoedia:
1134 4793 1496 4870 superstites,
1528 4791 1768 4870 -in'qui-

187 4861 276 4944 luis
314 4876 394 4928 dei
425 4888 681 4944 personas
712 4880 900 4940 agunt,
920 4861 1088 4921 'satis
1133 4863 1271 4917 hanc
1320 4861 1542 4917 Firmici
1571 4876 1766 4933 quere-

187 4941 281 5014 lam
303 4941 679 5014 comprobant.

256 5011 269 5048 ¹
320 5015 382 5069 V.
411 5010 459 5070 c.
498 5019 854 5079 Euhemerus,
898 5010 1116 5078 aliique.

252 5095 285 5120 ἰι
315 5087 462 5142 Iliad.
496 5088 558 5152 E,
591 5088 697 5142 885
723 5075 866 5152 seq.’,
893 5075 1169 5147 846‘seq.;
1217 5079 1596 5152 Clem._I?rotr.
1617 5075 1764 5152 _e._2,

188 5165 236 5219 ρ.
273 5157 356 5220 5f,
389 5145 569 5223 Pottf;
618 5145 1116 5220 TertullaApqug.
1146 5167 1196 5204 ρ.
1249 5153 1352 5215 M;
1395 5150 1587 5223 Minue.
1617 5145 1768 5223 Felix

189 5216 234 5304 ii.
263 5216 364 5292 22;
390 5216 657 5304 Longinus
700 5231 820 5304 περί
845 5216 1116 5304 fundae.
1141 5224 1206 5287 9;
1240 5222 1534 5286 Arnobius,
1563 5233 1638 5284 tv,
1663 5216 1766 5282 25;

191 5292 403 5369 Gregor.
431 5292 558 5355 Nai.
588 5303 740 5356 Orat.
767 5292 839 5360 iv,
871 5292 930 5369 in'
950 5295 1242 5369 Juliauum.

254 5364 480 5425 n'Iliad.
515 5373 570 5436 E,
603 5371 740 5435 584;
778 5366 995 5421 Diodor.
1029 5364 1196 5420 Sieul.
1232 5381 1288 5427 v,
1322 5365 1490 5436 c.5Iﬁ.

257 5448 279 5474 ο
331 5441 524 5496 Decem
558 5433 634 5498 'et
679 5433 851 5496 tribus
908 5435 1205 5491 mensibus.
1267 5435 1394 5490 Iliad
1440 5435 1506 5500 Ε,
1554 5448 1606 5487 v.
1641 5433 1766 5488 586.

192 5507 374 5580 Hygin.
419 5515 728 5568 Astronom.
761 5527 798 5566 ll
822 5552 835 5574 ,
866 5525 914 5564 c.
951 5510 1038 5562 40.
1116 5505 1298 5580 Wovv.

189 5575 291 5708 ἐξ
330 5584 657 5655 Sarpedonis
712 5592 943 5638 mortem
995 5587 1178 5633 narrat.
1227 5577 1497 5633 Homerus
1526 5575 1676 5631 Iliad.
1709 5587 1767 5638 n,

223 5672 253 5706 ι)
292 5694 304 5706 .

223 5672 304 5706 δυ.

257 5735 286 5797 ‘1
310 5726 670 5783 Laomedonte
708 5724 886 5796 Troiae
915 5739 1064 5797 rege.
1101 5722 1322 5780 Homer.
1365 5718 1516 5776 Iliad.
1547 5729 1604 5784 ο,
1633 5717 1772 5780 44⁸5,

193 5803 244 5850 et
266 5795 508 5854 Eustath.
543 5798 606 5853 ad
634 5799 688 5852 h.
715 5797 752 5852 1.

1789 4330 1844 4389 Ι)

1879 1901 1962 1948 ter
2006 1894 2212 1964 plangit
2243 1904 2290 1946 P.
2341 1893 2409 1946 Et
2433 1892 2742 1948 mercedem
2771 1892 3160 1947 fabricatorum
3192 1905 3475 1946 murorum

1877 1988 2157 2060 Neptunus
2179 2005 2208 2043 a
2240 1990 2477 2059 superbo
2509 2004 2638 2058 rege
2663 1999 2688 2037 ίι
2722 2003 2830 2042 non
2870 1987 3096 2057 recepit.
3128 1986 3370 2041 Alterius
3396 2000 3486 2040 re-

1875 2081 1958 2152 gis
1977 2091 1999 2118 ι·
2015 2081 2209 2152 Apollo
2226 2096 2418 2151 greges
2432 2081 2621 2150 pascit.
2644 2081 2716 2136 Et
2735 2081 2836 2135 soli
2860 2081 3041 2135 omnia
3072 2079 3278 2134 videnti
3300 2079 3438 2133 alius
3459 2087 3480 2115 '

1875 2175 2178 2230 occisarum
2231 2176 2394 2229 boum
2441 2175 2652 2229 nuntiat
2700 2183 2925 2228 mortes.
2983 2173 3242 2227 Castores
3285 2171 3480 2242 sepelit

1878 2267 2070 2338 Sparta
2100 2268 2147 2333 ί,
2173 2267 2330 2321 ardet
2355 2266 2498 2336 apud
2535 2266 2725 2321 Oetam
2765 2265 3027 2320 llercules
3053 2274 3104 2330 υ,
3133 2274 3186 2320 et
3228 2263 3482 2320 IEscula-

1877 2358 1996 2426 pius
2025 2359 2149 2412 alibi
2184 2358 2503 2412 fulminatur
2527 2367 2577 2420 ν,
2619 2356 2894 2412 Vulcanus
2925 2375 2951 2410 a
2985 2369 3135 2427 patre
3163 2355 3476 2426 praecipita-

1876 2459 1960 2506 tus
1986 2451 2179 2520 pedem
2207 2450 2404 2521 frangit
2445 2459 2493 2503 κ.
2524 2451 2829 2522 Lycurgum
2872 2449 3084 2521 fugiens
3115 2449 3281 2504 Liber
3312 2450 3482 2504 mori-

1874 2551 1960 2598 tur
1985 2552 2033 2595 Y.
2060 2543 2245 2598 Venus
2271 2544 2322 2596 in
2355 2542 2626 2609 adulterio
2657 2542 2993 2611 deprehensa
3029 2541 3301 2611 detegitur
3329 2539 3389 2607 ',
3423 2554 3484 2598 et

1869 2642 1995 2704 post
2027 2634 2118 2689 Dei
2142 2634 2356 2704 nuptias
2387 2633 2641 2689 Anchisa:
2675 2633 2911 2693 hominis
2935 2632 3116 2688 cubile
3154 2641 3396 2687 sectatur
3430 2641 3478 2685 ι.

1869 2726 2138 2781 Saturnus
2165 2742 2332 2797 regno
2363 2727 2561 2781 timens
2588 2725 2815 2780 devorat
2846 2725 2985 2778 filios
3011 2722 3061 2775 ι).
3095 2723 3194 2777 Hic
3219 2739 3288 2777 ex
3318 2722 3477 2776 Creta

1870 2815 2078 2887 fugiens
2113 2828 2135 2856 ο
2159 2818 2214 2872 in
2239 2817 2385 2872 Italia
2413 2832 2443 2872 a
2463 2815 2748 2887 Spartanis
2769 2813 3124 2869 absconditur
3144 2810 3193 2866 ἀ.
3217 2813 3298 2869 Ob
3327 2826 3481 2868 amo-

1947 2962 1968 2988 τ
2023 2953 2257 3010 Admeti.
2291 2954 2488 3024 Hygin.
2515 2954 2649 3008 Fab.
2680 2952 2783 3020 50;
2809 2953 3023 3008 Tatian.
3050 2951 3200 3007 Orat.
3231 2951 3298 3006 ad
3328 2951 3490 3008 Crte.

1873 3036 1987 3096 eos,
2023 3040 2071 3079 c.
2105 3025 2193 3081 55.
2227 3023 2441 3081 Admeti
2473 3041 2668 3095 pecora
2696 3025 2908 3096 pavisse
2933 3023 3170 3079 refertur
3192 3039 3408 3095 quoque
3436 3038 3466 3078 a

1872 3091 2156 3152 Commod.
2191 3097 2444 3152 Instruct.
2475 3091 2553 3152 x1.

1948 3173 1969 3241 έ
2013 3167 2295 3241 Lampetie
2328 3169 2526 3241 Odyss.
2561 3168 2632 3234 Μ,
2663 3167 2791 3226 574.

1951 3239 1965 3273 ι
2013 3238 2329 3301 Pausanias,
2366 3237 2459 3305 ui,
2508 3255 2558 3295 c.
2612 3241 2718 3304 I5;
2771 3246 3011 3293 attamen
3062 3237 3238 3292 credit
3283 3251 3379 3293 eos
3423 3239 3476 3293 in

1872 3307 2140 3382 Messenia
2177 3311 2424 3382 sepultos
2452 3326 2596 3366 esse.
2629 3310 2840 3366 Arnob.
2875 3325 2951 3376 tv,
2976 3323 3028 3364 c.
3057 3308 3152 3364 25.

1943 3387 1970 3415 υ
2022 3380 2160 3452 Vide
2198 3380 2363 3452 supra
2389 3382 2455 3437 ad
2484 3397 2533 3438 c.
2560 3382 2614 3436 7.

1942 3460 1970 3488 τ
2016 3451 2158 3508 Just.
2194 3451 2281 3506 Μ(
2306 3454 2461 3523 Apol.
2513 3468 2652 3523 the.
2684 3453 2791 3516 29;
2823 3451 3054 3506 Tertull.
3089 3453 3248 3520 Apol.
3281 3465 3332 3506 c.
3370 3453 3474 3520 M;

1870 3519 2071 3594 Minue.
2117 3523 2269 3579 Felix
2298 3519 2444 3578 c.'2t
2476 3543 2488 3576 :
2518 3522 2864 3588 xEsculapius
2899 3533 2955 3575 ut
2978 3523 3050 3594 in
3080 3519 3240 3594 deum
3262 3533 3474 3594 surgat,

1873 3593 2224 3666 [ulnainatun
2263 3595 2583 3666 Apollodor.
2632 3611 2713 3657 ιιι.
2744 3592 3474 3666 ο.ᾼ10;ᾃΗγείη.ῨΡ³1ι.’49γ;

1870 3665 2149 3720 Arnobius
2189 3683 2263 3730 1v,
2295 3664 2388 3731 24,
2421 3675 2476 3721 et
2503 3675 2616 3720 not.
2663 3664 2891 3730 Orellii;
2934 3664 3150 3718 Pindari
3179 3665 3338 3731 Pyth.
3383 3665 3474 3719 od.

1869 3749 1949 3807 t_u,
1975 3738 2190 3792 antistr.
2226 3738 2281 3803 5,
2301 3738 2441 3807 apud
2466 3739 2801 3792 Clementem
2829 3735 3102 3807 Protrept.
3137 3751 3190 3792 c.
3211 3735 3268 3795 2,
3299 3751 3352 3805 p.
3383 3735 3475 3801 25;

1869 3803 2182 3877 Theodoret
2207 3809 2274 3863 de
2297 3803 2555 3864 curandis
2580 3810 2758 3864 Graec.
2784 3806 2989 3873 afl'ect.,
3023 3803 3226 3876 disput.
3255 3803 3312 3873 5,
3337 3807 3475 3877 Opp.

1867 3876 1957 3931 ed.
1989 3877 2231 3933 Schultz.
2267 3889 2398 3934 tom.
2433 3896 2506 3938 ιν.
2539 3897 2592 3948 p.
2625 3881 2750 3933 767.

1941 3957 1968 3984 κ
2005 3949 2159 4005 Iliad.
2202 3952 2268 4016 A,
2297 3951 2506 4006 590—90
2528 3947 2549 4012 :7
2572 3952 2746 4006 Clem.
2779 3949 2944 4012 ibid.;
2971 3947 3198 4002 Tertull.
3233 3947 3393 4018 Apol.
3421 3963 3469 4003 c.

1870 4019 2196 4084 M;'Arnob.
2231 4038 2304 4086 tv,
2336 4037 2386 4075 c.
2416 4021 2503 4085 24,
2532 4031 2586 4076 et
2609 4019 2778 4075 Orell.
2813 4021 2878 4073 ad
2910 4021 2962 4071 h.
2997 4020 3032 4073 l.

1940 4101 1968 4139 Υ
2015 4092 2211 4147 Nescio
2261 4093 2404 4146 unde
2457 4093 2573 4146 haec
2619 4091 2814 4145 habeat
2857 4089 3145 4144 Firmicus.
3194 4086 3358 4144 Forte
3405 4103 3474 4160 ex

1867 4161 2204 4218 Euhemero.

1942 4243 1962 4269 κ
2023 4233 2179 4290 Ovid.
2215 4236 2432 4289 Metam.
2462 4250 2532 4297 IV,
2567 4233 2704 4297 I70;
2739 4232 2940 4287 Minuc.
2975 4230 3125 4286 Felix
3150 4245 3200 4285 c.
3231 4229 3322 4285 22.

1940 4313 1967 4340 “
2006 4306 2281 4361 Arnobius
2305 4320 2362 4369 v,
2394 4319 2444 4359 c.
2477 4305 2568 4358 27.

1866 4373 1965 4499 421³
2005 4379 2324 4447 Apollodor.
2368 4392 2414 4440 ι,
2443 4391 2492 4432 c.
2529 4376 2593 4440 I;
2627 4373 2843 4430 Tatian.
2888 4373 3040 4430 Orat.
3069 4373 3136 4428 ad
3184 4372 3362 4429 Graec.
3417 4387 3471 4428 c.

1945 4485 1967 4555 ἓ
2009 4519 2220 4590 Virgilii
2249 4518 2378 4575 JEu.
2409 4533 2537 4586 VIII,
2566 4532 2710 4573 vers.
2741 4517 2847 4574 519
2881 4535 2895 4571 :

2029 4654 2223 4704 Primus
2243 4653 2306 4701 ab
2329 4653 2535 4702 aetherio
2559 4653 2697 4703 venit
2719 4651 2958 4701 Saturnus
2979 4649 3212 4712 Olympo,

2029 4717 2174 4765 Arma
2199 4714 2344 4765 Jovis'
2359 4715 2573 4777 fugiens,
2603 4722 2654 4764 et
2671 4714 2844 4776 regnis
2869 4712 3010 4762 exsul
3034 4713 3294 4773 ademptis.

1939 4848 2094 4904 Ovid.
2125 4847 2336 4903 Fastor.
2372 4860 2588 4911 t,vers.
2615 4842 2761 4897 255:

1995 4963 2100 5014 Hac
2122 4975 2218 5023 ego
2243 4963 2506 5013 Saturnum
2527 4962 2727 5010 memini
2751 4959 2932 5023 tellure
2952 4965 3241 5022 receptum;

2059 5021 2314 5076 Caelitibus
2331 5025 2502 5088 regnis
2525 5026 2586 5072 ab
2611 5023 2733 5073 Jove
2759 5021 2928 5086 pulsus
2953 5029 3074 5071 erat.

1943 5137 1970 5176 ἀ
2009 5136 2216 5193 Arnob.
2257 5149 2334 5197 IV,
2363 5149 2419 5188 c.
2447 5134 2518 5188 24
2551 5153 2562 5186 :
2603 5132 2869 5202 Numquid
2907 5133 3118 5199 pulsum
3145 5147 3177 5184 a
3203 5133 3351 5186 nobis
3390 5147 3474 5185 se-

1873 5229 1992 5266 nem
2023 5207 2278 5261 Italorum
2319 5206 2584 5260 delituisse
2615 5207 2666 5257 in
2706 5203 2940 5273 ﬁnibus?
2991 5203 3192 5257 Minue.
3239 5202 3392 5257 Felix
3423 5216 3474 5256 c.

1871 5284 1974 5346 22;
2003 5281 2250 5336 Lactant.
2282 5295 2324 5344 ι,
2353 5292 2404 5331 c.
2432 5278 2519 5338 I5,
2550 5275 2655 5341 M;
2692 5275 2892 5330 Euseb.
2916 5274 3108 5346 Przep.
3144 5275 3350 5346 Evang.
3382 5288 3438 5346 ut
3460 5314 3473 5337 ,

1875 5356 1940 5422 5;
1963 5345 2195 5409 Tertull.
2234 5349 2391 5422 Apol.
2421 5364 2468 5402 c.
2499 5350 2596 5422 It);
2629 5355 2686 5402 et
2713 5346 2884 5422 Orell.
2911 5345 2966 5422 in
2997 5345 3142 5422 notis
3167 5345 3232 5398 ad
3265 5345 3472 5422 Arnob.

1876 5415 2219 5483 Euhemerus
2251 5415 2337 5490 ap.
2373 5421 2605 5475 Ennium
2633 5435 2683 5487 p.
2713 5417 2820 5474 520
2851 5433 2863 5468 :
2897 5417 3129 5490 Jupiter,
3155 5416 3372 5490 cognitis
3393 5415 3477 5466 in-

1878 5497 2027 5553 sidiis
2055 5487 2569 5564 (Saturuijregnum
2604 5490 2706 5564 sibi
2737 5490 2910 5542 denuo
2938 5487 3214 5540 vindicavit
3251 5495 3298 5536 et
3329 5488 3478 5552 ruga-

1877 5571 1946 5623 uit
1971 5561 2276 5622 Saturnum.
2309 5561 2430 5629 Qui
2449 5577 2570 5615 cum
2595 5561 2832 5630 jactatus
2861 5566 3130 5630 essetper
3151 5568 3342 5606 omnes
3367 5564 3478 5606 ter-

1880 5655 1989 5704 ras,
2024 5627 2475 5706 persequentibus
2505 5627 2763 5706 armatis,
2781 5642 2916 5706 quos
2963 5627 3029 5679 ad
3050 5639 3478 5706 .eum‘compre-

1883 5694 2230 5765 heud'enduu't
2264 5705 2351 5758 vel
2397 5699 2693 5754 necandum
2736 5695 2948 5766 Jupiter
2991 5697 3232 5766 miserat,
3269 5694 3371 5766 vix
3421 5695 3475 5766 in

1877 5764 2032 5837 Italia
2063 5785 2264 5842 locum.
2295 5775 2347 5828 in
2371 5789 2478 5843 quo
2509 5774 2726 5831 lateret,
2754 5764 2984 5821 invenit.
3022 5765 3134 5824 Sed
3162 5767 3234 5820 do
3260 5764 3480 5833 Sparta4
