3992 6204
97 301 278 360 1017

1093 307 1182 365 DE
1220 306 1503 367 ERRORE
1542 309 2018 371 PROFANARUM
2060 314 2512 374 RELIGIONUH.

3308 321 3451 380 1018

95 420 170 468 et
200 412 313 469 illa
341 412 508 470 eﬂera
553 426 690 486 gens
718 414 1046 491 (hominum)
1072 426 1129 475 et
1152 419 1360 476 crudeli
1386 429 1546 492 atque
1586 423 1744 479 inhu-
1766 428 1819 489 Α
1846 440 1914 482 ex
1936 436 1990 482 te
2009 426 2301 484 collectum
2330 428 2384 484 in
2402 429 2686 499 apothecis
2705 430 3004 491 Dominicis
3026 435 3218 507 reponi
3240 437 3451 507 possit:

100 518 299 560 mana
342 519 562 576 semper
618 507 907 563 atrocitate
952 518 1215 580 grassata,
1260 510 1315 566 in
1345 513 1740 571 constituendis

97 599 499 670 religionibus
548 609 762 656 rectum
807 602 1015 675 aliquid
1038 606 1213 675 potuit
1238 606 1484 663 invenire
1511 608 1742 665 ?Simu-

98 690 350 748 lacrum
391 693 496 749 hoc
516 693 778 765 _Trojanis
824 697 1021 753 Abaris
1051 700 1313 770 vendidit,
1337 703 1518 760 stultis
1567 702 1742 760 homi-

96 784 298 841 nibus
327 800 469 840 vana
500 787 846 857 promittens.
874 789 1223 848 Vendebatur
1248 794 1413 861 Deus,
1433 804 1490 850 ut
1516 796 1744 868 prodes-

98 888 207 936 set
233 880 511 951 emptori,
563 892 618 937 et
661 890 879 955 emptor
906 886 1227 957 suppliciter
1265 888 1552 956 adorabat,
1585 891 1742 960 quic-

99 970 258 1043 quid
322 973 488 1042 paulo
537 981 667 1028 ante
723 974 934 1030 viderat
984 976 1385 1034 subhastatum.
1424 978 1741 1039 Substantia

98 1073 316 1122 autem
368 1067 648 1124 simulacri
699 1069 871 1137 ipsius
908 1085 976 1126 ex
1006 1071 1224 1130 ossibus
1280 1073 1496 1146 Pelopis
1538 1083 1642 1131 est.
1682 1076 1740 1133 Si

97 1156 376 1213 humana
400 1159 480 1227 vis
503 1160 733 1215 miseros
758 1160 1012 1219 homines
1041 1179 1166 1220 ossa
1198 1169 1471 1235 venerari,
1502 1166 1742 1237 purioris

82 1249 332 1315 ,saltem
358 1260 413 1305 et
436 1251 693 1307 castioris
717 1252 955 1309 hominis
985 1253 1244 1326 reliquias
1262 1265 1289 1295 ⁸
1318 1257 1532 1329 collige.
1563 1258 1738 1315 Acce-

96 1341 217 1397 dat
248 1340 432 1408 idolo,
452 1342 597 1413 quod
623 1343 863 1410 lacis,ex
888 1346 1123 1402 hominis
1153 1349 1440 1405 virtutibus
1462 1350 1737 1406 meritum.

98 1434 335 1506 Pelops
362 1436 415 1490 in
444 1434 655 1491 deliciis
680 1438 944 1493 amatoris
970 1438 1091 1505 fuit,
1125 1448 1178 1494 et
1218 1439 1311 1495 diu
1336 1440 1610 1511 prostituti
1639 1457 1737 1512 pu-

97 1526 279 1583 doris
308 1527 506 1582 damna
535 1529 813 1583 sustinuit.
836 1529 942 1586 Sed
972 1545 1072 1586 nec
1099 1532 1286 1587 adulto
1328 1533 1379 1588 ei
1423 1533 1602 1588 scelus
1646 1533 1739 1588 de-

95 1620 244 1677 fuit.
281 1621 338 1678 ls
362 1624 531 1691 enim,
556 1625 715 1694 cujus
747 1625 909 1681 ﬂliam
937 1627 1177 1697 petebat,
1208 1644 1331 1685 eum
1382 1630 1575 1686 fraude
1616 1646 1740 1701 pro-

98 1715 328 1771 ditoris
358 1716 625 1772 occiditb.
657 1717 1004 1799 Proditorem
1047 1720 1213 1776 etiam
1262 1723 1437 1794 ipsum
1486 1724 1738 1794 pcrjuriis

1842 517 2062 576 ardebis
2085 527 2143 575 ut
2163 520 2383 591 stipula,
2409 521 2563 591 cujus
2604 524 2782 579 inanis
2811 524 2991 583 vilitas
3022 527 3075 582 in
3126 527 3344 585 cineres
3371 526 3457 584 fa-

1842 612 2109 684 villasque
2137 625 2411 682 servatur,
2458 632 2620 688 quam
2666 633 2833 689 rapax
2862 619 3001 691 ignis
3028 621 3290 678 violentia
3313 637 3448 679 con-

1841 704 2014 776 geniti
2034 706 2259 776 spiritus
2284 708 2545 779 pascitur.
2578 709 2677 766 Hic
2706 721 2790 767 est
2841 713 3023 770 exitus
3057 713 3290 786 ﬁnisque
3318 731 3444 772 ves-

1844 807 1928 854 ter
1959 815 1972 852 :
1999 798 2114 855 haec
2139 810 2222 857 est
2249 816 2434 872 ptena,
2475 810 2638 873 quam
2696 818 2796 874 pro
2829 802 3077 875 deceptis
3127 806 3444 864 hominibus

1842 889 1991 946 Deus
2015 893 2223 959 statuit,
2252 901 2312 949 ut
2343 894 2619 964 perpetuis
2639 893 2827 950 ardeat
2858 895 3115 964 ﬂammis,
3133 898 3222 968 qui
3246 907 3440 952 contra

1844 983 2179 1042 voluntatem
2211 986 2306 1042 Dei
2350 987 2609 1043 miserum
2659 988 2937 1045 hominem
2989 1001 3085 1045 aut
3113 990 3448 1062 decepitaut

1841 1079 2097 1150 perdidit.
2129 1080 2269 1136 Volo
2305 1096 2437 1138 sane
2487 1081 2777 1153 diligenter
2830 1084 3129 1154 inquirere,
3163 1084 3321 1155 cujus
3346 1084 3445 1141 Mi-

1842 1185 2024 1226 nervae
2054 1171 2159 1227 hoc
2185 1172 2377 1228 volunt
2419 1186 2541 1228 esse
2594 1174 2806 1244 signum
2836 1171 2882 1229 τ.
2914 1173 3108 1231 Plures
3160 1176 3306 1230 enim
3344 1174 3443 1231 Μία

1841 1276 2037 1319 nervas
2067 1262 2236 1320 fuisse
2265 1273 2501 1332 constat,
2528 1281 2629 1322 nec
2659 1267 2858 1337 aliquis
2902 1268 2954 1321 in
3006 1268 3105 1322 ista
3156 1277 3310 1338 parte
3329 1268 3442 1324 dis-

1841 1356 2026 1410 sentit.
2071 1354 2420 1427 Singularum
2461 1357 2646 1427 itaque
2687 1372 2881 1428 genus,
2913 1358 3441 1426 institutum,artem

1841 1447 2295 1519 propositumque
2323 1449 2589 1515 dicamus,
2623 1460 2682 1505 ut
2727 1464 2793 1506 ex
2819 1450 2904 1505 his
2926 1451 3182 1506 omnibus
3204 1453 3443 1509 inveniri

1841 1539 2030 1609 possit,
2063 1539 2363 1596 Palladium
2402 1541 2562 1613 cuius
2585 1541 2842 1598 Minervae
2884 1542 2956 1598 sit
2993 1543 3216 1600 nomine
3244 1557 3442 1599 consc-

1839 1641 2074 1687 cratum.

2442 1723 2675 1781 CAPUT
2715 1724 2884 1781 XVII.

99 1824 427 1882 aggressus
476 1822 580 1877 est,
632 1823 689 1869 et
744 1829 815 1870 ne
867 1815 1133 1886 promissa
1181 1816 1435 1873 redderet
1487 1818 1731 1888 praemia,
1762 1832 1812 1894 Β
1839 1813 1921 1872 De
1939 1816 2162 1887 quinque
2192 1815 2442 1872 Mineruis
2466 1819 2595 1889 agit.
2623 1818 2829 1884 Quinta:
2853 1816 3119 1875 Pallantis
3137 1818 3283 1888 ﬁliae,
3315 1816 3438 1874 Pal-

98 1901 274 1959 hunc
299 1903 553 1959 eumdem
581 1920 679 1975 per
703 1906 930 1974 abrupta
960 1907 1257 1978 praecipitia
1274 1908 1522 1979 jaclavil.
1548 1910 1625 1964 En
1644 1925 1737 1965 cu-

92 1996 203 2066 ius
233 1997 419 2052 electa
443 2008 733 2065 suntossa,
767 2008 825 2054 ut
872 1999 1014 2055 Deus
1045 2000 1221 2066 ﬂeret,
1245 2001 1336 2071 qui
1366 2001 1526 2057 urbes
1554 2011 1609 2057 et
1642 2018 1733 2058 re-

95 2104 223 2160 gna
252 2102 531 2147 servaret.
561 2091 668 2149 Sed
701 2107 800 2149 nec
856 2095 1096 2149 servavit
1124 2091 1415 2167 aliquando
1448 2111 1548 2151 nec
1604 2112 1733 2167 pro-

94 2180 248 2249 fuit,
282 2190 345 2238 et
367 2183 497 2253 quid
524 2198 585 2240 se
626 2195 871 2252 maneat,
904 2202 970 2242 ex
1002 2187 1240 2255 urbium,
1281 2189 1336 2243 in
1384 2189 1586 2260 quibus
1612 2189 1731 2255 fuit,

96 2274 349 2331 casibus
378 2275 532 2332 vidit.
569 2277 791 2334 Incensa
818 2290 901 2335 est
949 2280 1107 2352 Troja
1150 2297 1179 2335 a
1224 2281 1453 2352 Graecis,
1505 2299 1536 2338 a
1561 2283 1735 2340 Gallis

107 2366 312 2422 Roma
340 2376 399 2423 et
424 2383 491 2424 ex
524 2378 757 2442 utroque
786 2371 1039 2429 incendio
1067 2374 1362 2430 Palladium
1396 2386 1731 2433 reservatum

101 2467 205 2514 est
237 2468 292 2513 ο.
334 2459 443 2515 Sed
478 2472 817 2518 reservatum
860 2481 968 2518 non
1025 2466 1263 2537 propriis
1294 2468 1604 2537 virtutibus,
1636 2469 1732 2525 sed

103 2551 373 2608 humano
403 2553 661 2624 praesidio
708 2572 723 2610 :
769 2557 839 2612 ab
864 2565 1101 2629 utroque
1132 2562 1276 2615 enim
1336 2560 1457 2616 loco
1486 2561 1734 2619 homines

103 2646 392 2713 liberant,
426 2656 483 2702 et
512 2649 833 2705 translatum
860 2660 967 2720 est,
998 2667 1067 2708 ne
1111 2653 1349 2709 humano
1371 2653 1625 2726 ﬂagraret
1653 2655 1736 2711 in-

111 2737 352 2794 cendio.
382 2738 557 2795 Tanto
586 2742 793 2796 numini
841 2742 1077 2798 humana
1108 2745 1330 2800 luerunt
1357 2746 1612 2816 prmsidia
1635 2762 1724 2801 ue.

104 2834 394 2899 cessaria,
412 2843 469 2888 et
490 2849 558 2889 ne
584 2834 822 2902 arderet,
855 2836 1427 2907 humanum‘qumsivit
1446 2840 1728 2896 auxilium.

102 2924 364 2980 Dilatum
388 2934 472 2980 est
494 2925 798 2981 Palladium
829 2927 899 2982 ab
930 2928 1208 2995 incendio,
1242 2947 1347 2985 non
1376 2930 1662 2987 liberatum
1677 2932 1727 2988 ιι.

104 3017 245 3075 Stat
297 3019 591 3087 sententia,
638 3030 822 3076 manet
878 3037 1037 3093 poena
1064 3065 1079 3085 ,
1114 3024 1252 3094 ignis
1280 3025 1548 3093 imminet,
1590 3027 1730 3097 ignis

102 3117 304 3179 urget,
330 3124 492 3181 quem
522 3111 695 3167 vitare
719 3129 828 3168 non
861 3116 1079 3184 poterit.
1109 3116 1227 3172 Jam
1254 3120 1488 3186 parturit
1516 3119 1727 3174 ﬂamma

1911 1908 2108 1964 (adium
2161 1910 2453 1965 dedicatum
2529 1911 2690 1979 fuisse
2715 1951 2729 1975 ,
2790 1914 2940 1982 cujus
2980 1920 3037 1965 ut
3083 1922 3442 1968 concremetur

1909 2001 2102 2072 imago,
2125 2001 2493 2070 deleanturque
2537 2003 2747 2068 templa,
2777 2002 3037 2068 hortatur,
3085 2004 3243 2058 simul
3265 2005 3319 2058 in
3348 2020 3442 2059 sa—

1908 2110 2113 2148 crorum
2154 2095 2322 2162 ritus,
2373 2095 2560 2165 quibus
2616 2095 2845 2150 homines
2898 2111 3110 2164 peccare
3163 2095 3434 2162 docentur,

1912 2195 2085 2255 turpes
2113 2194 2160 2240 et
2200 2186 2437 2240 cruentos
2480 2186 2760 2254 invehitur,
2806 2201 2993 2256 eosque
3043 2183 3284 2258 abrogari
3314 2201 3435 2256 pos-

1908 2277 2063 2333 tulat.

1906 2368 2155 2439 Quinque
2177 2368 2448 2425 Minervas
2472 2379 2497 2417 κ
2526 2369 2698 2426 fuisse
2729 2367 3039 2440 legentibus
3088 2367 3248 2424 nobis
3274 2367 3445 2426 tradit

1835 2461 2148 2531 antiquitas.
2183 2460 2303 2517 Una
2328 2470 2412 2517 est
2453 2460 2680 2518 Vulcani
2713 2461 2843 2528 lilia,
2876 2475 2996 2531 qua:
3022 2459 3269 2516 Athenas
3306 2475 3440 2517 con-

1833 2556 1989 2621 didit,
2013 2571 2172 2627 quam
2205 2572 2271 2611 ex
2302 2556 2606 2626 agrestibus
2629 2556 2763 2611 locis
2787 2555 2854 2609 ad
2881 2554 3103 2610 urbanae
3140 2568 3438 2610 conversa-

1835 2649 1999 2705 tionis
2022 2649 2269 2705 ordinem
2316 2650 2516 2704 rustica
2561 2649 2715 2704 turba
2745 2649 3003 2704 comitata
3040 2659 3149 2707 est.
3178 2647 3302 2703 Fuit
3330 2647 3439 2704 alia

1834 2744 1889 2798 in
1917 2740 2150 2814 IEgypto
2164 2739 2213 2809 ιι,
2236 2742 2343 2797 Nili
2374 2743 2517 2813 regis
2546 2741 2655 2797 lilia
2693 2741 2734 2807 ί,
2783 2740 3035 2797 textrina:
3061 2741 3195 2795 artis
3242 2741 3443 2809 magis-

1835 2844 1936 2891 tra.
1977 2835 2160 2891 Tertia
2194 2844 2347 2906 patre
2373 2835 2613 2890 Saturno
2642 2833 2823 2905 genita
2862 2844 2967 2889 est.
2996 2833 3103 2887 Sed
3131 2831 3271 2887 hanc
3292 2831 3441 2885 vira-

1830 2930 2011 3002 ginem
2037 2928 2205 2985 fuisse
2230 2934 2700 2985 commemorant:
2733 2942 2855 2981 nam
2882 2941 3175 2996 numquam
3207 2939 3268 2980 se
3297 2925 3436 2979 intra

1830 3022 2051 3081 feminei
2073 3036 2237 3077 sexus
2260 3021 2644 3077 verecundiam
2670 3019 2863 3084 tenuit,
2897 3017 2994 3073 sed
3027 3032 3179 3071 arma
3212 3031 3437 3084 semper

1830 3117 2226 3186 strepitumque
2255 3130 2558 3186 pugnarum
2580 3122 2638 3169 et
2669 3123 2896 3168 cruenta
2928 3120 3116 3167 secuta
3147 3119 3231 3165 cst
3256 3109 3436 3165 studia

102 3202 395 3270 caelestis,
446 3204 554 3275 iam
603 3205 804 3261 divinae
849 3208 1342 3266 animadversionis
1398 3221 1732 3268 monstratur
1757 3218 1802 3281 ρ
1832 3208 2127 3265 bellorum.
2155 3208 2361 3276 Quarta
2388 3206 2537 3262 Jovis
2575 3205 2776 3261 Cretici
2825 3204 2971 3274 regis
3013 3203 3113 3256 fuit
3154 3200 3284 3267 ﬂlia,
3314 3215 3439 3272 quae

100 3295 410 3363 adventus,
462 3300 573 3366 jam
604 3300 800 3354 futurae
842 3300 1015 3355 cladis
1054 3302 1333 3358 nuntiatur
1388 3304 1640 3371 exitium,
1671 3304 1722 3359 in

104 3388 225 3443 hoc
260 3388 516 3443 incendio
543 3387 849 3444 Palladium
880 3391 1114 3447 latebras
1142 3393 1390 3449 invenire
1435 3408 1542 3449 non
1567 3404 1725 3465 pole-

104 3482 184 3537 rit
209 3496 228 3546 ;
264 3480 405 3550 ignis
433 3480 536 3537 iste
583 3491 863 3537 scrutatur
887 3483 1093 3551 abdita,
1118 3485 1316 3555 qumrit
1345 3486 1643 3542 absconsa:
1675 3496 1733 3542 et

104 3571 388 3643 quidquid
413 3581 661 3630 errantes
684 3574 938 3630 homines
951 3575 1105 3631 vanis
1132 3578 1577 3647 persuasionibus
1604 3594 1728 3649 per-

109 3664 290 3729 didit,
325 3664 508 3734 rapida
540 3664 881 3722 ﬂammarum
910 3669 1261 3737 populatione
1289 3671 1677 3741 complectitur
1709 3689 1723 3726 :

120 3756 290 3811 Venit
337 3758 468 3811 enim
496 3756 718 3830 (inquit)
751 3758 860 3813 dies
900 3758 1110 3814 Domini
1130 3770 1185 3815 ut
1207 3761 1396 3816 ardens
1433 3758 1667 3818 clibanus
1701 3773 1726 3803 θ

113 3847 390 3921 (Malach.
421 3866 493 3916 Iv,
513 3850 590 3923 1).
621 3850 834 3907 Audisti
871 3852 997 3922 quid
1021 3854 1223 3909 veniat.
1274 3853 1416 3909 Nihil
1440 3864 1557 3919 est,
1585 3854 1729 3926 quod

199 3961 655 4041 ﬂNeptunusAsc.
700 3967 955 4041 Pelopem
987 3985 1199 4027 amasse
1243 3971 1461 4026 dicitur.
1500 3970 1721 4028 Pindar.

118 4033 356 4109 Olymp.
413 4052 450 4102 ι,
506 4037 614 4104 58;
645 4033 905 4097 Tatianus
954 4041 1108 4096 Orat.
1157 4042 1225 4097 ad
1271 4043 1491 4098 Grmcos
1536 4044 1721 4109 c.42;

122 4105 344 4179 Arnob.
374 4121 445 4171 tv,
483 4109 573 4165 26.
605 4111 740 4167 Vide
768 4127 933 4179 supra
963 4113 1241 4179 col.1008,
1274 4124 1388 4169 not.
1423 4112 1472 4168 ιι.

202 4176 236 4214 ι’
266 4176 393 4233 [Luc
416 4180 594 4237 fabula
615 4197 645 4237 a
669 4184 792 4239 solo
816 4176 1049 4241 Firmico
1077 4176 1351 4240 narratur.

213 4256 241 4286 ο
271 4247 363 4323 E_!t_
382 4251 555 4323 primo
605 4254 674 4309 ab
727 4254 928 4323 Aiace,
971 4272 1036 4311 ex
1082 4257 1321 4311 secundo
1365 4270 1393 4308 a
1427 4256 1731 4323 virginibus

134 4317 448 4375 Vestalibus
479 4322 530 4377 in
566 4324 707 4380 bello
736 4317 943 4381 Gallico
989 4341 1117 4382 ann.
1149 4326 1311 4383 Urbis
1339 4317 1574 4382 conditie
1598 4327 1725 4383 565.

130 4388 328 4445 Livius
357 4406 409 4455 v,
437 4391 529 4459 40,
577 4398 793 4453 tertium
821 4398 924 4452 sub
951 4397 1252 4453 Commodo
1299 4398 1439 4452 haud
1486 4413 1730 4454 comme-

130 4471 339 4540 morat.
370 4461 541 4540 forte
562 4482 691 4540 vero
715 4469 780 4523 de
800 4468 975 4525 Enen
1004 4468 1144 4523 haud
1164 4470 1417 4540 cogitavit
1443 4468 1730 4535 Firmicns,

128 4535 235 4610 sed
265 4534 339 4610 de
363 4530 582 4610 (ἔως-ἰῆς»
613 4538 848 4610 Metello,
879 4541 969 4610 qui
1001 4556 1121 4595 cum
1153 4530 1410 4609 templum
1442 4540 1620 4596 Vesta:
1646 4530 1731 4595 ar;

129 4603 298 4682 deret
327 4606 516 4682 (A._U.
541 4606 609 4682 (Σ.Δ
629 4609 781 4682 512),
812 4603 964 4682 sacra
990 4612 1214 4681 pignora
1238 4603 1279 4664 θ’
1301 4611 1604 4667 Vestalibus
1632 4613 1730 4667 de-

131 4676 331 4752 rel_ic_ta
355 4691 385 4728 e
409 4675 642 4735 ﬂammis
659 4675 882 4752 eripuit.
898 4675 1071 4737 Ovid:
1075 4682 1219 4737 Fasti
1252 4683 1597 4747 vr,vers.437
1609 4698 1728 4752 seq.

209 4742 243 4782 δ
271 4745 478 4815 Itaque,
504 4754 627 4806 tum
671 4742 941 4809 Firmicus
980 4753 1267 4817 scriberet,
1299 4742 1659 4809 Constantino
1677 4742 1734 4809 et

127 4816 437 4895 Co_tistante
460 4821 630 4895 impp.
664 4824 939 4879 incolume
964 4820 1145 4879 adhuc
1173 4816 1275 4880 sub
1307 4827 1574 4895 virginum
1601 4823 1732 4880 Vcs-

124 4890 340 4966 taliupt
373 4890 617 4966 custodia
664 4896 984 4963 permansit.
1020 4895 1243 4952 Fabulae
1271 4890 1417 4951 enini
1455 4904 1583 4951 sunt
1608 4912 1731 4966 qua:

126 4959 180 5015 J.
242 4959 430 5015 Malela
477 4972 533 5017 et
583 4959 771 5021 auctor
797 4967 1051 5022 Chronici
1093 4966 1444 5022 Alexandrini
1468 4983 1532 5023 ex
1565 4959 1731 5022 tradi-

127 5032 287 5086 tione
317 5031 606 5105 Byzantina
642 5035 906 5105 referunt,
960 5037 1375 5093 Constantinum
1409 5038 1478 5092 M.
1503 5037 1730 5092 simula-

126 5116 288 5156 crum
321 5102 451 5177 hoc,
468 5105 784 5177 Byzantium
802 5102 1148 5172 translatum,
1176 5109 1227 5163 in
1250 5108 1373 5163 foro
1400 5111 1468 5163 ab
1497 5124 1564 5165 eo
1592 5125 1730 5163 nun-

124 5184 333 5250 captito
352 5175 652 5250 defodisse.
684 5178 768 5234 Jo.
820 5179 1019 5250 Georg.
1073 5179 1262 5235 Rmser
1290 5180 1357 5236 de
1381 5179 1650 5244 Palladio,
1677 5181 1729 5235 in

125 5245 221 5301 Jo.
240 5244 553 5317 Christoph.
572 5250 783 5306 Martini
808 5244 1090 5305 Thesauro
1115 5252 1727 5315 dissertationum,etc..

129 5326 273 5371 tom.
304 5315 367 5382 ll,
401 5315 537 5392 part.
571 5337 588 5376 ι
616 5321 913 5392 (Norimh.,
940 5320 1122 5392 1765),
1154 5339 1204 5388 p.
1237 5322 1365 5377 9.90.
1395 5322 1514 5390 Quo
1550 5333 1728 5377 autem

130 5399 385 5462 tempore
418 5390 714 5447 Palladium
746 5392 989 5462 perierit,
1022 5390 1090 5447 ab
1127 5394 1458 5449 Auctoribus
1480 5392 1622 5447 haud
1650 5402 1735 5448 est

128 5460 413 5533 memoria:
463 5460 758 5529 proditum.
788 5463 1037 5520 Vestales
1066 5479 1194 5519 vero
1221 5464 1461 5533 virgines
1506 5471 1630 5533 post
1658 5465 1734 5520 le-

127 5544 232 5600 ges
263 5546 289 5581 a
315 5529 578 5587 Gratiano
624 5542 679 5589 et
701 5534 1085 5591 Valentiniano
1132 5534 1172 5589 ll
1203 5529 1468 5590 adversus
1497 5529 1732 5591 idolola-

130 5600 815 5677 triam_l_atascoutemptui
859 5616 982 5677 sunt
1015 5605 1212 5662 habitae
1242 5615 1296 5677 et
1326 5607 1527 5661 sensim
1555 5608 1734 5661 desie-

128 5680 280 5727 runt.
306 5672 495 5739 Nadal,
523 5672 758 5731 Histoire
798 5678 885 5732 des
913 5676 1146 5733 Vestales
1171 5694 1189 5743 ;
1216 5676 1493 5731 Mémoires
1532 5677 1598 5730 de
1624 5677 1735 5731 Lit-

131 5747 361 5820 térritttre
382 5744 506 5801 tirés
535 5746 607 5801 du
637 5747 875 5820 Registre
903 5749 967 5804 de
997 5747 1320 5820 l’Académie
1341 5747 1433 5820 ales
1468 5746 1728 5820 luserim.

132 5823 184 5871 et
214 5811 278 5869 BL
309 5812 396 5888 L.,
426 5821 559 5877 ισω.
595 5835 644 5889 ν,
674 5811 807 5879 iidit.
833 5819 886 5877 ln
915 5816 1105 5879 octava
1132 5812 1329 5886 formai
1356 5818 1442 5877 δυ.
1464 5816 1613 5875 Frid.
1635 5811 1731 5875 Ei-

1762 4505 1815 4566 D

1828 3300 2070 3356 occisum
2095 3300 2234 3370 patri
2261 3298 2454 3354 detulit
2485 3297 2766 3353 Liberum.
2785 3295 2984 3364 Quinta
3003 3293 3253 3349 Pallante
3284 3304 3439 3363 patre

1828 3401 1886 3449 et
1908 3391 2231 3448 Tritonidei
2268 3400 2441 3446 matre
2468 3398 2589 3444 orta
2640 3399 2745 3453 ρει,
2779 3402 2900 3458 qum
2949 3385 3120 3457 patris
3166 3385 3438 3454 appellata

1829 3485 2070 3549 nomine,
2102 3486 2281 3540 Pallas
2321 3495 2402 3540 est
2445 3486 2515 3541 ab
2562 3481 2876 3538 hominibus
2926 3488 3262 3549 nuncupata.
3311 3478 3439 3533 Haec

1829 3580 2169 3651 parricidalis
2221 3579 2459 3635 amentia
2501 3578 2705 3633 luroris
2750 3585 2801 3631 et
2849 3589 3065 3630 vesana:
3112 3571 3439 3627 temeritatis

1829 3673 2116 3738 instinctu,
2153 3684 2363 3743 patrem
2396 3672 2698 3728 Pallantem
2753 3669 2964 3725 crudeli
3021 3677 3196 3723 morte
3221 3667 3438 3738 jugula-

1832 3765 1914 3820 vit
1934 3764 1962 3804 ιι
1997 3783 2011 3819 :
2048 3781 2147 3821 nec
2172 3765 2405 3835 simplici
2428 3765 2601 3836 patris
2630 3771 2810 3819 morte
2837 3769 3116 3824 contenta,
3144 3770 3203 3814 ut
3232 3760 3438 3814 diutius

1835 3860 1991 3915 malis
2013 3862 2129 3917 suis
2156 3861 2452 3929 frueretur,
2486 3868 2542 3916 et
2585 3867 2645 3915 ut
2668 3859 2736 3914 de
2762 3867 2939 3913 morte
2961 3857 3133 3927 patris
3160 3854 3441 3910 crudelius

1824 3977 2047 4033 senhart
2076 3977 2489 4045 dejVestalibus
2523 3985 2581 4032 et
2612 3976 2745 4032 lure
2771 3974 2973 4031 Vestali
3004 3973 3063 4028 P.
3096 3972 3160 4026 ll.
3195 3970 3428 4026 Helmst.

1828 4048 2000 4114 1752;
2025 4062 2078 4104 et
2101 4045 2157 4104 in
2178 4049 2463 4118 Opusculis
2488 4065 2541 4118 p.
2571 4049 2642 4103 99
2667 4062 2785 4116 seq.

1903 4149 1927 4177 ε
1962 4140 2114 4195 Hanc
2156 4140 2442 4195 lectionem
2491 4138 2644 4193 solus
2690 4136 2849 4192 habet
2882 4134 3174 4191 Firmicus.
3222 4131 3427 4188 Βηθλ-

1833 4227 1984 4277 τιειι,
2009 4228 2068 4278 ιι,
2098 4228 2152 4283 p.
2186 4212 2345 4266 1011.

1909 4302 1929 4341 ί
1957 4303 2066 4359 Hoc
2090 4303 2344 4357 nimirum
2374 4301 2700 4357 Palladium.

1910 4408 1936 4445 8
1964 4397 2043 4453 Cf.
2073 4397 2390 4473 Qiceronem
2408 4395 2476 4451 de
2501 4395 2814 4473 Natlljelor.
2847 4408 2924 4458 III,
2944 4407 2996 4473 c_.
3014 4392 3109 4457 25,
3128 4390 3437 4473 quiomnes

1837 4480 2026 4536 parum
2053 4469 2269 4523 diverse
2292 4475 2559 4522 recenset.
2609 4465 2691 4521 Cf.
2717 4465 2971 4521 Creuzcri
2996 4472 3174 4536 notas.
3194 4462 3433 4536 Primam

1845 4532 2089 4603 Vulcani,
2126 4541 2349 4595 alteram
2402 4537 2507 4592 Nili
2569 4537 2758 4601 liliam,
2790 4538 3004 4591 tertiam
3037 4532 3315 4606 (Ciceroni
3346 4547 3437 4586 se-

1835 4611 2091 4680 cundam)
2146 4610 2362 4665 Saturni
2416 4608 2579 4662 habet
2624 4623 2840 4675 quoque
2864 4605 3122 4663 Clemens
3153 4605 3431 4680 Protrept.

1834 4694 1882 4735 e.
1909 4680 1962 4755 2.
1991 4697 2043 4748 p.
2073 4674 2678 4755 ’Ξγίηῃτῆνᾲτοῦ-ῖτολέμού
2717 4680 2933 4755 εὑρέτιν.
2960 4685 3223 4755 quartam
3260 4674 3434 4755 lovis,

1834 4747 2078 4820 quintam
2111 4750 2391 4805 Pallantis.
2433 4747 2629 4805 Noster
2658 4747 2903 4820 sequitur
2953 4747 3315 4820 Qlomentem,
3341 4747 3434 4820 qui

1834 4817 1885 4877 (ἐ.
1913 4822 1969 4883 2.
1997 4838 2050 4892 p.
2085 4824 2136 4887 8,
2169 4821 2236 4877 de
2259 4822 2497 4890 quinque
2527 4820 2795 4892 Minervis
2809 4818 2942 4892 egit.
2975 4817 3109 4872 Vide
3137 4819 3432 4892 μοι-νοέε-

1835 4886 2089 4961 ιιοιιίιίιιι,
2111 4886 2181 4961 tv,
2216 4886 2371 4955 cfl'i;
2400 4886 2453 4948 et
2489 4892 2756 4962 Epiphan.
2786 4886 3178 4954 in'Ancorato,
3215 4902 3271 4958 p.
3302 4886 3431 4943 515.

1904 4985 2265 5065 h,Ciceroniet
2281 4986 2759 5065 Arnohi_o_quoque
2784 4983 3020 5065 secunda
3038 4993 3122 5038 est
3145 4981 3345 5065 Saitica
3363 4982 3437 5065 ah

1835 5053 2107 5131 Egyptiis
2121 5058 2340 5131 nomine
2351 5059 2493 5131 quod
2509 5053 2840 5131 Grazcesona
2849 5055 3120 5131 ι’ξὲλεήμων
3130 5053 3433 5131 designata.

1835 5124 2114 5202 Siceliam
2146 5131 2197 5186 in
2218 5124 2398 5201 Cypro
2428 5129 2608 5185 Venus
2630 5128 2868 5184 ctelestis
2892 5124 3143 5202 Ἐλιῆμιων
3168 5124 3437 5202 salutaba-

1835 5193 2281 5285 φιληθῆναι-,ν’
2308 5202 2595 5285 Pisaea”:
2618 5203 2669 5285 ἐν
2695 5203 2878 5285 “ius:
2902 5193 3211 5285 Ἀξρδδίτηλ
3248 5195 3338 5285 9!:
3368 5193 3437 5285 εἶθ

1833 5258 2027 5329 Neitha
2059 5258 2264 5329 Xrnob'.
2295 5289 2367 5337 tv,
2402 5258 2488 5337 ili;
2516 5258 2814 5328 Jablonskii
2837 5258 3116 5326 Pant'lienn
3145 5267 3364 5338 IEgypt.
3398 5282 3435 5329 ι,

1836 5345 1908 5401 53
1935 5359 2078 5415 seq.;
2111 5354 2166 5399 et
2195 5344 2387 5414 Zoega:
2408 5344 2695 5411 Abhandl.,
2722 5361 2774 5409 ιι.
2810 5343 2933 5399 101.

1914 5436 2064 5564 i113“
2107 5437 2255 5508 regis
2284 5438 2418 5492 ﬁlia.
2474 5436 2848 5493 Elmenhorst.
2882 5435 2950 5489 ad
2990 5431 3195 5488 Arnob.
3237 5444 3318 5496 ιιι,
3342 5427 3438 5492 21,

1837 5524 1892 5580 p.
1925 5524 2051 5564 tu.

1911 5604 1926 5651 1
1962 5600 2161 5672 Eadem
2181 5600 2343 5656 habet
2371 5600 2627 5656 Clemens
2650 5599 2818 5672 Alex;
2833 5596 2961 5660 Sed,
2990 5604 3044 5649 ut
3083 5601 3140 5646 et
3163 5589 3444 5672 Ampelius

1833 5685 1885 5726 c.
1911 5672 1966 5739 9,
1991 5671 2286 5726 Titanidem
2314 5687 2433 5725 eam
2459 5678 2634 5725 vocat.
2671 5668 2755 5722 Cf.
2779 5667 3110 5720 Crcuzcrum
3139 5662 3208 5715 ad
3236 5662 3348 5715 Cic.
3377 5659 3445 5713 de

1835 5741 1962 5798 Nat.
1998 5744 2182 5810 Deor.,
2207 5742 2242 5795 Ι.
2281 5757 2345 5806 1.,
2372 5757 2426 5811 p.
2452 5741 2578 5816 326.
2695 5813 2711 5816 μ
2865 5814 2875 5816 _
2921 5811 2937 5816 _
3108 5809 3122 5816 _
3318 5806 3385 5816 ,η

1909 5818 1938 5859 ¹ι
1962 5819 2026 5877 L.
2055 5805 2341 5890 Ampelius
2372 5805 2440 5874 ἐ.
2472 5815 2527 5872 9.
2554 5813 2782 5874 Tzeties
2812 5814 2879 5871 ad
2920 5809 3293 5884 LyCophr.,v.
3316 5805 3450 5865 255.
