3992 6204
567 266 705 325 1019

1792 258 1963 323 ιυῐιιι
2000 257 2259 320 FIRMICI
2298 258 2606 323 MATER!“

3752 261 3881 319 I030

560 381 941 450 triumpharet,
994 380 1209 441 exuviis
1264 379 1517 450 corporis
1570 378 1690 449 ejus
1722 388 1914 437 ornata
1968 386 2163 456 estnut
2189 384 2242 447 Α
2266 384 2319 431 et
2348 375 2399 433 in
2422 378 2650 433 exitium
2677 394 2834 439 suum
2860 394 3028 451 prona
3056 380 3404 439 animositate
3442 379 3704 440 festinat.
3736 380 3883 436 Tunc

560 474 842 547 parricidii
876 474 1085 529 facinus
1114 488 1180 529 ex
1211 472 1805 529 crudeliostentatione
1838 470 2163 543 publicaret.

564 567 736 639 Hujus
763 576 847 624 est
876 565 1199 632 Palladium,
1235 564 1370 636 proh
1403 564 1554 621 nefas
1580 566 1592 621 !
1620 565 1840 621 nomine
1868 577 2168 619 consecra-

567 671 701 716 tum.
736 658 861 719 Ilaec
890 665 978 715 est
1004 657 1181 715 Pallas
1208 673 1331 727 quae
1368 656 1586 727 colitur,
1622 657 1738 711 haec
1768 665 1849 713 cst
1882 671 2001 724 qua:
2033 670 2166 726 pon-

567 751 753 808 tilicali
805 750 923 823 lege
954 758 1204 809 servatur
1234 758 1282 817 ι,
1314 758 1369 805 ct
1426 748 1581 819 cujus
1630 748 1808 825 imago
1847 745 2166 817 suppliciter

564 843 842 899 aduratur.
862 842 1135 913 Apponite
1166 844 1371 911 ignem,
1392 853 1586 914 augete
1610 841 1877 907 flammas,
1906 849 1962 898 nt
1984 840 2163 910 quoti-

566 938 741 995 tlianis
769 936 1053 1001 sacriﬁciis
1079 937 1275 993 vestris
1317 936 1533 993 dicatur
1585 936 1801 995 ardere.
1834 934 1975 1003 Quid
2018 936 2166 992 enim

568 1039 810 1087 meretur
840 1029 985 1091 aliud
1012 1030 1303 1100 parricida,
1336 1029 1438 1085 nisi
1472 1039 1529 1087 ut
1572 1037 1832 1098 perpetua
1866 1027 2168 1091 mutatione

570 1122 911 1177 flammarum
962 1130 1087 1179 ante
1118 1121 1447 1179 sententiam
1502 1121 1593 1179 Dei
1646 1119 1887 1190 quotidie
1932 1118 2167 1177 ﬂammis

568 1214 855 1271 ultricibus
901 1215 1325 1271 concremetur?
1373 1214 1534 1270 Busta
1586 1221 1752 1281 sunt,
1809 1212 2167 1273 sacratissimi

571 1308 952 1381 imperatores,
997 1307 1341 1378 appellanda,
1392 1323 1500 1363 non
1550 1307 1750 1378 templa
1774 1304 1821 1364 ι’.
1856 1306 1989 1379 Rogi
2041 1315 2171 1363 sunt

571 1404 754 1471 potius
781 1401 994 1457 dicendi
1024 1402 1370 1461 miserorum.
1399 1401 1532 1459 Nam
1590 1403 1642 1457 in
1691 1400 1953 1461 honorem
1985 1399 2166 1457 homi-

571 1509 697 1549 num
724 1494 1061 1567 perditorum
1112 1494 1257 1549 aedes
1290 1509 1389 1564 pro
1418 1494 1683 1564 sepulcris
1727 1492 2037 1553 miseranda
2070 1492 2167 1547 ho-

572 1588 775 1640 minum
818 1587 1055 1640 servitus
1101 1586 1247 1639 facit.
1305 1586 1399 1640 llic
1452 1595 1817 1640 crematorum
1872 1599 2167 1656 corporum

569 1678 769 1731 favilla:
790 1687 1099 1743 servantur,
1136 1677 1221 1732 hic
1243 1678 1459 1737 cineres
1490 1687 1828 1733 mortuorum
1856 1676 2163 1747 irrcligiosa

571 1770 692 1839 lege
710 1769 1042 1832 conduntur,
1071 1778 1130 1827 ut
1158 1769 1484 1827 accrbarum
1514 1770 1773 1829 mortium
1805 1784 1966 1825 casus
1990 1771 2169 1840 qnoti-
2200 1802 2246 1862 Β

571 1861 737 1917 diano
767 1862 1108 1919 victimarum
1132 1864 1401 1933 sanguine
1423 1864 1792 1929 recrudescat,
1815 1873 1871 1919 ut
1897 1864 2066 1919 tristis
2094 1864 2171 1920 la-

574 1956 924 2011 mentatiouis
973 1955 1155 2012 exitus
1200 1965 1496 2017 renovatus
1549 1957 1746 2012 annuis
1798 1956 2033 2012 luctibus
2086 1972 2169 2013 re-

573 2059 848 2116 nascatur,
870 2058 929 2105 ut
956 2052 1164 2120 sopitos
1208 2050 1366 2109 ﬂetus
1420 2050 1695 2109 recentior
1720 2050 1960 2105 ululatus
1988 2050 2171 2121 exagi-

576 2151 675 2205 tet,
701 2154 756 2196 ttt
781 2142 1071 2211 parricidia
1106 2143 1191 2200 vel
1220 2143 1426 2199 incesta
1458 2144 1538 2199 vel
1572 2152 1777 2198 mortes
1798 2158 1862 2198 ex
1887 2156 2168 2200 sacrorum

573 2235 680 2288 ritu
706 2236 902 2289 misera
928 2250 1083 2289 mens
1106 2235 1385 2290 hominum
1413 2244 1468 2290 et
1487 2236 1669 2290 colere
1694 2234 1869 2289 discat
1892 2244 1944 2290 et
1969 2234 2167 2291 facere.

576 2326 919 2397 Amputanda
974 2337 1101 2385 sunt
1159 2328 1317 2395 haec,
1372 2327 1725 2385 sacratissimi
1788 2328 2167 2396 imperatores,

573 2422 791 2492 penitus
845 2430 1009 2491 atque
1059 2421 1325 2487 delenda,
1370 2430 1424 2477 et
1454 2420 1822 2477 severissimis
1863 2421 2170 2475 edictorum

574 2523 880 2570 vestrorum
907 2514 1122 2585 legibus
1157 2515 1506 2585 corrigenda,
1540 2530 1609 2570 ne
1628 2516 1834 2572 diutius
1864 2514 2170 2570 Romanum

573 2606 764 2665 orbem
793 2608 1236 2678 prtesumptionis
1274 2609 1435 2664 istius
1462 2624 1617 2665 error
1648 2609 1899 2665 funestus
1928 2622 2173 2667 comma-

574 2700 742 2765 culet,
776 2715 843 2755 ne
876 2700 1151 2770 pestiferae
1196 2701 1609 2757 consuetudinis
1664 2702 2012 2757 convalescat
2072 2702 2171 2757 im-

577 2794 840 2862 probitas.
872 2792 1144 2865 Quidquid
1197 2795 1473 2850 hominem
1500 2794 1596 2851 Dei
1619 2806 1640 2834 ο
1672 2804 1900 2853 conatur
1919 2794 2169 2864 perdere,

577 2900 645 2941 ne
676 2886 882 2941 diutius
913 2888 965 2941 in
998 2896 1141 2943 terra
1164 2888 1496 2945 dominetur.
1517 2888 1721 2945 Nolunt
1757 2887 1972 2958 quidem
2000 2897 2055 2943 et
2083 2902 2171 2947 re-

578 2989 841 3049 pugnant,
873 2990 926 3036 ct
943 2980 1169 3036 exitium
1202 2997 1358 3038 suum
1409 2997 1579 3052 prona
1627 2982 1925 3051 cupiditate
1952 2980 2171 3041 deside-

572 3082 696 3129 rant
729 3092 741 3128 :
771 3074 867 3131 sed
922 3076 1209 3132 subvenite
1250 3076 1487 3143 miseris,
1509 3076 1736 3133 liberate
1760 3086 2070 3146 pereuntes,
2104 3074 2170 3130 ad

2267 469 2310 522 si
2346 470 2544 525 malum
2593 471 2767 529 morbi
2800 471 2993 531 fortius
3040 475 3318 537 creverit.
3361 475 3575 540 majora
3634 474 3882 529 remedia

2268 572 2609 629 quieruntnr,
2635 574 2689 623 et
2716 578 2816 633 pro
2845 565 3021 621 salute
3050 566 3360 621 hominibus
3392 567 3636 621 sollicita
3690 565 3884 623 fortius

2267 666 2327 706 se
2357 653 2625 710 medicina
2660 658 2912 729 opponit.
2962 660 3155 730 Asperi
3200 660 3333 728 cibi,
3375 660 3549 717 amari
3584 669 3760 729 potus
3791 676 3887 715 no-

2266 744 2504 802 lentibus
2558 748 2922 818 ingeruntur:
2971 760 3025 809 et
3075 752 3119 806 si
3165 754 3510 813 convaluerit
3558 753 3804 817 malum,
3839 763 3887 808 et

2269 838 2407 909 ignis
2429 841 2718 901 adhibetur
2745 854 2799 900 et
2824 844 3050 903 ferrum.
3070 845 3159 905 Sic
3186 845 3370 911 homo,
3388 857 3615 916 recepta
3641 848 3888 903 sanitate

2265 944 2316 987 et
2366 934 2540 993 salute
2571 937 2672 990 sibi
2716 936 2951 1002 reddita,
2976 939 3236 1009 quidquid
3268 940 3593 1009 aegrotantis
3619 941 3886 1010 carpe-ris

2266 1024 2399 1081 vitio
2420 1025 2622 1085 invitus
2646 1042 2839 1100 passus
2872 1039 2977 1098 est,
3009 1030 3111 1089 hoc
3161 1040 3333 1089 totum
3367 1047 3464 1099 pro
3504 1031 3766 1089 utilitate
3791 1048 3885 1085 sua

2269 1118 2465 1179 factum
2495 1136 2641 1190 esse,
2670 1124 2867 1185 stantis
2897 1124 3065 1185 animi
3086 1124 3295 1195 judicio
3323 1126 3646 1184 confitetur.

2836 1216 3067 1277 CAPUT
3106 1217 3292 1273 XVIII.

2270 1302 2650 1377 Elymologias,
2687 1308 2792 1365 sive
2836 1310 3062 1380 origines
3106 1310 3396 1375 nominum,
3425 1326 3543 1377 quin
3588 1310 3696 1365 diis
3730 1314 3885 1366 attri-

2341 1401 2645 1464 buebantur,
2676 1404 2907 1474 exponit.
2935 1404 3180 1474 Symbola
3219 1405 3407 1458 deinde
3445 1416 3493 1461 et
3523 1404 3681 1477 signa
3708 1407 3882 1461 cultus

2340 1496 2551 1550 deorum
2579 1495 2866 1565 explanat,
2897 1496 3071 1553 multis
3119 1497 3297 1560 simul,
3330 1496 3418 1551 ubi
3440 1497 3649 1551 ocrasio
3688 1498 3793 1568 ipsi
3818 1515 3883 1551 ex

2340 1588 2490 1658 genio
2518 1587 2693 1643 σιτευιὶ
2724 1596 2873 1657 atque
2920 1604 3084 1645 sacrm
3122 1587 3413 1659 Scriptum
3465 1590 3880 1661 interpretanda!

2340 1682 2539 1737 ratione
2597 1685 2734 1750 ferre
2762 1681 3071 1747 videbatur,
3126 1682 3252 1737 locis
3301 1681 3515 1743 Biblicis
3571 1683 3776 1738 allatis.
3809 1682 3877 1739 Et

2342 1775 2398 1829 in
2464 1774 2691 1844 quinque
2743 1775 3001 1845 imprimis
3068 1773 3311 1843 symbolis
3367 1776 3692 1844 exponendis
3770 1792 3881 1831 m-

2344 1879 2507 1922 satur.

2344 1959 2586 2027 Accipite
2610 1958 2800 2023 etiam,
2846 1957 3181 2015 sacrosancti
3204 1958 3503 2028 principes,
3535 1959 3763 2014 nomina
3785 1973 3880 2014 eo-

2273 2066 2390 2109 rum
2446 2065 2552 2119 qua
2613 2058 2742 2107 sunt
2796 2050 3009 2109 ratione
3065 2050 3414 2120 composita;
3489 2050 3677 2111 lumen
3733 2050 3875 2115 hoc,

2271 2142 2413 2212 quod
2446 2141 2754 2201 hominibus
2800 2141 2955 2213 jussu
3010 2140 3131 2209 Dei,
3189 2141 3386 2211 fugatis
3415 2141 3681 2208 tenebris,
3734 2142 3875 2203 diem

2270 2236 2468 2301 reddit,
2500 2236 2645 2307 quod
2679 2251 2773 2306 per
2802 2234 3090 2290 duodecim
3118 2233 3379 2291 horarum
3416 2234 3595 2304 spatia
3636 2248 3658 2270 [³
3685 2250 3878 2293 cursus

2272 2332 2352 2386 sui
2382 2331 2628 2391 ordinent
2661 2330 2868 2400 dirigit,
2898 2330 3068 2386 solem
3112 2328 3220 2385 dici
3253 2328 3571 2391 voluerunt,
3607 2346 3719 2384 non
3756 2333 3875 2399 quia

2272 2424 2419 2479 solus
2466 2434 2573 2490 est,
2598 2432 2658 2479 ut
2695 2422 2916 2494 quidam
2942 2421 3154 2487 volunt,
3186 2420 3309 2491 quia
3357 2421 3433 2477 ibi
3476 2430 3533 2477 et
3562 2424 3771 2479 emtum
3802 2435 3880 2478 est

2272 2525 2328 2571 et
2356 2516 2481 2577 lttna
2512 2526 2565 2573 et
2590 2516 2692 2571 alia
2727 2516 2958 2585 plurima
2990 2514 3173 2569 sidera
3196 2530 3318 2585 quae
3348 2514 3625 2581 videmus,
3654 2531 3727 2570 ex
3765 2518 3880 2585 qui—

2274 2611 2373 2667 bus
2401 2609 2650 2680 quaedam
2676 2623 2780 2663 una
2827 2607 2973 2663 serie
3024 2616 3079 2663 ct
3108 2607 3439 2667 cohazrentia
3483 2616 3748 2677 perpetua
3811 2610 3881 2663 εἰν

2281 2702 2504 2772 mulqne
2528 2702 2782 2771 copulata
2816 2700 3022 2766 lucent,
3053 2698 3156 2752 alia
3211 2707 3328 2753 toto
3378 2713 3566 2770 sparsa
3600 2701 3751 2763 coelo
3793 2716 3881 2754 va-

2273 2810 2370 2863 gos
2411 2808 2604 2851 cursus
2652 2792 2767 2851 suis
2824 2792 3122 2846 metiuntur
3173 2790 3458 2846 erroribus
3494 2789 3539 2845 ί.
3590 2791 3699 2847 Sed
3756 2792 3879 2847 ideo

2274 2886 2368 2942 Sol
2413 2886 2740 2957 appellatur,
2775 2884 2923 2955 quia,
2956 2898 3079 2939 cum
3130 2893 3282 2939 ortus
3327 2881 3513 2949 fuerit,
3572 2884 3878 2941 obscuratis

2276 2982 2491 3035 caneris
2523 2978 2821 3042 sideribus,
2869 2977 3045 3031 luceat
3089 2976 3237 3033 solus
3265 2986 3311 3029 ις.
3344 2976 3495 3031 Luna
3544 2977 3711 3032 etiam
3769 2981 3877 3033 hac

2273 3071 2467 3127 eadem
2500 3070 2701 3127 Lucina
2725 3084 2754 3124 a
2782 3076 3051 3125 nocturno
3100 3069 3303 3129 lumine
3355 3084 3553 3125 nomen
3595 3073 3808 3139 accepit
3834 3070 3874 3122 δ.

575 3168 679 3224 hoc
710 3169 862 3224 vobis
897 3169 1037 3225 Deus
1065 3185 1311 3227 summus
1340 3171 1612 3226 commisit
1641 3170 1950 3240 imperium,
1983 3177 2039 3223 ut
2079 3182 2174 3237 per
2200 3190 2245 3248 ε
2280 3165 2428 3220 lianc
2481 3163 2646 3218 etiam
2680 3161 2897 3231 quidam
2954 3160 3062 3216 diei
3120 3161 3418 3216 voluerunt
3453 3162 3701 3228 Dianam,
3737 3162 3874 3228 quod

577 3274 671 3315 vos
693 3261 941 3316 vulneris
983 3262 1142 3318 istius
1180 3264 1332 3333 plaga
1362 3272 1606 3319 curetur.
1649 3262 1933 3319 Facinoris
1981 3276 2169 3318 eorum

575 3354 874 3421 periculum
917 3355 1121 3409 scimus
1152 3398 1168 3421 ,
1216 3356 1421 3412 erroris
1471 3367 1613 3413 natm
1644 3365 1771 3413 sunt
1818 3371 1995 3425 paena:
2027 3372 2041 3420 ;
2076 3353 2169 3408 sed

578 3445 773 3500 melius
804 3457 908 3513 est,
938 3456 997 3502 ut
1037 3448 1281 3504 liberetis
1309 3450 1529 3517 invitos,
1559 3464 1721 3519 quam
1776 3460 1834 3509 ut
1863 3448 2173 3509 volentibus

577 3539 894 3595 concedatis
917 3540 1163 3596 exitium.
1186 3541 1543 3612 Egrotantes
1565 3544 1838 3598 contraria
1871 3542 2171 3609 delectant,

578 3642 627 3683 et
662 3645 784 3685 cum
818 3646 1018 3700 corpus
1050 3634 1285 3689 hominis
1315 3634 1543 3691 adversa
1574 3634 1826 3688 valetudo
1849 3635 2171 3702 possederit,

579 3730 766 3777 contra
817 3724 1049 3779 salutem
1082 3739 1234 3779 suam
1285 3726 1710 3782 aluborantihus
1762 3741 2015 3796 perversa
2046 3741 2168 3796 pns-

575 3825 790 3871 cuntur.
815 3815 984 3887 Capta
1017 3834 1171 3873 mens
1216 3820 1493 3891 languoris
1520 3820 1653 3874 vitio
1676 3820 1993 3875 morborum
2030 3834 2173 3875 scm-

579 3927 677 3981 per
724 3923 1013 3983 augmenta
1045 3914 1343 3983 desiderat,
1374 3923 1427 3971 et
1460 3914 1697 3971 medelas
1750 3915 2019 3973 artificum
2080 3931 2170 3969 as-

579 4015 834 4073 pcrnatas
879 4006 1183 4062 contemnit
1211 4004 1260 4073 ἀ,
1290 4008 1492 4079 respuit
1529 4008 1834 4064 remedium
1868 4008 2178 4075 medicinis,

2282 3272 2376 3325 per
2432 3265 2645 3311 noctem
2691 3255 2879 3309 lucens
2931 3252 3245 3310 hominibus
3274 3252 3504 3307 alterum
3544 3268 3681 3320 pene
3731 3254 3870 3307 diem

2279 3349 2461 3405 faciat.
2491 3346 2790 3405 Anatando
2815 3346 3122 3416 Neptunum
3150 3346 3256 3400 dici
3287 3346 3603 3411 voluerunt,
3636 3361 3701 3400 ex
3737 3346 3869 3411 hoc,

2278 3444 2422 3513 quod
2464 3445 2692 3501 libenter
2748 3440 3066 3508 faciebant,
3127 3442 3484 3497 snhstantiam
3547 3443 3783 3501 nominis
3814 3444 3868 3495 li.

2278 3550 2538 3609 gurantcs
2584 3538 2627 3589 ί.
2653 3537 2950 3597 Terrenam
2982 3537 3089 3593 vim
3127 3551 3343 3591 omnem
3391 3545 3556 3606 atque
3605 3544 3865 3601 naturam,

2280 3632 2453 3686 Ditem
2482 3640 2688 3700 patrem
2717 3629 2939 3693 dicunt;
2966 3629 3087 3698 quia
3115 3628 3233 3682 haec
3256 3636 3341 3682 est
3375 3635 3570 3689 natura
3602 3636 3783 3693 terras,
3816 3637 3865 3681 ut

2276 3734 2327 3777 et
2352 3723 2592 3778 recidant
2617 3723 2671 3781 in
2693 3737 2814 3781 eam
2842 3720 3048 3784 omnia,
3075 3730 3131 3776 et
3153 3733 3343 3774 rursus
3362 3735 3429 3779 ex
3458 3733 3521 3781 ea
3543 3728 3659 3773 orta
3687 3733 3865 3787 proce-

2275 3819 2426 3885 dant,
2480 3832 2602 3887 qnte
2632 3830 2719 3872 res
2769 3815 3103 3885 epttlentiam
3140 3822 3301 3873 terra:
3327 3812 3655 3882 divitiasque
3694 3827 3863 3867 mons-

2262 3911 2458 3965 ‘travit.
2492 3909 2724 3979 Frugum
2754 3906 3116 3962 substantiam
3142 3906 3331 3960 volunt
3359 3906 3740 3977 Proserpinam
3784 3904 3860 3958 di-

2288 4020 2414 4063 cere
2448 4022 2459 4070 ;
2493 4004 2616 4074 quia
2660 4004 2842 4073 fruges
2893 4000 3222 4066 hominibus,
3258 4014 3381 4057 cum
3422 4001 3532 4053 seri
3582 3998 3856 4068 cmperint,

574 4188 843 4267 ﬂeraclid.
869 4190 1133 4267 Ponticus
1154 4192 1331 4261 Alleg.
1351 4190 1623 4267 _Homer.,
1662 4208 1715 4261 p.
1748 4194 1837 4249 73.
1883 4195 1960 4249 De
1999 4193 2159 4247 tertia
2190 4206 2244 4267 ι)
2268 4189 2537 4267 Scipionis
2552 4188 2690 4260 apud
2710 4187 3031 4244 Ciceronem
3056 4187 3123 4243 de
3151 4186 3469 4259 Republica,
3501 4186 3593 4241 lib.
3624 4200 3699 4247 vr,
3725 4200 3770 4239 c.
3800 4186 3855 4241 l7

578 4260 818 4316 Minerva
846 4278 858 4313 :
887 4266 1034 4353 τρίτη
1057 4262 1099 4318 δ’
1122 4260 1321 4331 Ἀθηνᾶ,
1345 4264 1428 4321 διὰ
1447 4270 1571 4338 μιᾶς
1584 4260 1859 4329 ἐπιϐουλῆς·
1876 4269 1947 4327 εἰς
1962 4267 2166 4341 πατέρα

578 4337 657 4387 καὶ
685 4335 880 4388 μητέρα
911 4336 1269 4388 ουσσεϐοὖσα.

575 4355 657 4387 και
684 4354 880 4408 μητερα
911 4354 1269 4391 θυσσεδονσα.

645 4413 669 4438 ⁸
695 4405 992 4475 Palladium
1047 4420 1125 4459 sc.
1161 4422 1190 4459 a
1221 4405 1546 4471 Vestalibus,
1585 4407 1933 4475 pontificibus
1962 4409 2166 4474 Vestm,

572 4474 923 4548 custoditum.
951 4474 1243 4548 Gntherins
1273 4477 1339 4531 de
1384 4478 1507 4533 Vet.
1533 4474 1665 4535 Jure
1704 4480 1961 4548 pontiﬁce
2011 4479 2170 4536 Urbis

576 4544 763 4600 Romm
796 4562 848 4615 p.
882 4546 974 4601 21.
1006 4547 1061 4601 In
1084 4556 1194 4601 vct.
1227 4549 1583 4619 inscriptione
1610 4544 1866 4606 dicuntur
1903 4567 1916 4604 :

858 4663 1163 4704 PONTIFICES
1184 4664 1390 4706 VESTAE
1422 4667 1477 4705 ν.
1506 4668 1559 4705 γ.
1584 4666 1637 4709 C.
1661 4666 1714 4707 (ι.

569 4748 849 4823 (Virgines
875 4750 1125 4823 Vestales
1166 4752 1536 4823 castissimae).
1570 4752 1701 4808 Ibid.

640 4820 668 4857 ι)
690 4820 994 4895 Temptant
1038 4821 1190 4879 busta
1235 4820 1551 4895 despiciunt.
1600 4824 1799 4878 Minue.
1830 4826 2005 4881 Felix.
2040 4841 2088 4880 ο.
2114 4829 2169 4883 8.

572 4890 798 4944 Tertull.
825 4892 893 4946 de
918 4892 1192 4969 Spectac.,
1225 4909 1275 4949 c.
1312 4890 1380 4969 {AZ}
1408 4912 1419 4948 ε
1462 4893 1572 4949 Nec
1604 4899 1773 4951 minus
1801 4898 1991 4969 templa
2020 4916 2169 4964 quam

569 4972 898 5039 monumenta
949 4964 1280 5039 despicimus.
1332 4967 1537 5035 Nempe
1602 4982 1725 5021 cum
1784 4968 1835 5021 in
1896 4964 2172 5039 plerisque

570 5032 870 5087 Gentiliqu
901 5032 1115 5101 templis
1141 5032 1521 5092 defunctorum
1552 5039 1821 5093 cadavera
1845 5032 1947 5093 sita
1986 5032 2174 5096 essent

566 5118 629 5157 ac
663 5104 920 5179 tumulata
952 5106 1117 5176 (quod
1145 5105 1317 5161 Clem.
1348 5110 1531 5173 Alex.,
1562 5111 1855 5174 Arnobius,
1884 5112 2169 5179 Eusebius,

569 5184 623 5227 et
646 5176 734 5249 alii
765 5176 1005 5249 pluribus
1031 5179 1433 5249 comprobant),
1463 5182 1757 5237 Christiani
1781 5185 1849 5237 ab
1879 5201 1946 5239 eo
1978 5200 2078 5239 usu
2105 5176 2170 5238 ea

570 5247 767 5316 SthitlS
794 5256 848 5299 et
878 5246 1303 5304 denominubant
1330 5246 1773 5308 ettesﬁmabant.
2025 5286 2037 5294 -

648 5328 668 5353 ε
700 5317 848 5393 l_l_at_tt_:
879 5319 1373 5393 denominationetn
1428 5323 1642 5379 videtur
1690 5341 1755 5380 ex
1781 5326 1798 5379 Ι
1829 5326 2070 5381 ΤίηιοιΙι.
2096 5343 2171 5393 vt,

571 5389 633 5442 11
671 5429 684 5447 .
718 5388 757 5441 ll
781 5388 1049 5458 Titnoth.,
1083 5408 1163 5455 ttt,
1199 5394 1287 5455 l7,
1322 5404 1597 5450 mutuatus
1648 5412 1789 5452 esse.
1821 5398 2026 5453 llearz.

637 5458 667 5543 ξι
700 5459 1004 5516 anerins
1048 5463 1287 5519 correxit
1330 5466 1587 5533 Aspernat
1614 5483 1675 5522 ac
1710 5470 2005 5526 contemnit.
2066 5468 2173 5524 Ne-

572 5548 686 5586 SClt)
711 5547 829 5586 cur.

646 5613 683 5683 e_
709 5604 876 5683 Dicm,
903 5605 1118 5683 quthol
1148 5605 1200 5660 in
1230 5607 1371 5663 caelo
1402 5608 1569 5677 lucet,
1601 5609 1654 5664 in
1702 5609 1862 5666 horas
1887 5609 2173 5675 duodecim

577 5673 789 5735 dividit,
825 5673 972 5730 more
1000 5676 1268 5733 Romano.

653 5743 670 5782 ί
706 5743 888 5807 Facile
932 5748 1047 5803 haec
1085 5749 1379 5808 admonent
1422 5752 1669 5813 sublimis
1720 5754 1821 5821 loci
1854 5754 1906 5810 in
1949 5753 2178 5813 Somnio

2275 4262 2539 4395 ειὲὃέίς..
2567 4332 2634 4387 de
2680 4332 2797 4386 Nat.
2838 4331 3021 4395 ficor.,
3069 4346 3128 4395 tt,
3157 4328 3416 4383 ‘27:Cum
3461 4328 3557 4384 Sol
3576 4329 3734 4387 dictus
3756 4332 3854 4397 [ue-

2274 4405 2361 4465 rit,
2388 4405 2508 4474 quia
2557 4404 2697 4474 solus
2753 4419 2814 4455 ea:
2858 4401 3090 4474 omnibus
3116 4400 3370 4474 sideribus
3413 4412 3490 4454 est
3519 4411 3706 4454 timtus.
3737 4401 3849 4455 Hoe-

2275 4472 2420 4529 thius
2448 4476 2609 4530 Cons.
2642 4473 2845 4529 Philos.
2868 4490 2918 4539 v,
2944 4472 3095 4527 Metr.
3119 4472 3154 4525 Ξ
3182 4488 3195 4523 :

2524 4590 2701 4648 Quem,
2728 4590 2843 4650 quia
2866 4589 3067 4649 restucit
3089 4588 3247 4650 omnia
3271 4586 3419 4645 solus,

2525 4652 2709 4702 Verum
2735 4649 2892 4714 possis
2915 4652 3083 4699 dicere
3105 4649 3290 4698 Solem.

2275 4758 2413 4825 Quin
2446 4767 2500 4813 et
2521 4756 2641 4830 ‘Arro'
2652 4758 2775 4830 λᾏων
2802 4798 2816 4820 .
2850 4763 3111 4830 μυστικῶς
3138 4758 3269 4811 κατά
3298 4760 3513 4830 τήρησιν
3552 4761 3648 4809 τῶν
3672 4754 3844 4830 milvi?

2276 4822 2571 4900 ὐῦούμενος,
2601 4828 2625 4883 ὁ
2657 4826 2725 4887 εἷς
2750 4822 2864 4900 ἐστὶ
2894 4830 3023 4891 θεὸς,
3056 4829 3324 4900 Lletttent.
3357 4822 3561 4884 Strotn.
3615 4843 3651 4900 ι,
3687 4840 3737 4900 te.
3765 4822 3845 4900 ἐξ.

2280 4894 2409 4971 pag.‘
2434 4902 2558 4965 419,
2604 4902 2688 4954 ed.
2718 4899 2888 4971 ίιιυιι.
2942 4900 3057 4953 Vit].
3108 4899 3359 4953 (lrcuzet'i
3409 4908 3541 4971 not.
3570 4897 3632 4971 at_l
3811 4894 3839 4945 Ι.

2277 4972 2312 5026 I.
2336 4967 2371 5033 ;’
2401 4971 2569 5025 Varro
2598 4971 2663 5025 de.
2714 4970 2771 5024 L.
2824 4970 2883 5025 L.
2913 4970 3007 5024 lib.
3040 4985 3113 5035 tv,
3144 4984 3192 5024 c.
3228 4971 3327 5035 l0;
3357 4968 3543 5023 ιδίιιυτῑ
3597 4967 3839 5037 Origines,

2278 5058 2355 5107 ιιι,
2386 5043 2477 5096 Ἱυ.

2350 5113 2375 5149 ιι
2405 5114 2545 5180 tiic.,
2596 5113 2663 5168 de
2693 5112 2819 5168 Nat.
2854 5112 2943 5179 D.,
2976 5128 3031 5175 tt,
3066 5127 3115 5166 c.
3142 5111 3212 5167 27
3234 5110 3431 5184 :_Luna
3477 5108 3745 5184 uincendo
3764 5122 3843 5184 ne:

2277 5184 2470 5239 minata
2519 5187 2581 5238 sit
2623 5200 2642 5251 ,'
2694 5184 2870 5238 cadent
2925 5194 2998 5238 est
3056 5184 3192 5237 enim
3245 5182 3464 5240 Lucina.
3498 5180 3578 5237 Cf.
3610 5180 3838 5237 Crenzeri

2278 5267 2390 5311 not.
2419 5257 2507 5311 96.

2358 5338 2371 5364 ι
2407 5328 2520 5382 Cic.
2554 5327 2621 5399 tle
2649 5326 2771 5381 Nat.
2804 5327 2893 5391 D.,
2927 5340 2985 5389 tt,
3015 5324 3121 5399 26;
3147 5323 3426 5399 Neptunus
3454 5323 3699 5399 attendo,
3725 5334 3835 5395 pall:

2278 5401 2387 5454 lum
2415 5394 2595 5454 orimis
2624 5399 2807 5452 litteris
2869 5397 3167 5451 immutatis.
3203 5398 3332 5453 Vide
3382 5407 3563 5451 notam
3611 5392 3835 5446 Cretueri

2277 5473 2367 5526 83.
2406 5456 2698 5535 Arnobius,
2757 5486 2838 5529 ιιι.
2892 5467 2981 5538 51,
3015 5468 3160 5521 aliud
3223 5470 3383 5525 affert
3428 5476 3662 5538 etymnn,
3694 5456 3831 5538 quid

2277 5558 2414 5612 aqua
2460 5546 2624 5596 nubat
2654 5533 2846 5612 terrae.
2886 5537 2975 5599 Sic
3017 5554 3233 5612 quoque
3268 5540 3438 5595 Varro
3487 5533 3554 5593 de
3768 5544 3827 5612 ιχ.

2284 5599 2548 5668 Fortassis
2592 5599 3193 5685 derivandnntvidettir
3219 5628 3247 5665 a
3296 5613 3461 5685 νέφος,
3490 5611 3637 5681 aspris»
3666 5599 3827 5685 (Qtell;

2278 5686 2343 5739 ad
2376 5686 2579 5741 Arnob.
2608 5701 2686 5755 ιιι,
2716 5684 2830 5755 51),
2866 5683 2966 5738 nisi
2988 5684 3067 5755 sit
3089 5684 3315 5753 originis
3338 5670 3647 5755 peregriilaz.
3673 5670 3826 5729 ’Λιίυά

2280 5765 2499 5837 etytnon
2523 5740 2585 5813 ea;
2614 5740 2941 5829 Nepto'unus
2968 5752 3110 5819 dedit
3138 5740 3499 5817 [lcrmahnus'
3515 5740 3825 5827 (Humani!
