3992 6204
524 200 668 258 11)ὶὸ

1762 197 1935 257 ιυιιι
1976 196 2236 255 1³11111101
2275 196 2585 256 ΜΑΤΕΒΝΙ

3707 199 3839 255 1921

521 324 608 372 tes
634 315 864 382 relevat,
894 325 1145 373 errantes
1170 324 1415 378 revocat,
1447 315 1630 385 lapsos
1667 314 1849 384 erigit,
1882 314 1972 383 qui
2005 327 2120 367 mo-
2148 320 2201 378 Α
2226 313 2402 367 enim:
2431 312 2629 367 Timete
2656 312 2961 378 Dominum,
2984 315 3147 368 sancti
3172 318 3307 383 eius,
3331 314 3456 384 quia
3476 330 3589 368 non
3619 323 3703 367 est
3733 314 3840 365 ias-

526 408 795 464 rientibos
846 419 1069 463 :eterna:
1114 406 1543 462 immortalitatis
1584 406 1817 476 largitur
1869 406 2123 475 insignia.

526 501 733 557 Christi
767 516 985 571 panem,
1013 500 1214 555 Christi
1246 501 1496 569 poculum
1524 515 1709 570 quaere
1740 508 1788 562 ⁸,
1826 508 1885 553 ιιι
1911 509 2125 553 terrena

531 592 829 664 fragilitate
859 601 1198 663 contempta,
1230 593 1533 647 substantia
1566 592 1807 647 hominis
1838 590 2130 645 immortali

530 688 735 759 pabulo
758 687 1060 757 saginetur.
1092 686 1226 754 Quis
1255 696 1341 741 est
1364 696 1544 740 autem
1574 686 1662 740 hic
1696 687 1851 756 panis
1876 685 1960 739 vel
1983 684 2129 752 quod

534 781 789 852 poculum
808 782 833 833 ‘t
860 779 930 835 de
962 794 1069 849 quo
1109 779 1265 834 libris
1291 778 1601 835 Salomonis
1644 778 1909 847 sapientia
1936 792 2132 846 magna

532 889 667 930 voce
696 872 1033 943 praeclamat,
1084 874 1162 926 ait
1184 874 1331 927 enim
1364 890 1377 927 :
1411 870 1613 937 Venite,
1654 882 1700 924 et
1735 872 2041 923 manducate
2070 869 2134 923 de

535 966 663 1020 meis
697 966 937 1035 panibus,
968 976 1016 1020 et
1042 966 1195 1019 bibite
1238 966 1453 1028 nimum,
1496 965 1632 1035 quod
1680 962 1908 1017 miscuih
1947 961 2130 1032 (Prov.

536 1075 614 1126 ιχ,
655 1059 736 1130 5),
786 1068 843 1115 et
890 1058 1317 1123 Melchisedech,
1372 1074 1467 1113 rex
1519 1058 1723 1122 Salem,
1773 1067 1830 1112 et
1875 1056 2136 1111 sacerdos

538 1152 738 1206 summi
783 1152 899 1215 Dei,
936 1152 1237 1207 revertenti
1288 1152 1523 1206 Abrahae
1571 1168 1694 1206 cum
1729 1167 1869 1221 pane
1915 1160 1972 1205 et
2010 1151 2136 1205 vino

537 1242 939 1298 benedictionis
968 1243 1168 1298 obtulit
1193 1245 1431 1313 gratiam
1465 1255 1486 1282 ε
1512 1242 1665 1313 (Gen.
1696 1260 1805 1309 xiv,
1840 1244 1953 1313 18).
1990 1244 2139 1298 Isaac

535 1334 702 1389 etiam
732 1349 856 1389 cum
886 1334 1057 1390 Jaeob
1086 1336 1478 1402 benedixisset,
1528 1351 1650 1391 cum
1686 1336 1787 1391 hoc
1821 1336 1965 1391 idem
1996 1339 2138 1390 Esau

539 1442 570 1481 a
604 1435 760 1495 patre
786 1428 1107 1499 suppliciter
1138 1430 1403 1498 exigeret,
1436 1430 1719 1499 respondit
1744 1431 1793 1484 ei
1827 1440 2009 1498 pater:
2031 1428 2141 1482 Do-

540 1518 737 1571 minum
759 1528 903 1571 tuum
930 1520 1051 1589 fecit
1080 1520 1252 1585 illum,
1285 1532 1333 1577 et
1364 1537 1539 1574 omnes
1566 1521 1754 1590 fratres
1775 1524 1887 1593 ejus
1910 1522 2011 1590 [cci
2036 1537 2145 1574 ser-

539 1625 653 1673 vos,
686 1610 859 1663 tritico
888 1621 935 1662 et
958 1610 1077 1663 vino
1103 1612 1405 1679 confirmavi
1426 1612 1577 1665 illum
1595 1610 1622 1650 ά
1647 1611 1800 1683 (Gen.
1831 1629 1998 1677 XXVII,
2023 1612 2141 1683 37).

2228 408 2315 475 pia
2337 407 2431 469 eis,
2459 409 2549 476 qui
2591 416 2821 460 metuunt
2859 424 2997 461 eum.
3027 405 3224 460 Divites
3254 418 3533 478 eguerunt,
3570 418 3619 461 et
3656 408 3841 462 asstric-

2228 510 2387 561 runt;
2420 500 2508 567 qui
2529 510 2699 552 autem
2736 500 3007 569 inquirunt
3047 500 3344 565 Dominum,
3394 518 3495 554 non
3531 501 3843 570 indigebunt

2230 592 2369 645 omni
2395 593 2527 645 bono
2551 603 2575 639 8
2605 591 2780 662 (Psal.
2812 610 3001 655 χχχιιι,
3030 594 3116 659 10,
3154 594 3262 665 ll).
3296 595 3401 662 Qui
3436 596 3517 649 sic
3553 596 3609 647 in
3638 595 3843 663 templo

2235 695 2582 755 praztextatus
2612 686 2844 749 incedis,
2874 689 2964 756 qui
2988 687 3159 755 fulges
3190 703 3450 757 purpura,
3481 688 3647 756 cujus
3684 698 3846 756 caput

2234 787 2329 832 aut
2356 796 2488 833 auro
2533 790 2624 833 aut
2663 782 2814 835 lauro
2839 781 3125 851 premitur,
3174 796 3417 835 errorem
3468 792 3624 835 tuum
3673 782 3849 849 turpis
3944 804 3945 811 η

2235 883 2449 942 egestas
2473 874 2797 942 insequitur,
2826 874 3129 928 cervicibus
3151 874 3257 927 tuis
3283 889 3580 928 onerosum
3610 888 3848 942 panper-

2238 968 2365 1019 tatis
2414 967 2662 1019 imminct
2692 966 2923 1035 pondus.
2973 966 3126 1019 illum
3175 981 3335 1035 quem
3364 965 3607 1034 despicis
3640 980 3849 1035 paupe-

2238 1073 2377 1119 rem,
2408 1058 2589 1127 largus
2618 1056 2644 1092 δ
2676 1067 2729 1112 et
2760 1058 2911 1113 dives
2942 1068 3049 1121 est,
3082 1059 3315 1127 spatium
3348 1058 3429 1111 illi
3472 1058 3764 1111 Abraham
3795 1059 3847 1111 in

2238 1150 2363 1205 sinu
2391 1165 2491 1203 suo
2532 1163 2797 1221 prmparat
2846 1151 2998 1221 (an.
3030 1167 3116 1204 xvi
3137 1192 3152 1215 ,
3177 1151 3248 1204 ἓξ
3274 1151 3432 1220 seq.).
3471 1150 3629 1205 Tunc
3661 1160 3723 1204 tu
3758 1167 3849 1219 per

2242 1242 2527 1311 iuterjeeta
2552 1242 2586 1295 il
2606 1259 2889 1296 umniarum
2915 1245 3108 1311 spatia,
3133 1242 3200 1296 ad
3225 1242 3537 1311 mitiganda:
3560 1244 3848 1298 conscieno

2244 1335 2332 1389 tite
2364 1346 2466 1387 tua:
2494 1336 2741 1400 vulnera,
2792 1347 3008 1389 tenuem
3038 1336 3106 1389 ab
3143 1350 3209 1389 eo
3237 1334 3497 1388 stillantis
3532 1351 3699 1404 aqua:
3727 1347 3847 1404 gut-

2245 1430 2410 1484 tulam
2448 1430 2774 1498 postulabis,
2808 1445 2907 1484 nec
2954 1430 3047 1482 tibi
3079 1430 3272 1483 volt-ns
3301 1427 3543 1482 Lazarus
3577 1428 3845 1483 lenimen.

2246 1530 2357 1575 tum
2381 1521 2592 1575 doloris
2624 1522 2698 1574 tui
2729 1531 2820 1575 aut
2846 1521 2976 1574 dare
3007 1522 3210 1591 poterit
3242 1532 3334 1574 aut
3366 1520 3697 1589 impetrare.
3732 1522 3850 1576 Sin-

2245 1616 2497 1684 gulorum
2526 1616 2669 1669 enim
2699 1616 2813 1684 pari
2844 1616 3017 1684 gratia
3043 1616 3232 1669 merita
3258 1624 3598 1684 pensantur:
3630 1616 3707 1669 illi
3743 1616 3843 1669 vita

542 1703 698 1759 Tunc
727 1705 866 1759 Esau
898 1720 1060 1761 casus
1095 1721 1226 1761 suos
1253 1706 1449 1761 misera
1480 1707 1871 1763 lamentatione
1900 1706 2140 1772 deﬂevit,
2174 1717 2220 1778 Β
2248 1709 2563 1763 conferetur
2590 1718 2811 1778 prepter
2846 1709 3005 1777 hujus
3034 1708 3223 1763 smculi
3262 1710 3401 1762 mala
3431 1725 3447 1773 ;
3484 1709 3586 1763 tibi
3629 1720 3845 1778 promer

540 1798 665 1866 quia
696 1796 859 1852 tritici
891 1806 947 1853 et
975 1799 1109 1865 vini,
1142 1799 1194 1853 id
1239 1808 1343 1863 est,
1375 1798 1576 1855 futura:
1602 1800 1883 1855 felicitatis
1911 1800 2147 1871 perdidit

544 1888 799 1959 gratiam.
831 1890 985 1956 Quod
1017 1902 1199 1946 autem
1244 1894 1580 1947 consecratis
1615 1892 1932 1948 hominibus
1970 1909 2000 1951 a
2036 1894 2148 1948 Deo

545 1986 704 2055 panis
734 1986 953 2041 divinus
975 1984 1078 2042 iste
1104 1995 1414 2057 pra-stetur,
1456 2003 1552 2057 per
1582 1987 1799 2042 Esaiam
1826 1987 1959 2042 dicit
1980 1988 2149 2057 Spiri-

548 2088 637 2133 tus
684 2088 905 2134 sanctus
938 2098 952 2134 :
987 2079 1077 2135 Sic
1111 2080 1236 2134 dicit
1278 2080 1533 2135 Dominus
1576 2097 1596 2135 :
1629 2080 1765 2135 Ecce
1803 2083 1891 2150 qui
1924 2084 2149 2137 serviunt

545 2172 698 2238 mihi,
730 2173 1140 2239 manducabunt,
1174 2189 1262 2227 vos
1287 2185 1461 2228 autem
1480 2175 1736 2228 esurietis.
1770 2174 1904 2229 Ecce
1930 2176 2017 2246 qui
2042 2193 2152 2230 ser-

545 2266 693 2318 viunt
716 2266 869 2334 mihi,
883 2268 1343 2338 jucundabuntur,
1388 2286 1475 2323 vos
1510 2270 1923 2340 confundemini,
1955 2288 2043 2325 vos
2071 2273 2152 2324 in-

553 2358 768 2425 terﬁciet
812 2357 1065 2414 Dominus
1096 2370 1119 2397 ε
1144 2360 1316 2430 (Esai.
1364 2377 1488 2429 va,
1521 2363 1609 2429 15,
1642 2363 1749 2428 14;
1780 2378 1837 2425 v,
1869 2363 1983 2435 15).
2029 2363 2148 2419 Non

549 2452 729 2506 solum
778 2454 930 2522 panis
962 2454 1064 2509 iste
1097 2470 1125 2508 a
1173 2457 1287 2512 Deo
1316 2473 1531 2513 summo
1576 2460 1853 2531 sacrilegis
1892 2471 1946 2515 et
1971 2462 2151 2530 impiis

552 2544 881 2615 denegatur,
910 2548 1006 2602 sed
1029 2558 1084 2602 et
1116 2565 1273 2620 ptena
1307 2552 1660 2619 promittitur,
1694 2563 1748 2607 et
1772 2554 1981 2609 acerbze
2011 2571 2154 2610 mor-

553 2638 624 2692 tis
652 2638 1030 2695 decernuntur
1058 2643 1245 2711 exitia,
1294 2653 1353 2698 ut
1384 2645 1754 2701 esurientibus
1799 2646 2046 2701 faucibus
2073 2648 2155 2701 di-

554 2732 696 2787 vinze
740 2732 1237 2791 animadversionis
1278 2738 1457 2792 exitus
1488 2739 1791 2808 ingeratur.
1838 2740 2154 2810 Sequuntur

551 2824 715 2881 etiam
746 2826 847 2881 hoc
898 2826 1040 2883 idem
1070 2845 1236 2883 χχχιιι
1269 2830 1461 2895 psalmi
1491 2831 1799 2885 veneranda
1844 2847 2106 2903 responsa
2136 2849 2150 2897 ;

552 2919 630 2972 ait
660 2920 803 2973 enim
840 2936 935 2990 per
962 2921 1134 2976 David
1178 2922 1415 2993 Spiritus
1443 2936 1663 2978 sanctus
1698 2943 1710 2978 :
1742 2924 1957 2979 Gustate
1996 2936 2043 2978 et
2078 2926 2156 2978 vi-

552 3016 685 3078 dete,
721 3014 967 3083 quoniam
1000 3014 1169 3069 dulcis
1200 3027 1272 3070 cst
1314 3014 1592 3070 Dominus.
1640 3017 1805 3072 Dulce
1841 3029 1913 3073 est
1954 3020 2153 3073 caeleste

554 3106 824 3173 pabulum,
858 3107 1028 3161 dulcis
1052 3105 1150 3162 Dei
1180 3109 1345 3173 cibus,
1376 3126 1466 3163 nec
1512 3110 1661 3164 habet
1684 3112 1737 3163 in
1768 3128 1822 3165 se
1850 3112 2049 3165 miserae
2073 3116 2154 3181 fa-
2182 3097 2227 3160 C

554 3198 653 3250 mis
682 3199 825 3250 triste
856 3208 1189 3264 tormentum,
1220 3211 1265 3254 et
1308 3202 1372 3254 de
1391 3201 1637 3256 medullis
1668 3201 1935 3255 hominum
1960 3218 2151 3271 prtvce-

554 3291 719 3343 dentis
760 3293 939 3345 veneni
968 3294 1107 3347 virus
1146 3296 1380 3349 excludit
1407 3293 1426 3333 τ
1458 3295 1613 3367 (Psal
1682 3312 1865 3363 χχχιι,
1895 3296 1976 3367 9).
2027 3297 2154 3352 llmc

555 3380 627 3435 ita
671 3395 792 3437 esse
839 3385 1125 3453 sequentia
1174 3380 1381 3442 oraculi
1431 3403 1695 3457 responsa
1724 3388 2037 3454 declarant;
2078 3389 2155 3442 ait

630 3591 655 3617 ι
680 3582 1210 3654 Contentusdocere
1248 3582 1487 3647 videtur,
1534 3584 1589 3637 in
1630 3584 1906 3639 all'erenda
1954 3594 2154 3654 myste-

558 3653 764 3707 riorum
817 3652 1222 3725 Eleusiniorum
1278 3654 1577 3725 symbolica
1630 3655 1720 3707 illa
1769 3652 2044 3721 formula,
2104 3664 2153 3711 lx

555 3724 828 3804 Ξυμτςάνᾳυ
859 3724 1125 3804 βέβρωκρι,
1153 3728 1208 3804 ix
1245 3724 1505 3797 κυμβάλου
1531 3727 1767 3804 «irroga,
1800 3740 1904 3804 n_0_n
1934 3741 2149 3804 onlnem

560 3793 931 3850 Eucharistiai
960 3793 1406 3863 cogitatiotieni'a
1457 3806 1637 3850 mente
1666 3796 1887 3850 Firmici
1921 3797 2149 3852 alienam

557 3865 764 3940 fuisse;
798 3883 929 3940 quae
958 3870 1104 3940 enim
1134 3868 1491 3940 sequentibus
1522 3884 1552 3921 e
1604 3866 1823 3940 Psalmo
1850 3883 2017 3922 χχχιιι
2053 3868 2071 3940 (
2097 3870 2149 3924 in

559 3937 840 3992 llehraicis
892 3938 1080 3993 Bibliis
1122 3941 1312 4007 xxxiv)
1365 3938 1523 3992 affert
1563 3937 1750 4004 verba,
1799 3940 1867 3994 ab
1914 3937 2153 4008 antiquis

555 4008 882 4081 quihusdam
942 4010 1258 4064 doctoribus
1304 4011 1371 4064 de
1421 4008 1589 4065 C(ena
1652 4010 1865 4065 Domini
1922 4013 2151 4081 mystice

2248 1802 2411 1873 hujus
2438 1802 2622 1856 επιξυιί
2652 1802 2814 1865 bona,
2850 1811 3108 1871 perpetua
3140 1812 3534 1856 tormentorum
3560 1816 3724 1872 poena
3753 1802 3846 1857 deo

2247 1896 2507 1950 cernitur.
2542 1893 2611 1949 Ut
2657 1903 2835 1948 autem
2884 1894 3227 1949 manifestius
3273 1894 3583 1959 diceretur,
3627 1895 3842 1963 quinam

2250 1991 2347 2046 ille
2376 2001 2521 2046 esset
2552 1991 2729 2060 panis,
2762 2006 2857 2059 per
2890 2006 3048 2060 quem
3083 1991 3297 2045 misera:
3333 1990 3527 2045 mortis
3559 1990 3845 2045 vincuntur

2250 2085 2445 2148 exitia,
2477 2084 2594 2152 ipse
2638 2084 2899 2138 Dominus
2948 2093 3140 2138 sancto
3178 2099 3241 2138 ac
3282 2084 3604 2138 venerando
3636 2101 3736 2139 ore
3781 2084 3845 2137 si-

2250 2176 2454 2246 gnavit,
2507 2192 2575 2229 ue
2624 2191 2720 2244 per
2762 2176 3009 2231 diversos
3051 2176 3357 2231 tractatusi
3391 2191 3519 2246 spes
3569 2177 3842 2231 hominum

2249 2270 2429 2338 pravis
2473 2268 3018 2337 interpretationibus
3050 2268 3384 2322 fallerentur.
3434 2269 3574 2322 Dicit
3618 2270 3769 2323 enim
3800 2268 3843 2321 in

2252 2363 2551 2432 Evangelio
2580 2363 2819 2418 Joannes
2847 2380 2859 2415 :
2899 2362 3009 2435 Ego
3036 2379 3154 2415 sum
3184 2363 3334 2430 panis
3362 2362 3515 2425 vitae;
3541 2362 3634 2430 qui
3660 2363 3848 2415 venerit

2253 2455 2322 2508 ad
2353 2472 2452 2521 me,
2502 2472 2603 2507 non
2646 2456 2856 2519 esuriet,
2895 2466 2945 2509 et
2971 2456 3058 2523 qui
3099 2456 3151 2507 in
3182 2472 3262 2507 me
3309 2455 3609 2521 crediderit,
3642 2471 3748 2507 non
3785 2456 3849 2507 si-

2252 2551 2342 2605 tiet
2390 2551 2695 2619 nunquami
2742 2548 2941 2618 (Joan.
2993 2565 3072 2615 τι,
3127 2549 3263 2620 ‘55).
3306 2548 3437 2604 ltem
3481 2549 3534 2603 in
3577 2552 3850 2619 sequenti~

2256 2646 2357 2700 bus
2398 2645 2503 2699 hoc
2532 2645 2675 2699 idem
2709 2644 2874 2698 simili
2908 2643 3067 2698 modo
3105 2642 3408 2713 signiﬁcat;
3442 2644 3520 2697 ait
3565 2643 3712 2697 enim
3745 2658 3760 2695 :
3793 2642 3847 2697 Si

2254 2738 2366 2809 quis
2395 2738 2518 2801 sitit,
2556 2739 2727 2791 veniat
2756 2748 2805 2789 et
2830 2738 2986 2799 bibat,
3015 2737 3103 2807 qui
3122 2736 3285 2790 credit
3304 2737 3357 2788 in
3378 2753 3459 2789 me
3488 2733 3539 2788 κ.
3569 2734 3639 2789 Et
3663 2750 3845 2790 rursus

2255 2833 2391 2902 ipse,
2423 2842 2479 2885 ut
2508 2830 2808 2899 majestatis
2839 2845 2951 2883 sua:
2986 2828 3347 2883 substantiam
3374 2827 3729 2881 credentibus
3753 2838 3849 2881 tra-

2256 2925 2431 2989 deret,
2462 2924 2536 2977 ait
2561 2942 2572 2976 :
2607 2923 2723 2976 Nisi
2746 2923 2951 2976 ederitis
2980 2938 3187 2975 carnem
3217 2919 3345 2973 Filii
3365 2920 3618 2984 hominis,
3641 2930 3688 2973 et
3716 2919 3841 2973 bibe-

2256 3018 2369 3070 ritis
2419 3017 2719 3086 sanguinem
2749 3016 2882 3081 eius,
2928 3030 3030 3067 non
3081 3013 3329 3066 habebitis
3375 3014 3537 3068 vitans
3575 3012 3631 3064 in
3672 3009 3843 3064 voltis1

2262 3109 2449 3178 (Ibid.,
2484 3108 2594 3179 51).
2647 3107 2826 3174 Quare
2866 3107 2999 3160 nihil
3034 3106 3188 3161 vobis
3220 3107 3289 3159 sit
3331 3121 3454 3159 cum
3496 3106 3769 3177 tympanis
3788 3116 3842 3167 ιι,

2260 3200 2382 3256 cibo
2430 3200 2563 3267 odii,
2614 3200 2799 3254 miseri
2844 3199 3139 3265 mortales;
3175 3198 3434 3253 salutaris
3472 3200 3579 3253 eihi
3630 3198 3842 3269 gratiam

2259 3295 2507 3365 quaerite,
2544 3303 2599 3348 et
2648 3294 2951 3349 immortale
2983 3294 3229 3363 poculum
3262 3292 3453 3347 bibite.
3486 3290 3733 3346 Christus
3762 3305 3843 3345 vos

2261 3387 2439 3458 epulis
2456 3387 2568 3441 suis
2600 3395 2821 3442 revocat
2850 3386 2915 3441 ad
2947 3386 3145 3453 lucem,
3169 3394 3221 3440 et
3247 3386 3405 3455 gravi
3438 3400 3650 3441 veneno
3677 3396 3841 3454 putres

2329 3581 2357 3622 δ
2384 3583 2519 3638 Fere
2547 3592 2603 3636 ut
2634 3581 2969 3650 Augustinus
3006 3579 3075 3635 de
3105 3577 3337 3634 Civitate
3368 3578 3487 3643 Dei,
3522 3595 3661 3643 xvii,
3693 3580 3777 3633 ἐι).

2334 3666 2355 3691 ο
2384 3654 2835 3710 Melchisedecum
2857 3652 3131 3706 veteribus
3148 3651 3474 3705 Christianis
3492 3662 3672 3719 typum
3691 3652 3839 3703 fuissn

2256 3726 2481 3790 Christi,
2515 3742 2578 3779 ex
2607 3725 2771 3779 llebr.
2798 3740 2889 3786 \‘ll,
2923 3724 2975 3789 1,
3004 3731 3249 3787 constat;
3278 3722 3462 3793 itaque
3493 3724 3646 3791 panis
3668 3732 3719 3775 et
3744 3724 3837 3774 vini

2257 3798 2471 3867 oblatio
2503 3807 2662 3867 typus
2690 3806 2807 3850 erat
2832 3794 3208 3867 Eueharistiaz.

2328 3866 2353 3904 ἀ
2378 3862 2746 3937 Ver-baliujus
2777 3881 2965 3921 versus
3014 3867 3065 3918 iu
3108 3865 3353 3920 editione
3394 3862 3742 3919 Sabateriana
3780 3878 3835 3918 ex

2257 3939 2493 3995 Firmico
2523 3950 2738 4007 sumpta
2770 3948 2913 3991 sunt.

2334 4022 2357 4046 ι’
2386 4011 2453 4065 Ut
2475 4004 2776 4079 Cyprianus
2804 4009 2880 4063 1.ι
2908 4007 3302 4061 Testimonior.
3324 4004 3592 4079 adversus
3613 4005 3834 4079 Judzros,

556 4078 726 4134 fuisse
750 4080 1042 4149 exlilicata,
1069 4084 1223 4136 te~tis
1247 4080 1798 4137 (‘SlTIletltlttl‘CltlSitl
1826 4076 2148 4145 Parziplirasi
2179 4084 2233 4143 D
2256 4090 2313 4135 et
2342 4076 2657 4149 Fulgentius
2690 4082 2782 4134 lib.
2815 4097 2830 4133 ι
2856 4080 2921 4133 ad
2956 4079 3178 4133 Monim.
3224 4093 3274 4132 c.
3316 4076 3411 4137 25,
3436 4093 3600 4149 (vers.
3634 4078 3716 4131 1i.
3749 4076 3831 4131 Ul-

560 4150 721 4226 hujus
733 4168 813 4222 ps.
835 4168 975 4226 vers.
994 4152 1057 4207 9:
1088 4154 1270 4211 ’ἰστέον
1283 4157 1455 4226 μέντοι
1482 4156 1550 4226 ὡς
1579 4160 1692 4215 τοῖς
1714 4154 1871 4209 πάλαι
1889 4152 2150 4226 ⁹ιονδοιίοις

553 4224 585 4280 ἠ
634 4226 866 4301 εἰρημένη
917 4225 1160 4301 ἁρμόττει
1200 4223 1417 4282 Salvom“
1468 4223 1576 4301 ὁδξ
1617 4245 1672 4295 γε
1704 4226 1752 4277 ἐν
1789 4232 1862 4295 τῷ
1889 4224 2037 4301 βάθει
2056 4234 2147 4280 τοῦ

554 4297 853 4371 γρᾴμματος
894 4297 1241 4371 apert-rotasse;
1269 4304 1388 4357 νοῦς
1428 4304 1528 4352 τῶν
1555 4298 1699 4350 θείων
1741 4299 2037 4371 μυστηρίων
2058 4302 2150 4371 τήν

556 4367 715 4444 χάριν
758 4370 1067 4444 αἰνίττεταιχ
1103 4368 1188 4423 διὰ
1214 4370 1324 4444 ’γᾴρ
1349 4375 1437 4423 τοῦ
1458 4371 1711 4444 πφανχίου
1733 4367 2092 4444 Daucia-patro:
2122 4368 2148 4422 ὁ

556 4437 743 4495 elaea-
765 4442 1023 4508 qaw‘rta'tso;
1049 4437 1305 4507 (respicit
1329 4454 1471 4492 vers.
1510 4438 1542 4491 6
1576 4437 1969 4506 praecedentem
1998 4438 2015 4506 )
2042 4448 2148 4499 τοῖς

552 4515 834 4584 προσιοῦοζι
864 4512 1217 4584 προσγίνεται,
1247 4514 1332 4565 καὶ
1358 4518 1448 4570 τῆς
1477 4514 1728 4584 ζῳοποιοῦ
1756 4518 1944 4584 τροφῆς
1970 4512 1999 4567 ἡ
2025 4518 2147 4579 γεῦ-

554 4580 639 4656 0i;
667 4587 758 4656 τῆν
783 4580 1070 4656 ἀγασὸτηίτα
1115 4588 1206 4637 τοῦ
1252 4590 1484 4656 σωτῆρος
1509 4580 1799 4656 -δείκνυσιιί
1820 4583 2065 4656 ἐνᾲαργῶς.
2090 4584 2149 4635 Τί

553 4650 653 4727 γὰρ
676 4650 837 4712 οὗτοιέ
856 4654 1015 4727 (autem?
1049 4662 1227 4727 σαφῶς
1245 4663 1335 4727 τήν
1356 4650 2111 4727 φιλανθρῳπιὶανῗύποδέίκιιυσιν
2131 4693 2145 4714 ,

553 4723 630 4798 93;—
675 4724 924 4798 σταυρὸς.
957 4729 1036 4780 καὶ
1061 4723 1137 4779 τὸ’
1162 4726 1340 4786 πάθος,
1364 4723 1371 4726 ⁷
1392 4728 1477 4778 καὶ
1505 4723 1530 4777 ὁ
1561 4726 1692 4798 ὑπὲρ
1720 4726 1859 4798 ἡμῶν
1881 4723 2147 4795 γενόμενος

549 4793 784 4867 quva-rom
815 4793 825 4798 ”
847 4799 933 4850 κκὶ
975 4799 1033 4851 τὸ
1063 4798 1298 4867 γενέσθαι
1319 4803 1419 4867 τῶν
1448 4796 1638 4867 οὶκείωῗν
1662 4793 1941 4867 emacem»
1961 4800 2148 4867 τρρφὴν

552 4814 784 4857 σανατος,
847 4817 933 4850 κκι
975 4818 1033 4851 το
1063 4814 1298 4867 γενεσυαι
1319 4818 1419 4849 των
1448 4816 1638 4849 οικειων
1662 4814 1941 4865 «ponater
1961 4816 1990 4848 τ
2028 4817 2145 4864 οφην

552 4862 681 4933 ὁμοῦ
714 4870 801 4938 τεαὶ
829 4873 1032 4938 πηγήνέ
1066 4869 1205 4937 Opp.
1237 4868 1329 4921 ed.
1378 4866 1742 4938 Scltnltzianm
1774 4864 1944 4938 (llal.,
1984 4814 2145 4933 lo'i'69)

553 4938 704 4985 titulo
728 4934 768 4999 l,
802 4951 857 5005 p.
889 4934 1012 4991 8t5.
1045 4934 1214 5005 Quam
1244 4938 1462 5007 quidem
1506 4935 1695 4989 horum
1725 4936 2013 4990 verborum
2064 4937 2146 4989 in-

551 5007 999 5077 terpretationem
1042 5009 1265 5063 Firuiici
1292 5010 1401 5077 jam
1451 5023 1565 5059 :rvo
1609 5017 1921 5074 usurpatam
1954 5007 2143 5073 fuisse,

553 5073 698 5155 haud
729 5075 940 5155 dubito.
988 5080 1209 5134 Sacram
1240 5073 1402 5148 porro
1438 5078 1671 5155 Coenam
1692 5079 1805 5155 ipsa
1839 5078 1957 5155 ejus
1985 5078 2145 5134 verba

554 5148 784 5200 innuere
817 5150 1069 5204 videntur
1104 5170 1117 5205 :
1148 5160 1195 5204 et
1241 5168 1417 5203 rursus
1454 5151 1562 5215 ipse
1593 5148 1913 5218 (Christus),
1948 5166 2015 5204 ur
2046 5166 2146 5204 MA-

553 5231 802 5272 ιεετλτις
850 5236 960 5276 SUAE
1009 5238 1374 5277 SUBSTANTIAI
1416 5236 1782 5275 CREDENTIBUS
1827 5237 2140 5285 TDADERET,

551 5288 624 5340 ait
651 5304 668 5341 :
700 5290 798 5343 nisi
823 5293 1029 5347 ederitis
1057 5311 1263 5347 carnem
1295 5292 1419 5346 Filii
1444 5293 1663 5346 hominis
1690 5302 1735 5346 et
1766 5290 1995 5345 biberitis
2025 5310 2145 5345 san-

588 5360 760 5414 uinem
804 5366 933 5429 eius.
972 5366 1178 5419 llsnrz.
1207 5365 1543 5418 —-Jttstimts
1575 5364 1647 5418 Μ.
1676 5364 1833 5431 Apol.
1869 5378 1905 5426 t,
1953 5378 2000 5416 c.
2032 5362 2139 5427 86;

600 5431 687 5487 ial.
722 5448 771 5487 c.
805 5434 1117 5507 Tryphone,
1153 5451 1205 5505 p.
1249 5436 1376 5499 237,
1408 5434 1604 5498 Telih.,
1636 5434 1915 5507 dminones
1968 5436 2016 5487 in
2049 5434 2145 5507 Mi-

554 5506 779 5561 thriacis
808 5504 979 5564 sacris
1020 5504 1414 5564 Eucliaristiam
1450 5508 1691 5560 imitatos
1722 5504 1890 5558 fuisse
1926 5506 2142 5559 asserit.

563 5577 966 5665 idemnlegitur
1017 5580 1420 5665 innappendice
1468 5577 1593 5665 Iibr‘i
1631 5576 2149 5665 xqflglrlgntlerr‘tD-

557 5645 1022 5779 ffriplitilnlblla5i‘(20.
1038 5652 1128 5709 40.
1155 5645 1291 5708 Vide
1313 5664 1529 5721 quoque
1549 5647 1733 5706 Grabii
1763 5645 2020 5720 Spicileg.
2044 5648 2149 5703 Pa-

611 5737 700 5777 um
782 5760 799 5779 .
823 5738 874 5779 ι).
1021 5764 1035 5779 .

557 5729 700 5777 trum
734 5729 799 5790 ll,
823 5738 874 5792 p.
907 5729 1035 5779 sto.

2258 4153 2386 4207 tima
2410 4154 2575 4206 verba
2605 4170 2618 4204 :
2647 4170 2731 4206 vos
2762 4152 3032 4219 interﬁciat
3058 4150 3331 4213 Dominus,
3361 4164 3389 4201 a
3412 4148 3686 4219 Cypriano
3712 4163 3834 4216 prx-

2258 4225 2658 4279 termittuntur.

2330 4294 2349 4332 ί
2370 4294 2670 4365 Cyprianus
2697 4294 2787 4348 lib.
2819 4310 2837 4365 ι
2866 4292 3177 4365 Τιξςιὶιιιοιι.Δ
3203 4290 3543 4365 Augustinus
3571 4291 3625 4365 in
3657 4290 3829 4359 psalm.

2253 4380 2375 4420 ICtx
2404 4360 2429 4418 ε’
2451 4366 2661 4419 (instate
2685 4376 2732 4419 et
2756 4364 2938 4428 videte,
2962 4381 3118 4432 quam
3143 4360 3313 4415 dulcis
3337 4372 3413 4415 est
3441 4360 3715 4415 Dominus.

2327 4448 2352 4484 ε
2380 4437 2514 4490 Fere
2546 4448 2603 4490 ut
2630 4436 2934 4507 Cyprianus
2975 4435 3203 4507 Testim.
3240 4434 3332 4507 lib.
3366 4451 3380 4486 ι
3412 4444 3469 4507 et
3513 4449 3591 4498 ιιι,
3632 4434 3717 4507 11,
3743 4447 3828 4507 non

2252 4508 2487 4576 deﬁcient
2529 4503 2690 4560 ωιιηῖ
2714 4508 2868 4571 bono,
2922 4516 2978 4560 nt
3023 4506 3224 4559 Auctor
3276 4504 3474 4573 Operis
3527 4506 3736 4575 impert.
3785 4503 3829 4554 in

2253 4577 2587 4641 Matthmnm,
2622 4588 2675 4632 et
2707 4578 2951 4633 Breviar.
2982 4576 3400 4631 Mozarabicum.

2324 4648 2352 4686 λι
2378 4649 2540 4705 Forte
2569 4651 2786 4703 Lautus.
2812 4648 2989 4703 Wow.

2331 4720 2550 4774 iInimit
2598 4722 2849 4774 sinistras
2906 4718 3824 4789 prephctarumiinterpretationes.

2251 4788 2333 4844 Cf.
2360 4792 2559 4847 Justini
2591 4792 2783 4858 Apolo.
2806 4809 2839 4853 I,
2871 4788 2920 4845 c.
2946 4790 3037 4855 54,
3060 4790 3155 4855 56,
3180 4791 3247 4844 59
3273 4806 3287 4854 ;
3314 4788 3453 4841 Dial.
3479 4805 3531 4843 c.
3560 4789 3825 4858 Tryphone

2251 4877 2302 4917 e.
2337 4864 2423 4918 69.
2465 4864 2599 4917 Vide
2624 4864 2789 4917 llenr.
2817 4863 3019 4931 Georg.
3054 4860 3287 4915 Clausen
3318 4860 3631 4928 Apologeta:
3660 4859 3826 4913 Eccle-

2250 4935 2346 4987 size
2404 4936 2727 4988 Christiana:
2781 4933 3269 4988 Antetheodosiaui
3327 4932 3571 4984 Platonis
3623 4931 3825 4999 ejusque

2252 5006 2614 5075 philosophia)
2666 5006 2854 5059 arbitri
2906 5004 3117 5073 (Halm,
3164 5004 3350 5071 1817),
3403 5018 3456 5071 p.
3507 5003 3595 5055 81.
3646 5002 3815 5053 Minue.

2253 5075 2427 5131 Felix.
2457 5092 2505 5130 c.
2532 5078 2599 5130 27
2630 5095 2640 5129 :
2675 5078 2942 5130 Dtemones
2964 5091 3032 5130 ET
3059 5089 3377 5129 necessus
3402 5090 3470 5127 ET
3496 5088 3747 5149 “unum,
3772 5080 3818 5149 tu

2249 5157 2298 5200 et
2341 5149 2614 5201 nescientes
2662 5149 2916 5200 sinceram
2948 5149 3234 5209 veritatem,
3274 5156 3322 5198 et
3367 5162 3525 5213 quam
3559 5147 3732 5204 sciunt,
3774 5147 3817 5193 in

2250 5220 2589 5293 perditionem
2627 5220 2843 5293 sui_non
2867 5219 3185 5293 conﬁtentes.
3257 5290 3267 5293 _
3651 5287 3662 5293 _
3766 5282 3777 5293 .

2327 5290 2339 5361 i
2371 5289 2677 5361 Cyprianus
2699 5290 3000 5344 Testimon.
3029 5289 3345 5361 lili.i.liahet
3366 5287 3662 5355 tamen,qui
3681 5287 3811 5361 venit.

2323 5358 2344 5395 ¹ί
2393 5353 2540 5415 ΙῙειιιιΙ
2590 5371 2771 5414 exstat
2818 5364 2868 5415 in
2913 5360 3297 5429 sequentibus;
3330 5370 3458 5414 sunt
3502 5353 3682 5414 cadent
3720 5353 3812 5407 fere

2250 5432 2437 5502 verba,
2466 5448 2517 5485 v.
2553 5434 2645 5495 55,
2677 5449 2797 5502 quae
2824 5448 2949 5487 mox
2980 5433 3330 5500 allegaverat.

2330 5500 2346 5538 1
2390 5496 2710 5577 Cyprianus
2744 5504 2812 5559 de
2849 5505 3002 5558 Orat.
3055 5496 3269 5557 Domin.
3319 5511 3373 5557 et
3421 5502 3640 5557 Testim.
3678 5496 3756 5552 lib.
3798 5508 3809 5543 ι

2252 5582 2310 5629 et
2336 5589 2413 5627 tlt.

2330 5654 2369 5680 ιη
2414 5647 2651 5716 Respicit
2683 5646 2967 5702 formulam
3012 5647 3295 5718 mysticam
3328 5644 3740 5703 Eleusiniorum,
3766 5638 3808 5689 ει

2264 5721 2534 5787 τυμπάνου
2566 5720 2824 5794 βέϐρωκα.
