3992 6204
570 268 590 320 1
601 266 702 320 087

1814 257 1988 315 JULII
2026 256 2283 318 FIRMICI
2324 257 2635 316 MATERNI

3744 264 3863 323 1028

560 388 676 433 tum
706 377 773 432 ad
813 375 1070 447 profanos
1096 383 1251 429 actus
1279 372 1580 427 adulterata
1610 371 1955 442 professione
1980 381 2161 429 trans—
2189 379 2236 437 Α
2265 376 2473 445 quando
2501 374 2814 430 recesseritis
2840 392 2874 429 a
2904 374 3129 431 Domino
3150 387 3318 432 oestro
3347 376 3363 417 ί
3390 378 3573 449 (Iosue
3600 393 3757 443 xstv.
3781 383 3861 447 26,

564 473 756 529 fertis?
787 472 942 526 Alius
970 475 1053 524 est
1100 466 1261 538 lapis,
1294 482 1453 538 quem
1490 468 1654 533 Deus,
1686 466 1741 522 in
1774 467 2167 524 confirmandis

560 562 933 620 fundamentis
982 560 1265 631 promissae
1326 559 1667 616 Hierusalem
1699 600 1713 625 ,
1756 560 2053 614 missurum
2106 575 2167 616 se

563 677 688 718 esse
738 659 1013 731 promisit.
1076 656 1330 712 Christus
1396 656 1558 711 nobis
1614 656 1912 711 venerandi
1974 654 2168 725 lpidis

564 754 970 826 significatione
1019 760 1360 807 monstratur
1392 759 1442 805 ι.
1493 750 1633 818 Quid
1672 760 1730 806 tu
1758 750 1826 803 ad
1857 764 2169 803 commacu-

560 851 700 905 latas
743 846 1165 917 superstitiones
1196 844 1395 899 furtiva
1443 842 1631 898 fraude
1662 843 1960 898 venerandi
1993 853 2168 897 trans-

562 941 675 996 fers
728 938 965 994 nominis
1001 936 1365 1007 dignitatem?
1410 936 1672 1005 Lapidem
1706 944 1855 990 tuum
1888 934 2046 988 ruina
2076 949 2163 988 se-

565 1032 772 1103 quitur,
806 1040 862 1084 et
908 1029 1217 1084 cadentium
1268 1028 1565 1083 culminum
1615 1027 1829 1081 funesta
1874 1025 2163 1095 collapsio.

561 1126 762 1182 Noster
794 1124 931 1193 lapis
960 1124 1054 1179 Dei
1086 1122 1345 1178 fundatus
1370 1136 1533 1177 manu
1566 1122 1825 1188 exstruit,
1858 1122 2163 1186 coulirntat,

562 1220 763 1290 erigit,
798 1218 974 1272 munit
1003 1226 1057 1272 et
1089 1216 1387 1272 restaurati
1431 1214 1679 1285 corporis
1710 1215 1939 1285 gratiam
1974 1228 2168 1285 perpe-

563 1321 670 1367 tua:
706 1310 1132 1366 immortalitatis
1162 1308 1458 1379 splendore
1503 1308 1839 1364 condecorat
1864 1326 1876 1362 :
1900 1308 1976 1362 ait
2018 1307 2163 1363 enim

565 1407 634 1462 de
686 1406 791 1460 hoc
838 1405 1025 1460 Esaias
1052 1445 1066 1470 ,
1095 1405 1355 1459 innuente
1397 1402 1602 1473 Spiritu
1653 1412 1886 1458 sancto:
1919 1401 2007 1457 Sic
2042 1402 2167 1455 dicit

567 1499 824 1553 Dominus
859 1515 873 1551 :
902 1512 1016 1551 ecce
1040 1514 1135 1569 ego
1161 1497 1381 1549 immitto
1419 1497 1472 1549 in
1510 1496 1847 1565 fundamento
1878 1495 2007 1567 Sion
2035 1494 2172 1562 lapi-

564 1593 681 1647 dem
726 1591 1005 1660 pretiosum
1028 1629 1042 1655 ,
1076 1590 1321 1653 electum,
1366 1604 1623 1640 summum
1653 1588 1975 1657 angularem,
2004 1585 2169 1639 hono-

561 1694 769 1746 ratum,
811 1690 858 1734 et
896 1680 983 1748 qui
1031 1679 1309 1732 crediderit
1350 1678 1404 1730 in
1439 1693 1576 1743 eum,
1608 1692 1713 1731 non
1764 1676 2114 1747 confundetur
2138 1675 2165 1715 δ

2270 465 2387 537 97).
2417 466 2571 535 Quod
2602 475 2783 522 autem
2812 481 2909 537 per
2942 466 3087 524 hunc
3118 468 3383 538 lapidem,
3417 471 3468 525 id
3499 482 3605 538 cst,
3641 487 3745 542 per
3771 473 3865 529 Do-

2272 559 2477 614 minum
2520 568 2766 615 nostrum
2806 559 2991 615 Jesum
3022 560 3332 629 Christum,
3360 574 3418 618 ct
3447 564 3524 619 dii
3571 566 3664 621 isti
3704 571 3868 621 casuri

2268 652 2377 707 sint
2403 662 2456 709 et
2488 653 2774 709 multitudo
2820 655 3149 723 templorum
3176 690 3192 722 ,
3243 670 3431 729 aperte
3470 659 3671 714 Daniel
3726 675 3871 717 vene

2271 747 2456 801 randis
2478 749 2713 803 oraculis
2739 749 3058 818 explicavit;
3088 751 3165 806 ait
3188 751 3358 818 enim,
3385 766 3510 808 cum
3545 755 3870 824 interprets~

2271 849 2423 895 retur
2464 841 2735 895 somnium
2781 841 2967 911 regis:
3001 842 3068 896 Et
3111 860 3226 899 ecce
3267 846 3461 915 imago,
3507 847 3689 917 imago
3736 849 3875 901 nimis

2269 947 2477 1002 magna,
2529 940 2576 986 et
2628 934 2995 1005 contemplatio
3043 936 3208 1004 ipsius
3256 938 3504 1010 imaginis
3558 942 3872 1007 metuenda,

2270 1024 2403 1079 elata
2433 1024 2603 1079 stabat
2631 1038 2812 1081 contra
2849 1037 2896 1082 te
2917 1070 2931 1094 ,
2963 1032 3111 1103 cujus
3151 1042 3305 1102 caput
3333 1032 3432 1102 fuit
3464 1050 3530 1088 ea:
3556 1050 3695 1088 auro
3730 1035 3872 1099 bono,

2269 1127 2444 1187 pectus
2471 1125 2516 1170 et
2543 1116 2753 1171 brachia
2778 1121 2888 1192 ejus
2916 1131 3179 1191 argentea,
3208 1134 3384 1178 venter
3412 1134 3458 1178 et
3486 1129 3696 1196 femora
3725 1143 3869 1189 terea,

2269 1208 2424 1280 pedes
2455 1221 2627 1266 autem
2656 1228 2719 1266 ea:
2746 1222 2896 1285 parte
2925 1214 3130 1283 quidem
3174 1216 3368 1286 ferrei,
3408 1233 3473 1270 ea:
3511 1228 3661 1288 parte
3709 1232 3872 1274 autem

2271 1301 2477 1369 ﬁctiles,
2512 1305 2844 1375 quoadusque
2886 1305 3148 1361 abscissus
3178 1318 3253 1361 est
3285 1309 3417 1379 lapis
3448 1313 3511 1364 de
3544 1323 3747 1376 monte,
3776 1316 3873 1368 sine

2270 1394 2508 1447 manibus
2551 1397 2971 1462 concidentium,
3006 1409 3051 1451 et
3098 1402 3349 1468 percussit
3391 1402 3677 1475 imaginem
3724 1422 3873 1475 super

2269 1488 2424 1559 pedes
2464 1491 2656 1558 ferreos
2687 1498 2731 1542 et
2758 1488 2941 1558 ﬁctiles
2962 1532 2977 1558 ,
3007 1500 3056 1544 et
3084 1494 3381 1546 comminuit
3422 1510 3511 1549 eos
3557 1495 3869 1557 minutatim,

2270 1590 2316 1633 et
2360 1584 2556 1650 factum
2588 1591 2659 1635 est
2700 1581 2857 1635 simul
2898 1587 3091 1654 ferrum
3119 1595 3168 1638 et
3198 1595 3328 1639 testa
3370 1596 3416 1641 et
3449 1600 3793 1642 wramentum
3830 1600 3872 1643 et

2270 1684 2539 1743 argentum
2569 1685 2615 1729 et
2645 1692 2861 1744 aurum,
2896 1679 3036 1749 facta
3065 1688 3183 1732 sunt
3212 1680 3413 1733 minuta
3441 1683 3593 1752 quasi
3622 1684 3795 1752 palea,
3829 1695 3871 1737 et

566 1772 740 1833 (Esai.
777 1786 927 1834 xvnt,
954 1771 1067 1837 16).
1104 1770 1159 1822 In
1192 1769 1414 1838 patimis
1440 1768 1605 1824 etiam
1639 1769 1817 1823 simile
1846 1783 2165 1838 responsum
2197 1766 2244 1831 Β
2275 1776 2328 1819 ut
2357 1766 2522 1838 pulvis
2550 1767 2603 1820 in
2630 1768 2780 1821 arida
2808 1780 3017 1837 testate,
3048 1781 3096 1825 et
3135 1773 3395 1827 uentilauit
3426 1773 3523 1828 illa
3554 1786 3770 1847 ventus,
3805 1777 3870 1830 ita

562 1875 646 1921 est
676 1883 689 1929 ;
721 1865 797 1919 ait
826 1864 970 1920 enim
1002 1862 1241 1932 Spiritus
1290 1872 1512 1917 sanctus
1544 1862 1597 1916 in
1643 1876 1805 1925 cxvu,
1837 1875 1921 1930 ps.
1956 1876 1969 1913 :
2005 1858 2166 1926 Lapis

564 1976 713 2030 quem
738 1958 1137 2027 reprobaoerunt
1158 1956 1495 2024 ludiﬁcantes,
1524 1955 1610 2007 hic
1633 1957 1800 2025 factus
1830 1962 1901 2007 est
1932 1953 1983 2007 in
2011 1964 2165 2023 caput

560 2054 764 2125 anguli.
797 2053 981 2106 Annon
1011 2052 1179 2120 factus
1210 2062 1282 2104 est
1314 2052 1407 2104 iste
1429 2090 1443 2115 ,
1479 2060 1527 2103 et
1556 2060 1630 2104 est
1660 2049 1912 2102 mirabilis
1952 2049 2007 2101 in
2042 2065 2166 2101 ocu-

566 2148 631 2201 lis
663 2148 850 2201 nostris
890 2156 911 2184 ε
940 2144 1115 2217 (Psal.
1146 2159 1327 2209 cxvu,
1355 2143 1460 2210 22,
1492 2144 1628 2213 Ωδμ
1675 2142 1776 2198 Per
1808 2143 2010 2197 multos
2042 2156 2165 2211 pro-

568 2240 763 2310 phetas
830 2238 1071 2307 Spiritus
1133 2244 1356 2292 sanctus
1415 2236 1651 2290 nominis
1698 2234 1856 2289 istius
1912 2234 2163 2289 ordinem

565 2340 875 2387 monstrat:
907 2330 981 2385 ait
1033 2330 1176 2385 enim
1224 2329 1519 2385 Zacharias
1558 2329 1827 2398 propheta
1858 2346 1871 2382 :
1906 2326 2042 2383 Ecce
2072 2344 2166 2399 ego

565 2422 772 2477 adduco
810 2438 1027 2489 puerum
1069 2438 1257 2487 meum,
1288 2431 1431 2475 ortus
1478 2422 1526 2474 ei
1572 2436 1753 2474 nomen
1785 2430 1880 2485 est,
1923 2422 2167 2490 quoniam

566 2518 722 2587 lapis,
769 2532 917 2586 quem
948 2515 1065 2568 dedi
1115 2529 1292 2567 coram
1337 2511 1499 2577 Iesu,
1533 2528 1687 2581 super
1725 2512 1952 2582 lapidem
1998 2514 2166 2583 ipsum

567 2625 757 2671 unum,
805 2620 998 2677 septem
1027 2606 1165 2660 oculi
1195 2615 1314 2659 sunt
1348 2602 1375 2643 ἀ
1411 2603 1598 2676 (Zach.
1630 2621 1687 2659 ιιι
1711 2646 1725 2669 ,
1757 2606 1823 2670 8,
1856 2604 1937 2674 9).
1970 2605 2076 2660 Sed
2108 2613 2167 2659 ut

562 2700 903 2756 manifestius
932 2708 1165 2762 constet,
1186 2698 1499 2768 antiquiora
1523 2696 1953 2752 venerandarum
1977 2696 2167 2752 lectio—

562 2810 690 2849 num
730 2804 941 2849 secreta
995 2792 1314 2862 paudamus.
1368 2791 1425 2845 In
1461 2788 1882 2845 Denterouomio
1914 2788 1985 2843 ita
2015 2804 2166 2844 com-

562 2891 893 2956 prehensum
939 2894 1025 2940 est
1072 2902 1085 2936 :
1128 2882 1197 2937 Et
1245 2882 1435 2937 scribes
1483 2898 1637 2951 super
1688 2881 1913 2952 lapidem
1965 2897 2165 2935 omnem

562 2980 723 3053 legem
740 2982 876 3035 hanc
902 2989 923 3017 ε
954 2976 1136 3050 (Deut.
1156 2993 1325 3044 xxvn,
1353 2978 1432 3047 8).
1462 2976 1623 3031 Jesus
1642 2976 1809 3031 etiam
1838 2976 1984 3031 Nave
2006 2975 2163 3046 jussu

562 3073 860 3128 divinitatis
900 3071 1005 3126 hoc
1042 3070 1354 3139 specialiter
1385 3067 1839 3137 comprehendit;
1870 3068 1946 3121 ait
1969 3068 2114 3123 enim
2147 3084 2160 3121 ι

2269 1870 2323 1914 ιιι
2370 1857 2500 1913 nihil
2542 1864 2847 1917 remanserit
2892 1864 2945 1917 in
2988 1864 3111 1920 illis.
3164 1862 3233 1919 Et
3279 1866 3457 1937 lapis,
3505 1869 3592 1938 qui
3627 1872 3869 1939 percussit

2268 1952 2545 2023 imaginem
2575 1996 2588 2017 ,
2618 1956 2785 2027 factus
2816 1955 3066 2028 estimons
3096 1974 3315 2032 magnus
3337 2002 3351 2024 ,
3380 1971 3427 2015 et
3456 1961 3682 2034 implevit
3715 1972 3869 2017 totam

2270 2055 2456 2101 terram
2487 2057 2510 2092 8
2539 2045 2713 2119 (Dan.
2755 2065 2827 2117 ιι,
2872 2046 3093 2121 Sil-55).
3125 2050 3261 2119 Quis
3290 2051 3444 2108 locus
3480 2054 3536 2111 in
3572 2064 3721 2113 terra
3757 2067 3867 2122 est,

2269 2153 2428 2210 quem
2455 2154 2561 2195 non
2590 2140 2793 2197 Christi
2822 2142 3127 2213 possederit
3156 2145 3397 2199 nomen?
3426 2160 3531 2217 qua
3560 2147 3646 2201 sol
3679 2148 3865 2211 oritur,

2269 2247 2371 2302 qua
2425 2230 2657 2302 occidit,
2710 2251 2815 2305 qua
2862 2236 3094 2305 erigitur
3150 2240 3494 2308 septentrio,
3550 2256 3661 2311 qua
3708 2242 3871 2311 vergit

2269 2334 2474 2394 auster,
2502 2334 2668 2381 totum
2697 2328 2991 2383 venerandi
3018 2330 3252 2385 nominis
3274 2331 3529 2401 maiestas
3557 2332 3802 2402 implevit
3824 2332 3865 2385 δ.

2269 2415 2338 2471 Ει
2363 2416 2487 2472 licet
2516 2414 2693 2472 adhuc
2730 2419 2781 2472 in
2824 2418 3146 2490 quibusdam
3191 2422 3503 2493 regionibus
3545 2422 3868 2480 idololatria:

2272 2510 2533 2581 palpiteut
2560 2509 2802 2566 membra
2836 2509 2875 2577 ῖς
2904 2521 3081 2568 tamen
3106 2514 3161 2568 in
3190 2529 3256 2569 eo
3284 2530 3375 2571 res
3402 2525 3507 2584 est,
3539 2526 3597 2571 ut
3620 2532 3655 2573 e
3686 2514 3870 2573 Chris-

2271 2600 2434 2656 tianis
2465 2600 2718 2657 omnibus
2749 2605 2909 2657 terris
2954 2605 3276 2675 pestiferum
3307 2606 3412 2661 hoc
3440 2610 3645 2662 malum
3694 2609 3868 2664 fundi-

2270 2703 2357 2747 tus
2399 2704 2730 2764 amputetur.
2781 2694 2857 2750 De
2899 2696 3313 2753 idololatrorum
3354 2698 3534 2770 lapide
3568 2700 3580 2750 i
3609 2742 3623 2768 ,
3663 2701 3737 2757 de
3768 2719 3867 2773 quo

2268 2787 2457 2844 dicunt
2483 2807 2494 2840 :
2520 2790 2643 2849 Θεὸς
2664 2790 2717 2843 ἐκ
2743 2792 2965 2862 Πέτρας,
2992 2792 3117 2861 quid
3162 2791 3549 2863 prophetarum
3578 2795 3868 2864 respondet

2269 2879 2591 2933 oraculum?
2619 2880 2740 2950 quis
2790 2890 2973 2935 autem
3015 2884 3234 2949 restitit,
3272 2883 3355 2939 vel
3409 2885 3495 2938 cui
3543 2888 3728 2956 parcit
3775 2888 3867 2942 iste

2269 2972 2450 3041 lapis?
2479 2974 2639 3043 Lapis
2668 2983 2847 3029 autem
2877 2974 2965 3029 hic
2992 2972 3236 3042 sanctus,
3270 2974 3322 3033 id
3363 2988 3466 3043 est,
3499 2976 3758 3036 Christus
3785 2992 3868 3035 aut

2270 3063 2399 3118 lidt-i
2450 3063 2798 3120 fundamenta
2842 3077 3131 3129 sustentat,
3165 3078 3257 3124 aut
3299 3070 3351 3124 in
3406 3072 3606 3143 angulo
3658 3074 3864 3145 positus

558 3165 629 3219 Et
677 3166 875 3235 accepit
922 3163 1156 3233 lapidem
1209 3179 1483 3234 magnum,
1516 3173 1565 3216 et
1593 3162 1773 3215 statuit
1819 3177 1933 3214 eum
1984 3171 2163 3214 contra
2189 3170 2234 3234 ρ
2270 3157 2387 3230 (Ps.
2421 3174 2605 3224 cxvnr,
2638 3159 2738 3226 “22;
2770 3160 2962 3215 Matth.
2997 3178 3104 3229 xm,
3137 3162 3239 3228 42;
3276 3162 3444 3220 Marc.
3474 3181 3573 3233 xu,
3602 3167 3707 3232 10;
3739 3166 3862 3222 Luc.
3990 3157 3992 3225 ἱ

560 3258 857 3312 Dominum.
904 3256 972 3309 Et
1002 3258 1073 3309 ait
1100 3255 1259 3309 Jesus
1288 3256 1354 3308 ad
1385 3254 1635 3325 populum
1666 3269 1684 3308 :
1716 3252 1851 3306 Ecce
1892 3252 2023 3323 lapis
2060 3252 2158 3308 iste

558 3352 653 3405 erit
684 3351 808 3404 mihi
834 3351 887 3402 in
915 3349 1260 3403 testimonium
1287 3389 1302 3413 ,
1334 3348 1455 3416 quia
1484 3347 1582 3401 iste
1615 3345 1815 3399 audivit
1842 3345 2016 3399 omnia
2042 3360 2158 3414 qua:

557 3444 699 3498 dicta
728 3451 848 3496 sunt
880 3458 911 3494 a
941 3440 1198 3506 Domino,
1232 3438 1441 3508 quando
1479 3440 1684 3493 locatus
1725 3447 1797 3493 est
1831 3439 1900 3491 ad
1938 3453 2044 3496 vos.
2088 3437 2157 3490 Et

555 3538 650 3591 erit
688 3538 784 3591 iste
829 3536 973 3590 nobis
1008 3535 1063 3589 in
1107 3534 1455 3589 testimonium
1502 3534 1557 3587 in
1598 3533 1881 3587 novissimo
1921 3533 2150 3598 dierum,

556 3722 663 3777 mis
702 3721 885 3775 colere
932 3717 1173 3781 Vestam,
1218 3718 1393 3789 ὥσπςρ
1422 3715 1506 3769 τὸν
1548 3720 1828 3789 πετρογεγῆ
1870 3714 2060 3789 Μίθραν
2108 3715 2151 3766 oi

555 3796 744 3869 Πέρσαι
780 3791 865 3848 διὰ
901 3793 957 3847 τὸ
991 3790 1272 3869 τοῦᾳπυρὸς
1302 3784 1507 3869 πεέὺτρον
1536 3784 1735 3869 κοιὶυῖἡύ
1763 3784 1924 3869 ὑγρςιν
1948 3784 2147 3869 coetui,

553 3868 599 3922 oi
622 3853 729 3920 ’ὑπὸ
758 3870 847 3924 τὴν
875 3861 1060 3939 ἄρκτον
1086 3858 1171 3915 διὰ
1187 3853 1249 3914 ἶτὸ
1277 3853 1600 3939 usurpante-1
1620 3853 1841 3914 ὕδατος.
1862 3853 2002 3935 [θοαί]
2036 3855 2147 3935 col-

554 3941 693 3993 let-ta
727 3946 851 3990 sunt
874 3927 1178 3998 a'PuiIippo
1214 3945 1241 3982 ει
1275 3927 1445 3982 Turre
1475 3928 1527 3980 in
1559 3927 1928 3998 Mon_tuucuti_s_
1948 3927 2147 3998 veteris

552 4008 722 4066 Atilii.
749 4006 832 4061 Cf.
860 3995 1123 4076 praeterea
1147 4001 1406 4057 Creuzer.
1441 4015 1477 4063 ι,
1502 3999 1601 4076 1³η
1625 3995 2142 4076 ;ptiegaAliliandl.

552 4097 607 4151 p.
656 4082 778 4135 132.
816 4067 958 4151 Idem
1008 4075 1109 4130 hoc
1146 4087 1343 4151 nomen
1378 4068 1617 4151 .l'eSpi‘Cil
1644 4068 1791 4151 forte
1822 4067 2057 4136 Spclat-a,
2093 4068 2142 4121 iu

550 4140 747 4223 quibus
780 4145 1279 4223 Mithrmgmystcria
1308 4140 1757 4223 celebrabantur.
1823 4210 1834 4222 .
1957 4210 1989 4223 ,Δ
2027 4208 2083 4223 W

622 4224 846 4276 Alterius
878 4208 1096 4289 profani
1112 4214 1419 4290 sacramenti
1456 4213 1657 4290 signum
1684 4220 1759 4263 est
1777 4252 1798 4290 ,_
1811 4210 1996 4290 inquit
2026 4208 2144 4290 Eir-

552 4297 742 4348 micus.
794 4280 1031 4345 Pri-mum
1062 4288 1205 4342 enim
1235 4294 1352 4340 erat
1391 4280 1749 4352 epiphonema
1792 4282 1917 4352 illud
1947 4296 1994 4333 c.
2025 4280 2095 4334 ΞΟ
2126 4296 2139 4332 :

552 4374 733 4440 Χαῖρει
773 4366 977 4437 νύμφη·
1011 4368 1191 4441 καῖίτεν
1218 4358 1342 4441 lim.
1372 4351 1496 4441 Ῡῷςέ
1517 4353 1685 4441 ,δίῖνὶ
1702 4351 2140 4441 Ϊ¹Ῐυίλὲἦῗ¹ἷί¹τίξῖ¹ἓ

548 4422 851 4488 litterarum
881 4422 1177 4485 ‘sent'e'ntiis
1215 4422 1435 4480 Cltris'to
1482 4423 1759 4477 vindicare
1804 4422 2033 4483 studuit,
2072 4424 2139 4475 ita

547 4521 764 4575 quoque
794 4504 858 4557 ad
905 4505 1007 4556 hoc
1045 4500 1206 4575 verba
1237 4498 1387 4575 Sacri
1430 4495 1635 4550 codicis
1684 4492 2137 4575 accommodavit,

549 4564 689 4632 locis
725 4576 787 4631 V.
832 4575 895 4629 Τ.
933 4586 1082 4626 usus.
1108 4571 1252 4626 Sunt
1293 4568 1439 4622 enim
1480 4574 1803 4636 sequentes:
1842 4564 2134 4618 Deuteron.

550 4664 720 4712 xxvn,
753 4648 806 4712 3,
838 4656 884 4699 et
931 4643 1118 4698 scribes
1173 4657 1327 4709 super
1376 4637 1604 4712 lapidem
1631 4651 1851 4712 _omne_s_
1882 4650 2138 4689 sermones

545 4722 671 4792 legis
697 4705 852 4792 liujus
881 4733 899 4783 ;
928 4714 1185 4792 etdosnae
1212 4705 1359 4791 ιέχιγ,
1384 4710 1475 4792 211,
1500 4708 1590 4792 27.
1614 4706 1691 4792 δέ.
1706 4705 1887 4792 lapide
1917 4719 2134 4772 magno,

542 4778 704 4861 quem
732 4778 895 4845 losua
930 4786 1139 4861 tulit_et
1165 4783 1353 4861 statuit
1380 4781 1480 4835 sub
1521 4778 1853 4861 terebintho,
1878 4792 2133 4861 quorsum

541 4848 792 4929 s'pectaut
821 4861 938 4928 eius
960 4858 1125 4911 verba
1157 4873 1169 4909 :
1197 4853 1333 4930 lapis
1360 4868 1508 4930 quem
1540 4850 1698 4930 Deus,
1726 4850 1777 4901 in
1817 4848 2135 4930 conﬁrman-

548 4921 631 4987 dis
682 4921 1028 5000 fundamentis
1061 4921 1327 4998 promissa:
1354 4921 1709 4986 Hierusalem,
1769 4921 2045 4972 missurum
2081 4935 2135 4973 se

542 5021 651 5061 esse
690 5004 943 5061 promisit.

614 5022 651 5111 is
1001 5082 1122 5125 cum
1167 5066 1347 5143 lapide
1382 5077 1714 5143 componere
1750 5061 2015 5143 solertiae
2044 5069 2129 5116 est

538 5148 738 5202 veteris
782 5143 1029 5201 ecclesia:
1081 5131 1352 5195 Patri'bus.
1387 5136 1481 5190 Sic
1506 5131 1748 5190 Justinus
1788 5132 1858 5187 Μ.
1898 5131 2039 5186 Dial.
2069 5146 2121 5185 c.

532 5217 827 5289 Tryphone
879 5214 1101 5289 saepius,
1156 5209 1557 5289 occasiones:
1617 5205 1826 5289 Mattli._
1861 5202 2118 5289 xx_t,“42_;

532 5272 697 5345 Maii.
748 5306 840 5351 xu,
893 5272 990 5351 ltt';
1022 5272 1154 5338 Luc.
1189 5297 1278 5342 xx.
1312 5279 1409 5345 l7;
1443 5278 1639 5351 Actor.
1655 5292 1731 5343 tv,
1754 5278 1789 5351 _‘|
1808 5276 1856 5351 l,
1888 5286 1941 5329 et
1971 5272 2116 5351 Psai.

532 5343 719 5428 cxvnt,
750 5343 843 5426 92,
888 5343 1123 5425 sumpta.
1156 5343 1527 5428 Tertullianns
1576 5349 1701 5428 adv.
1736 5347 1960 5428 dutlmos
1978 5361 2046 5428 Ac.
2063 5343 2119 5398 9.

531 5416 588 5486 In
621 5416 859 5486 Carmine
892 5416 1105 5482 Damasi
1152 5421 1573 5497 dc_u(nninibus_
1600 5416 1810 5497 Domini
1852 5416 2123 5497 salutatur

530 5484 711 5564 Petra,
744 5502 797 5556 in
845 5500 1005 5554 simili
1043 5493 1276 5569 Ennodji
1302 5489 1612 5569 Ticittepsis
1643 5487 1907 5569 Lapis.ct.
1945 5484 2119 5549 lllons,

525 5572 578 5627 iu
612 5557 840 5629 Orientii
868 5567 1186 5641 liliberitani
1218 5563 1373 5641 Mons
1392 5570 1449 5617 et
1477 5557 1934 5641 Lapis-angularia
1962 5572 2123 5641 voca-

526 5627 641 5700 tur.
665 5627 795 5714 Qua:
827 5640 1037 5704 omnia,
1079 5639 1122 5693 si
1168 5636 1300 5714 tanti
1332 5642 1452 5714 est,
1486 5627 1609 5714 vidle
1642 5627 1927 5714 innl‘ills'ii'is
1960 5627 2122 5714 Sinn-

516 5694 821 5770 liildei‘uiid
850 5694 1404 5776 furiataorstellungcn
1417 5702 1509 5757 der
1531 5701 1667 5755 alten
1695 5697 1951 5753 Christen.
1986 5694 2122 5752 Fas-

508 5779 621 5840 'cic.
644 5788 686 5851 ι,
722 5800 775 5855 p.
812 5784 877 5838 17
910 5796 1049 5849 seq.

2264 3266 2294 3304 ιε
2322 3293 2335 3315 ,
2372 3251 2465 3317 l7;
2510 3253 2686 3305 Actor.
2721 3268 2793 3317 tv,
2828 3253 2925 3319 11;
2957 3252 2976 3306 Ι
3020 3252 3163 3308 Petr.
3198 3271 3257 3321 ιι⁹
3301 3256 3395 3328 7),
3429 3256 3662 3314 duorum
3698 3260 3864 3331 parie-

2267 3356 2378 3400 tum
2412 3347 2649 3402 mcrnbra
2684 3358 2897 3418 atquata
2925 3348 3306 3406 moderatione
3338 3350 3640 3424 conjuugit,
3673 3353 3730 3407 id
3761 3365 3855 3413 est,

2266 3442 2465 3497 veteris
2490 3450 2542 3495 et
2573 3442 2696 3497 novi
2726 3442 3063 3499 Testamenti
3097 3444 3149 3499 in
3181 3461 3345 3500 unum
3386 3445 3593 3517 colligit
3630 3460 3854 3519 gentes:

2264 3543 2354 3589 aut
2384 3544 2531 3590 certe
2578 3536 2823 3605 corporis
2862 3546 2915 3592 et
2964 3537 3127 3592 animi
3176 3536 3550 3595 diversitatem
3602 3541 3856 3598 inviolata

2255 3784 2299 3838 Τ
2328 3712 2745 3838 blConsleltitiuttt
2787 3716 2903 3771 hzec
2938 3714 3103 3772 verba
3148 3716 3309 3787 plane
3338 3732 3459 3773 cum
3498 3719 3778 3791 Cypriano
3804 3720 3851 3775 in

2304 3801 2361 3838 es
2393 3801 2483 3837 un.
2540 3802 2553 3838 ι
2601 3825 2612 3837 .
2646 3801 2702 3838 ιι.

2304 3786 2483 3839 estiut.
2517 3785 2612 3839 lib.
2646 3801 2702 3839 ιι.
3150 3785 3161 3787 ’
3544 3785 3560 3791 ’
3583 3785 3595 3789 ⁷

2329 3866 2351 3895 ο
2394 3855 2557 3931 Vers._
2584 3857 2661 3931 ξιξ
2698 3857 2857 3931 plane
2906 3872 2973 3931 ac
3015 3859 3069 3912 in
3109 3859 3367 3931 Cypriani
3398 3860 3548 3915 TeSt.
3584 3862 3679 3915 lib.
3710 3880 3769 3923 ιι.
3801 3873 3850 3918 et

2252 3927 2595 4010 auctorent‘lne
2636 3927 2857 4010 iudaica
2890 3929 3111 4010 incred.
3155 3927 3224 3985 ad
3268 3931 3543 4003 Vigilium.
3591 3933 3752 3989 Vers.
3785 3936 3850 3992 25

2254 4014 2441 4068 parum
2472 3997 2652 4052 differt
2685 4014 2712 4051 a
2741 3996 3031 4070 Cypriano.

2323 4066 2348 4105 ’1
2390 4068 2585 4141 Parum
2616 4068 2796 4123 diﬂ'ert
2820 4086 2847 4123 a
2874 4070 3165 4141 Cypriane.

2325 4150 2347 4216 ξ
2379 4137 2542 4216 gypr.
2574 4140 2679 4216 |._l.
2709 4141 2859 4216 addit
2888 4137 3053 4216 verba
3093 4146 3363 4216 manifeste
3393 4144 3567 4200 nimis.

2327 4210 2343 4247 ί
2378 4210 2721 4284 ξιιάοιιιῖετε
2750 4211 2920 4269 refert
2947 4210 3251 4284 Cyprianus
3278 4218 3373 4273 lib.
3400 4232 3437 4271 ιι
3472 4218 3699 4275 Testim.

2322 4292 2345 4356 tt
2385 4279 2929 4356 Pauculisgexccptis,
2966 4279 3367 4356 u't'Cyprianus.

2320 4351 2343 4388 ιι
2390 4356 2464 4430 lie
2510 4354 2787 4423 religionis
2806 4351 3141 4430 'christiana'u'
3178 4359 3363 4427 primis
3394 4359 3606 4414 sarculis
3641 4372 3738 4430 per
3767 4372 3844 4414 tu-

2248 4424 2502 4498 tumfere
2535 4436 2797 4498 terrarum
2826 4426 3012 4480 orbem
3038 4424 3424 4498 propagatione
3442 4432 3609 4485 multa
3633 4424 3844 4487 exstant

2245 4495 2384 4569 apud
2414 4496 2956 4569 veteresscriptores
2979 4495 3388 4556 eccleSiasticos
3414 4501 3747 4569 testimonia,
3779 4519 3840 4559 ex

2245 4567 2457 4641 quibus,
2480 4566 2653 4641 _omni
2695 4567 3123 4641 rhetoricatione
3175 4569 3430 4641 dempta,
3473 4588 3591 4628 eam
3642 4566 3841 4629 limites

2245 4638 2451 4708 imperii
2480 4636 2709 4708 Romani
2741 4640 3048 4694 excessisse
3079 4650 3247 4707 patet.
3280 4636 3384 4698 Sed
3418 4636 3556 4708 lucc,
3587 4660 3706 4699 cum
3745 4645 3839 4699 ltu-

2236 4706 2327 4776 jus
2358 4708 2459 4762 loci
2490 4707 2632 4762 haud
2663 4708 2801 4768 sint,
2837 4711 2997 4765 missa
3040 4706 3287 4768 facimus.
3335 4714 3419 4768 Cf.
3472 4706 3836 4770 Elmenhorst.

2242 4779 2293 4832 in
2342 4778 2548 4833 Arnob.
2601 4794 2641 4842 ι,
2685 4794 2733 4833 c.
2782 4777 2874 4848 55,
2911 4798 2960 4847 p.
3012 4782 3099 4837 55.
3152 4782 3508 4839 Moshcmium
3558 4786 3627 4840 de
3677 4787 3838 4842 rebus

2239 4850 2660 4906 Christianorum
2709 4860 2835 4905 ante
2877 4850 3295 4910 Constantinum
3342 4855 3414 4910 Μ.
3458 4868 3515 4927 p.
3554 4854 3685 4925 203,
3727 4856 3836 4913 468

2241 4934 2455 5066 siina
2483 4992 2727 5050 Romano
2760 4994 3025 5064 imprimis
3064 4995 3301 5064 loquitur
3331 4996 3582 5066 imperio.
3616 4997 3728 5053 Nec
3759 5000 3830 5063 ita

2157 5026 2211 5087 ι)
2320 5026 2355 5074 χ
2384 5026 2454 5074 γε
2483 5026 2727 5077 "vn-«my
2760 5026 3025 5076 "urg-mna
3066 5026 3290 5079 wgtuuu-
3328 5026 3582 5081 μιιιιεσξιη-
3616 5026 3728 5053 mw
3759 5026 3827 5063 με·

2233 5060 2575 5139 debilitatam
2626 5067 2793 5139 fuisse
2836 5066 3215 5139 ⁸ιιιυιοῐξιιιιειιιι
3276 5068 3494 5123 Firmtct
3550 5079 3827 5139 tempore,

2231 5135 2608 5209 subsequentis
2638 5136 3063 5209 tntatisliistoria
3086 5138 3302 5194 abunde
3331 5135 3676 5209 comprobat:
3698 5140 3829 5194 Nam

2231 5206 2335 5259 etsi
2365 5207 2756 5262 Constantinus
2790 5207 2859 5261 Μ.
2896 5208 3065 5261 multa
3088 5209 3197 5278 jam
3228 5212 3426 5279 templa
3457 5206 3522 5266 'et
3566 5212 3706 5265 idola
3735 5212 3828 5266 de-

2229 5285 2531 5343 struxcrat;
2566 5294 2669 5332 non
2703 5279 2804 5333 nisi
2832 5279 2932 5333 sub
2955 5278 3265 5335 Theodosio
3291 5278 3518 5350 ejusque
3546 5281 3671 5337 tiliis
3698 5282 3826 5337 deo-

2226 5363 2343 5401 rum
2364 5351 2865 5423 cnltusprostratus
2881 5350 3000 5403 fuit.
3021 5350 3282 5422 Reliquias
3304 5360 3485 5409 tamen
3510 5354 3628 5423 ipso
3651 5354 3825 5408 adhuc

2227 5427 2381 5471 sexto
2406 5420 2627 5483 smculo,
2655 5420 2967 5476 Justiniauo
2996 5420 3322 5493 imperante,
3356 5432 3411 5479 ct
3434 5420 3641 5479 diutius
3668 5440 3819 5479 man-

2228 5499 2436 5543 SCI'lllll.

2303 5566 2315 5638 ξ
2368 5560 2526 5638 Redit
2554 5561 2619 5618 ad
2644 5561 2994 5638 Mithriacam
3010 5566 3352 5638 religionem,
3386 5574 3506 5638 qua:
3536 5580 3657 5620 cum
3680 5566 3820 5622 Solis

2227 5632 2390 5709 cultu
2405 5634 2718 5709 conjuncta,
2751 5634 2802 5688 in
2832 5632 3139 5693 Occidente
3158 5648 3377 5693 omnem
3403 5632 3524 5693 iere
3548 5639 3818 5709 reliquum

2227 5700 2624 5760 Ethnicismnm
2654 5704 3024 5776 absorpscrat.
