3992 6204
355 199 495 257 1015
1584 198 1754 255 JULII
1795 197 2052 255 FIRMICI
2090 199 2400 256 MATERNI

3519 199 3681 258 iOl6

353 328 411 375 et
431 319 521 389 qui
545 318 684 388 apud
721 333 817 374 vos
846 318 998 389 quasi
1030 316 1105 372 dii
1136 317 1410 384 coluntur,
1441 316 1583 386 apud
1611 331 1709 371 nos
1738 316 1957 387 religio-
1984 341 2031 402 Α
2061 316 2398 386 respondens
2448 316 2499 372 ei
2536 316 2797 373 Dominus
2824 316 2997 373 dixit:
3030 317 3154 374 Non
3181 320 3235 373 in
3270 334 3407 389 pane
3457 326 3680 372 tantum

356 428 434 470 sa:
465 414 590 468 ﬁdei
630 413 839 469 medela
880 413 1078 468 Christi
1109 413 1279 483 gratia
1329 410 1567 466 humano
1613 410 1956 480 subjacentes

356 507 609 576 imperio,
638 514 694 561 et
726 514 997 561 tormenta
1031 513 1395 575 repugnantes
1416 503 1716 570 sustinent,
1746 513 1801 558 et
1830 502 1956 558 victi
1984 534 2007 549 ο

356 600 533 670 poenis
560 598 838 654 ultricibus
866 597 1240 669 subjugantur.

961 742 1191 800 CAPUT
1229 742 1347 799 XV.

427 887 507 941 De
534 885 818 939 Penatibus
844 885 979 955 agit,
1010 900 1229 955 quorum
1258 897 1443 936 nomen
1472 897 1537 936 ex
1564 895 1701 936 rem:
1729 880 1954 944 derivat,

357 979 496 1031 etde
524 977 711 1041 Vesta,
753 977 1031 1030 domestico
1057 974 1413 1029 tantummodo
1463 974 1621 1043 igne;
1672 972 1818 1026 rebus
1862 971 1960 1041 igi-

362 1081 447 1121 tur
495 1070 784 1123 hominibus
834 1068 1017 1139 gratis:
1042 1068 1382 1138 utilibusque,
1415 1082 1543 1136 quas
1572 1065 1693 1119 deos
1722 1064 1955 1134 fecerint.

440 1162 668 1216 Penates
702 1170 725 1196 ιι
777 1163 942 1215 etiam
985 1160 1075 1230 qui
1117 1162 1245 1224 sint,
1286 1158 1559 1228 explicare
1604 1155 1950 1221 contendam,

359 1273 429 1311 nc
458 1256 587 1326 quid
612 1272 641 1309 a
674 1271 760 1309 me
792 1256 864 1309 sit
893 1254 1337 1324 praetermissum.
1387 1251 1491 1318 Qui
1519 1250 1650 1305 nihil
1688 1249 1830 1303 aliud
1864 1263 1961 1317 pu-

358 1358 475 1403 tant
507 1363 631 1402 esse
656 1348 852 1413 vitam,
884 1348 985 1400 nisi
1028 1344 1285 1400 vescendi
1318 1352 1373 1398 ct
1402 1342 1619 1413 potandi
1652 1341 1921 1396 licentiam
1945 1382 1959 1404 ,

359 1440 462 1495 bos
493 1438 595 1493 sibi
617 1441 751 1494 deos
780 1454 843 1492 ex
876 1436 1190 1506 cupiditatis
1208 1451 1320 1490 suae
1342 1434 1645 1489 humilitate
1667 1432 1958 1496 tinxerunt,

358 1534 696 1588 nutrimenta
752 1532 1041 1600 corporis,
1094 1546 1215 1600 qua:
1268 1544 1332 1583 ex
1389 1526 1723 1598 quotidiauis
1786 1525 1962 1595 epulis

359 1634 751 1695 comparantur
772 1665 786 1689 ,
819 1624 922 1676 hoc
948 1622 1168 1677 nomine
1197 1636 1294 1690 pro
1325 1621 1502 1675 salute
1528 1619 1806 1672 hominum
1832 1631 1964 1670 con-

361 1725 664 1773 secrantes.
696 1715 829 1781 Quia
856 1729 951 1784 per
974 1714 1161 1783 epulas
1190 1713 1435 1781 corporis
1460 1711 1699 1769 reﬁcitur
1730 1708 1960 1763 inﬁrmi-

363 1818 450 1863 tas
488 1850 502 1873 ,
563 1808 818 1862 alimenta
869 1807 1044 1861 solum
1097 1822 1217 1861 esse
1275 1806 1441 1859 Deum
1488 1813 1811 1868 sanxerunt,
1866 1816 1964 1857 ne-

364 1907 603 1959 scientes
648 1903 816 1958 divini
864 1903 1064 1958 oraculi
1095 1902 1402 1959 veritatem.
1446 1899 1579 1955 Cum
1610 1900 1753 1955 enim
1783 1898 1969 1953 Domi-

365 2013 469 2051 nus
502 2006 686 2051 noster
715 1996 873 2051 Jesus
902 1994 1150 2051 Christus
1183 2011 1305 2050 cum
1338 1993 1589 2059 diabolo,
1633 2008 1731 2063 pro
1780 2002 1964 2045 nostra

368 2092 546 2144 salute
572 2090 866 2156 sollicitus,
896 2090 1076 2144 divina
1103 2088 1403 2159 majestatis
1433 2102 1544 2140 suae
1574 2085 1966 2141 colluctatione

367 2191 639 2247 certaret,
674 2191 730 2236 et
758 2192 815 2236 ut
843 2182 911 2236 de
958 2181 1203 2235 faucibus
1253 2180 1371 2249 ejus
1402 2194 1563 2249 quem
1594 2177 1815 2247 gerebat
1867 2176 1967 2230 ho-

367 2276 571 2329 minem
603 2274 872 2339 liberare,
927 2272 1029 2327 hac
1081 2288 1205 2329 eum
1257 2272 1615 2340 responsione
1666 2270 1961 2338 quassavit.

365 2368 501 2423 Nam
532 2384 655 2422 cum
688 2368 894 2422 diceret
921 2366 971 2421 ei
995 2366 1248 2421 diabolus
1277 2383 1290 2419 :
1324 2365 1384 2420 Si
1408 2364 1547 2433 ﬁlius
1579 2362 1676 2416 Dei
1704 2379 1758 2416 es
1778 2404 1792 2427 ,
1824 2362 1907 2431 fac
1936 2359 1962 2398 ι’

365 2474 421 2515 ut
450 2463 534 2516 isti
564 2462 761 2532 lapides
788 2476 943 2531 panes
975 2460 1102 2528 ﬁant
1127 2459 1147 2531 (
1169 2458 1358 2513 .llatth.
1391 2472 1479 2523 tv,
1513 2456 1577 2521 3;
1610 2454 1738 2509 Luc.
1770 2470 1852 2521 ιιι,
1882 2453 1965 2523 3),

374 2583 609 2635 auditum
638 2585 782 2652 fugat
797 2581 982 2634 noxios
1002 2578 1235 2649 spiritus.
1250 2576 1514 2633 Prudent.
1535 2574 1799 2645 Apothes.
1818 2572 1924 2629 458
1950 2590 1962 2625 :

446 2736 494 2748 ..
528 2734 537 2744 .
570 2733 622 2746 ..
950 2690 1546 2756 ...Torquetu_rgApollo_

435 2760 645 2808 Nomine
672 2770 933 2819 percussus
955 2757 1133 2807 Christi
1156 2752 1292 2817 {nec
1312 2754 1513 2819 fulmina
1538 2752 1690 2819 Verbi

438 2822 593 2872 Ferre
620 2815 801 2884 potest,
826 2822 1012 2881 agitant
1032 2815 1265 2868 miserum
1287 2824 1357 2867 tot
1381 2817 1595 2865 verbera
1615 2816 1798 2877 lingua:
1830 2815 1842 2861 !

376 2926 675 2981 Notandmn
692 2925 756 2979 ad
776 2926 828 2977 1ι.
854 2925 891 2978 l.
915 2940 981 2978 ex
999 2922 1232 2979 llistoria
1264 2922 1621 2978 ecclesiastica
1643 2937 1659 2974 :
1679 2919 1968 2975 Catholicos

2066 418 2087 446 ο
2126 409 2246 462 vivit
2275 408 2462 477 homo,
2492 409 2582 463 sed
2636 409 2691 462 in
2729 410 2868 463 omni
2912 412 3060 464 verbo
3107 410 3204 465 Dei
3248 410 3413 481 (Luc.
3443 426 3530 474 tv,
3563 411 3607 464 ι
3630 411 3677 478 ).

2060 498 2374 556 Nescientes
2402 501 2587 571 itaque
2617 501 2978 557 substantiam
3001 504 3218 573 generis
3242 502 3501 568 humani,
3524 516 3684 572 quo-

2060 592 2294 649 tidianas
2311 594 2498 665 epulas
2521 594 2624 649 hoc
2647 594 2865 650 nomine
2880 603 3291 650 consecrarunt.
3314 594 3451 649 Nam
3469 608 3678 657 omne,

2062 703 2169 757 quo
2215 698 2511 743 vescuntur
2559 687 2845 753 homines,
2887 702 3058 757 penus
3100 698 3365 753 vocatur;
3422 686 3547 741 hinc
3614 696 3683 740 et

2061 778 2200 832 cella
2240 780 2459 848 penaria
2490 776 2550 845 ά,
2591 778 2717 833 hinc
2741 788 2795 833 et
2840 778 2913 832 dii
2961 788 3214 849 penates,
3246 778 3316 833 ab
3345 777 3581 846 abiectis
3619 786 3685 830 et

2063 870 2351 941 prostratis
2382 870 2693 925 hominibus
2736 870 2936 925 misera
2965 878 3094 924 sunt
3135 868 3466 939 cogitatione
3510 883 3685 922 com-

2063 966 2260 1036 posita.
2312 965 2473 1020 Vesta
2504 975 2683 1021 autem
2716 965 2846 1035 quid
2888 966 2958 1019 sit
3006 964 3200 1019 discite
3237 974 3294 1027 ε,
3337 978 3405 1018 ne
3450 962 3685 1035 putetis

2065 1060 2347 1127 antiquum
2377 1057 2616 1128 aliquid,
2648 1068 2743 1111 aut
2767 1073 2890 1111 cum
2937 1072 3152 1112 summo
3206 1066 3417 1112 terrore
3464 1056 3687 1111 inven-

2066 1159 2197 1205 tum.
2232 1150 2379 1220 Ignis
2409 1160 2493 1204 est
2526 1150 2860 1204 domesticus
2882 1190 2895 1213 ,
2926 1149 3017 1219 qui
3050 1148 3102 1201 in
3147 1147 3282 1202 focis
3328 1148 3685 1219 quotidianis

2067 1244 2255 1299 usibus
2283 1244 2471 1298 servit.
2503 1246 2847 1313 Quapropter
2874 1258 3078 1313 coquos
3118 1242 3316 1298 habeat
3345 1241 3362 1279 ί
3386 1284 3400 1305 ,
3432 1258 3539 1297 non
3562 1243 3684 1297 mi-

2065 1352 2218 1393 seras
2260 1337 2499 1407 virgines
2538 1337 2884 1401 sacerdotes,
2917 1352 3037 1407 qua;
3067 1344 3483 1391 contemnentes
3525 1336 3678 1406 ignis

2066 1429 2234 1499 ipsius
2262 1428 2628 1496 favillas,aut
2679 1429 2971 1498 prostituto
3016 1443 3251 1497 corpore
3299 1442 3526 1496 peccare
3572 1443 3679 1482 co-

2066 1531 2266 1595 guntur
2297 1533 2353 1587 8,
2400 1532 2492 1577 aut
2523 1523 2577 1577 in
2618 1521 2925 1592 virginitate
2970 1530 3386 1591 perseverantes
3433 1520 3681 1591 perdunt

2069 1616 2352 1671 honestam
2381 1615 2602 1685 gloriosi
2645 1614 2883 1669 nominis
2910 1615 3227 1685 dignitatem
3253 1611 3303 1668 ιι.

2660 1708 2889 1766 CAPUT
2928 1708 3070 1764 XVI.

2143 1800 2375 1855 Palladii
2406 1802 2657 1871 originem
2703 1802 2951 1870 exponit,
3002 1802 3214 1869 ejusque
3242 1800 3455 1855 numine
3504 1818 3675 1872 neque

2073 1893 2318 1965 Trojam,
2370 1911 2531 1962 neque
2573 1895 2825 1961 Romam,
2858 1897 2924 1947 ab
2972 1895 3211 1949 incendio
3261 1905 3424 1948 tutam
3473 1896 3667 1966 fuisse,

2070 2004 2162 2043 nec
2190 1992 2301 2060 ejus
2345 1989 2567 2043 cultores
2596 1989 2649 2041 in
2682 1998 2939 2056 posterum
2970 1997 3108 2042 tutos
3157 1990 3378 2060 futuros.

2144 2080 2373 2136 Palladii
2423 2082 2585 2137 etiam
2640 2081 2768 2152 quid
2817 2082 2886 2136 sit
2953 2097 3147 2136 numen
3208 2082 3412 2138 audite.
3486 2082 3676 2137 Simu-

2070 2174 2274 2229 lacrum
2326 2182 2410 2228 est
2440 2188 2506 2229 ex
2536 2175 2753 2229 ossibus
2802 2174 3016 2244 Pelopis
3062 2174 3265 2230 factum
3300 2173 3342 2228 ί.
3366 2174 3485 2229 Hoc
3526 2175 3678 2229 Aba-

2072 2271 2147 2322 ris
2182 2268 2194 2316 i
2238 2267 2441 2337 Sctyha
2471 2266 2667 2323 fecisse
2696 2267 3172 2337 perbibetur;jam
3204 2268 3366 2337 quale
3393 2269 3464 2322 sit
3486 2269 3677 2322 consi-

2071 2361 2283 2428 derate,
2337 2359 2480 2430 quod
2510 2360 2712 2431 Scytha
2771 2360 3033 2416 barbarus
3088 2360 3451 2416 consecravit.
3498 2360 3680 2415 Estne

2074 2452 2275 2524 aliquid
2307 2454 2447 2522 apud
2490 2452 2721 2524 Scythas
2764 2453 2996 2507 humana
3026 2453 3238 2509 ratione
3277 2452 3675 2522 compositum,

2074 2574 2342 2627 humerum
2368 2572 2646 2625 eburneum
2673 2570 2785 2624 loco
2807 2571 2984 2624 amissi
3012 2572 3255 2624 restituit.
3288 2570 3531 2641 Hyginus
3557 2570 3671 2626 l’ab.

2070 2645 2160 2699 85.
2195 2642 2351 2697 Serv.
2382 2644 2418 2695 l.
2450 2658 2499 2697 c.
2529 2642 2851 2712 Lycophron
2879 2658 2928 2695 v.
2956 2641 3058 2696 152
3091 2660 3102 2695 :
3154 2641 3259 2695 llic
3283 2643 3524 2712 deinceps
3551 2660 3675 2695 eum

2072 2732 2135 2769 ea:
2168 2712 2306 2766 Pisis
2340 2713 2551 2777 Troiam
2580 2714 2889 2782 deferretur,
2917 2712 3055 2783 quod
3080 2715 3189 2767 sine
3212 2714 3306 2766 illo
3330 2730 3442 2767 osse
3476 2724 3522 2767 et
3543 2730 3672 2767 arcu

2073 2784 2387 2838 Philoctetis
2412 2783 2560 2839 Ἴλιον
2588 2783 2882 2856 Sogdiani-av
2908 2785 3118 2856 oraculo
3145 2785 3493 2856 accepissent,
3536 2801 3669 2837 nau-

2072 2857 2249 2927 fragig
2270 2857 2420 2924 periit
2439 2860 2595 2927 juxta
2622 2854 2903 2917 Euboeam;
2929 2874 2960 2927 ιι
2995 2854 3340 2909 Damarmeno
3362 2872 3482 2909 vero
3505 2856 3676 2925 piscao

2072 2936 2180 2981 tore
2206 2926 2488 2981 Eretriensi
2509 2927 2847 2994 expiscatum,
2877 2926 2956 2979 illi
2977 2936 3021 2979 et
3042 2928 3255 2997 posteris
3280 2927 3678 2980 custodiendum

375 3000 613 3063 spiritum
630 3013 897 3051 erroneum
924 2997 1219 3065 objurgasse
1235 3004 1280 3047 et
1294 2994 1428 3046 ultro
1456 2996 1594 3062 loqui
1616 2992 1966 3063 prohibuisse;
1994 2986 2039 3047 C
2073 2998 2389 3053 tradebatur.
2414 2986 2645 3051 Pausan.
2674 2986 2845 3050 Eliac:
2866 3013 2901 3061 ι,
2931 3013 2979 3051 c.
3015 2986 3101 3051 1'5.
3134 2997 3211 3051 Ex
3247 2998 3331 3051 illa
3358 2999 3679 3061 traditione,

380 3054 725 3121 Montanistas
772 3077 950 3120 contra
980 3054 1395 3137 'aduloquendum
1443 3054 1965 3136 plura'provocasse.

380 3141 571 3195 Rouru
626 3139 891 3208 Reliqui-.e
935 3136 1115 3191 Sacric
1160 3153 1209 3202 ι,
1268 3136 1708 3208 416.anmdem
1760 3150 1972 3208 quoque

380 3210 681 3265 Gentilibus
710 3206 781 3263 de
814 3209 864 3262 vi
914 3208 1311 3275 adjurationum
1364 3206 1643 3261 inhicsisse
1668 3207 1975 3277 persuasio-

380 3296 503 3334 nem
523 3279 919 3333 docetlocusin
951 3277 1161 3331 Firmici
1192 3278 1503 3332 Astronom.
1523 3296 1579 3344 ιι,
1610 3275 1724 3332 ρί9
1756 3296 1766 3328 :
1795 3275 1975 3329 Faciet

382 3353 664 3404 exorcistas
688 3361 736 3403 et
754 3352 840 3419 qui
864 3348 1153 3403 laborantes
1181 3351 1469 3403 daemonum
1492 3350 1781 3403 incursione
1811 3347 1977 3419 homi-

382 3439 469 3475 nes
494 3422 626 3493 aptis
652 3417 887 3493 remediis
915 3420 1402 3493 liberent.P|ura_dc
1427 3420 1715 3493 exorcistis
1744 3417 1863 3473 vide
1884 3434 1972 3488 ap.

390 3491 743 3561 Biughamum
770 3491 950 3560 Origg.
981 3492 1115 3561 eccl.
1150 3502 1279 3544 tom.
1315 3491 1389 3551 ll,
1422 3506 1473 3559 p.
1510 3492 1574 3546 19
1607 3507 1722 3558 seq.

454 3560 710 3616 “Cicero
741 3563 807 3615 de
856 3562 918 3614 N.
959 3560 1111 3616 deor.
1146 3577 1206 3626 ιι,
1252 3576 1301 3613 c.
1347 3562 1439 3625 27,
1490 3572 1543 3614 et
1586 3561 1653 3614 ibi
1716 3561 1972 3613 (lreuzer.

381 3633 522 3686 Tob.
572 3633 836 3699 llempelii
888 3632 955 3686 de
1004 3632 1111 3684 Diis
1157 3631 1399 3685 Laribus.
1457 3630 1775 3685 Zwickavire
1816 3631 1974 3684 1797.

380 3704 549 3758 Jcrm.
585 3703 773 3756 Muller
820 3703 1044 3755 Dissert.
1098 3704 1282 3771 lnaug.
1332 3702 1400 3755 de
1447 3703 1558 3755 Diis
1608 3702 1977 3754 Romanorum

386 3773 616 3829 Laribus
643 3783 697 3829 ct
728 3773 1037 3827 Penatibus.
1071 3772 1229 3827 llal‘n.
1280 3774 1435 3827 18H.
1481 3773 1717 3827 Creuzer
1763 3787 1833 3835 ιι,
1875 3772 1979 3826 747

387 3862 507 3900 δραι

451 3862 495 3953 (1'?
530 3914 637 3968 Fac
666 3916 823 3970 unice
868 3924 1045 3970 exstat
1092 3915 1231 3984 apud
1283 3915 1600 3970 Firmicum.
1648 3914 1705 3969 ln
1756 3913 1982 3984 reliquis

388 3988 681 4043 (Iudicibus
703 3996 756 4041 et
784 3987 1065 4047 Patribus,
1099 3988 1188 4058 qui
1233 3987 1842 4058 Antehieronymianam
1892 3989 1984 4039 ha-

388 4062 517 4115 bent
544 4058 775 4113 Matthaéi
799 4068 853 4113 et
875 4058 1033 4111 Lucae
1063 4057 1409 4121 Vcrsionem,
1440 4057 1637 4127 legitur
1666 4059 1771 4111 dic.

464 4142 484 4168 ο
533 4130 654 4183 Non
682 4131 733 4182 in
756 4148 888 4200 pane
910 4139 1129 4182 tantum.
1160 4129 1607 4200 Reliquiwhabent
1651 4133 1782 4182 solo.
1818 4128 1987 4200 Maxi-

386 4216 508 4255 mus
537 4198 885 4255 Taurinensis
915 4201 1191 4256 consentit
1216 4216 1337 4253 cum
1369 4199 1624 4254 Firmico.
1658 4200 1792 4255 Vide
1816 4198 1987 4255 Saba-

381 4273 513 4393 ἐς]ῇί
564 4273 699 4325 Bibl.
735 4270 955 4325 Sacror.
985 4271 1203 4325 Latinas
1241 4273 1524 4326 versiones
1554 4270 1803 4342 antiquas
1832 4273 1895 4335 5,
1932 4288 1983 4340 ιι.

457 4410 1019 4537 ἀνεγόειιιςείιρεηονα.
1067 4412 1239 4467 Varro
1270 4412 1337 4467 de
1388 4412 1596 4484 Lingua
1648 4413 1839 4468 Latina
1885 4413 1982 4468 lib.

457 4523 461 4535 .
562 4498 672 4537 ow.

388 4499 461 4537 ιν.
499 4498 672 4537 WOW.

467 4564 489 4591 ο
536 4554 609 4608 De
643 4553 802 4607 Vcsta
826 4554 895 4609 cf.
929 4554 1041 4610 Cic.
1076 4554 1144 4609 de
1175 4554 1294 4608 Nat.
1330 4554 1470 4609 Deor
1500 4570 1556 4617 ιι,
1597 4570 1647 4609 c.
1679 4555 1748 4609 27
1776 4572 1790 4619 ;
1824 4554 1985 4610 Ovid.

392 4623 605 4695 Fastor.
637 4641 715 4689 ιιι,
764 4623 854 4691 45,
879 4636 933 4680 et
954 4643 1037 4691 vr,
1069 4626 1177 4680 250
1203 4641 1359 4695 seq.;
1391 4625 1598 4680 Arnob.
1633 4643 1718 4694 ιιι,
1752 4628 1852 4692 ‘52,
1898 4643 1949 4680 iv
1974 4668 1987 4691 ,

393 4693 498 4768 355
533 4697 722 4768 lsitlori
751 4695 933 4768 Origg.
966 4715 1015 4752 ix
1037 4740 1051 4763 ,
1082 4713 1132 4752 c.
1166 4698 1252 4750 ll.

469 4765 488 4803 ί
530 4766 739 4822 lrrisio!

468 4846 492 4882 8
537 4838 683 4908 llaud
716 4840 958 4907 intelligo
980 4838 1252 4908 quomodo
1275 4838 1341 4891 ad
1372 4838 1705 4906 peccandum
1735 4841 1853 4907 cogi
1878 4840 1982 4894 dici

395 4908 603 4974 possint
634 4907 867 4977 virgines
900 4910 1171 4971 Vestales,
1205 4909 1255 4962 in
1279 4925 1505 4977 quarum
1534 4910 1980 4965 incontinentiam

392 4992 459 5032 ex
510 4978 719 5044 legibus
764 4978 1171 5035 Pontilit-alibus
1215 4980 1580 5033 Romanorum
1639 4983 1982 5036 severissime

394 5046 935 5121 animadverteretur.
968 5050 1155 5121 Neque
1183 5060 1554 5103 contemnentes
1584 5052 1713 5104 illud
1759 5052 1979 5107 Firniici

392 5132 516 5171 cum
547 5119 724 5194 verbis
765 5129 853 5171 aut
879 5121 946 5194 in?
972 5119 1264 5194 virginitate
1304 5132 1679 5194 perseverantes
1725 5125 1973 5194 perdunt,

389 5198 496 5242 etc.
526 5230 539 5249 ,
571 5190 841 5257 quadrare
863 5190 1098 5247 videtur.
1123 5193 1291 5247 Totus
1324 5193 1473 5246 locus
1504 5190 1741 5258 laborat,
1792 5204 1846 5249 et
1893 5196 1977 5250 vix

390 5259 746 5332 in_iotegrum
780 5266 988 5317 restitui
1017 5265 1233 5332 poterit.

461 5328 489 5365 ¹ι
528 5328 625 5407 Sc.
653 5334 785 5407 quia
816 5328 1055 5390 caelibem
1102 5338 1266 5388 vitam
1313 5350 1416 5389 non
1462 5333 1594 5399 Deo,
1629 5335 1723 5389 sed
1752 5336 1977 5407 impura:

391 5400 627 5456 daemoni
653 5400 827 5459 Vesta:
853 5415 1324 5460 consecraverant.

469 5473 483 5509 ί
528 5471 739 5544 Cogitat
768 5475 835 5528 de
868 5475 1094 5530 humero
1116 5475 1364 5543 Pelopis,
1393 5490 1551 5544 quem
1579 5475 1742 5531 Ceres
1766 5478 1817 5531 in
1842 5494 1976 5545 epu-

385 5542 439 5615 ιο
466 5560 494 5597 a
527 5542 754 5599 Tantalo
784 5546 888 5599 diis
922 5556 1109 5614 paratu
1138 5542 1323 5615 parum
1360 5542 1548 5607 cauta,
1582 5561 1703 5600 cum
1752 5542 1975 5603 Proser-

380 5613 570 5702 ρξιιοιιι
596 5617 864 5702 amissanl
885 5613 1493 5702 lugeretécootnederat.
1526 5617 1682 5673 Serv.
1729 5621 1794 5702 ad
1828 5619 1973 5702 "Vir-

376 5683 471 5750 gil.
499 5684 693 5756 Georg.
727 5702 803 5753 ιιι,
833 5688 895 5743 7:
923 5683 1018 5745 Cui
1046 5707 1077 5743 a
1116 5690 1217 5745 diis
1246 5690 1297 5743 in
1342 5691 1494 5744 vitam
1538 5700 1771 5747 revocato
1821 5690 1971 5748 Ceres

2079 3069 2364 3123 humerum
2390 3068 2602 3137 Pelopis
2630 3068 2694 3120 ad
2728 3068 2947 3121 Grmcos
2974 3068 3192 3137 Trojam
3229 3069 3547 3124 obsidentes
3578 3069 3683 3124 de-

2078 3140 2245 3193 latum
2269 3138 2458 3203 fuisse,
2484 3150 2600 3193 orta
2629 3146 2711 3193 cst
2734 3139 2899 3192 altera
2929 3138 3131 3202 fabula,
3166 3155 3231 3193 ex
3264 3155 3331 3193 eo
3360 3156 3387 3192 a
3420 3140 3681 3209 Trojanis

2078 3210 2378 3265 Palladium
2416 3210 2613 3264 factum
2637 3224 2779 3263 esse.
2809 3210 2957 3263 lianc
2998 3219 3194 3279 prmter
3237 3210 3528 3265 Firmieum
3574 3210 3682 3264 lia-

2078 3282 2168 3336 bet
2198 3279 2451 3351 Clemens
2476 3281 2631 3334 Alex.
2656 3280 2929 3348 Protrcpt.
2964 3296 3012 3334 c.
3041 3284 3092 3335 4.
3120 3297 3170 3351 p.
3196 3280 3287 3341 41.
3321 3282 3409 3335 ed.
3443 3282 3634 3337 Potter
3665 3302 3678 3337 :

2081 3353 2253 3436 ρολλοί
2274 3348 2387 3407 δ’ἆν
2406 3356 2556 3436 ςάχα
2577 3353 2909 3436 Θαυμάσειωέ
2939 3356 2981 3405 εἰ
3016 3348 3215 3436 perﬁci?
3244 3356 3299 3408 τὸ
3322 3352 3595 3409 Παλλάδιον
3620 3356 3685 3408 τὸ

2081 3421 2643 3503 διοπετέςααλοῦμενον
2672 3421 2699 3476 ὂ
2723 3422 2967 3503 Διομήδης
3004 3421 3087 3477 uoci
3109 3422 3386 3503 biiugos};
3410 3426 3683 3503 εει-τοροῦν-

2080 3515 2168 3548 ται
2198 3498 2287 3564 μὲν
2307 3496 2584 3570 Δὑφελέσθαι
2605 3498 2712 3570 ᾀπὸ
2763 3495 2908 3570 Ἰλίου
2942 3497 3393 3570 παρακαταθέσθαι
3422 3495 3476 3551 δὲ
3520 3495 3687 3568 Δημο-

2299 3567 2351 3619 ἐκ
2400 3573 2507 3640 τῶχ
2540 3568 2769 3640 pilenta;
2807 3567 3419 3640 ὀστῶν-κατεσκευάσθαι,
3450 3567 3686 3640 καθαπερ

2083 3634 2141 3689 ea
2158 3634 2433 3713 :Qlépmoy
2456 3634 2509 3701 ἕξ
2531 3635 2689 3713 allow
2715 3638 2876 3691 ὀστῶν
2895 3636 3100 3691 Ἰνδικοῦ
3117 3640 3310 3713 ρξουἐ
3324 3637 3508 3713 Δῌιήιιε
3522 3634 3690 3692 ebur:-

2085 3705 2173 3759 uei
2206 3705 2416 3760 humeri
2472 3710 2802 3761 mentionem
2856 3724 3072 3775 quoque
3123 3705 3251 3761 la'cit
3280 3705 3640 3763 Philostratus
3669 3751 3684 3774 ,

2085 3776 2286 3847 lmagg.
2336 3791 2387 3831 c.
2439 3777 2529 3832 '50.
2562 3778 2695 3833 Cum
2741 3776 3021 3831 Clemente
3051 3781 3321 3832 consentit
3348 3780 3556 3833 Arnob.
3587 3796 3637 3832 Iv
3669 3822 3687 3842 ,

2085 3847 2158 3901 25
2190 3866 2203 3901 :
2260 3847 2387 3913 Quis
2423 3864 2487 3901 ea:
2513 3850 2744 3915 reliquiis
2776 3847 2985 3917 Pelopis
3015 3861 3337 3917 compactum
3363 3867 3473 3903 esse
3506 3850 3690 3903 Palla-

2095 3918 2237 3971 dium
2265 3920 2494 3987 prodidit
2520 3920 2543 3973 ?
2570 3936 2669 3972 non
2697 3936 2784 3973 vos
2814 3922 2838 3973 Ρ
2892 3919 3007 3975 Huc
3039 3922 3310 3989 pertinere
3359 3922 3691 3984 Cassandra:

2088 3990 2251 4044 verba
2284 3991 2422 4060 apud
2448 3990 2859 4060 Lchphronem
2889 4008 2939 4045 v.
2966 3992 3056 4058 53,
3089 3991 3351 4048 Meursius
3382 3993 3686 4048 existimat:

2340 4093 2489 4131 Λιύσσω
2512 4107 2568 4137 σι.
2587 4094 2741 4143 τλῆμον,
2766 4090 2935 4145 διὺτιρον
2953 4097 3174 4146 ποθουμένην

2340 4151 2431 4200 Ταῖς
2455 4157 2489 4193 τ’
2513 4157 2695 4201 Λὶωιιὶοις
2717 4158 2833 4207 legal,
2854 4163 2933 4203 ταῖς
2954 4172 2996 4195 τι
3019 4154 3228 4203 Ταντάλου,

2342 4220 2540 4267 Λαιτρὶναν
2560 4219 2765 4267 οἱκουροῦσι
2782 4219 2962 4269 λιιψάνοις
2984 4233 3092 4269 πυοος

2344 4276 2483 4325 Παιδὸς
2500 4280 2809 4331 ιιαταεροχθίντος
2832 4282 2973 4332 attat...
2995 4278 3119 4331 διμας.

2015 4376 2065 4435 D
2206 4354 2610 4435 comparatione
2640 4353 2863 4435 Palladii
2894 4369 3014 4408 cum
3046 4355 3178 4435 Jove
3207 4355 3459 4435 Olynlpio
3493 4358 3689 4435 proba-

2100 4422 2206 4497 bile
2232 4433 2314 4477 est
2349 4424 2675 4497 Clementem
2707 4425 2775 4497 de
2805 4425 3029 4497 humero
3069 4422 3307 4480 elmrneo
3338 4422 3553 4497 Pelopis
3594 4444 3688 4483 Co-

2096 4495 2314 4561 gitasse.
2361 4494 2656 4561 Acceperat
2705 4494 2872 4562 forte,
2904 4496 3197 4551 Palladium
3252 4499 3392 4565 apud
3440 4494 3685 4555 Vestales

2097 4566 2367 4635 limuanas
2416 4575 2688 4619 servatum
2739 4583 2804 4621 ex
2852 4582 2974 4622 osse
3022 4566 3217 4623 factum
3266 4584 3421 4635 esse;
3456 4580 3684 4625 vetuste

2094 4634 2257 4704 igitur
2288 4635 2480 4689 fabula:
2514 4637 2952 4712 _lidem‘habnit.
3012 4639 3269 4712 Palladii,
3317 4634 3471 4710 cujus
3522 4644 3682 4712 primi

2092 4717 2344 4760 auctores
2390 4707 2663 4762 exstitisse
2713 4707 2956 4762 feruntur
3013 4710 3249 4765 Lcsches
3315 4707 3397 4765 et'
3427 4707 3683 4768 Arctinus

2091 4776 2359 4851 (llesych.
2414 4795 2464 4829 v.
2518 4778 2837 4850 Διομήδειος)
2863 4821 2877 4843 ,
2911 4779 3151 4835 ultimam
3176 4823 3190 4844 ,
3222 4794 3481 4851 quantum
3530 4787 3678 4850 scio,

2090 4848 2335 4901 notitiam
2386 4848 2694 4918 suppeditat
2728 4848 3059 4905 Herodianus
3086 4853 3178 4905 lib.
3212 4848 3261 4919 ιζ
3288 4868 3338 4907 c.
3372 4854 3459 4908 l4.
3504 4848 3682 4909 Vesta:

2090 4919 2293 4983 templo
2322 4919 2602 4973 Commodi
2637 4930 2876 4989 tempore
2906 4923 3027 4987 igne
3057 4923 3265 4989 deleto,
3301 4923 3544 4979 Vestales
3574 4928 3673 4980 vir-

2086 4990 2237 5066 gines
2263 4990 2557 5066 Palladium
2592 5007 2692 5044 una
2716 5007 2847 5066 cum
2882 4993 3142 5066 aliisqure
3170 4999 3463 5050 servabant
3494 4999 3675 5066 pigno-

2087 5060 2235 5113 ribus
2262 5060 2471 5129 imperii
2502 5061 2728 5116 Romani
2769 5065 2833 5116 ad
2869 5060 3173 5130 pontiﬁcem
3205 5060 3507 5119 niaximum
3528 5060 3677 5121 e'um-

2084 5130 2315 5201 diemque
2360 5134 2738 5201 imperatorem
2781 5135 2831 5187 iu
2890 5134 3160 5189 Palatinas
3206 5136 3351 5190 :cdes
3394 5138 3675 5193 detulisse.

2085 5200 2239 5274 Unde
2294 5200 2556 5274 Firmicus
2612 5219 2732 5270 quae
2784 5205 2852 5259 de
2896 5205 3133 5261 Palladio
3187 5207 3346 5262 tradit
3400 5209 3675 5274 hauserit,

2083 5273 2361 5345 nors‘latet.
2396 5273 2556 5328 Plura
2606 5275 2766 5329 habet
2813 5291 2973 5345 quam
3021 5278 3307 5343 Clemens;
3360 5279 3677 5345 venditum,

2080 5343 2459 5398 subhastatum
2519 5345 2686 5399 fuisse
2742 5343 2844 5399 ait.
2892 5348 3016 5401 llzec
3067 5364 3197 5403 vero
3250 5365 3316 5403 ex
3369 5343 3678 5407 Euhemero

2079 5428 2202 5469 eum
2251 5416 2574 5482 sumpsisse,
2605 5417 2877 5485 conjicere
2909 5418 3053 5473 licet.

2154 5488 2165 5534 l
2200 5485 2262 5563 _ln
2302 5486 2665 5563 _editiouibus_
2698 5489 2895 5563 Auarus
2926 5489 3125 5563 §cytlia
3171 5491 3250 5545 bis
3298 5492 3516 5563 legitur.
3542 5492 3676 5549 Siue

2078 5555 2425 5630 hmsitatione
2445 5560 2666 5630 correxi
2699 5561 2885 5613 Aharis
2914 5555 3134 5630 chtha,
3162 5578 3319 5629 quem
3348 5555 3678 5621 Aristoteles

2076 5626 2236 5697 Burin
2266 5629 2523 5697 appellat.
2552 5628 2633 5683 Cl.
2664 5626 3007 5694 Scaligeruni
3058 5626 3129 5687 inv
3166 5626 3424 5690 Gronovii
3468 5636 3670 5691 Minue.

2076 5696 2257 5754 Felice
2285 5696 2619 5770 ct'Firmico,
2652 5715 2704 5771 p.
2732 5701 2857 5759 454.
