3992 6204
567 276 705 336 1019

1792 269 1963 335 IUL“
1999 268 2259 331 FIRMICI
2298 269 2607 331 MATERNI

3737 271 3859 329 £020

560 392 943 461 triumpharet.
995 391 1210 451 exuviis
1265 390 1517 461 corporis
1570 388 1691 460 ejus
1722 399 1915 447 ornata
1968 397 2163 467 estnut
2189 395 2243 458 Α
2266 395 2319 441 et
2348 387 2400 443 in
2422 388 2651 443 exitium
2677 404 2835 449 suum
2860 404 3029 461 prona
3056 390 3405 449 animositate
3443 390 3694 449 iestinat.
3723 391 3859 447 Tunc

562 485 844 557 parricidii
877 484 1087 541 facinus
1115 500 1181 540 ex
1212 483 1423 541 crudeli
1438 483 1806 541 ostentatione
1838 481 2164 555 publicaret.

565 578 738 650 Hujus
764 587 848 635 est
877 577 1200 643 Palladium,
1236 576 1371 647 prob
1403 575 1554 631 nefas
1580 577 1592 633 !
1621 575 1840 631 nomine
1868 588 2169 631 consecra-

568 682 702 726 tum.
738 670 863 729 Haec
892 676 978 725 est
1005 668 1181 726 Pallas
1209 684 1333 738 qua:
1369 668 1587 737 colitur,
1623 668 1739 723 haec
1768 676 1850 723 cst
1882 682 2001 735 quzn
2034 681 2167 737 pon—

568 763 755 819 tilicali
805 762 924 833 lege
954 770 1205 819 servatur
1235 769 1283 827 ιι,
1315 770 1371 815 et
1428 759 1582 829 cujus
1631 759 1809 835 imago
1848 756 2166 828 suppliciter

565 854 843 911 aduratur.
863 854 1136 924 Apponite
1167 854 1372 922 ignem,
1392 864 1587 924 augete
1611 852 1879 918 ﬂammas,
1906 860 1963 909 ut
1985 852 2163 920 quoti-

566 949 742 1005 dianis
770 947 1055 1006 sacriﬁciis
1080 948 1277 1003 vestris
1318 947 1533 1003 dicatur
1586 948 1802 1007 ardere.
1836 945 1976 1014 Quid
2019 947 2166 1003 enim

569 1050 811 1098 meretur
842 1040 986 1096 aliud
1014 1040 1305 1111 parricida,
1337 1040 1439 1095 nisi
1474 1050 1530 1096 ut
1573 1048 1834 1110 perpetua
1867 1038 2168 1099 mutatione

570 1133 912 1188 ﬂammarum
963 1142 1089 1189 ante
1119 1132 1448 1191 sententiam
1502 1132 1594 1189 Dei
1647 1130 1887 1201 quotidie
1934 1130 2169 1189 ﬂammis

570 1226 857 1283 ultricibus
902 1226 1326 1281 concremetur?
1374 1225 1536 1281 Busta
1587 1232 1754 1291 sunt,
1810 1223 2168 1283 sacratissimi

572 1320 954 1393 imperatores,
998 1318 1343 1389 appellanda,
1394 1334 1501 1375 non
1552 1319 1750 1389 templa
1775 1316 1823 1374 δ.
1856 1317 1989 1390 Regi
2041 1327 2171 1374 sunt

573 1416 755 1483 potius
782 1413 996 1469 dicendi
1025 1413 1371 1471 miserorum.
1400 1413 1534 1469 Nam
1591 1414 1643 1468 in
1693 1411 1954 1471 honorem
1986 1410 2167 1467 homi-

572 1521 699 1561 num
726 1506 1063 1579 perditorum
1113 1506 1259 1560 aedes
1291 1520 1390 1575 pro
1418 1504 1684 1575 sepulcris
1728 1503 2038 1565 miseranda
2070 1502 2168 1559 lto-

574 1599 777 1651 tninttm
819 1599 1056 1651 servitus
1102 1598 1248 1651 facit.
1306 1598 1401 1651 llic
1453 1606 1817 1651 crematorum
1872 1610 2168 1667 corporum

571 1689 770 1743 favilla:
792 1699 1101 1755 servantur,
1137 1689 1223 1743 hic
1244 1690 1460 1749 cineres
1491 1698 1829 1745 mortuorum
1857 1688 2165 1758 irreligiosa

2267 480 2311 533 si
2346 480 2545 535 malum
2592 482 2767 539 morbi
2800 481 2994 541 fortius
3039 485 3318 547 creverit.
3362 485 3571 550 majora
3630 484 3857 539 remedia

2268 584 2609 640 quaeruntur,
2635 584 2688 633 et
2716 589 2816 643 pro
2845 575 3022 632 salute
3050 576 3362 631 hominibus
3394 577 3633 631 sollicita
3682 576 3861 633 fortius

2267 677 2328 717 se
2357 664 2625 720 medicina
2661 669 2913 739 opponit.
2963 671 3157 740 Asperi
3200 670 3334 738 cibi,
3376 671 3550 725 amari
3582 679 3746 739 potus
3776 686 3861 725 no-

2266 755 2505 812 lentibus
2559 759 2923 829 ingeruntur:
2972 771 3027 817 et
3076 763 3121 816 si
3166 764 3512 819 convaluerit
3558 762 3789 828 malum,
3819 773 3863 819 et

2269 849 2408 920 ignis
2429 852 2720 911 adhibetur
2746 865 2799 911 et
2825 855 3052 913 ferrum.
3072 856 3161 915 Sic
3186 856 3372 922 homo,
3390 868 3614 926 recepta
3641 860 3864 915 Sanitate

2266 955 2316 997 et
2367 944 2541 1003 salute
2572 948 2673 1001 sibi
2717 947 2953 1013 reddita,
2977 949 3237 1020 quidquid
3269 950 3591 1019 aegrotantis
3617 952 3863 1020 carpi-ris

2267 1036 2399 1092 vitio
2420 1035 2622 1097 invitus
2646 1054 2840 1111 passus
2873 1050 2978 1108 est,
3010 1041 3111 1099 hoc
3162 1052 3334 1099 totum
3368 1057 3466 1109 pro
3505 1042 3754 1098 utilitate
3778 1059 3861 1096 sua

2269 1128 2466 1189 factum
2496 1147 2641 1200 esse,
2670 1135 2868 1195 stantis
2898 1135 3067 1195 animi
3087 1135 3295 1205 judicio
3324 1136 3648 1193 conﬁtetur.

2837 1227 3069 1287 CAPUT
3108 1227 3294 1283 XVIII.

2271 1313 2651 1387 Etymologias,
2688 1320 2794 1375 sive
2837 1321 3063 1391 origines
3107 1321 3398 1386 nominum,
3427 1336 3546 1387 qua:
3588 1321 3695 1375 diis
3724 1323 3864 1379 attri-

2342 1412 2646 1475 buebantur,
2677 1414 2908 1485 exponit.
2936 1414 3181 1485 Syntbola
3221 1416 3408 1468 deinde
3449 1426 3496 1471 et
3526 1415 3681 1488 signa
3705 1417 3862 1471 cultus

2342 1507 2552 1561 deorum
2580 1506 2827 1575 explanat
2853 1547 2868 1571 ,
2898 1507 3072 1563 multis
3120 1508 3298 1570 simul,
3330 1507 3419 1561 ubi
3443 1507 3651 1562 ocrasio
3688 1508 3784 1577 ipsi
3807 1525 3861 1561 rx

2340 1599 2491 1669 genio
2519 1598 2694 1657 sazculi
2724 1608 2875 1667 atque
2922 1614 3085 1653 sacra:
3123 1598 3415 1669 Scriptum
3468 1600 3861 1670 interpretandis

2340 1692 2541 1747 ratione
2598 1696 2735 1761 ferre
2763 1692 3072 1757 videbatur,
3127 1692 3255 1747 locis
3302 1691 3519 1753 Biblicis
3575 1693 3769 1748 allatis.
3798 1692 3859 1747 Et

573 1782 693 1850 lege
711 1780 1043 1844 conduntur,
1073 1789 1131 1837 ut
1159 1780 1485 1839 acerborum
1516 1781 1774 1839 mortium
1806 1795 1967 1835 casus
1990 1782 2171 1850 qttoti-
2200 1814 2247 1873 Β
2343 1787 2399 1841 in
2466 1785 2691 1855 quinque
2745 1786 3003 1855 imprimis
3070 1784 3313 1853 symbolis
3370 1786 3694 1854 exponendis
3763 1802 3862 1841 wr-

572 1873 739 1927 diano
768 1874 1109 1931 victimarum
1133 1875 1402 1945 sanguine
1424 1874 1792 1940 recrudescat,
1816 1884 1872 1929 ut
1898 1875 2068 1929 tristis
2096 1875 2172 1930 la-

576 1967 926 2022 ntentationis
975 1966 1156 2023 exitus
1202 1975 1497 2027 renovatus
1550 1968 1748 2023 annuis
1799 1967 2035 2022 luctibus
2087 1983 2171 2023 re-

575 2070 850 2127 nascatur,
871 2069 930 2116 ut
958 2063 1165 2131 sopitos
1210 2061 1368 2119 lletus
1421 2061 1696 2119 recentior
1720 2061 1961 2117 ululatus
1988 2061 2173 2131 exagi—

577 2162 677 2217 tet,
703 2165 758 2207 ut
782 2152 1072 2222 parricidia
1107 2153 1193 2211 vel
1221 2154 1427 2209 incesta
1460 2155 1539 2209 vel
1573 2162 1779 2209 mortes
1800 2168 1864 2209 ex
1888 2167 2169 2211 sacrorum

574 2246 681 2299 ritu
707 2247 903 2300 misera
930 2260 1085 2299 mens
1108 2246 1386 2301 hominum
1414 2254 1469 2301 et
1488 2246 1671 2300 colere
1696 2244 1871 2299 discat
1893 2255 1946 2300 et
1970 2245 2168 2302 facere.

578 2336 920 2407 Amputanda
976 2347 1103 2395 sunt
1161 2339 1318 2405 haec,
1374 2337 1726 2395 sacratissimi
1790 2339 2169 2406 imperatores,

574 2432 792 2502 penitus
846 2441 1010 2501 atque
1061 2431 1327 2497 delenda,
1372 2440 1426 2487 et
1455 2430 1824 2487 severissimis
1864 2432 2172 2485 edictorum

576 2534 881 2581 vestrorum
908 2524 1124 2596 legibus
1158 2526 1507 2595 corrigenda,
1541 2540 1610 2581 ne
1630 2526 1836 2582 diutius
1866 2524 2172 2581 Romanum

574 2617 765 2677 orbem
795 2619 1238 2689 praesumptionis
1276 2620 1437 2674 istius
1463 2635 1619 2676 error
1650 2619 1901 2675 funestus
1930 2633 2175 2675 comma-

576 2710 744 2775 culet,
778 2726 845 2767 ne
877 2710 1153 2780 pestiferae
1198 2712 1611 2767 consuetudinis
1666 2712 2014 2767 convalescat
2074 2712 2173 2767 im-

578 2804 842 2873 probitas.
874 2804 1146 2875 Quidquid
1199 2805 1474 2860 hominem
1503 2805 1598 2861 Dei
1621 2816 1641 2844 °
1673 2815 1902 2863 conatur
1920 2805 2171 2875 perdere,

579 2911 647 2952 ne
678 2897 884 2951 diutius
915 2898 967 2952 in
1000 2907 1143 2954 terra
1166 2899 1498 2955 dominetur.
1519 2898 1723 2955 Nolunt
1759 2897 1974 2969 quidem
2002 2907 2057 2953 et
2084 2913 2174 2957 re-

579 3000 843 3060 pugnant,
874 3002 928 3047 et
945 2991 1171 3047 exitium
1204 3007 1360 3048 suum
1410 3008 1581 3063 prona
1629 2993 1926 3061 cupiditate
1954 2991 2173 3049 deside-

574 3093 699 3139 rant
731 3103 744 3138 :
773 3085 870 3141 sed
924 3087 1211 3142 subvenite
1252 3087 1489 3154 miseris,
1511 3086 1738 3143 liberate
1762 3097 2072 3156 pereuntes,
2106 3085 2172 3141 ad

2344 1890 2508 1932 satur.

2346 1970 2587 2037 Accipite
2611 1968 2802 2034 etiam,
2847 1968 3183 2023 sacrosancti
3207 1967 3506 2037 principes,
3540 1969 3757 2024 nomina
3778 1983 3863 2023 eo—

2274 2076 2391 2119 rum
2448 2076 2554 2129 qua
2615 2069 2744 2115 sunt
2798 2061 3011 2121 ratione
3067 2060 3416 2130 composita;
3493 2060 3682 2114 lumen
3732 2060 3860 2123 hoc,

2272 2153 2414 2222 quod
2447 2152 2756 2211 hominibus
2801 2151 2957 2223 jussu
3012 2151 3132 2218 Dei,
3190 2152 3389 2221 fugatis
3416 2151 3687 2218 tenebris,
3734 2152 3860 2211 diem

2271 2247 2470 2311 reddit,
2502 2246 2645 2317 quod
2680 2262 2774 2316 per
2803 2244 3092 2301 duodecim
3119 2244 3381 2300 horarum
3418 2244 3600 2313 spatia
3640 2256 3661 2280 εδ
3690 2260 3864 2303 cursus

2273 2342 2354 2397 Sili
2383 2342 2629 2405 ordinent
2661 2341 2869 2411 dirigit,
2900 2340 3070 2397 solem
3114 2339 3223 2395 dici
3255 2339 3577 2401 voluerunt,
3611 2356 3721 2395 non
3754 2341 3861 2408 quia

2273 2435 2421 2491 solus
2466 2444 2574 2500 est,
2599 2442 2660 2491 ut
2696 2432 2919 2503 quidam
2943 2431 3156 2497 volunt,
3188 2431 3312 2501 quia
3360 2431 3436 2487 ibi
3478 2441 3538 2486 et
3568 2434 3768 2488 caelum
3795 2445 3867 2487 est

2273 2536 2329 2583 et
2357 2527 2483 2589 luna
2514 2537 2567 2583 et
2591 2526 2693 2581 alia
2729 2526 2961 2595 plurima
2992 2524 3175 2581 sidera
3198 2540 3320 2596 quae
3350 2524 3628 2591 videmus,
3657 2541 3727 2579 ex
3763 2527 3868 2595 qui-

2275 2622 2375 2677 bus
2402 2619 2782 2690 quzedamuna
2828 2617 2975 2673 serie
3025 2626 3081 2673 et
3110 2617 3440 2677 cohaerentia
3485 2626 3747 2688 perpetua
3804 2619 3867 2671 si—

2282 2713 2506 2782 mulque
2530 2712 2783 2781 copulata
2817 2710 3023 2776 lucent,
3054 2708 3158 2762 alia
3214 2717 3331 2763 toto
3380 2723 3571 2780 sparsa
3605 2711 3750 2773 coelo
3788 2725 3867 2763 va-

2274 2820 2372 2873 gos
2413 2818 2605 2859 cursus
2654 2802 2769 2857 suis
2826 2802 3124 2856 metiuntur
3175 2800 3461 2856 erroribus
3498 2799 3542 2854 τ.
3595 2800 3704 2859 Sed
3754 2801 3867 2856 ideo

2276 2897 2369 2953 Sol
2415 2897 2742 2967 appellatur,
2776 2895 2924 2965 quia,
2957 2908 3081 2949 cum
3132 2904 3284 2948 ortus
3328 2892 3515 2959 luerit,
3575 2894 3865 2952 obseuratis

2278 2992 2493 3045 cmteris
2525 2988 2823 3053 sideribus,
2871 2987 3047 3041 luceat
3091 2986 3240 3041 solus
3268 2996 3313 3039 ε.
3346 2986 3498 3041 Luna
3547 2987 3714 3041 etiam
3767 2988 3865 3040 hac

2276 3081 2469 3137 eadem
2502 3080 2702 3139 Lucina
2727 3095 2756 3135 a
2784 3087 3053 3133 nocturno
3102 3079 3305 3137 lumine
3356 3093 3555 3135 nomen
3599 3081 3800 3149 accepit
3824 3078 3861 3131 δ.

578 3178 682 3234 hoc
713 3180 864 3234 vobis
898 3179 1039 3235 Deus
1067 3196 1313 3237 summus
1342 3181 1614 3236 commisit
1643 3180 1952 3250 imperium,
1985 3187 2041 3234 ut
2081 3193 2176 3248 per
2201 3201 2246 3259 ρ
2282 3175 2431 3231 [lane
2484 3173 2648 3228 etiam
2682 3171 2898 3241 quidam
2957 3170 3064 3225 dici
3122 3171 3420 3225 voluerunt
3454 3171 3706 3237 Dianam,
3737 3170 3861 3237 quod

580 3284 674 3325 vos
695 3271 943 3327 vulneris
986 3273 1144 3328 istius
1182 3275 1334 3343 plaga
1364 3281 1607 3329 curetur.
1652 3271 1935 3329 Facittoris
1983 3286 2171 3329 eorum

577 3364 877 3432 periculum
919 3366 1123 3419 scimus
1154 3408 1170 3431 ,
1218 3366 1423 3422 erroris
1473 3376 1616 3425 noue
1646 3376 1774 3425 sunt
1820 3381 1997 3435 pinna:
2029 3382 2043 3429 ;
2077 3363 2171 3419 sed

580 3455 777 3511 melius
806 3467 911 3522 est,
940 3467 1000 3512 ut
1039 3458 1283 3514 liberetis
1311 3460 1531 3526 invitos,
1561 3474 1723 3529 quam
1778 3470 1837 3519 ut
1865 3458 2175 3519 volentibus

579 3549 897 3604 concedatis
919 3550 1165 3606 exitium.
1188 3551 1545 3622 Egrotantes
1567 3554 1841 3608 contraria
1873 3552 2173 3619 delectant,

580 3652 630 3694 et
664 3655 786 3696 cum
820 3656 1021 3711 corpus
1052 3643 1287 3698 hominis
1316 3644 1545 3699 advorsa
1576 3643 1828 3698 valetudo
1851 3644 2173 3712 possederit,

580 3740 768 3787 contra
819 3734 1050 3789 salutem
1084 3748 1236 3790 suam
1287 3736 1712 3793 alaborantibus
1764 3751 2016 3806 perversa
2049 3751 2171 3806 pos-

577 3836 792 3881 cuntur.
816 3826 985 3897 Capta
1018 3844 1173 3884 mens
1219 3830 1495 3900 languoris
1523 3830 1655 3885 vitio
1678 3830 1996 3885 morborum
2032 3844 2175 3885 scm-

581 3937 679 3991 per
726 3933 1015 3992 augmenta
1047 3924 1345 3993 desiderat,
1376 3934 1429 3981 et
1462 3924 1699 3981 medelas
1753 3925 2022 3985 artiﬁcum
2083 3940 2173 3979 as-

580 4024 837 4084 pcrnatas
881 4016 1186 4072 contemnit
1213 4014 1262 4083 ἀ,
1292 4018 1495 4089 respuit
1532 4018 1836 4074 remedium
1870 4018 2181 4085 medieinm,

2284 3282 2378 3335 per
2434 3276 2647 3321 nectent
2692 3265 2881 3319 lucens
2932 3262 3248 3319 hominibus
3276 3262 3507 3316 alterum
3546 3278 3685 3330 pene
3733 3264 3858 3317 dicut

2281 3360 2463 3416 faciat.
2493 3360 2536 3415 A
2556 3356 2792 3413 natando
2816 3356 3125 3426 Neptunum
3153 3356 3259 3410 dici
3289 3356 3607 3422 voluerunt,
3640 3371 3705 3409 ex
3738 3355 3856 3419 hoc,

2280 3454 2425 3523 quod
2465 3454 2694 3511 libenter
2750 3450 3023 3507 faciebant
3054 3494 3069 3518 ,
3129 3451 3486 3507 substantiam
3548 3452 3779 3513 nominis
3807 3452 3857 3503 ft-

2280 3560 2540 3619 gurautes
2586 3548 2628 3599 ί.
2655 3547 2952 3607 Terrenum
2984 3547 3091 3603 vim
3129 3561 3345 3601 omnem
3393 3555 3559 3615 atque
3609 3555 3855 3609 naturam,

2283 3641 2455 3697 Ditem
2484 3650 2691 3710 patrem
2720 3639 2941 3704 dicunt;
2967 3639 3089 3708 quia
3117 3638 3235 3692 haec
3258 3646 3344 3692 est
3378 3645 3573 3699 natura
3606 3646 3781 3703 terrm,
3810 3644 3857 3689 ut

2278 3744 2331 3787 et
2354 3732 2594 3788 recidant
2619 3732 2672 3793 in
2695 3746 2816 3793 eam
2844 3730 3050 3794 omnia,
3077 3739 3134 3786 et
3156 3743 3345 3785 rursus
3364 3745 3432 3789 ex
3459 3743 3524 3789 ea
3544 3739 3663 3783 orta
3689 3741 3857 3796 proce-

2277 3829 2428 3895 dant,
2483 3842 2604 3897 qnaa
2634 3840 2721 3882 res
2772 3825 3106 3895 Opttlcntiam
3143 3832 3303 3881 terra:
3329 3822 3657 3892 divitiasque
3696 3836 3856 3877 mons-

2264 3921 2461 3975 ‘travit.
2494 3919 2727 3989 Frugttm
2757 3916 3119 3972 subStantiam
3144 3917 3334 3969 volunt
3362 3916 3741 3987 Proserpinam
3782 3912 3856 3967 di-

2290 4030 2417 4071 cere
2449 4032 2462 4080 ;
2494 4013 2617 4084 quia
2661 4013 2844 4082 fruges
2896 4010 3225 4075 hominibus,
3261 4023 3383 4065 cum
3425 4010 3533 4062 seri
3584 4007 3854 4078 coeperint,

576 4198 846 4277 l_l_eraclid.
871 4199 1136 4277 Ponticus
1156 4201 1334 4272 Alleg.
1354 4200 1625 4277 AHomer.,
1665 4217 1717 4277 p.
1751 4204 1839 4277 73.
1887 4204 1963 4259 De
2002 4203 2162 4257 tertia
2193 4216 2246 4277 ι)
2270 4199 2539 4277 Scipionis
2554 4198 2692 4270 apud
2712 4197 3033 4254 Ciceronem
3058 4196 3125 4253 de
3153 4196 3471 4269 Republica,
3503 4195 3598 4251 lib.
3630 4209 3702 4256 Vl,
3730 4209 3775 4248 c.
3802 4194 3855 4251 l7

579 4271 820 4326 Minerva
848 4287 860 4323 :
890 4276 1037 4363 τρίτη
1059 4272 1101 4327 δ’
1124 4273 1323 4341 Ἀθηνᾶ,
1348 4273 1431 4330 διὰ
1450 4280 1573 4347 μιᾶς
1586 4276 1863 4339 ἐπιϐουλῆς
1878 4278 1949 4337 εἰς
1964 4277 2168 4351 πατέρα

579 4346 660 4397 καὶ
688 4344 883 4397 μητέρα
913 4345 1272 4397 ουσσεϐοῡσα.

576 4363 1272 4448 καέμητεραοουσσεδουσα.
1409 4415 1421 4427 ⁸
1720 4418 1733 4429 θ
1813 4418 1825 4430 .

697 4414 995 4485 Palladium
1049 4429 1128 4468 se.
1164 4432 1192 4469 a
1223 4416 1549 4481 Vestalibus,
1588 4417 1936 4485 pontiﬁcibus
1965 4417 2168 4483 Vestm,

574 4483 926 4557 custoditum.
953 4483 1246 4540 Gutberitts
1275 4487 1343 4541 de
1388 4487 1509 4543 Vet.
1536 4483 1669 4545 Jure
1707 4490 1963 4557 pontilico
2013 4488 2173 4545 Urbis

578 4554 765 4609 Romae
798 4571 851 4625 p.
886 4556 977 4610 2i.
1008 4557 1063 4611 In
1086 4566 1197 4611 vet.
1230 4558 1585 4628 inscriptione
1612 4554 1869 4615 dicuntur
1906 4577 1919 4613 :

861 4672 1165 4714 PONTIFICES
1186 4673 1393 4715 VESTAE
1424 4677 1479 4715 γ.
1508 4677 1561 4715 ν.
1587 4676 1640 4718 C.
1663 4676 1717 4717 (Ξ.

572 4757 853 4832 (Virgines
878 4759 1128 4832 Vestales
1169 4762 1539 4832 castissimae).
1573 4762 1704 4817 Ibid.

644 4829 671 4867 ι’
693 4829 912 4905 Templa
929 4841 997 4905 *ιιι
1042 4830 1193 4887 busta
1238 4829 1553 4905 despiciunt.
1603 4834 1802 4888 Minttc.
1834 4835 2008 4890 Felix.
2042 4851 2090 4890 ο.
2117 4838 2171 4893 8.

575 4899 801 4953 Tertull.
828 4902 897 4955 de
921 4902 1195 4977 Spectac.,
1228 4918 1278 4958 c.
1316 4899 1383 4959 l3
1410 4922 1423 4958 :
1465 4903 1575 4958 Nec
1607 4908 1776 4960 minus
1804 4908 1993 4977 templa
2023 4925 2173 4973 quam

572 4981 901 5048 monumenta
952 4974 1283 5048 despicimus.
1334 4977 1540 5045 Nempe
1605 4991 1729 5031 cum
1787 4978 1838 5031 itt
1900 4974 2175 5048 plerisque

573 5041 873 5096 Gentilium
904 5041 1118 5111 templis
1144 5041 1524 5102 defunctorum
1554 5048 1824 5102 cadavera
1848 5041 1951 5103 sita
1989 5041 2177 5106 essent

569 5127 632 5167 ac
666 5114 923 5189 tumulata
956 5115 1119 5186 (quod
1148 5114 1319 5171 Clem.
1352 5120 1534 5183 Alex.,
1565 5120 1859 5183 Arnobius,
1888 5120 2172 5189 Eusebius,

572 5194 625 5237 et
649 5186 736 5259 alii
767 5186 1008 5259 pluribus
1034 5189 1435 5259 comprobant),
1466 5192 1760 5246 Christiani
1784 5194 1852 5247 ab
1882 5210 1949 5248 eo
1981 5208 2081 5248 usu
2107 5186 2173 5247 ea

572 5257 770 5325 srepius
797 5266 851 5311 et
880 5257 1307 5314 denominabant
1333 5257 1777 5317 etaestimabant.
2029 5296 2041 5303 -

650 5338 671 5364 ε
703 5328 851 5401 lianc
881 5330 1376 5401 denominatiouetn
1432 5332 1645 5388 videtur
1694 5350 1759 5389 es
1784 5335 1802 5388 Ι
1831 5334 2073 5389 Timoth.
2100 5352 2175 5401 γι,

574 5400 635 5452 Η
673 5440 687 5458 .
722 5399 759 5453 ll
784 5400 1052 5467 Tiutotlt.,
1087 5416 1167 5463 ιιι,
1202 5403 1291 5463 l7,
1325 5412 1601 5458 mutuatus
1651 5420 1793 5460 esse.
1824 5407 2029 5461 llsn'rz.

640 5468 669 5553 ξι
702 5470 1008 5525 Wuwerius
1051 5471 1291 5526 correxit
1334 5472 1590 5540 Aspernat
1618 5491 1678 5529 ac
1714 5479 2009 5536 contemnit.
2070 5478 2177 5533 Ne-

576 5558 689 5596 SC“)
714 5558 833 5596 (ΒΗΓ.

649 5623 685 5686 ογ
712 5614 880 5686 Diem,
907 5613 1122 5686 quo_sol
1151 5612 1204 5668 in
1234 5614 1375 5671 caelo
1407 5615 1572 5686 lucet,
1604 5618 1657 5673 in
1704 5618 1866 5675 horas
1890 5617 2177 5683 duodecim

582 5682 793 5743 dividit,
828 5682 976 5738 more
1004 5683 1272 5740 Romano.

657 5751 673 5790 ί
711 5751 893 5808 Facile
937 5755 1052 5810 haec
1089 5756 1383 5815 admonent
1426 5761 1672 5819 sublimis
1723 5762 1826 5831 loci
1857 5762 1909 5818 in
1953 5762 2181 5825 Somnio

2277 4271 2541 4405 Θιέὃέίοη
2570 4341 2636 4396 de
2682 4341 2800 4396 Nat.
2840 4341 3023 4404 [νοω-η
3072 4356 3131 4406 ιι,
3160 4337 3419 4393 27:Cum
3463 4337 3560 4393 Sol
3580 4339 3739 4399 dictus
3761 4340 3859 4408 {ue—

2277 4414 2363 4474 rit,
2390 4415 2511 4484 quia
2560 4414 2700 4484 solus
2755 4429 2817 4465 ex
2861 4411 3093 4484 omnibus
3120 4409 3373 4484 sideribus
3416 4421 3492 4463 est
3520 4420 3712 4464 tantus.
3744 4410 3855 4464 Boe-

2278 4481 2422 4539 thius
2450 4486 2611 4540 Cons.
2644 4483 2847 4538 Philos.
2871 4500 2921 4548 v,
2947 4482 3098 4537 Metr.
3121 4481 3157 4535 2
3185 4497 3197 4532 2

2526 4600 2704 4658 Quem,
2730 4599 2845 4660 quia
2868 4598 3069 4658 respicit
3091 4598 3250 4660 omnia
3274 4596 3424 4655 solus,

2528 4662 2711 4712 Verum
2738 4658 2895 4724 possis
2917 4662 3086 4709 dicere
3108 4658 3293 4707 Solem.

2278 4767 2416 4835 Quill
2448 4776 2502 4822 et
2523 4765 2644 4841 Ἀπρ
2655 4768 2778 4841 llum
2805 4808 2819 4830 ,
2853 4774 3115 4841 μυστικῶς
3141 4768 3273 4821 κατὰ
3301 4770 3515 4841 τήρησιν
3554 4771 3654 4818 τῶν
3677 4764 3857 4841 mnf?

2279 4831 2573 4909 ιρὶιούμενος,
2604 4838 2628 4893 ὁ
2659 4835 2727 4898 εἷς
2753 4831 2866 4892 ἐστὶ
2897 4839 3026 4901 θεὸς,
3058 4838 3327 4909 metuent.
3360 4831 3564 4893 Strom.
3620 4852 3657 4909 ι,
3694 4850 3745 4909 ς.
3775 4831 3859 4909 il,

2282 4904 2411 4981 pag:
2434 4912 2561 4981 419,
2606 4912 2691 4964 ed.
2721 4909 2890 4981 iPott.
2916 4909 3061 4981 7V“.
3110 4908 3373 4981 Crcuzeri
3411 4916 3546 4981 hut.
3574 4907 3639 4981 ad
3682 4906 3789 4981 _Ci_c.
3823 4904 3853 4955 Ι.

2279 4976 2375 5043 1.;’
2402 4980 2572 5034 Varro
2602 4981 2667 5035 tle
2717 4980 2775 5033 L.
2826 4979 2886 5035 L.
2914 4980 3010 5034 lib.
3045 4995 3115 5044 tv,
3146 4994 3194 5033 c.
3231 4981 3330 5043 l0;
3360 4978 3547 5033 lsiduri
3603 4976 3855 5046 Origines,

2281 5068 2358 5117 ιιι,
2388 5052 2479 5105 Ίυ.

2354 5122 2378 5159 ιι
2408 5124 2548 5188 tlic.,
2599 5122 2665 5178 de
2696 5122 2821 5178 Nat.
2857 5122 2946 5189 D.,
2980 5138 3034 5185 tl,
3068 5136 3117 5175 c.
3144 5119 3247 5175 ‘27:
3283 5120 3434 5174 Luna
3480 5138 3511 5173 α
3543 5118 3857 5189 Ιιιτεηάοηθτ

2279 5193 2471 5248 minata
2521 5186 2584 5247 sit
2626 5210 2645 5260 ;
2696 5194 2873 5247 eadem
2928 5186 3001 5248 est
3059 5193 3194 5249 enim
3246 5191 3467 5248 Luritta.
3501 5189 3583 5245 Cf.
3616 5186 3853 5245 Creuzeri

2282 5276 2393 5320 not.
2422 5266 2510 5320 96.

2360 5347 2375 5373 ι
2410 5337 2523 5391 Cic.
2557 5336 2624 5405 de
2652 5335 2775 5390 Nat.
2807 5336 2896 5399 D.,
2930 5349 2988 5398 lt,
3018 5334 3122 5388 26:
3148 5332 3429 5400 Neptunus
3458 5333 3707 5405 a'nando,
3733 5344 3850 5405 pall:

2281 5410 2390 5463 lum
2418 5402 2598 5478 primis
2627 5408 2810 5461 litteris
2870 5406 3169 5478 immutatis.
3205 5407 3335 5463 Vide
3386 5416 3567 5460 notam
3616 5402 3850 5478 Crettzt-ri

2280 5482 2370 5535 85.
2408 5465 2701 5544 Arnobius,
2760 5495 2841 5538 ιιι,
2894 5476 2985 5547 51,
3018 5477 3163 5531 aliud
3225 5479 3386 5534 all'ert
3431 5486 3669 5547 etymon,
3703 5465 3846 5547 _qu<td

2280 5567 2417 5621 aqua
2464 5555 2628 5605 nubat
2657 5543 2849 5621 terrae.)
2889 5546 2979 5609 Sic
3021 5564 3237 5621 quoque
3270 5548 3441 5603 Varro
3491 5543 3559 5602 de
3780 5554 3841 5621 ιχ.

2286 5608 2551 5677 Fortassis
2595 5608 2947 5693 derivandunt
2980 5608 3196 5674 videtur
3222 5637 3249 5674 a
3298 5623 3465 5693 νέφος,
3493 5620 3643 5690 νεφόω
3673 5608 3840 5693 “ire”;

2281 5694 2346 5747 ad
2381 5694 2582 5749 Arnob.
2610 5710 2689 5764 ιιι,
2719 5692 2832 5764 51),
2868 5692 2969 5747 nisi
2990 5693 3070 5764 sit
3092 5693 3318 5762 originis
3341 5679 3653 5764 peregrina.
3680 5679 3837 5739 ’Λιιυά

2283 5773 2502 5841 etyutou
2526 5781 2588 5822 ea:
2616 5758 2943 5836 Nepto'unus
2971 5761 3114 5819 dedit
3141 5758 3497 5827 ll'erma'nnus'
3519 5758 3838 5833 (ῌετηηιιηεε
