3992 6204
517 190 661 248 ίθὶὸ

1756 187 1929 246 IUL]!
1969 185 2229 244 HRIICI
2268 186 2577 245 ΜΑΤΕΒΜ

3694 189 3828 245 1031

514 314 601 362 tes
628 305 859 371 relevat,
887 315 1139 363 errantes
1164 314 1409 368 revocat,
1441 304 1624 375 lapsos
1662 304 1843 373 erigit,
1874 304 1966 373 qui
1998 317 2114 355 mo-
2142 309 2194 367 Α
2219 302 2395 356 enim:
2424 302 2621 355 Timete
2650 302 2954 367 Dominum,
2978 305 3139 357 sancti
3164 307 3301 371 eius,
3324 303 3449 374 quia
3471 320 3581 357 non
3608 313 3688 357 est
3719 304 3828 356 ins-

520 398 789 453 rientihus
839 409 1063 453 eterna:
1108 396 1537 451 immortalitatis
1578 396 1811 465 largitur
1863 395 2117 464 insignia.

519 491 728 547 Christi
762 506 979 561 panem,
1007 490 1207 545 Christi
1240 491 1491 559 poculum
1518 504 1703 559 qumre
1733 498 1782 551 ι,
1820 498 1879 541 ut
1905 498 2119 543 terrena

524 582 823 654 fragilium
853 591 1192 653 contempta,
1224 582 1527 637 substantia
1560 581 1802 636 hominis
1832 579 2123 634 immortali

523 678 729 749 pabulo
752 677 1055 747 saginetur.
1086 676 1220 744 Quis
1250 686 1335 731 est
1358 685 1539 730 autem
1568 676 1656 729 hic
1690 677 1845 745 panis
1870 674 1953 727 vel
1977 674 2123 742 quod

528 772 783 842 poculum
802 772 827 823 ἲ
854 770 925 825 de
956 784 1063 839 quo
1103 769 1259 824 libris
1285 768 1595 824 SalomOnis
1638 768 1904 836 sapientia
1930 781 2126 835 magna

526 880 661 920 voce
689 862 1028 933 praeclamat,
1078 864 1156 916 ait
1178 863 1325 916 enim
1357 880 1371 917 :
1405 860 1607 926 Venite,
1648 871 1695 913 et
1728 862 2035 912 manducata
2064 859 2128 912 de

528 957 657 1010 meis
691 957 933 1025 panibus,
961 966 1011 1010 et
1036 956 1190 1009 bibite
1232 956 1448 1017 nimum,
1489 954 1627 1024 quod
1673 951 1901 1006 miscuib
1941 951 2124 1021 (Prov.

531 1066 609 1116 Ix,
650 1049 731 1120 5),
781 1059 837 1105 et
885 1048 1312 1113 Melchisedech,
1366 1063 1462 1103 rex
1513 1047 1718 1111 Salem,
1767 1057 1824 1101 et
1870 1046 2130 1100 sacerdos

532 1142 733 1196 summi
777 1141 893 1205 Dei,
930 1142 1231 1197 revertenti
1283 1142 1517 1195 Abrahae
1565 1157 1689 1196 cum
1724 1157 1863 1211 pane
1909 1150 1967 1195 et
2004 1140 2131 1195 vino

532 1232 933 1287 benedictionis
963 1233 1163 1287 obtulit
1188 1234 1426 1303 gratiam
1459 1244 1481 1271 ε
1506 1231 1660 1301 (Cen.
1692 1249 1800 1299 xiv,
1835 1234 1948 1301 18).
1984 1233 2133 1287 Isaac

529 1325 697 1379 etiam
726 1338 851 1379 cum
880 1324 1052 1379 Jacob
1080 1325 1473 1391 benedixisset,
1523 1340 1645 1380 cum
1680 1326 1783 1379 hoc
1816 1326 1959 1380 idem
1990 1328 2132 1379 l-lsau

533 1432 565 1471 a
599 1425 755 1485 patre
781 1417 1102 1489 suppliciter
1132 1419 1398 1487 exigeret,
1431 1420 1715 1489 respondit
1738 1421 1788 1473 ei
1821 1429 2004 1487 pater:
2025 1417 2136 1471 Do-

534 1508 731 1561 minum
754 1518 898 1561 tuum
924 1510 1046 1579 fecit
1075 1510 1247 1575 illum,
1280 1522 1329 1567 et
1359 1526 1534 1563 omnes
1561 1510 1748 1579 fratres
1770 1513 1882 1581 ejus
1904 1512 2005 1579 feci
2030 1526 2139 1563 ser-

534 1615 647 1663 vos,
680 1600 854 1653 tritico
883 1610 931 1652 et
953 1600 1072 1653 vino
1098 1602 1401 1669 conﬁrmavi
1421 1602 1571 1654 illum
1590 1599 1617 1640 ἀ
1642 1600 1794 1671 (Gen.
1826 1618 1992 1666 xxvu,
2017 1602 2135 1671 37).

2221 398 2309 464 pia
2330 396 2425 459 eis,
2452 398 2543 465 qui
2584 406 2814 449 metuunt
2852 413 2990 450 eum.
3021 394 3217 450 Dirites
3247 408 3524 467 eguerunt,
3559 409 3610 450 et
3640 398 3829 451 esurie-

2222 498 2381 550 runt;
2413 489 2501 557 qui
2522 500 2693 541 autem
2730 489 3001 558 inquirunt
3040 490 3338 554 Dominum,
3389 508 3490 543 non
3522 491 3829 561 indigebunt

2224 582 2362 634 omni
2388 582 2521 634 bono
2544 592 2568 627 ε
2598 581 2774 650 (Psal.
2806 600 2993 639 xxxtu.
3022 584 3110 648 10,
3151 584 3256 653 ll).
3290 584 3396 651 Qui
3430 586 3511 638 sic
3544 586 3600 637 in
3626 585 3828 652 templo

2228 684 2575 744 prartextatus
2606 675 2837 737 incedis,
2867 678 2958 745 qui
2981 676 3152 744 fulges
3182 692 3445 746 purpura,
3476 678 3635 746 cujus
3668 688 3830 746 caput

2227 777 2322 821 aut
2349 786 2483 823 auro
2526 779 2617 822 aut
2656 771 2808 824 lauro
2832 770 3118 839 premitur,
3167 786 3413 824 errorem
3462 781 3616 824 tuum
3658 772 3834 839 turpis

2229 872 2443 931 egestas
2466 864 2790 931 insequitur,
2819 864 3123 916 cervicibus
3144 864 3251 915 tuis
3276 878 3572 917 onerosum
3602 878 3832 932 pauper—

2231 957 2358 1009 tatis
2408 956 2655 1008 imminet
2686 955 2917 1023 pondus.
2967 955 3121 1008 Illum
3168 970 3330 1024 quem
3359 954 3598 1023 despicis
3630 970 3832 1024 paupe-

2232 1063 2371 1107 rem,
2402 1047 2583 1116 largus
2613 1046 2637 1081 δ
2669 1057 2724 1101 et
2753 1048 2905 1102 dives
2936 1057 3043 1109 est,
3076 1049 3311 1116 spatium
3344 1047 3424 1100 illi
3466 1047 3749 1100 Abraham
3779 1049 3830 1101 ia

2231 1140 2357 1195 sinu
2385 1154 2485 1192 suo
2525 1152 2790 1210 prmparat
2839 1140 2993 1209 (an.
3024 1156 3110 1193 xvi
3131 1182 3145 1205 ,
3172 1140 3243 1192 22
3268 1140 3428 1209 δρψ).
3466 1139 3621 1193 Tunc
3650 1150 3709 1193 tu
3745 1156 3833 1208 per

2236 1232 2520 1299 interiecta
2546 1232 2581 1283 ll
2600 1248 2883 1285 umniarum
2910 1234 3103 1299 spatia,
3127 1232 3194 1285 ad
3219 1231 3531 1301 mitigauda:
3551 1233 3833 1286 conscien-

2238 1324 2326 1377 tia:
2358 1334 2460 1377 tua:
2488 1324 2735 1389 \‘lllltt‘l'a,
2785 1336 3003 1378 tenuem
3031 1326 3100 1378 ab
3136 1340 3204 1378 eo
3231 1324 3492 1377 stillantis
3527 1340 3686 1393 aqua:
3713 1336 3831 1393 gut-

2240 1420 2405 1472 tulam
2442 1419 2768 1487 postulahis,
2802 1434 2901 1473 nec
2948 1420 3041 1471 tibi
3073 1418 3267 1472 volens
3296 1417 3537 1472 Lazarus
3569 1418 3831 1472 lenimen-

2240 1519 2351 1563 tum
2375 1510 2586 1563 doloris
2618 1512 2693 1563 tui
2723 1520 2814 1563 aut
2840 1510 2971 1563 dare
3002 1511 3205 1580 poterit
3237 1520 3330 1563 aut
3362 1509 3684 1577 impetrare.
3719 1511 3835 1565 Sin-

2239 1604 2492 1672 gulorum
2520 1605 2663 1657 enim
2693 1604 2807 1672 pari
2839 1605 3012 1672 gratia
3037 1604 3227 1657 merita
3252 1613 3590 1672 pensantur:
3622 1605 3695 1657 illi
3729 1605 3831 1658 vita

536 1694 692 1749 Tunc
721 1695 861 1748 Esau
893 1710 1055 1751 casus
1090 1710 1222 1750 suos
1248 1696 1443 1750 misera
1475 1697 1867 1753 lamentatione
1895 1695 2135 1761 deﬂevit,
2170 1706 2215 1766 Β
2242 1698 2557 1752 conferetur
2584 1708 2806 1766 pr0pter
2840 1698 3001 1765 hujus
3029 1697 3217 1751 steculi
3257 1698 3397 1751 mala
3427 1714 3442 1761 ;
3479 1698 3577 1751 tibi
3621 1709 3832 1767 prepter

534 1789 661 1857 quia
690 1786 855 1841 tritici
885 1796 942 1842 et
970 1788 1104 1854 vini,
1138 1788 1189 1842 id
1234 1798 1339 1852 est,
1370 1788 1571 1844 futura:
1597 1788 1877 1845 felicitatis
1906 1789 2141 1859 perdidit

539 1878 794 1949 gratiam.
826 1880 981 1945 Quod
1012 1891 1195 1935 autem
1239 1884 1576 1937 consecratis
1611 1881 1927 1937 hominibus
1964 1898 1995 1940 a
2031 1883 2143 1937 Deo

540 1976 700 2045 panis
729 1975 949 2030 divinus
971 1974 1073 2031 iste
1100 1985 1409 2046 prmstetur,
1451 1992 1547 2047 per
1576 1976 1793 2031 Esaiam
1821 1976 1954 2031 dicit
1975 1977 2145 2045 Spiri-

544 2078 632 2122 tus
679 2077 901 2123 sanctus
934 2087 948 2123 :
982 2069 1073 2123 Sic
1106 2070 1232 2123 dicit
1274 2069 1528 2124 Dominus
1571 2086 1591 2124 :
1624 2070 1760 2124 Ecce
1798 2072 1886 2139 qui
1919 2073 2144 2125 serviunt

540 2161 693 2227 mihi,
726 2162 1135 2227 manducabunt,
1170 2178 1258 2216 vos
1282 2174 1457 2217 autem
1476 2164 1732 2217 esurietis.
1765 2163 1899 2218 Ecce
1924 2165 2012 2234 qui
2036 2182 2147 2219 ser-

539 2255 689 2308 viunt
711 2256 864 2324 mihi,
878 2256 1339 2327 jucundabuntur,
1384 2274 1471 2312 vos
1505 2259 1918 2329 confundcmini,
1950 2277 2039 2313 vos
2066 2262 2147 2313 in-

547 2349 763 2415 ter/ieiet
807 2347 1060 2404 Dominus
1091 2359 1114 2386 ε
1139 2349 1312 2420 (Esai.
1360 2366 1483 2417 va,
1516 2352 1605 2418 15,
1638 2352 1744 2417 ll;
1777 2368 1832 2413 v,
1864 2352 1978 2423 15).
2024 2352 2144 2408 Non

544 2442 723 2497 solum
772 2444 924 2512 panis
956 2444 1059 2499 iste
1092 2460 1119 2497 a
1169 2446 1282 2501 Deo
1311 2462 1527 2503 summo
1572 2449 1850 2519 sacrilegis
1888 2460 1942 2503 et
1967 2452 2147 2519 impiis

546 2534 875 2605 denegatur,
904 2537 1001 2592 sed
1023 2547 1079 2592 et
1111 2554 1269 2609 ptena
1302 2541 1655 2609 promittitur,
1688 2552 1744 2596 et
1768 2543 1977 2598 acerbzn
2006 2560 2149 2598 mor-

548 2628 619 2682 tis
647 2628 1025 2685 decernuntur
1053 2632 1241 2699 exitia,
1291 2643 1350 2687 ut
1379 2634 1749 2690 esurientibus
1794 2635 2041 2691 faucibus
2069 2638 2150 2691 di-

549 2722 692 2777 vina:
735 2722 1234 2781 animadversionis
1274 2727 1453 2781 exitus
1484 2728 1787 2797 ingeratur.
1834 2728 2150 2799 Sequuntur

546 2815 711 2870 etiam
741 2816 845 2871 hoc
894 2816 1037 2872 idem
1067 2834 1233 2872 xxxm
1265 2820 1457 2885 psalmi
1487 2820 1795 2875 veneranda
1840 2836 2101 2892 responsa
2130 2838 2146 2886 ;

548 2909 626 2962 ait
656 2909 799 2962 enim
836 2925 932 2979 per
960 2910 1131 2964 David
1174 2911 1411 2982 Spiritus
1439 2925 1659 2968 sanctus
1694 2932 1706 2967 :
1738 2914 1953 2968 Gustate
1991 2926 2039 2967 et
2074 2916 2152 2967 vi-

548 3006 682 3068 dete,
717 3003 964 3071 quoniam
996 3004 1165 3057 dulcis
1196 3015 1269 3059 est
1312 3004 1588 3059 Dominus.
1636 3006 1801 3062 Dulce
1837 3018 1909 3062 est
1950 3009 2149 3061 caeleste

2244 1791 2406 1861 hujus
2432 1791 2615 1845 saeculi
2646 1790 2808 1852 bona,
2844 1799 3103 1859 perpetua
3134 1800 3530 1845 tormentorum
3553 1806 3711 1861 paena
3741 1791 3833 1845 de-

2242 1884 2502 1938 cernitur.
2536 1882 2605 1938 Ut
2652 1893 2830 1937 autem
2878 1882 3222 1937 manifestius
3268 1882 3575 1947 diceretur,
3619 1884 3831 1952 quinam

2245 1980 2341 2035 ille
2371 1989 2515 2035 esset
2546 1979 2724 2049 panis,
2757 1994 2851 2047 per
2885 1995 3043 2048 quem
3078 1980 3293 2033 misera:
3328 1979 3523 2033 mortis
3552 1980 3834 2034 vincuntur

2245 2074 2440 2136 exitia,
2472 2072 2589 2140 ipse
2632 2073 2894 2126 Dominus
2942 2081 3134 2126 sancto
3173 2087 3237 2126 ac
3278 2073 3596 2127 venerando
3629 2089 3725 2127 ore
3770 2074 3834 2126 si.

2244 2165 2449 2234 gnavit,
2501 2180 2570 2218 ne
2619 2180 2715 2232 per
2757 2165 3004 2219 diversos
3045 2164 3353 2219 tractatusi
3386 2180 3515 2235 spes
3563 2166 3832 2220 hominn

2246 2259 2424 2326 pravis
2467 2258 3014 2325 interpretationibus
3046 2257 3380 2311 fallerentur.
3430 2258 3569 2311 Dicit
3611 2259 3758 2312 enim
3790 2258 3834 2310 in

2247 2351 2546 2421 Evangelio
2574 2352 2813 2406 Joannes
2842 2369 2855 2404 :
2894 2350 3004 2423 Ego
3031 2368 3149 2403 sum
3180 2352 3330 2418 panis
3358 2351 3510 2413 uitta;
3536 2352 3627 2419 qui
3655 2352 3838 2404 venerit

2248 2444 2317 2496 ad
2348 2460 2447 2509 me,
2497 2460 2598 2496 non
2641 2445 2852 2508 esuriet,
2890 2455 2940 2498 et
2966 2445 3054 2513 qui
3094 2445 3147 2496 in
3177 2460 3258 2496 me
3304 2444 3603 2509 crediderit,
3636 2460 3738 2497 non
3774 2444 3839 2496 si-

2247 2539 2337 2593 tiet
2385 2540 2690 2607 nunquami
2737 2537 2937 2607 (Joan.
2988 2554 3067 2603 εἰ,
3123 2538 3260 2607 55).
3301 2536 3432 2593 Item
3477 2538 3530 2591 in
3573 2540 3839 2607 sequenti-

2252 2635 2352 2689 bus
2394 2634 2499 2687 hoc
2527 2633 2670 2687 idem
2704 2632 2869 2686 simili
2903 2632 3063 2686 modo
3101 2631 3403 2701 signiﬁcat;
3438 2632 3515 2685 ait
3560 2631 3705 2686 enim
3736 2647 3750 2684 :
3782 2630 3837 2686 Si

2248 2728 2362 2797 quis
2390 2726 2513 2789 sitit,
2551 2727 2722 2780 veniat
2751 2736 2800 2778 et
2826 2727 2982 2787 bibat,
3011 2726 3099 2794 qui
3118 2724 3281 2778 credit
3300 2726 3352 2777 in
3373 2741 3455 2777 me
3484 2721 3534 2776 ¹ί.
3565 2722 3633 2777 Et
3657 2738 3834 2778 rursus

2250 2822 2387 2891 ipse,
2418 2830 2475 2873 ut
2504 2820 2805 2888 majestatis
2834 2833 2948 2871 sure
2982 2817 3342 2872 substantiam
3370 2815 3721 2870 credentibus
3743 2826 3837 2869 tra-

2251 2915 2426 2977 deret,
2457 2913 2532 2966 ait
2557 2931 2567 2965 :
2603 2911 2719 2965 Nisi
2741 2912 2947 2964 ederitis
2976 2927 3183 2963 carnem
3214 2908 3341 2962 Filii
3360 2909 3611 2973 hominis,
3634 2918 3682 2962 et
3709 2908 3831 2962 bibe-

2250 3006 2365 3058 ritis
2414 3006 2715 3075 sanguinem
2744 3004 2878 3069 eius,
2924 3019 3026 3056 non
3077 3002 3325 3056 habebitis
3371 3003 3533 3057 vitant
3570 3002 3625 3053 in
3666 2998 3829 3053 uobis1

550 3095 821 3163 pabulum,
854 3096 1025 3150 dulcis
1048 3094 1147 3150 Dei
1176 3099 1341 3162 cibus,
1372 3115 1463 3152 nec
1508 3099 1657 3153 habet
1680 3101 1733 3152 in
1764 3116 1819 3153 se
1847 3101 2045 3153 misera:
2068 3104 2149 3170 fa-
2177 3086 2223 3148 C
2258 3098 2445 3167 (lbid.,
2480 3097 2591 3168 54).
2643 3096 2822 3163 Quare
2861 3096 2996 3150 nihil
3030 3096 3184 3150 vobis
3215 3096 3285 3149 sit
3326 3111 3449 3149 cum
3491 3095 3829 3166 tympanis".

551 3188 651 3239 mis
679 3188 822 3240 triste
853 3198 1185 3253 tormentum,
1216 3200 1262 3243 et
1305 3191 1368 3243 de
1388 3190 1634 3245 medullis
1665 3190 1930 3243 hominum
1956 3206 2147 3259 prtcce-

550 3281 716 3333 dentis
758 3282 936 3335 ueneni
965 3283 1103 3336 virus
1143 3282 1423 3339 excludit‘
1455 3284 1610 3355 (Psal
1679 3300 1861 3352 xxxiv,
1891 3285 1973 3356 9).
2024 3285 2149 3341 llazc

552 3370 624 3425 ita
668 3384 789 3427 esse
836 3374 1123 3443 sequentia
1172 3370 1379 3431 oraCuli
1428 3392 1692 3446 responsa
1722 3376 2033 3442 declarant;
2074 3377 2151 3431 ait

627 3580 652 3607 ⁸
676 3572 975 3625 Contextus
1005 3572 1207 3628 docere
1246 3572 1484 3636 videtur,
1532 3572 1586 3626 in
1626 3572 1902 3627 afferenda
1951 3582 2151 3642 myste-

554 3643 761 3697 riorum
813 3642 1219 3714 Eleusininrum
1275 3644 1575 3714 symbolica
1627 3644 1717 3696 illa
1766 3642 2040 3709 formula,
2100 3652 2150 3699 lx

552 3714 825 3794 iugandiva
856 3713 1122 3794 βέβρωκρι,
1150 3718 1205 3794 ἐκ
1242 3713 1502 3787 κυμβάλου
1529 3717 1764 3794 πέπωέᾳ,
1796 3728 1901 3794 non
1931 3730 2147 3794 omnem

556 3784 928 3840 Eucltaristite
957 3784 1403 3852 cogitatiouetna
1454 3796 1633 3838 mente
1664 3784 1883 3838 Firmici
1917 3785 2145 3839 alienam

554 3855 761 3928 fuisse;
806 3873 926 3925 quin
957 3861 1101 3911 enim
1132 3858 1488 3928 sequentibus
1519 3872 1549 3909 e
1601 3855 2014 3928 Psalmoxxxttt
2049 3856 2146 3928 (in

556 3927 837 3982 Hebraicis
890 3928 1077 3982 Bibliis
1119 3930 1310 3996 xxxiv)
1362 3927 1520 3981 all‘ert
1560 3925 1747 3992 verba,
1796 3927 1864 3981 ab
1911 3925 2149 3995 antiquis

552 3998 880 4069 quibusdam
940 4000 1256 4053 doctoribus
1301 4000 1369 4053 de
1419 3996 1586 4053 Cmna
1649 3998 1862 4052 Domini
1919 4001 2149 4069 mystice

2256 3189 2377 3244 cibo
2426 3189 2559 3255 odii,
2609 3189 2795 3243 miseri
2840 3188 3135 3253 mortales;
3170 3187 3428 3241 salutaris
3467 3189 3574 3242 cibi
3624 3186 3827 3258 gratiam

2255 3285 2502 3354 quaerite,
2540 3292 2595 3336 et
2643 3283 2948 3337 immortale
2979 3282 3225 3351 poculum
3258 3281 3448 3336 bibite.
3480 3279 3725 3336 Christus
3750 3294 3829 3334 vos

2257 3376 2435 3447 epulis
2452 3376 2563 3430 suis
2596 3384 2817 3431 revocat
2846 3375 2911 3429 ad
2943 3375 3141 3441 lucem,
3164 3383 3218 3429 et
3244 3374 3400 3443 gravi
3432 3389 3644 3430 veneno
3671 3386 3827 3444 putres

2326 3570 2354 3610 ι)
2380 3571 2515 3626 Fere
2544 3581 2599 3625 ut
2630 3569 2965 3639 Augustinus
3002 3568 3072 3622 de
3101 3566 3334 3623 Civitate
3365 3567 3484 3632 Dei,
3518 3584 3656 3633 xvu,
3686 3570 3764 3623 ΞΟ.

2331 3654 2352 3680 ο
2380 3643 2832 3698 Melchisedecum
2853 3640 3127 3695 veteribus
3144 3640 3470 3694 Christianis
3488 3652 3667 3709 typum
3685 3642 3821 3693 fuisse

2252 3714 2477 3778 Christi,
2511 3730 2575 3769 ex
2604 3714 2767 3768 Hebr.
2794 3728 2885 3773 ιιι,
2920 3713 2971 3777 1,
3000 3721 3247 3776 constat;
3274 3712 3457 3782 itaque
3490 3713 3641 3781 panis
3663 3722 3711 3765 et
3734 3711 3821 3763 vini

2254 3786 2467 3855 oblatio
2500 3795 2658 3855 typus
2686 3794 2803 3838 erat
2828 3783 3205 3837 hucharistize.

2325 3854 2350 3893 ἀ
2375 3852 2743 3925 Verba‘hujus
2773 3870 2962 3910 versus
3010 3856 3062 3908 in
3104 3854 3349 3909 editione
3389 3852 3735 3909 Sabateriana
3769 3868 3819 3907 ex

2254 3926 2491 3983 Firmico
2520 3938 2735 3995 sumpta
2766 3936 2910 3979 sunt.

2332 4009 2354 4034 ο
2382 3998 2449 4053 Ut
2472 3994 2773 4067 Cyprianus
2801 3998 2838 4052 Ι.
2862 4014 2877 4051 ι
2905 3997 3299 4050 Tcstimonior.
3321 3994 3587 4067 adversus
3609 3994 3823 4067 Judaeos,

554 4064 723 4124 fuisse
748 4070 1039 4138 explicata,
1066 4074 1220 4124 te~tis
1244 4069 1795 4125 cst'l'beodoretusin
1824 4064 2145 4134 Paraplirasi
2177 4071 2229 4130 D
2254 4078 2309 4123 et
2339 4064 2654 4135 Fulgentius
2686 4070 2779 4121 lib.
2813 4069 2918 4121 tad
2952 4069 3176 4123 Monim.
3222 4083 3270 4121 c.
3313 4065 3407 4126 25.
3449 4082 3596 4120 vers.
3630 4068 3711 4121 11.
3742 4064 3822 4120 Ul-

558 4141 718 4215 hujus
731 4158 811 4211 ps.
833 4157 973 4215 vers.
992 4142 1054 4196 9:
1085 4144 1268 4200 Ἰστέον
1280 4145 1453 4215 μέντοι
1566 4148 1689 4215 ντοῑς
1712 4142 1868 4215 πάλαι
1886 4140 2147 4215 laudarim:

551 4214 583 4270 ἦ
633 4215 863 4289 εἰρημένη
915 4214 1158 4289 ἁρμόττει
1197 4211 1414 4271 διάλδοιω
1466 4214 1491 4268 ὁ
1522 4211 1573 4289 δέ
1614 4233 1670 4283 γε
1702 4214 1750 4265 ἐν
1786 4220 1860 4282 τῷ
1886 4212 2033 4289 βάθει
2052 4222 2144 4267 τοῦ

552 4286 850 4359 γράμματος
892 4286 1239 4359 κρύπτόμενος
1267 4292 1386 4345 νοῦς
1427 4292 1526 4340 τῶν
1553 4286 1697 4359 Oricos
1739 4286 2033 4359 μυστηρίων
2055 4290 2147 4359 τήν

554 4355 713 4433 χάριν
756 4355 1065 4433 αἰνίττεταιί
1101 4357 1187 4412 διὰ
1226 4359 1323 4433 γάρ
1348 4362 1435 4411 τοῦ
1457 4358 1709 4433 nervorum:
1731 4355 2089 4433 βᾳπτίσμᾳτος
2119 4356 2145 4409 ὁ

554 4426 741 4485 mnes;
762 4430 1021 4497 φωισμὸς
1047 4428 1065 4493 (
1084 4426 1303 4495 respieii
1328 4442 1469 4479 vers.
1508 4426 1541 4479 6
1574 4426 1967 4493 praecedentem
1995 4426 2012 4493 )
2038 4435 2145 4487 τοῖς

550 4504 832 4572 προσιοῦσι
862 4502 1215 4572 προσγίνεται,
1246 4502 1330 4554 καί
1356 4505 1447 4558 τῆς
1475 4502 1726 4572 Cosanum":
1754 4505 1941 4572 τρᾳφῆς
1968 4498 1997 4554 ἠ
2023 4505 2144 4567 γεῦ-

551 4568 637 4644 σξς
666 4576 756 4644 τῆν
781 4568 1069 4642 ἀγαϐὁτηῖτα
1113 4577 1204 4625 τοῦ
1250 4578 1483 4644 σωτῆρος
1507 4568 1797 4644 δείκνυμι-ιγ’
1818 4570 2063 4644 ἐνᾴαργῶς.
2088 4573 2146 4622 Τί

550 4640 651 4715 γὰρ
675 4637 836 4701 οὗτωέ
860 4643 1013 4697 αὐτοῦ
1048 4650 1223 4715 σαφῶς
1244 4651 1334 4701 τήν
1354 4637 2109 4715 φᾶανᾷρωπίανᾼύποδέίκγυσιν
2128 4681 2143 4702 ,

551 4710 629 4787 ὦς’
673 4714 923 4787 σταυρὸς.
956 4718 1035 4768 καὶ
1060 4710 1137 4767 τὸ’
1160 4715 1339 4775 πάθος,
1361 4710 1370 4714 ⁷
1390 4716 1475 4766 καὶ
1504 4710 1535 4765 ὁ
1559 4713 1691 4785 ὑπὲρ
1718 4712 1857 4787 sua»
1879 4710 2145 4782 γενόμενος

547 4784 782 4856 θάνατος,
814 4782 824 4787 ’
845 4789 931 4839 καὶ
974 4788 1032 4840 τὸ
1061 4787 1295 4856 γενέσθαι
1316 4791 1417 4856 τῶν
1446 4785 1636 4856 οἰκείων
1660 4782 1939 4856 ίπροϐρζτῳν
1959 4788 2145 4856 τρςιφήν

549 4853 679 4924 ὁμοῦ
712 4860 799 4927 τεαὶ
828 4862 991 4927 πηγήν
1018 4873 1031 4907 :
1064 4852 1203 4925 Opp.
1234 4857 1327 4910 ed.
1360 4853 1740 4927 ,Scliultzianm
1772 4852 1942 4927 (llal.,
1982 4852 2143 4927 {769)

550 4928 702 4976 tinuo
726 4924 766 4990 l,
800 4941 855 4995 p.
887 4923 1010 4981 8l5.
1043 4923 1213 4995 Quam
1241 4926 1460 4997 quidem
1503 4924 1692 4977 borum
1722 4923 2021 4997 verborum
2062 4924 2143 4977 in-

548 4998 996 5067 terpretationem
1040 4995 1270 5053 Firmici‘
1290 4999 1398 5067 jam
1448 5012 1563 5067 ιιινο
1607 5006 1919 5062 usurpatam
1952 4995 2141 5060 fuisse,

551 5064 696 5139 haud
727 5066 937 5123 dubito.
985 5070 1206 5125 Sacram
1237 5064 1400 5139 porro
1435 5066 1659 5139 Comum
1690 5068 1803 5134 ipsa
1837 5067 1955 5133 ejus
1982 5066 2143 5122 verba

550 5136 782 5191 innuere
816 5141 1067 5195 videntur
1101 5161 1113 5197 :
1145 5152 1192 5196 et
1238 5136 1415 5194 rursus
1451 5140 1559 5206 ipse
1590 5138 1911 5208 (Christus),
1946 5155 2013 5193 ur
2045 5154 2144 5193 ua-

550 5223 799 5263 ιεετΑτιε
847 5228 957 5266 εωε
1006 5229 1370 5268 ευιιετΑΝΤΙΑιι
1412 5225 1779 5266 CREDENTIBUS
1825 5226 2139 5274 TllADEBET,

547 5279 622 5332 ait
648 5295 667 5332 :
698 5281 796 5335 nisi
820 5284 1027 5338 ederitis
1054 5302 1261 5339 carnem
1293 5283 1416 5336 Ftlii
1442 5284 1660 5335 hominis
1688 5291 1733 5335 et
1764 5280 1993 5334 biberitis
2023 5298 2143 5334 san-

587 5351 758 5406 uinem
802 5357 931 5423 eius.
969 5357 1175 5411 llenrz.
1204 5355 1541 5409 —Justiuus
1574 5354 1644 5407 M.
1675 5353 1831 5420 Apol.
1867 5367 1903 5415 I,
1952 5367 1999 5405 c.
2031 5351 2137 5417 86;

597 5422 684 5479 ial.
719 5440 768 5479 c.
804 5426 1115 5498 Tryplione,
1150 5442 1202 5496 p.
1246 5426 1375 5498 257,
1406 5424 1602 5498 Tehb.,
1634 5424 1914 5498 dminones
1966 5425 2015 5475 in
2047 5424 2143 5498 Mi-

550 5498 777 5553 thriaeis
806 5493 977 5555 sacris
1018 5493 1412 5554 Eucliaristiam
1448 5497 1689 5550 imitatos
1720 5493 1888 5547 fuisse
1926 5495 2141 5548 asserit.

560 5570 709 5627 Idem
768 5573 965 5642 legitur
1015 5574 1066 5626 in
1117 5568 1418 5642 appendice
1465 5566 1592 5642 libr_i
1629 5566 1861 5642 Tertull:
1893 5567 1961 5642 de
2003 5566 2148 5642 Prm-

556 5635 947 5711 scriptionibns
971 5659 1021 5696 c.
1036 5642 1126 5699 40.
1153 5635 1289 5699 Vide
1311 5655 1527 5711 quoque
1546 5638 1732 5696 Grabii
1761 5635 2019 5709 Spicileg.
2044 5637 2147 5693 Pa-

556 5720 699 5766 trum
733 5713 798 5769 ll.
822 5728 873 5769 ι).
905 5712 1035 5769 940.

556 5720 699 5766 trum
733 5720 798 5779 II,
822 5728 873 5781 p.
905 5720 1035 5769 ⁸140.

2253 4142 2383 4195 tima
2407 4142 2571 4194 verba
2603 4158 2615 4192 :
2644 4157 2728 4194 vos
2759 4141 3030 4208 interﬁciat
3056 4139 3327 4202 Dominus,
3357 4154 3385 4191 τι
3408 4138 3682 4208 Cypriano
3708 4153 3827 4206 pra:-

2255 4214 2655 4267 termittuntur.

2328 4282 2667 4353 fCyprianus
2694 4282 2784 4337 lib.
2816 4298 2830 4335 ι
2864 4280 3173 4353 Testimon.
3201 4279 3539 4353 Augustinus
3567 4280 3621 4335 in
3654 4279 3822 4349 psalm.

2250 4368 2371 4408 xcu:
2400 4350 2426 4407 ε’
2448 4354 2658 4407 Gustata
2682 4364 2729 4407 et
2753 4353 2935 4417 videte,
2960 4370 3115 4421 quam
3140 4352 3309 4404 dulcis
3334 4362 3409 4405 est
3437 4350 3711 4405 Dominus.

2325 4435 2349 4471 ε
2376 4425 2511 4479 Fere
2543 4436 2600 4479 ut
2627 4424 2931 4495 Cyprianus
2972 4423 3200 4477 Testim.
3238 4423 3329 4495 lib.
3363 4440 3375 4475 ι
3408 4432 3465 4476 et
3509 4439 3587 4487 ιιι,
3626 4424 3709 4487 ll,
3738 4436 3822 4495 non

2250 4496 2485 4563 deﬁcient
2526 4493 2865 4560 omni—bono,
2920 4506 2975 4549 ιιι
3021 4495 3222 4548 Auctor
3273 4494 3470 4561 Operis
3522 4496 3732 4565 imperi.
3779 4493 3824 4544 in

2250 4565 2584 4630 Matthncum,
2619 4578 2673 4621 et
2704 4567 2948 4622 Breviar.
2978 4565 3397 4620 Mozarabicutu.

2322 4635 2349 4674 δ
2374 4638 2538 4693 Forte
2566 4639 2782 4691 Lautus.
2808 4637 2986 4691 Wow.

2329 4708 2547 4763 ilnnuit
2595 4712 2846 4763 sinistras
2902 4708 3291 4777 prophetarum
3347 4708 3821 4775 interpretationes.

2248 4776 2329 4832 Cf.
2358 4781 2557 4834 Justini
2588 4782 2779 4847 Apolo.
2802 4797 2835 4842 ι,
2867 4776 2917 4833 e.
2943 4779 3034 4844 54,
3058 4780 3152 4844 56,
3177 4780 3245 4833 59
3270 4795 3284 4843 ;
3311 4778 3450 4831 Dial.
3476 4794 3528 4833 c.
3557 4779 3823 4849 Tryphone

2249 4865 2300 4905 c.
2334 4853 2421 4907 69.
2463 4852 2595 4906 Vide
2621 4853 2785 4905 Ilenr.
2813 4852 3017 4920 Georg.
3052 4851 3284 4904 Clausen
3316 4850 3629 4918 Apologetu:
3657 4849 3825 4902 Eccle-

2248 4923 2343 4975 siae
2401 4924 2724 4977 Christiana:
2777 4922 3267 4976 Antetheodosiani
3324 4921 3568 4973 Platonis
3620 4922 3823 4989 ejusque

2251 4994 2611 5063 philosophia}
2663 4994 2852 5047 arbitri
2902 4993 3115 5062 (Halm,
3162 4993 3347 5062 1817),
3399 5008 3453 5061 p.
3504 4992 3593 5045 81.
3645 4993 3815 5044 Minue.

2250 5063 2425 5120 Felix.
2454 5081 2503 5119 c.
2530 5066 2596 5118 27
2626 5084 2638 5117 :
2673 5066 2939 5118 histriones
2962 5080 3030 5119 ετ
3058 5079 3375 5119 Ριιιυκτυιι
3398 5080 3468 5117 ετ
3494 5078 3747 5123 ιἈιιιιδτ,
3774 5069 3818 5112 ut

2247 5147 2296 5189 et
2338 5138 2612 5190 nescientes
2660 5137 2913 5189 sinceram
2945 5139 3232 5199 veritatem,
3273 5146 3320 5187 et
3365 5152 3522 5204 quam
3556 5137 3732 5197 sciunt,
3775 5132 3818 5182 in

2248 5209 2586 5277 perditionem
2624 5208 2705 5261 sui
2736 5224 2837 5261 non
2864 5209 3183 5275 conﬁtentes.

2324 5279 2337 5350 ι
2369 5278 2675 5350 Cyprianus
2696 5274 2998 5332 Testimon.
3027 5279 3160 5335 lib.t.
3184 5279 3344 5331 habet
3364 5278 3661 5347 tamen,in
3680 5274 3812 5350 venit.

2321 5347 2341 5384 ¹ε
2390 5345 2538 5403 Ilaud
2588 5360 2768 5403 exstat
2817 5353 2866 5403 in
2910 5350 3295 5419 sequentibus;
3327 5359 3456 5403 sunt
3500 5345 3681 5404 cadent
3719 5345 3812 5398 lere

2248 5421 2436 5491 verba,
2464 5438 2515 5474 v.
2551 5423 2644 5483 53.
2675 5437 2795 5491 qun
2823 5436 2945 5475 mox
2977 5422 3327 5488 allegaret-at.

2330 5488 2344 5527 ι
2389 5487 2707 5563 Cyprianus
2742 5493 2809 5547 de
2847 5494 3000 5546 Orat.
3054 5487 3266 5546 Domiti.
3316 5501 3371 5547 et
3419 5491 3638 5547 Testim.
3678 5487 3755 5542 lib.
3798 5498 3808 5534 I

2251 5571 2308 5619 et
2334 5579 2413 5616 ut.

2329 5643 2369 5670 ω
2412 5636 2649 5705 Respicit
2681 5634 2966 5692 formulam
3011 5636 3293 5707 mysticam
3326 5634 3742 5696 Eleusiniorum,
3768 5628 3809 5679 ἐι

2264 5710 2534 5776 τυμπάνου
2565 5710 2822 5783 βέϐρωκα.
