3992 6204
157 206 183 258 1
199 207 318 262 0ὶό

144 330 321 377 artus
345 331 410 379 et
443 330 823 398 torpescentia
863 334 1106 390 membra
1132 338 1392 396 viviﬁcat.
1423 341 1644 401 leesti
1674 349 1798 402 cibo
1826 355 1876 415 Α
1907 352 2231 414 Processum
2261 379 2286 416 s

144 425 446 471 renovate
494 417 774 476 hominem
823 425 1122 496 perditum,
1157 441 1217 486 ut
1250 434 1507 503 quicquid
1538 437 1593 491 in
1641 441 1794 496 vobis

142 519 456 565 mortuum
494 520 607 581 est,
637 514 836 573 divinis
864 518 1146 578 beneliciis
1179 537 1520 584 renascatur.
1558 531 1792 589 Didicis—

140 597 216 651 tis
263 601 412 669 quid
464 619 575 660 vos
604 605 787 664 facere
818 615 1133 682 conveniat,
1168 617 1356 690 eligite
1393 623 1538 692 quod
1584 625 1783 696 vultis;

139 691 278 749 inde
301 708 477 753 mors
512 700 782 770 nascitur,
804 703 934 760 hinc
965 707 1290 767 immortalis
1316 714 1423 770 vita
1453 715 1713 774 donatur.

797 817 1030 878 CAPUT
1068 824 1188 879 XX.

133 923 191 976 2.
241 921 317 978 1η
344 924 650 983 Mithriaco
677 929 816 987 forte
847 951 860 988 τ
889 944 1068 1015 Χαῖρε,
1093 942 1293 1015 νύμφιε’
1317 951 1502 1022 χαῖρε,
1525 947 1636 1001 νέον
1656 956 1779 1021 φῶςο

209 1034 323 1086 qua
351 1021 644 1077 occasione
665 1025 728 1078 de
747 1024 951 1082 Christo
969 1046 1158 1099 sponso
1181 1021 1462 1106 mundique
1477 1038 1592 1094 luce
1616 1040 1784 1096 multa

211 1115 406 1170 habet.

212 1205 368 1262 Dicis
403 1211 586 1266 etiam
623 1231 635 1266 :
668 1222 846 1292 Χαῖρε,
876 1217 1084 1292 νύμφη·
1133 1231 1315 1298 χαῖρε,
1352 1225 1457 1279 νέον
1482 1233 1605 1300 φῶς.
1638 1226 1779 1295 Quid

135 1301 218 1356 sic
249 1303 542 1360 miserum
574 1305 848 1365 hominem
879 1327 975 1381 per
1002 1314 1228 1384 abrupta
1261 1321 1566 1389 prmcipitas
1587 1364 1602 1390 ,
1635 1324 1780 1379 cala-

134 1395 342 1451 tuitosa
387 1402 740 1468 persuasio?
779 1403 916 1470 Quid
951 1405 1026 1460 illi
1073 1407 1218 1463 falsa:
1247 1413 1362 1480 spei
1396 1412 1670 1482 polliceris
1697 1415 1781 1469 in-

135 1487 357 1557 signia?
413 1489 645 1547 Nullum
690 1495 829 1564 apud
870 1503 924 1552 te
972 1501 1150 1554 lumen
1201 1509 1305 1566 cst,
1342 1518 1440 1557 nec
1468 1513 1555 1559 est
1581 1505 1777 1576 aliquis

135 1594 407 1648 sponsus,
457 1582 557 1652 qui
609 1583 713 1639 hoc
764 1597 1041 1644 mereatur
1087 1590 1298 1646 audire.
1336 1591 1511 1649 Unum
1571 1611 1773 1651 numen

138 1683 264 1739 est,
313 1691 465 1730 unus
536 1685 623 1732 est
683 1695 914 1750 sponsus
979 1684 1301 1752 hominum,
1366 1704 1594 1757 quorum
1653 1705 1776 1762 gra-

139 1767 269 1820 tiam
317 1769 593 1826 Christus
642 1775 852 1844 accepit
885 1785 931 1830 ει.
979 1776 1100 1833 Νοιι
1145 1781 1354 1848 peteris
1394 1782 1461 1837 ad
1493 1790 1544 1838 te
1575 1785 1770 1842 alienae.

139 1859 430 1915 felicitatis
488 1863 794 1921 transferre
839 1868 1089 1938 gloriam,
1125 1885 1227 1927 nec
1276 1875 1480 1940 poteris
1523 1877 1770 1934 caelestis

136 1954 386 2009 numinis
426 1956 732 2024 splendore
771 1959 1037 2017 decorari.
1071 1962 1129 2018 In
1162 1966 1414 2022 tenebras
1460 1969 1766 2037 squalores-

136 2059 242 2113 quc
272 2046 572 2116 projectus
599 2065 657 2105 es
686 2067 699 2102 :
729 2051 841 2108 illic
868 2053 1078 2121 sordes,
1103 2057 1346 2127 squalor,
1373 2060 1550 2132 caligo
1568 2104 1582 2127 ,
1615 2071 1768 2118 tene-

136 2137 274 2206 brat,
303 2149 360 2196 et
393 2151 690 2214 perpetuae
722 2149 896 2203 noctis
925 2149 1238 2206 dominatur
1274 2153 1489 2209 horror.
1519 2155 1575 2211 Si
1603 2157 1686 2212 vis
1709 2166 1768 2212 ut

139 2234 323 2289 tenuis
374 2237 584 2293 saltem
639 2239 731 2295 tibi
779 2242 1036 2311 Splendor
1084 2245 1305 2301 luminis
1352 2247 1566 2315 luceat,
1616 2252 1764 2321 erige

138 2326 344 2395 vultus,
380 2336 440 2384 et
471 2330 763 2388 demersos
784 2333 935 2404 erige
955 2336 1166 2404 oculos,
1195 2349 1270 2404 et,
1299 2339 1530 2395 desertis
1564 2341 1670 2408 his,
1694 2343 1762 2398 ad

139 2435 264 2474 eum
296 2432 350 2476 te
378 2423 586 2479 confer
614 2426 703 2493 qui
747 2426 886 2481 dixit
915 2447 926 2480 :
965 2429 1074 2499 Ego
1104 2448 1218 2484 sum
1247 2432 1339 2486 lux
1365 2435 1545 2488 mundi
1577 2433 1758 2508 (Joan.

138 2527 229 2566 vut
252 2554 268 2578 ,
306 2513 435 2586 12);
470 2516 636 2587 cujus
680 2517 879 2573 divinis
909 2525 1196 2591 prmccptis
1225 2527 1538 2581 continetur
1561 2570 1574 2592 ,
1607 2537 1665 2582 ut
1705 2529 1759 2583 in

141 2603 240 2660 hac
291 2617 523 2662 terrena
581 2613 1000 2667 conversatione
1040 2629 1175 2684 opus
1205 2624 1452 2673 nostrum
1500 2635 1599 2689 per
1643 2621 1761 2675 dies

139 2699 383 2769 singulos
434 2702 644 2758 luceat.
681 2703 888 2761 Lucere
929 2714 1114 2763 autem
1148 2725 1252 2763 non
1283 2719 1462 2779 potest
1485 2753 1498 2775 ,
1528 2713 1628 2768 nisi
1658 2714 1760 2769 im-

140 2793 411 2849 maculata
470 2811 578 2851 nos
621 2799 977 2855 conscientia:
1027 2815 1349 2859 ornamenta
1393 2809 1753 2876 protexerint,

142 2886 242 2940 nisi
275 2888 490 2960 integra
519 2906 625 2946 nos
651 2901 706 2947 et
735 2894 1044 2966 incorrupta
1075 2898 1182 2952 vita
1211 2903 1592 2968 commendet;
1629 2913 1756 2959 tunc

140 2982 345 3038 orietur
369 2985 538 3041 nobis
565 2987 679 3042 veri
710 2988 931 3044 luminis
960 2993 1129 3062 gratia
1153 3009 1167 3057 ;
1203 2999 1331 3048 tunc
1351 3011 1410 3049 se
1434 2996 1592 3050 nobis
1620 2998 1756 3053 lucis

141 3083 330 3131 auctor
359 3078 644 3148 insinuet;
668 3090 794 3136 tunc
826 3098 1017 3138 verum
1045 3084 1226 3140 lumen
1259 3097 1312 3142 et
1343 3089 1596 3158 accipere
1628 3104 1755 3160 pos-
1781 3114 1827 3178 C

140 3177 326 3221 sumus
346 3177 401 3222 et
427 3169 642 3226 videre.
676 3171 782 3226 Sed
808 3182 864 3226 ut
886 3175 1163 3245 sacrilegae
1187 3177 1339 3231 vocis
1361 3179 1754 3248 comprimatur

144 3254 496 3326 improbitas,
531 3263 655 3332 quis
682 3263 748 3317 sil
784 3279 914 3320 vere
942 3281 1181 3336 sponsus
1205 3310 1218 3332 ,
1250 3285 1532 3325 sacrarum
1565 3273 1756 3329 lectio-

144 3362 266 3404 num
315 3355 564 3410 oraculis
615 3357 1019 3426 comprobabo;
1071 3368 1128 3414 ut
1179 3362 1440 3431 probetur
1487 3381 1750 3436 sponsum

143 3452 258 3494 esse
287 3441 600 3512 Christum,
649 3463 904 3516 sponsam
951 3448 1253 3506 Ecclesiam
1287 3470 1392 3508 :ex
1439 3471 1545 3525 quo
1583 3473 1750 3513 vene-

143 3533 307 3589 rando
351 3540 494 3606 patri
546 3539 863 3609 spiritnales
903 3541 995 3597 ﬁlii
1031 3559 1127 3613 per
1170 3545 1286 3601 dies
1335 3546 1580 3619 singulos
1621 3567 1749 3620 pro-

144 3639 417 3685 creantur.
467 3631 524 3686 In
583 3631 684 3687 hac
737 3633 1063 3702 probatione
1109 3652 1307 3693 arcana
1360 3640 1748 3710 prOphetarum

143 3723 450 3777 veneranda
482 3725 816 3796 pandantur.
844 3727 1080 3784 Assistat
1107 3730 1262 3786 nobis
1284 3744 1594 3790 sanctorum
1626 3752 1748 3791 ora-

145 3811 389 3870 culorum
439 3817 601 3873 lides.
658 3819 773 3874 Joel
806 3819 996 3875 divino
1039 3821 1246 3892 Spiritu
1276 3835 1532 3882 monente
1560 3827 1640 3883 sic
1667 3829 1748 3883 dio

144 3903 215 3956 cit
247 3923 261 3960 :
291 3906 477 3964 Canite
525 3909 646 3964 tuba
693 3912 744 3966 in
785 3911 956 3978 Sion,
1006 3917 1328 3985 sanctiﬁcate
1365 3920 1667 3989 jejunium,
1700 3933 1747 3976 et

145 3991 351 4051 indicite
399 4001 743 4069 curationem,
790 4015 1068 4074 aggregate
1114 4007 1386 4076 pupulum,
1427 4012 1748 4080 sanctiﬁcate

146 4083 450 4159 Ecclesiam,
502 4095 728 4163 excipite
769 4097 992 4163 maiores
1033 4108 1180 4164 natu,
1230 4100 1461 4171 colligite
1502 4107 1746 4173 parvulos

148 4178 403 4252 lactentes,
437 4187 684 4257 procedat
713 4205 933 4257 sponsus
963 4190 1029 4246 de
1052 4191 1290 4246 cubiculo
1316 4211 1434 4260 suo,
1473 4205 1522 4250 et
1552 4214 1745 4269 sponsa

148 4270 206 4326 de
243 4274 472 4335 thalamo
517 4297 614 4336 suo
640 4279 667 4319 ι)
694 4282 712 4355 (
739 4280 862 4338 Joel
891 4299 950 4351 ιι,
986 4284 1075 4350 15,
1108 4284 1218 4357 16).
1269 4286 1382 4342 lloc
1408 4287 1550 4344 idem
1583 4290 1740 4346 Jere-

149 4363 276 4420 mias
315 4370 479 4426 simili
511 4374 726 4430 ratione
757 4375 1062 4446 signiﬁcat;
1094 4378 1169 4432 ait
1208 4378 1353 4434 enim
1385 4394 1508 4436 cum
1541 4381 1740 4439 Hiero-

148 4453 365 4524 solyma:
399 4462 538 4517 truci
578 4465 812 4519 minatur
840 4467 1060 4521 oraculo
1093 4485 1106 4522 :
1139 4467 1208 4520 Et
1232 4473 1472 4541 auferam
1502 4472 1566 4526 de
1608 4475 1741 4530 civi-

151 4547 324 4603 tatibus
352 4551 514 4610 Judte
540 4565 586 4609 et
613 4558 826 4612 urbibus
859 4559 1190 4616 Hierusalem
1220 4579 1391 4619 vocem
1420 4567 1735 4638 ltetantium,

149 4648 308 4692 uocem
350 4642 550 4714 Sponsi
595 4658 642 4702 et
694 4665 866 4705 vocem
915 4669 1118 4722 sponsa:
1153 4666 1174 4693 ο
1209 4656 1424 4728 (Jerem.
1473 4676 1591 4729 xw,
1622 4661 1737 4734 16).

218 4782 240 4808 τι
281 4777 687 4858 Aliussymboli
712 4785 799 4858 vel
841 4787 1025 4858 hymni
1058 4789 1110 4844 in
1143 4792 1320 4847 sacris
1351 4797 1554 4851 cantari
1589 4798 1734 4854 soliti

151 4843 396 4939 :Iulmonet
431 4843 664 4937 lectores
711 4843 1005 4939 Ethnicos;
1037 4877 1072 4939 e_
1097 4843 1421 4939 quibusdam
1456 4870 1736 4939 mysteriis

153 4910 393 5002 haustum
418 4925 510 4988 sit,
535 4925 747 5002 ignoro.
782 4910 860 4982 Ex
889 4910 1191 4988 blitltriaizis
1224 4934 1380 5002 forte,
1414 4910 1536 4993 cuni
1561 4941 1640 4994 sol
1668 4957 1735 4996 eo

154 4984 424 5066 salutetur.
458 4984 655 5062 spo‘nsi
683 5013 814 5054 vero
840 5009 895 5054 et
922 4984 1090 5056 novie
1122 5005 1255 5059 lucis
1303 4984 1505 5062 mentio
1536 5010 1734 5066 Firmi-

154 5066 266 5108 cum
320 5062 607 5133 inducunt,
642 5069 804 5145 u_t_de
845 5071 1092 5145 Christo,
1125 5091 1286 5145 quem
1327 5094 1438 5132 suae
1472 5062 1731 5138 Ecclesiae

157 5135 480 5211 sponsuuret
505 5138 688 5193 mundi
719 5140 894 5197 lucem
925 5141 1038 5211 (J0.
1063 5135 1174 5210 vni,

159 5191 445 5282 christiani,
477 5191 894 5282 exponatfaftque
920 5191 987 5268 ad
1015 5231 1139 5270 eum

222 5263 247 5302 δ
289 5269 351 5346 ιρι
379 5263 1157 5346 (ΞῇριίξιιιιιδνΤόξιῖιῐιῘῙῘΒξηιι.

230 5347 266 5434 ε.
289 5341 729 5434 Cypftijljestim.
764 5352 929 5409 habet
959 5341 1329 5434 dequadriviis
1360 5361 1731 5434 Hierusalem;

161 5419 329 5499 noster
350 5419 545 5499 omittit
580 5433 670 5499 :_et
697 5436 872 5499 vocent
896 5419 1254 5499 gaudentium.

223 5474 442 5564 d‘Cylpr.
477 5474 865 5550 Testimilib.‘
896 5474 1435 5561 ῗῖίᾶἷᾶὲιῖηἶίιηιυηι
1465 5521 1567 5562 una
1599 5523 1733 5564 voce

169 5552 418 5644 proiectio,
449 5576 568 5617 cum
597 5552 1134 5644 Cyprianushhabeat
1161 5577 1405 5644 egressio.

292 5622 558 5716 Glpssetiia
591 5622 982 5716 quodinnedit.
1018 5622 1499 5716 principewlvegitur
1533 5667 1545 5701 ε
1577 5650 1632 5704 id
1659 5659 1733 5706 est

169 5700 219 5737 ιιι
241 5698 548 5774 reuelatione,
579 5698 782 5765 delevit
813 5698 1139 5769 Wowerius.

1189 5221 1443 5287 applicet.

1147 222 1238 280 DE
1278 224 1562 287 ERllUIlE
1604 232 2080 299 l’llOFANAIlUM
2117 245 2568 311 RELIGIONUM.

3364 276 3504 333 1026

2292 365 2448 432 ponsi
2477 367 2640 423 etiam
2673 387 2770 440 per
2802 376 3040 442 psalmos
3085 381 3346 449 praedicat
3376 387 3503 457 Spi-

1895 445 2031 501 ritus
2077 463 2319 509 sanctus.
2354 457 2411 512 In
2453 476 2584 515 xvm
2615 464 2823 532 psalmo
2854 466 2958 524 hoc
2992 469 3269 529 invenitur
3298 492 3491 535 oracu~

1894 539 2042 606 lum;
2076 544 2154 598 ait
2190 547 2336 603 enim
2370 568 2384 604 :
2413 549 2481 604 Et
2508 553 2618 623 ipse
2663 556 2800 610 velut
2844 575 3067 632 sponsus
3111 567 3380 636 egrediens
3427 572 3494 628 de

1893 630 2119 689 thalamo
2139 637 2545 712 suolexsultavit,
2564 655 2619 699 ut
2639 648 2808 718 gigas,
2824 649 2962 706 viam
2982 670 3210 712 currere.
3228 660 3273 713 A
3291 678 3494 720 summa

1891 726 2004 780 caeli
2032 729 2282 796 profectio
2301 735 2435 804 ejus,
2463 747 2511 790 et
2541 738 2776 796 decursio
2803 744 2914 812 ejus
2942 763 3101 817 usque
3133 751 3204 804 ad
3232 769 3491 812 summum

1888 820 2020 888 ejus,
2054 831 2224 879 etnon
2252 837 2327 881 est
2353 829 2440 898 qui
2461 831 2620 887 lateat
2649 851 2680 887 a
2701 837 2873 894 calore
2898 843 3012 912 ejus
3033 840 3059 880 ἀ
3098 843 3120 917 (
3151 843 3302 903 Psal.
3335 865 3488 920 xvnt,

1888 911 1943 978 6,
1977 911 2054 984 7).
2087 914 2396 974 Secretiora
2423 923 2733 992 pandantur
2759 911 2960 987 arcana
2983 951 2997 990 :
3020 935 3072 989 in
3102 911 3438 1012 Apocalypsi
3463 911 3488 982 έ

1885 1005 2008 1074 quis
2057 1009 2125 1062 sit
2171 1009 2420 1080 Sponsus
2479 1017 2860 1089 inveniemus;
2909 1025 2980 1082 ita
3029 1029 3174 1084 enim
3223 1033 3488 1105 scriptum

1883 1107 1968 1153 est
1993 1116 2006 1152 :
2049 1099 2194 1170 Veni,
2220 1109 2488 1164 ostendam
2511 1111 2604 1166 tibi
2625 1130 2810 1169 novam
2837 1129 3075 1188 nuptam,
3103 1140 3317 1181 uxorem
3337 1130 3482 1201 agni.

1884 1188 1952 1244 Et
1981 1191 2131 1248 duxit
2160 1213 2240 1251 me
2264 1199 2319 1252 in
2340 1201 2533 1270 spiritu
2562 1205 2618 1258 in
2648 1217 2870 1262 montem
2894 1228 3165 1284 magnum,
3191 1228 3239 1273 et
3267 1188 3491 1276 ostendit

1882 1282 2012 1336 mihi
2048 1286 2305 1343 civitatem
2351 1306 2584 1349 sanctam
2625 1297 2960 1356 Hierusalem
2996 1306 3384 1366 descendentem
3425 1314 3491 1369 de

1881 1376 2008 1429 caelo
2027 1374 2045 1414 τ
2056 1378 2237 1450 (Apoc.
2255 1385 2548 1457 xx:,9,10).
2575 1388 3012 1464 luvestigandum
3035 1409 3140 1468 est,
3168 1403 3296 1472 quid
3319 1406 3484 1462 etiam

1881 1468 2036 1524 nobis
2076 1472 2143 1526 de
2171 1473 2274 1530 hac
2323 1477 2438 1548 ipsa
2469 1495 2531 1535 re
2563 1483 2743 1539 tradat
2787 1487 3113 1558 Evangelica
3159 1468 3484 1568 disciplina;

1879 1558 2222 1620 inveniemus
2251 1570 2395 1623 enim
2424 1571 2476 1626 in
2511 1574 2809 1647 Evangelio
2847 1579 3076 1638 Joannis
3109 1585 3180 1641 ita
3224 1603 3348 1645 esse
3376 1591 3487 1663 sig-

1877 1663 2061 1708 natum
2094 1674 2107 1707 :
2146 1656 2252 1712 Vos
2299 1661 2426 1715 mihi
2470 1672 2618 1722 testes
2665 1670 2811 1735 estis,
2839 1674 3081 1742 quoniam
3110 1678 3224 1733 dixi
3252 1681 3324 1736 eis
3347 1723 3361 1749 ,
3387 1656 3480 1753 qui

2799 1725 2811 1735 ι
2850 1725 3079 1742 ,γέ-γηη--ν
3111 1725 3223 1733 π--ν-
3252 1725 3324 1736 νυν
3347 1725 3361 1749 r
3387 1725 3480 1753 '1'"

1801 1725 1851 1786 Β
1879 1745 2025 1798 missi
2070 1761 2192 1802 sunt
2239 1751 2302 1804 ab
2347 1752 2724 1829 Hierosolymis
2769 1763 2840 1816 ad
2887 1781 2998 1833 me,
3043 1771 3167 1838 quia
3210 1787 3315 1826 non
3366 1791 3483 1830 sum

1874 1833 2144 1905 Christus,
2179 1844 2269 1898 sed
2295 1849 2544 1916 quoniam
2573 1853 2759 1908 missus
2798 1873 2912 1912 sum
2957 1869 3077 1915 ante
3125 1864 3320 1934 ipsum.
3371 1868 3473 1935 Qui

1871 1933 2006 1985 enim
2035 1934 2183 1990 habet
2205 1955 2449 2009 sponsam
2488 1961 2708 2015 sponsus
2732 1959 2830 2017 est,
2865 1953 3062 2010 amicus
3091 1966 3262 2014 autem
3296 1964 3476 2033 sponsi

1870 2032 1980 2091 est,
2025 2028 2116 2092 qui
2150 2039 2252 2084 stat
2287 2042 2334 2085 et
2364 2036 2510 2089 audit
2541 2054 2692 2105 eum,
2729 2051 2778 2097 et
2812 2046 3004 2112 gaudio
3038 2049 3228 2118 gaudet
3263 2028 3476 2124 prapter

1869 2122 2234 2201 vocemsponsi
2260 2131 2287 2169 Β
2316 2123 2496 2195 (Joan.
2522 2143 2600 2196 ιιι,
2633 2131 2704 2187 28
2733 2145 2780 2187 et
2806 2133 2923 2206 29).
2958 2137 3131 2208 Hujus
3160 2142 3240 2198 rei
3264 2122 3467 2216 myste-

1867 2205 2005 2260 rium
2049 2220 2329 2270 ostensum
2371 2227 2494 2285 est,
2523 2219 2688 2292 hujus
2715 2205 2901 2294 sponsi
2934 2228 3224 2288 adventum
3257 2237 3476 2307 sapien-

1867 2300 2000 2354 tium
2021 2303 2286 2374 virginum
2308 2308 2512 2366 chorus
2533 2325 2838 2386 exspectat,
2860 2318 2988 2377 huic
3015 2326 3235 2394 praefert
3263 2300 3470 2388 lumina

1864 2395 2115 2464 pervigili
2146 2413 2275 2454 cura
2306 2414 2495 2460 sancta
2527 2407 2836 2479 virginitas,
2869 2420 3286 2484 exspectantibus
3314 2440 3478 2494 spon-

1863 2501 1976 2539 sum
2010 2488 2227 2554 (Matth.
2260 2509 2390 2562 xxv,
2423 2497 2446 2550 1
2481 2499 2615 2572 seq.)
2649 2505 2822 2559 servis
2845 2504 3088 2563 felicium
3124 2488 3472 2582 praemiorum

1864 2584 2199 2650 promittitur
2245 2605 2464 2648 munus.
2518 2596 2832 2657 Invenimus
2878 2605 3021 2660 enim
3065 2608 3118 2663 in
3171 2609 3471 2685 Evangelia

1862 2673 2022 2731 Luca:
2051 2696 2065 2733 :
2096 2679 2216 2734 Sint
2243 2683 2403 2738 lumbi
2431 2690 2584 2742 vestri
2604 2694 2870 2760 praecincti
2889 2705 2938 2750 et
2959 2697 3187 2756 lucerna:
3206 2673 3466 2776 ardentes,

1859 2779 1907 2822 et
1971 2786 2059 2824 vos
2123 2775 2318 2830 similes
2375 2779 2670 2836 hominibus
2734 2791 3150 2857 exspectantibus
3198 2795 3468 2853 dominum

1857 2880 2029 2929 suum,
2063 2868 2269 2935 quando
2312 2871 2480 2926 veniat
2520 2892 2552 2927 a
2595 2879 2830 2945 nuptiis;
2881 2891 2967 2948 ut,
3022 2900 3139 2938 cum
3182 2890 3377 2944 venerit
3421 2902 3470 2946 et

1859 2956 2162 3025 pulsaverit,
2195 2963 2432 3029 aperiant
2458 2964 2560 3020 illi.
2595 2966 2799 3024 Felices
2830 2975 2963 3027 servi
2991 2976 3105 3042 illi,
3140 2994 3270 3046 quos
3307 2981 3465 3038 adue-

1860 3050 2007 3103 niens
2054 3049 2308 3107 Dominus
2353 3056 2602 3114 invenerit
2655 3063 2923 3132 vigilantes
2955 3064 2982 3104 ιι
3013 3067 3165 3140 (Luc.
3218 3089 3326 3142 xtt,
3359 3075 3462 3145 55,

1857 3141 1973 3211 56).
1996 3143 2136 3198 Ecce
2156 3147 2591 3206 venerandorutn
2618 3168 3010 3225 responsorum
3033 3163 3271 3219 oraculis
3293 3181 3463 3236 spon-

1856 3248 1950 3289 sus
2002 3247 2255 3293 ostensus
2309 3251 2414 3296 est.
2465 3243 2604 3312 Quid
2649 3255 2703 3302 tu
2747 3249 2842 3305 tibi
2886 3251 2939 3306 in
2978 3257 3194 3313 acerbis
3241 3261 3463 3320 casibus

1856 3330 2185 3385 constitutus
2214 3332 2431 3388 beatum
2463 3352 2662 3393 nomen
2692 3339 2969 3411 imponis?
3001 3346 3058 3402 Si
3086 3349 3168 3405 vis
3196 3350 3462 3412 liberatus

1856 3417 2041 3474 lumen
2091 3424 2243 3492 sequi
2293 3427 2505 3495 sponsi,
2560 3430 2769 3501 projice
2816 3450 3058 3505 errores,
3099 3449 3155 3496 et
3201 3445 3466 3517 pervigili

1853 3525 1984 3566 cura
2014 3515 2316 3584 sollicitus,
2347 3521 2710 3592 prazcedentia
2751 3526 2877 3582 vitae
2926 3529 3168 3588 facinora
3202 3537 3462 3609 religiosa

1853 3604 2146 3664 devotione
2182 3613 2409 3684 castiga.
2444 3615 2596 3674 Tunc
2624 3627 2678 3676 te
2704 3621 2757 3676 in
2786 3626 3006 3682 nomine
3042 3645 3141 3685 suo
3168 3649 3290 3688 cum
3322 3637 3462 3706 vigi-

1851 3695 2055 3753 lantem
2112 3701 2388 3759 invenerit
2438 3721 2713 3780 sponsus,
2756 3729 2878 3770 cum
2927 3717 3052 3775 ﬁdei
3105 3730 3212 3778 tua:
3264 3727 3461 3784 merita

1851 3794 2194 3861 cognoverit,
2222 3797 2372 3853 dabit
2423 3805 2721 3859 maximum
2770 3809 3089 3878 praemium,
3134 3814 3286 3870 dabit
3317 3817 3460 3874 inte:

1848 3895 2005 3951 grum
2039 3900 2257 3952 munus,
2290 3888 2520 3947 intrabis
2545 3907 2668 3948 cum
2701 3911 2768 3952 co
2802 3900 2924 3954 coeli
2960 3900 3279 3972 thalamum,
3308 3907 3460 3964 vide-

1849 3972 1936 4027 bis
1965 3990 2130 4044 regna
2159 3979 2366 4045 mundi,
2395 3992 2450 4036 et
2483 3993 2543 4037 ut
2578 3999 2768 4040 eorum
2801 3991 3078 4062 particeps
3101 4009 3226 4051 esse
3253 4000 3456 4067 possis,

1847 4079 1876 4118 a
1909 4067 2159 4135 piissimo
2200 4079 2255 4125 et
2277 4071 2586 4140 justissimo
2624 4077 2858 4138 Domino
2899 4081 3329 4147 immortalitatis
3361 4091 3457 4148 tibi

1845 4161 2017 4231 gratia
2047 4164 2382 4222 conferetur.

2437 4282 2672 4342 CAPUT
2712 4285 2858 4343 XXI.

1843 4391 1899 4447 5.
1927 4389 1994 4445 In
2026 4394 2152 4461 alio,
2181 4404 2319 4451 certe
2348 4394 2652 4468 Mithriaco,
2679 4404 2804 4466 Θεὸς
2825 4405 2878 4460 ἐκ
2901 4407 3094 4480 Πέτρας
3124 4425 3137 4464 :
3174 4410 3258 4466 ubi
3286 4412 3453 4469 multa

1919 4487 2148 4557 congerit
2173 4504 2237 4543 ea:
2265 4490 2428 4544 sacris
2457 4491 2745 4565 Scripturis
2773 4496 2840 4552 de
2860 4497 3064 4555 Christo
3092 4502 3285 4575 lapide.

1920 4577 2159 4633 Alterius
2200 4583 2409 4649 profani
2450 4590 2776 4644 sacramenti
2821 4591 3039 4662 signum
3076 4604 3205 4650 est:
3236 4601 3360 4660 Θεὸς
3396 4603 3454 4656 ia:

1845 4669 2038 4746 Πέτρας
2077 4667 2118 4724 ί.
2170 4669 2280 4727 Cur
2323 4674 2428 4731 hoc
2473 4689 2718 4735 sanctum
2745 4685 3226 4759 venerantiumque
3261 4703 3449 4750 secre-

1917 4799 1936 4838 ί
1982 4801 2052 4875 [lt
2079 4803 2383 4875 Cyprianus
2417 4807 2646 4867 Testim.
2677 4814 2772 4870 lib.
2800 4830 2860 4872 ιι.

1915 4881 1941 4947 β
1982 4872 2052 4947 Ut
2087 4872 2253 4947 C'y‘pr.
2295 4877 2520 4936 Testim.
2555 4899 2612 4938 ιι.

1909 4940 1936 5016 ‘f
1978 4940 2148 5016 Cypr.
2172 4940 2238 5002 ad
2266 4948 2495 5006 Fortun.
2530 4952 2758 5012 Testim.
2789 4973 2846 5013 tt.

1918 5013 1932 5050 ί
1979 5013 2212 5084 Μ’ίιιιτσε,
2246 5020 2298 5073 in
2327 5023 2484 5117 ettjgs
2511 5029 2792 5117 mysteriis
2825 5030 2931 5117 hgc
2963 5043 3300 5117 sacramenti
3328 5045 3441 5117 sig-

1837 5101 1966 5168 num
2018 5092 2619 5172 tiSttrpatum.-i_iiero'tt_
2640 5096 2668 5152 ι’
2689 5100 2814 5172 adv.
2856 5092 3440 5172 Jovinianfbvliihra'r’n

1209 5147 1732 5243 12)'venerabantur
1829 5156 1982 5225 juxta
2031 5147 2659 5243 gent'iliumfabu—lavsnin
2685 5147 3441 5243 libidini:

1835 5240 2156 5321 generatum
2176 5233 2377 5321 scribit
2401 5234 2648 5321 Justinus
2683 5233 2817 5297 Dial.
2847 5261 2909 5321 c._
2931 5233 3435 5321 Tryphone'cI."'i'6-':

1838 5299 1899 5355 Oi
1941 5299 1995 5356 δέ
2022 5304 2086 5358 τὰ
2112 5309 2202 5358 τοῦ
2230 5307 2414 5361 Μίθρου

1838 5325 1897 5355 υι
1941 5325 1995 5356 οε
2022 5325 2086 5358 τα
2112 5325 2202 5358 του
2230 5325 2320 5359 Μιυ
2357 5328 2402 5361 οι

1837 5373 2034 5446 πέτρας
2079 5325 2402 5448 γεγεννῆσὲαι

1837 5451 2030 5498 struet.
2065 5455 2160 5499 xitt
2189 5464 2202 5498 :

1966 5555 2184 5608 Invictus
2205 5558 2270 5609 de
2292 5565 2434 5624 petra
2456 5569 2616 5626 natus,
2643 5567 2685 5616 si
2705 5568 2831 5618 deus
2852 5569 3082 5624 habetur.

1842 5655 2215 5752 ‘All§llS}ln;lin
2244 5661 2412 5752 ᾼιιιιοε
2443 5681 2525 5729 ιιι,
2543 5665 2611 5752 ἐξ..
2640 5676 2950 5752 πέτρογενής
2978 5676 3167 5752 ῃίθρας
3185 5691 3276 5752 ap.
3305 5679 3436 5739 Joh.

1843 5724 1981 5797 Lyd.
2011 5728 2082 5784 de
2111 5730 2414 5800 Mensibus,
2443 5724 2622 5805 p.177.
2667 5724 3444 5826 Ro'm'ano;

2444 5315 2719 5400 μγσῖήρέῇ
2740 5315 3111 5400 παραῇδόντίες
3135 5325 3365 5400 λέγουσι.
3382 5329 3440 5383 ἔκ

2447 5380 2632 5438 αὐτόν]
2651 5380 2828 5442 WowI
2885 5380 3321 5453 Commodianus'
3342 5380 3438 5451 in;
