3992 6204
594 280 614 333 i
625 279 725 333 027

1838 269 2011 327 ιυιιι
2049 268 2306 330 FIBMICI
2346 269 2658 327 MATER!“

3763 275 3875 333 i023

584 402 700 446 tum
730 390 797 445 ad
838 388 1094 459 profanos
1119 395 1275 441 actus
1303 385 1604 439 adulterata
1633 384 1978 454 professione
2004 394 2184 441 trans-
2212 391 2259 449 Α
2287 388 2496 457 quando
2524 387 2837 442 recesseritis
2864 404 2897 440 a
2928 386 3152 443 Domino
3174 400 3341 444 oestro
3370 388 3387 429 ί
3413 390 3596 461 (Iosue
3626 404 3774 453 xxiv,
3798 394 3873 449 ~26.

589 486 779 542 fertis?
811 484 966 539 Alius
993 489 1077 536 est
1124 479 1285 550 lapis,
1317 495 1477 550 quem
1513 480 1678 545 Deus,
1710 478 1764 534 in
1797 479 2190 535 conﬁrmandis

584 576 956 633 fundamentis
1005 573 1288 644 promissae
1348 571 1690 627 Hierusalem
1722 613 1737 637 ,
1780 573 2077 626 missurum
2128 586 2191 627 se

587 690 712 730 esse
762 672 1037 744 promisit.
1099 668 1353 724 Christus
1420 668 1582 723 nobis
1638 668 1935 723 venerandi
1997 666 2191 737 lapidis

587 766 993 838 signiﬁcatione
1043 772 1383 819 monstratur
1415 771 1465 816 ι.
1516 762 1657 829 Quid
1694 771 1753 817 tu
1782 762 1850 815 ad
1880 776 2193 815 commacu-

584 864 723 918 latas
766 858 1189 929 superstitiones
1220 856 1418 912 furtiva
1466 854 1655 910 fraude
1686 855 1984 910 venerandi
2016 865 2191 909 trans-

586 953 699 1008 fers
752 950 988 1006 nominis
1024 948 1387 1019 dignitatem?
1433 948 1695 1017 Lapidem
1729 956 1879 1002 tuum
1912 946 2070 1000 ruina
2099 961 2187 999 se-

589 1045 796 1115 quitur,
830 1053 885 1096 ct
931 1041 1241 1097 cadentium
1291 1041 1589 1095 culminum
1638 1039 1852 1093 funesta
1896 1037 2187 1106 collapsio.

584 1138 785 1195 Noster
818 1136 954 1205 lapis
983 1137 1078 1191 Dei
1109 1134 1368 1190 fundatus
1394 1148 1556 1189 manu
1590 1135 1849 1199 exstruit,
1882 1133 2187 1197 confirmat,

585 1232 786 1302 erigit,
820 1230 997 1284 munit
1026 1239 1080 1285 et
1112 1229 1410 1284 restaurati
1454 1227 1703 1297 corporis
1733 1228 1963 1297 gratiam
1997 1240 2191 1297 perpe-

586 1334 694 1380 tua:
729 1322 1155 1379 immortalitatis
1185 1321 1481 1390 splendore
1527 1320 1862 1376 condecorat
1887 1338 1900 1375 :
1924 1321 2000 1374 ait
2041 1320 2187 1375 enim

588 1420 658 1475 de
710 1418 814 1473 hoc
862 1418 1049 1472 Esaias
1074 1458 1089 1483 ,
1118 1417 1377 1472 innuente
1420 1416 1625 1485 Spiritu
1676 1424 1909 1470 sancto:
1943 1414 2031 1469 Sic
2066 1414 2191 1468 dicit

589 1512 847 1566 Dominus
882 1527 895 1563 :
925 1525 1039 1563 ecce
1063 1526 1158 1581 ego
1184 1510 1404 1561 immitto
1443 1509 1496 1560 in
1532 1508 1870 1577 fundamenta
1903 1508 2030 1561 Sion
2059 1507 2195 1575 lapi—

587 1606 704 1660 dem
748 1603 1029 1673 pretiosum
1050 1641 1065 1667 ,
1098 1602 1345 1665 electum,
1390 1616 1647 1653 summum
1676 1600 1999 1669 angularem,
2028 1598 2193 1651 hono-

584 1706 792 1758 ratum,
834 1703 881 1747 et
919 1693 1005 1761 qui
1054 1692 1332 1745 crediderit
1373 1691 1428 1743 in
1462 1706 1600 1756 eum,
1632 1705 1737 1743 non
1787 1689 2138 1760 confundetur
2162 1688 2189 1727 δ

2292 477 2410 549 27).
2440 478 2594 547 Quod
2624 487 2807 534 autem
2836 493 2932 549 per
2965 479 3110 536 hunc
3142 480 3406 551 lapidem,
3440 483 3492 537 id
3522 494 3631 549 est,
3664 498 3762 554 per
3787 484 3876 540 Do-

2295 572 2500 626 minum
2543 581 2789 627 nostrum
2829 571 3014 627 Jesum
3046 573 3355 641 Christum,
3383 587 3442 630 et
3470 576 3546 631 dii
3592 578 3685 633 isti
3721 581 3877 633 casuri

2291 664 2400 719 sint
2425 674 2479 720 et
2510 666 2797 720 multitudo
2844 668 3173 735 templorum
3199 704 3215 734 ,
3266 682 3454 741 aperte
3493 671 3690 727 Daniel
3741 686 3879 729 vene-

2294 759 2479 813 randis
2501 762 2737 815 oraculis
2762 762 3082 830 explicavit;
3112 764 3189 818 ait
3211 764 3381 829 enim,
3408 778 3532 820 cum
3566 768 3878 835 interpreta~

2294 862 2447 906 retur
2487 853 2758 907 somnium
2805 853 2991 923 regis:
3024 854 3091 908 Et
3135 872 3249 913 ecce
3290 858 3483 927 imago,
3529 860 3706 928 imago
3749 861 3881 913 nimis

2292 959 2500 1014 magna,
2552 952 2601 998 et
2652 946 3019 1017 contemplatio
3067 948 3232 1016 ipsius
3281 950 3526 1022 imaginis
3579 954 3879 1017 metuenda,

2293 1036 2427 1091 elata
2456 1036 2627 1091 stabat
2654 1050 2836 1093 contra
2872 1050 2919 1094 te
2940 1082 2955 1106 ,
2987 1044 3135 1115 cujus
3174 1054 3328 1113 caput
3357 1044 3455 1114 fuit
3486 1062 3552 1100 ea:
3578 1062 3711 1099 auro
3744 1046 3879 1107 bono,

2292 1140 2468 1199 pectus
2494 1138 2541 1182 et
2567 1129 2777 1184 brachia
2801 1134 2912 1204 ejus
2939 1144 3203 1204 argentea,
3232 1146 3407 1189 venter
3434 1146 3481 1189 et
3508 1142 3713 1208 femora
3739 1156 3875 1201 terra.

2292 1221 2448 1291 pedes
2478 1233 2651 1278 autem
2680 1240 2743 1279 ea:
2770 1234 2920 1297 parte
2948 1227 3154 1295 quidem
3197 1229 3353 1298 ferrei
3376 1270 3391 1295 ,
3432 1245 3497 1282 ea:
3534 1240 3681 1299 parte
3725 1244 3876 1286 autem

2295 1314 2500 1381 ﬁctiles,
2536 1318 2868 1387 quoadusque
2910 1318 3171 1373 abscissus
3200 1330 3276 1372 est
3308 1321 3441 1392 lapis
3471 1326 3534 1375 de
3567 1335 3761 1387 monte,
3788 1328 3879 1379 sine

2294 1406 2531 1459 manibus
2575 1409 2995 1474 concidentium,
3028 1422 3074 1463 et
3121 1415 3373 1480 percussit
3414 1413 3695 1487 imaginem
3740 1435 3877 1487 super

2292 1501 2447 1571 pedes
2488 1503 2680 1570 ferreos
2710 1511 2755 1554 et
2782 1501 2965 1570 ﬁctiles
2986 1544 3001 1570 ,
3030 1513 3079 1557 et
3108 1506 3405 1558 comminuit
3444 1522 3535 1561 eos
3580 1507 3875 1571 nrinutatiru,

2293 1602 2340 1644 et
2383 1596 2579 1662 factum
2611 1603 2681 1647 est
2724 1594 2881 1647 simul
2922 1599 3115 1666 ferrum
3142 1606 3190 1650 et
3222 1607 3350 1651 testa
3392 1608 3439 1652 et
3473 1611 3805 1654 ammentum
3839 1613 3878 1655 et

2293 1696 2563 1756 argentum
2592 1698 2638 1741 et
2669 1704 2885 1755 aurum,
2919 1691 3059 1761 facta
3088 1701 3206 1743 sunt
3236 1692 3435 1745 minuta
3464 1695 3617 1763 quasi
3646 1696 3806 1763 palea,
3839 1708 3875 1747 ct

588 1784 763 1847 (Esai.
800 1799 951 1847 xvin,
978 1783 1091 1850 16).
1127 1782 1183 1835 ln
1215 1782 1438 1851 pmlmis
1463 1782 1629 1837 etiam
1663 1782 1841 1835 simile
1869 1796 2188 1851 responsum
2221 1780 2267 1843 Β
2298 1788 2351 1831 ut
2381 1778 2547 1851 pulvis
2573 1779 2627 1833 in
2654 1780 2803 1834 arida
2831 1792 3040 1849 testate,
3070 1794 3120 1837 et
3159 1785 3418 1838 ventilarit
3448 1786 3548 1840 illa
3578 1798 3784 1857 reatus,
3816 1790 3875 1841 ita

584 1889 669 1934 est
698 1895 712 1941 ;
744 1878 821 1932 ιιι
849 1877 993 1933 enim
1025 1875 1265 1945 Spiritus
1314 1886 1536 1930 sanctus
1568 1875 1621 1929 in
1666 1889 1829 1937 cxvii,
1861 1888 1945 1943 ps.
1979 1890 1992 1925 :
2029 1871 2190 1939 Lapis

586 1988 736 2043 quem
761 1972 1161 2041 reprobaoerunt
1181 1969 1519 2037 ludiﬁcantes,
1548 1968 1633 2020 hic
1656 1970 1824 2039 factus
1854 1975 1925 2020 est
1955 1966 2007 2019 in
2035 1976 2189 2035 caput

585 2067 787 2137 anguli.
819 2066 1005 2119 Annon
1034 2064 1203 2133 factus
1233 2074 1305 2117 est
1336 2064 1431 2117 iste
1452 2104 1467 2127 ,
1502 2073 1551 2116 et
1580 2072 1653 2116 est
1684 2062 1935 2115 mirabilis
1976 2062 2029 2113 in
2065 2077 2191 2114 ocu-

588 2161 653 2213 lis
686 2160 873 2214 nostris
914 2170 935 2197 ε
964 2156 1139 2231 (Psal.
1170 2172 1233 2211 cx
1247 2172 1350 2221 vn,
1379 2156 1483 2223 22,
1515 2156 1652 2225 23)?
1699 2154 1800 2210 Per
1832 2155 2034 2210 multos
2066 2168 2188 2223 pro-

591 2252 787 2323 phetas
854 2251 1095 2321 Spiritus
1156 2258 1379 2305 sanctus
1439 2249 1674 2303 nominis
1721 2247 1879 2301 istius
1936 2246 2187 2301 ordinem

588 2352 857 2400 monstrat
884 2360 898 2395 :
929 2344 1005 2397 ait
1056 2343 1199 2398 enim
1247 2342 1542 2397 Zacharias
1582 2342 1849 2411 propheta
1882 2359 1895 2395 :
1930 2338 2065 2395 Ecce
2096 2357 2189 2411 ego

587 2436 795 2490 adduco
834 2451 1051 2503 puerum
1092 2450 1280 2500 meum,
1312 2444 1455 2488 ortus
1502 2434 1549 2487 ei
1595 2449 1777 2487 nomen
1809 2443 1904 2497 est,
1947 2434 2191 2503 quoniam

589 2532 745 2600 lapis,
792 2545 941 2599 quem
971 2528 1089 2581 dedi
1139 2542 1316 2580 coram
1362 2524 1523 2589 Jesu,
1556 2541 1710 2595 super
1749 2525 1975 2595 lapidem
2021 2526 2191 2595 ipsum

589 2638 781 2684 unum,
828 2632 1022 2690 septem
1051 2619 1189 2673 oculi
1219 2628 1339 2671 sunt
1372 2616 1398 2655 ἀ
1434 2616 1622 2689 (Zach.
1654 2633 1748 2681 ιιι,
1781 2620 1847 2682 8,
1879 2617 1961 2686 9).
1994 2617 2100 2673 Sed
2132 2626 2191 2672 ut

585 2714 927 2770 manifestius
955 2720 1189 2775 constet,
1210 2711 1523 2781 antiquiora
1547 2708 1977 2765 venerandarum
2000 2709 2192 2765 lectio-

585 2823 713 2862 num
752 2817 965 2862 secreta
1018 2804 1338 2875 pandamus.
1393 2804 1449 2858 lu
1485 2801 1906 2858 Deuteronomio
1938 2802 2009 2855 ita
2039 2817 2190 2856 com-

584 2905 916 2970 prehensum
962 2907 1049 2953 est
1096 2915 1107 2949 :
1152 2896 1221 2950 Et
1268 2895 1459 2950 scribes
1507 2911 1661 2963 super
1711 2894 1937 2965 lapidem
1988 2909 2189 2948 omnem

585 2994 745 3066 legem
763 2995 899 3048 hanc
925 3002 947 3030 ε
977 2990 1159 3064 (Deut.
1179 3007 1349 3057 xxvii,
1377 2992 1455 3059 8).
1486 2989 1647 3044 Jesus
1665 2989 1832 3043 etiam
1862 2988 2008 3044 Nave
2030 2988 2188 3059 jussu

585 3086 883 3141 divinitatis
923 3084 1029 3139 hoc
1065 3083 1378 3153 specialiter
1409 3080 1863 3151 comprehendit;
1894 3080 1970 3135 ait
1993 3081 2138 3135 enim
2171 3097 2184 3132 ε

2293 1883 2346 1926 ιιι
2393 1871 2525 1926 nihil
2568 1876 2871 1929 remanserit
2916 1876 2969 1929 in
3011 1877 3134 1931 illis.
3187 1875 3257 1931 Et
3302 1878 3480 1948 lapis,
3529 1881 3618 1949 qui
3652 1885 3875 1951 percussit

2292 1966 2569 2035 imaginem
2599 2008 2613 2030 ,
2641 1968 2808 2039 factus
2839 1968 3089 2041 estimons
3119 1985 3337 2044 magnus
3359 2014 3373 2036 ,
3402 1982 3449 2027 et
3479 1973 3706 2045 implevit
3736 1984 3876 2028 totam

2294 2068 2480 2113 terram
2510 2069 2534 2105 Β
2564 2058 2737 2131 (Dan.
2779 2077 2851 2129 tt,
2896 2060 3117 2132 31-35).
3148 2062 3283 2131 Quis
3312 2063 3467 2119 locus
3503 2065 3561 2122 in
3596 2076 3738 2125 terra
3774 2080 3873 2132 est,

2293 2166 2452 2222 quem
2479 2167 2585 2207 non
2613 2152 2817 2209 Christi
2846 2154 3150 2225 possederit
3179 2156 3419 2211 nomen?
3448 2172 3556 2229 qua
3584 2158 3671 2213 sol
3701 2160 3872 2224 oritur,

2292 2259 2395 2315 qua
2448 2244 2681 2314 occidit,
2734 2263 2839 2317 qua
2886 2248 3117 2317 erigitur
3172 2252 3517 2320 septentrio,
3575 2268 3683 2323 qua
3728 2254 3878 2324 vergit

2292 2347 2497 2406 auster,
2526 2348 2693 2393 totum
2722 2340 3014 2395 venerandi
3040 2342 3275 2397 nominis
3297 2343 3553 2413 maiestas
3582 2345 3818 2414 implevit
3838 2344 3873 2395 δ.

2293 2427 2362 2483 Et
2386 2428 2512 2484 licet
2540 2429 2717 2484 adhuc
2754 2432 2804 2485 in
2848 2431 3169 2502 quibusdam
3214 2434 3527 2505 regionibus
3570 2435 3877 2492 idololatria:

2296 2523 2557 2593 palpitent
2584 2522 2825 2578 membra
2859 2522 2899 2589 i;
2927 2534 3104 2580 tamen
3130 2526 3185 2579 in
3213 2541 3279 2581 eo
3307 2542 3398 2583 res
3425 2537 3531 2596 est,
3564 2539 3623 2583 ut
3648 2545 3680 2586 e
3707 2527 3879 2585 Cliris-

2295 2612 2457 2669 tianis
2489 2613 2742 2669 omnibus
2773 2617 2932 2670 terris
2978 2617 3299 2687 pestiferum
3330 2618 3435 2674 hoc
3465 2622 3671 2675 malum
3715 2622 3876 2677 fundi-

2295 2716 2380 2760 tus
2423 2716 2753 2777 amputetur.
2805 2707 2881 2763 De
2922 2708 3337 2765 idololalrorum
3376 2711 3559 2783 lapide
3592 2714 3605 2762 i
3633 2754 3649 2779 ,
3686 2713 3754 2769 de
3783 2731 3876 2785 quo

2292 2800 2481 2857 dicunt
2507 2819 2518 2852 :
2545 2802 2666 2862 Θεὸς
2688 2803 2741 2856 ἐκ
2766 2804 2989 2875 Πέτρας,
3015 2804 3141 2873 quid
3185 2803 3574 2876 prophetarum
3602 2807 3874 2876 respondet

2292 2891 2615 2946 oraculum?
2643 2893 2763 2962 quis
2814 2903 2996 2947 autem
3038 2896 3257 2961 restitit,
3294 2896 3379 2951 vel
3433 2898 3518 2950 cui
3567 2899 3744 2968 parcit
3788 2899 3874 2953 istc

2294 2985 2474 3054 lapis?
2503 2987 2663 3056 Lapis
2692 2995 2871 3041 autem
2901 2986 2988 3042 hic
3015 2994 3259 3055 sanctus,
3293 2986 3346 3045 id
3387 3000 3490 3055 est,
3522 2988 3771 3047 Christus
3796 3004 3870 3047 aut

2294 3076 2423 3131 ϐαι-ἰ
2474 3076 2823 3133 fundamenta
2866 3090 3154 3143 suStentat.
3188 3090 3280 3136 aut
3322 3082 3375 3136 in
3429 3084 3631 3154 angulo
3682 3086 3865 3156 positus

582 3178 651 3233 Et
700 3179 898 3247 accepit
946 3177 1179 3246 lapidem
1233 3192 1507 3247 magnum,
1540 3186 1589 3229 et
1617 3174 1797 3228 statuit
1843 3190 1956 3227 eum
2009 3184 2173 3226 contra

2294 3169 2411 3243 (Ps.
2444 3187 2629 3236 cxvnt,
2663 3172 2762 3239 22;
2795 3172 2985 3227 Matth.
3020 3190 3127 3240 XXI,
3161 3174 3263 3240 42;
3299 3173 3469 3232 Marc.
3500 3193 3598 3244 xu,
3626 3179 3722 3243 10;
3752 3177 3863 3231 Luc.

584 3271 881 3325 Dominum.
928 3268 995 3322 Et
1025 3271 1097 3323 ait
1123 3268 1282 3322 Jesus
1312 3269 1378 3322 ad
1409 3268 1659 3338 populum
1690 3282 1709 3320 :
1741 3265 1875 3319 Ecce
1915 3265 2047 3335 lapis
2084 3265 2182 3320 iste

582 3366 677 3418 erit
708 3364 831 3417 mihi
858 3364 911 3415 in
939 3362 1284 3415 testimoniunt
1311 3402 1325 3426 ,
1358 3361 1479 3429 quia
1509 3361 1606 3414 iste
1639 3358 1840 3412 audiuit
1866 3359 2040 3412 omnia
2067 3373 2182 3427 qm

582 3457 722 3511 dicta
752 3464 871 3509 sunt
904 3471 935 3507 a
965 3453 1222 3519 Domino,
1257 3452 1465 3521 quando
1503 3454 1708 3506 locutus
1748 3461 1821 3506 est
1855 3452 1924 3503 ad
1963 3467 2068 3508 vos.
2113 3449 2181 3503 Et

578 3551 675 3603 erit
712 3551 808 3604 iste
853 3548 997 3603 nobis
1032 3548 1087 3601 in
1131 3547 1479 3602 testimonium
1526 3548 1582 3600 in
1622 3546 1906 3601 novissimo
1945 3546 2175 3611 dierum,

581 3734 687 3789 mis
727 3733 909 3787 colere
957 3729 1199 3794 Vestam,
1243 3732 1418 3801 ὥσπερ
1447 3728 1531 3782 τὸν
1573 3733 1853 3801 πετρονεγῆ
1895 3727 2085 3801 Μίθραν
2132 3729 2175 3779 οἱ

580 3810 768 3881 Πέρσαι.
804 3804 890 3860 διὰ
910 3805 982 3881 “to
1016 3802 1297 3881 10531093.);
1327 3798 1532 3881 us'irrpov
1561 3798 1760 3881 καὶηλεήν
1787 3798 1948 3881 ὐγρξὶν
1973 3798 2172 3881 osa-tas,

577 3882 624 3935 oi
646 3866 753 3933 ’ὑπὸ
783 3883 872 3936 τήν
900 3873 1084 3952 ἄρκτον
1112 3871 1195 3927 διὰ
1212 3866 1273 3926 ἶτὸ
1300 3866 1625 3952 Ξέντρδνιτοξ·
1645 3866 1865 3927 ὕδατοςῖ
1886 3867 2027 3947 [fucat
2060 3868 2171 3949 col.

578 3953 717 4005 lecta
751 3958 875 4003 sunt
898 3940 1203 4011 a'Pliilippo
1238 3958 1265 3995 a
1300 3940 1469 3994 Turre
1500 3942 1551 3993 in
1584 3940 1951 4011 Moninucntis
1973 3940 2171 4011 veteris

576 4020 745 4078 Atilii.
774 4019 856 4074 Cf.
883 4009 1147 4087 praeterea
1171 4014 1431 4069 Creuzer.
1465 4028 1502 4076 ι,
1526 4012 1625 4087 t7?
1649 4009 1876 4087 ;_Zoega
1892 4009 2165 4087 Aliliandl.

574 4109 631 4164 p.
680 4095 801 4147 152.
839 4080 981 4164 Idem
1030 4087 1133 4142 hoc
1169 4100 1366 4164 nomen
1402 4082 1640 4164 respicit
1668 4082 1815 4164 forte
1846 4080 2081 4149 Spelu-a,
2116 4082 2166 4133 in

574 4154 770 4236 quibus
803 4162 1025 4236 Mithrai
1046 4158 1303 4236 mysteria
1332 4154 1780 4236 celebrabantur.
1847 4224 1859 4234 .
1981 4223 2014 4236 .-
2051 4221 2107 4236 η

645 4236 869 4289 Alterius
901 4221 1119 4301 profani
1136 4227 1443 4301 sacramenti
1480 4226 1680 4301 signum
1708 4234 1782 4276 est
1801 4223 2020 4301 Linquit
2051 4221 2168 4301 Fir—

575 4310 765 4361 micus.
817 4294 1055 4357 Primum
1086 4300 1229 4355 enim
1259 4307 1376 4352 erat
1414 4296 1773 4365 epiphonema
1816 4295 1941 4345 illud
1970 4308 2019 4346 c.
2050 4294 2119 4347 90
2150 4310 2163 4345 :

576 4388 756 4452 Χαῖρε,
797 4379 1001 4449 νύμφιε’
1035 4380 1215 4453 χαῖρε,
1240 4371 1365 4453 13:02.
1396 4364 1519 4453 φώςέ
1541 4364 2164 4453 ,εἰςιιιιῑᾲιυιιιξηςιςιιηιιιι

572 4436 875 4500 litterarum
905 4436 1201 4497 'sent'e'ntiis
1239 4436 1460 4493 Chris'to
1505 4437 1783 4490 vindicare
1828 4436 2057 4497 studuit,
2095 4437 2163 4487 ita

570 4534 788 4588 quoque
818 4517 882 4569 ad
929 4517 1031 4569 hoc
1069 4512 1230 4588 verba
1261 4510 1411 4588 Sacri
1453 4508 1659 4563 codicis
1708 4505 2161 4588 acoetiriiiodaivit,

573 4576 713 4644 locis
750 4588 811 4643 V.
855 4588 918 4641 'l‘.
956 4599 1105 4639 usus.
1132 4584 1275 4639 Sunt
1316 4581 1462 4635 enim
1504 4587 1828 4648 sequentes:
1865 4576 2158 4630 Denteron.

574 4677 743 4723 xxvu,
776 4662 829 4724 5,
862 4669 907 4712 et
954 4656 1142 4710 scribes
1197 4670 1350 4723 super
1400 4650 1629 4724 lapidem
1654 4664 1874 4724 _omne_s_
1906 4663 2162 4701 sermones

568 4734 694 4805 legis
720 4717 875 4804 Iiujus
904 4746 922 4795 ;
951 4727 1208 4805 et_.losuac
1235 4717 1383 4804 x'xtv,
1407 4722 1498 4805 Ξιξ,
1524 4721 1613 4805 27.
1638 4717 1912 4805 delapide
1941 4731 2158 4805 magno,

566 4790 728 4873 qtietn
755 4790 917 4857 losua
953 4798 1162 4873 tulit_et
1188 4796 1377 4873 statuit
1404 4794 1503 4847 sub
1545 4790 1877 4873 terebintho,
1902 4804 2157 4873 quorsum

564 4860 815 4942 spectant
844 4874 962 4941 ejus
984 4870 1148 4923 verba
1180 4886 1193 4922 :
1221 4866 1356 4943 lapis
1384 4880 1531 4943 quem
1563 4862 1722 4943 Deus,
1750 4862 1801 4913 in
1840 4860 2159 4943 conﬁrmatio

572 4933 653 5000 dis
705 4933 1052 5013 fundamentis
1084 4933 1350 5011 promissa:
1379 4933 1733 4999 Hierusalem,
1793 4933 2069 4984 missurum
2106 4947 2160 4985 se

566 5033 675 5073 esse
714 5016 967 5085 promisit.

638 5098 663 5123 τι
704 5073 985 5142 Christum.
1025 5094 1146 5155 cum
1189 5079 1371 5155 lapide
1406 5090 1737 5155 componere
1774 5073 2039 5155 solertiae
2067 5082 2153 5128 est

562 5160 762 5213 veteris
807 5156 1053 5212 ecclesia:
1104 5144 1376 5208 Patri'bus.
1411 5149 1504 5203 Sic
1529 5144 1771 5203 Justinus
1811 5145 1882 5200 Μ.
1922 5144 2062 5198 Dial.
2093 5158 2145 5197 c.

554 5228 852 5300 Tryphone
905 5226 1124 5300 smpius,
1180 5223 1581 5300 occasione_ex
1640 5217 1849 5300 Μηίων.
1884 5214 2142 5300 χιιιρᾏ

557 5285 722 5357 Marc.
773 5316 866 5361 xu,
919 5285 1015 5362 10.;
1047 5285 1177 5350 Luc.
1212 5310 1302 5354 xx.
1336 5291 1433 5356 i7;
1468 5289 1659 5362 Actor.
1678 5304 1755 5354 tv,
1779 5290 1812 5362 _l
1830 5288 1880 5362 1,
1911 5298 1965 5341 et
1994 5285 2139 5362 Psal.

556 5355 743 5439 CXVIII,
776 5355 869 5435 9‘2,
914 5355 1147 5435 sumpta.
1180 5355 1551 5439 Tertullianns
1600 5361 1724 5439 adv.
1760 5355 2143 5439 duilzeoscaii.

556 5443 614 5497 In
646 5428 885 5497 cartnine
918 5428 1131 5491 Dum-usi
1176 5435 1251 5507 de
1276 5431 1597 5507 Inguinibus
1624 5428 1833 5507 Domini
1877 5428 2147 5507 salutatur

555 5513 735 5575 Petra,
769 5513 822 5566 iu
870 5509 1032 5564 simili
1069 5504 1299 5580 Eunodji
1326 5499 1635 5580 Ticinepsis
1668 5498 1931 5580 Lapiect.
1969 5497 2142 5561 Mons,

550 5584 604 5638 in
637 5568 865 5639 Orientii
896 5576 1211 5652 llliberitani
1242 5574 1397 5652 Mons
1417 5580 1473 5628 et
1502 5568 1958 5652 Lapisangularis
1986 5584 2146 5652 voca-

553 5638 663 5709 tur.
690 5638 820 5723 Quce
852 5650 1061 5723 omnia,
1104 5650 1147 5704 si
1192 5647 1324 5723 tanti
1355 5654 1475 5723 est,
1510 5638 1633 5723 vide
1664 5639 1950 5723 inﬁmis-stris
1983 5638 2146 5723 Sinu-

536 5706 847 5791 bil‘der‘und
878 5706 1427 5787 Kunstoorstellungen
1441 5714 1533 5768 der
1554 5713 1691 5767 alten
1719 5709 1974 5765 Christen.
2010 5706 2146 5763 Fas-

550 5793 650 5846 cic.
674 5796 714 5858 ι,
750 5808 803 5862 p.
840 5794 903 5847 Π
936 5805 1050 5859 seq.

2288 3279 2319 3317 Χ
2346 3306 2360 3328 ,
2396 3264 2489 3329 -l7;
2534 3266 2711 3319 Actor.
2745 3281 2817 3329 tv,
2851 3266 2949 3331 ll;
2980 3264 2999 3318 1
3044 3265 3187 3319 Petr.
3222 3283 3280 3333 ll,
3324 3267 3419 3339 7),
3452 3268 3685 3325 duorum
3714 3271 3862 3342 parie-

2292 3368 2403 3413 tum
2436 3360 2674 3415 mernbra
2708 3370 2919 3431 aiquzita
2948 3361 3329 3417 moderatione
3362 3363 3662 3435 conjungit,
3693 3364 3741 3418 id
3768 3376 3853 3423 est.

2290 3455 2490 3510 veteris
2514 3464 2566 3509 ct
2597 3454 2720 3509 novi
2750 3455 3087 3511 Testamenti
3121 3457 3173 3511 in
3203 3473 3368 3513 unum
3410 3458 3617 3529 colligit
3652 3471 3850 3530 gentes:

2288 3556 2379 3601 aut
2408 3556 2556 3603 certe
2602 3549 2847 3617 corporis
2886 3558 2939 3604 et
2987 3549 3151 3604 animi
3199 3549 3574 3607 diversitatem
3625 3552 3849 3607 inviolata

2352 3726 2377 3764 ι)
2410 3726 2769 3802 Consentium
2811 3728 2926 3783 haec
2960 3727 3127 3784 verba
3171 3729 3332 3799 plane
3362 3744 3485 3786 eum
3523 3731 3780 3802 Cypriano
3802 3729 3843 3783 in

2280 3798 2507 3853 Testim.
2542 3798 2637 3852 lib.
2669 3814 2726 3851 ιι.

2354 3880 2376 3908 ο
2419 3869 2581 3943 Vers.
2609 3869 2685 3943 is
2722 3870 2881 3943 plane
2930 3884 2997 3943 ac
3038 3871 3093 3925 in
3133 3871 3391 3943 Cypriani
3424 3873 3573 3928 TeSt.
3608 3875 3696 3927 lib.
3722 3890 3770 3932 ιι.
3797 3882 3841 3927 et

2276 3940 2619 4023 auctorende
2660 3940 2881 4023 iudaica
2914 3942 3135 4023 incred.
3179 3940 3247 3998 ad
3292 3943 3569 4015 Vigilium.
3613 3945 3756 4000 Vers.
3785 3945 3841 3999 ‘25

2279 4027 2465 4081 parum
2496 4010 2676 4065 differt
2709 4026 2736 4063 a
2765 4009 3054 4083 Cypriane.

2347 4080 2372 4118 ἀ
2415 4081 2610 4153 Parum
2640 4080 2871 4136 differta
2898 4082 3188 4153 Cypriane.

2349 4162 2371 4228 ς
2402 4150 2566 4228 gypr.
2597 4153 2704 4228 l._l.
2733 4153 2883 4228 addit
2912 4150 3077 4228 verba
3116 4158 3387 4228 manifeste
3418 4157 3593 4212 ιιὲιιιὶς.

2351 4223 2367 4260 ί
2401 4223 2745 4296 ξειάθιῐιῐθιε
2774 4223 2944 4281 refert
2971 4223 3274 4296 Cyprianus
3301 4230 3398 4285 lib.
3426 4245 3463 4283 ιι
3497 4231 3717 4287 Testitu.

2346 4305 2369 4367 ξς
2410 4291 2659 4349 Pauculis
2691 4296 2953 4366 exceptis,
2989 4291 3391 4367 u't'Cyprianus.

2344 4363 2368 4401 ιι
2414 4369 2487 4441 lie
2534 4363 3165 4441 religionis'clirisuamu'
3202 4372 3388 4439 primis
3419 4371 3631 4426 smculis
3663 4384 3750 4441 per
3775 4382 3844 4422 to-

2272 4446 2381 4489 tum
2398 4437 2526 4509 fere
2558 4448 2821 4491 terrarum
2850 4439 3035 4492 orbem
3062 4437 3450 4509 propagatione
3467 4444 3635 4497 multa
3657 4437 3846 4499 exstant

2269 4508 2408 4576 apud
2437 4519 2653 4563 veteres
2680 4509 2979 4578 scriptores
3003 4508 3413 4568 ecclesiasticos
3439 4513 3762 4579 testimonia,
3789 4527 3844 4567 ex

2269 4580 2482 4647 quibus,
2531 4578 2677 4633 omni
2728 4580 3147 4636 rlictoricatione
3198 4582 3454 4649 dempta,
3498 4601 3618 4640 eam
3664 4578 3846 4640 limites

2268 4650 2475 4720 imperii
2503 4648 2733 4704 Romani
2765 4653 3072 4706 excessisse
3102 4662 3270 4719 patet.
3304 4648 3408 4709 Sed
3442 4648 3582 4720 Ιιωε,
3612 4672 3727 4711 cum
3760 4655 3845 4708 illl-

2260 4719 2351 4789 jus
2381 4720 2484 4775 loci
2510 4719 2657 4775 haud
2688 4720 2825 4781 sint,
2860 4724 3021 4777 missa
3062 4722 3311 4780 facimus.
3359 4726 3443 4780 Cf.
3498 4719 3842 4781 Elmenhorst.

2266 4791 2317 4844 in
2366 4790 2571 4846 Arnob.
2626 4807 2666 4855 ι,
2709 4808 2757 4845 c.
2806 4789 2897 4860 55,
2934 4810 2984 4859 p.
3036 4794 3122 4849 53.
3176 4794 3533 4851 Moshcmium
3584 4797 3652 4852 de
3699 4796 3845 4851 rebus

2263 4862 2684 4919 Christianorum
2733 4872 2859 4917 ante
2901 4862 3319 4921 Constantinum
3367 4866 3438 4921 ll.
3486 4884 3540 4939 p.
3576 4866 3706 4936 203,
3747 4866 3843 4920 H8

2258 4944 2382 5010 seq.

2344 5005 2358 5040 ί
2408 5005 2479 5059 De
2507 5005 2751 5062 Romano
2784 5007 3048 5075 imprimis
3088 5007 3325 5075 loquitur
3356 5008 3607 5078 imperio.
3639 5008 3748 5064 Nec
3774 5008 3839 5069 ita

2181 5038 2235 5099 D
2258 5073 2597 5129 debilitatam
2651 5079 2817 5129 fuisse
2876 5078 3239 5129 idololatriam
3300 5079 3519 5129 Firmici
3575 5090 3835 5129 tempore.

2328 5074 2597 5149 bilitatam
2651 5079 2817 5133 fuisse
2862 5074 3239 5149 iidololatriain
3300 5074 3519 5135 Fimiici
3575 5090 3835 5149 tempore.

2256 5147 2632 5221 subsequentis
2662 5148 3087 5221 uitatishistoria
3110 5149 3325 5205 abunde
3355 5147 3696 5221 comprobatf
3715 5149 3834 5221 Nam

2255 5217 2359 5272 etsi
2389 5218 2781 5275 Constantinus
2813 5219 2884 5273 Μ.
2920 5218 3088 5273 multa
3111 5221 3221 5290 jam
3251 5224 3451 5291 templa
3481 5217 3547 5278 ἐι
3590 5224 3720 5276 idola
3747 5219 3832 5273 deo

2253 5297 2555 5355 struxerat;
2589 5306 2694 5345 non
2727 5291 2827 5345 nisi
2856 5291 2956 5363 sub
2978 5291 3289 5363 Theodosio
3315 5295 3544 5363 ejusque
3571 5294 3688 5348 filiis
3712 5291 3828 5346 deo-

2251 5375 2367 5413 rum
2388 5364 2889 5435 cultusprostratus
2905 5361 3024 5415 fuit.
3044 5362 3306 5434 Reliquim
3328 5361 3511 5421 tamen
3534 5366 3647 5435 ipso
3668 5363 3826 5417 adhuc

2250 5440 2405 5484 sexto
2430 5433 2651 5495 smculo,
2680 5433 2991 5488 Justiniano
3020 5433 3346 5505 imperante,
3380 5444 3435 5491 ct
3458 5433 3659 5491 diutius
3683 5447 3819 5488 man-

2252 5512 2460 5555 serunt.

2326 5578 2339 5650 l
2393 5572 2550 5650 Redit
2577 5574 2643 5630 ad
2668 5574 3019 5650 Mitliriacam
3034 5577 3377 5650 religionem,
3410 5584 3530 5650 qua:
3558 5592 3670 5650 cum
3690 5572 3819 5630 Solis

2251 5644 2742 5717 c‘ulttticonjuncta,
2775 5647 2827 5701 in
2856 5644 3163 5705 Occidente
3182 5662 3401 5705 omnem
3428 5644 3547 5705 fere
3570 5649 3814 5717 reliquum

2251 5711 2648 5772 Ethnicismum
2678 5717 3048 5788 absorpserat.
