3992 6204
590 215 719 271 1031

584 422 867 490 tangitur,
913 417 1171 473 occidens
1215 414 1571 478 sublevatur,
1607 423 1667 467 ut
1714 415 1797 469 sic
1844 423 1993 467 totus
2040 413 2191 467 orbis

586 515 860 585 tripartita
888 512 1187 566 stabilitate
1222 509 1464 563 firntatus
1492 508 1695 563 conlixi
1728 508 1935 576 operis,
1970 507 2193 560 immor-

583 606 812 661 talitatis
862 602 1065 658 radicis
1110 600 1462 656 fundamenta
1510 610 1842 655 teneantur:
1877 600 1980 652 hoc
2010 613 2193 653 secre-

581 708 696 754 tum
725 697 882 751 nobis
910 694 1280 751 venerandum
1324 694 1605 762 propheta:
1634 692 1915 748 oraculum
1948 690 2189 745 tradidit.

582 793 923 846 Inveniemus
968 788 1115 842 enim
1144 788 1197 841 itt
1230 785 1480 841 llabacuc
1512 787 1581 840 ita
1615 801 1737 840 esse
1775 784 2139 854 perscriptum
2174 800 2188 837 ε

585 881 737 937 Texit
764 882 918 935 celos
947 880 1109 934 uirtus
1137 882 1251 950 ejus
1274 919 1288 941 ,
1324 888 1370 930 et
1398 877 1553 930 laude
1589 879 1703 949 ejus
1746 877 1901 945 plena
1928 886 1999 928 est
2031 884 2185 927 terra.

585 974 653 1029 Et
689 972 935 1043 splendor
976 972 1087 1042 ejus
1117 981 1173 1023 ut
1206 969 1296 1023 lua:
1322 970 1451 1032 erit,
1482 984 1680 1022 cornua
1712 969 1764 1021 in
1798 967 2035 1020 manibus
2074 969 2189 1034 ejus

578 1076 749 1120 erunt.
773 1064 836 1118 Et
854 1064 965 1118 illic
986 1061 1315 1117 constabilita
1332 1070 1409 1115 est
1427 1061 1588 1113 virtus
1608 1060 1777 1126 gloria
1788 1060 1976 1127 ejus,et
1995 1057 2189 1111 consti-

582 1169 687 1214 tuet
702 1158 1025 1212 dilectionem
1038 1172 1205 1211 suam.
1224 1152 1327 1208 Ibit
1340 1154 1544 1208 verbum
1554 1196 1568 1219 ,
1583 1164 1631 1207 et
1647 1153 1897 1223 pracedet
1910 1152 2191 1206 secundum

580 1269 786 1323 gressus
814 1267 933 1305 suos
958 1248 985 1287 δ
1018 1250 1035 1320 (
1062 1248 1260 1303 llabar.
1291 1263 1369 1313 ιιι,
1402 1247 1545 1316 3-5).
1585 1247 1663 1299 En
1701 1243 2010 1300 veneranda
2039 1243 2181 1298 Cru-

583 1346 664 1401 cis
695 1359 923 1408 cornua,
958 1358 1026 1397 en
1058 1351 1260 1397 sanctze
1289 1340 1507 1394 virtutis
1540 1338 1845 1393 immortale
1890 1336 2187 1407 fastigium,

580 1451 648 1493 en
702 1436 932 1507 gloriosi
983 1434 1167 1504 aperis
1218 1432 1401 1489 divina
1451 1448 1737 1502 compago.
1790 1432 1893 1495 Tu,
1952 1431 2188 1497 Christe,

588 1528 850 1584 mundum
902 1542 966 1583 ac
1006 1537 1209 1581 terram
1255 1524 1496 1581 extensis
1545 1525 1819 1589 manibus,
1864 1532 1919 1578 tu
1967 1523 2191 1579 caeleste

586 1630 865 1677 sustentas
895 1619 1185 1689 imperium
1212 1634 1227 1682 ;
1261 1621 1367 1672 tuis
1392 1617 1791 1671 immortalibus
1815 1616 2057 1672 adhaeret
2084 1617 2186 1671 hu-

1822 206 1992 265 JULII
2031 205 2292 265 FIRMICI
2318 206 2640 265 'MATERNI

580 328 813 383 duorum
844 335 895 392 ⁸,
928 338 1049 396 quat
1078 338 1177 396 per
1213 322 1360 377 latus
1387 320 1613 387 vadunt,
1645 322 1965 393 compagine
2002 321 2186 375 oriens
2213 327 2268 387 Α

3762 208 3885 268 103%

2363 323 2448 376 ubi
2492 324 2763 378 occasione
2807 322 3059 395 unguenti
3099 337 3200 393 quo
3242 324 3423 393 fauces
3468 330 3762 394 mgstartttn
3806 326 3890 380 dc-

2366 415 2697 482 liniebantur,
2736 415 2801 470 de
2830 425 3075 469 venenato
3114 424 3374 486 unguento
3408 415 3609 469 diaboli
3650 415 3889 483 loquitur.

2362 508 2525 562 Aliud
2569 509 2735 562 etiam
2775 508 3080 580 symbolum
3127 521 3496 578 pr0ponamus
3528 516 3578 571 ε,
3612 517 3674 560 ιιι
3726 522 3887 563 cona-

2292 601 2441 656 mine
2489 600 2833 671 cogitationis
2884 600 3092 656 scelera
3139 599 3491 666 revelentur;
3544 599 3706 669 cujus
3760 608 3891 654 totus

2293 691 2429 745 ordo
2465 691 2728 746 dicendus
2772 702 2890 756 est,
2921 701 2981 746 ut
3007 692 3149 761 apud
3178 706 3369 747 omnes
3408 702 3632 748 constet
3654 734 3670 757 ,
3702 692 3890 748 divine

2293 785 2668 853 dispositionis
2699 784 2874 853 legem
2911 799 3168 853 perversa
3208 784 3412 839 diaboli
3438 799 3566 840 esse
3596 785 3891 841 imitatione

2292 885 2627 944 corruptam.
2661 874 2834 929 Nocte
2865 874 3096 945 quadam
3129 874 3478 930 simulacrum
3504 875 3562 929 in
3590 877 3799 931 lectica
3820 890 3893 929 su-

2294 969 2480 1037 pinant
2549 968 2799 1037 ponitur,
2843 977 2897 1022 et
2952 983 3049 1037 per
3099 983 3354 1023 numeros
3402 968 3636 1039 digestis
3689 968 3892 1024 ﬂetibus

2292 1062 2582 1133 plangitur.
2611 1061 2816 1116 Deinde
2844 1076 2967 1117 cum
2995 1077 3055 1115 se
3082 1060 3204 1116 ficta
3234 1061 3631 1117 lamentatione
3661 1060 3893 1117 satiare-

2293 1156 2425 1219 rint,
2452 1156 2630 1209 lumen
2664 1154 2912 1208 infertur.
2938 1152 3089 1207 Tunc
3115 1167 3146 1207 a
3183 1153 3471 1208 sacerdote
3499 1154 3787 1217 omnium,
3815 1154 3891 1221 qui

2293 1247 2516 1315 ﬂebant,
2548 1248 2732 1302 fauces
2760 1257 3071 1317 unguntur;
3096 1247 3289 1314 quibus
3312 1248 3620 1318 perunctis,
3643 1247 3892 1303 sacerdos

2294 1340 2398 1396 hoc
2426 1341 2577 1396 lento
2608 1356 2890 1395 murmure
2918 1348 3167 1395 susurrat
3191 1356 3205 1392 :

2511 1460 2793 1527 θαρρεῖτε,
2822 1454 3021 1527 μύσται
3048 1453 3279 1527 τοῦΑθεοῦ
3306 1455 3688 1526 σεσωσμένον,

2519 1521 2707 1579 "aha;
2857 1527 2975 1595 ἡμῖν
3004 1526 3057 1578 ἐκ
3092 1525 3257 1580 πόνων
3278 1521 3534 1601 emptor.

2292 1636 2435 1703 Quid
2483 1637 2713 1692 miseros
2747 1637 2983 1692 hortaris
3025 1646 3083 1692 ut
3111 1638 3589 1709 gaudeantfquid
3639 1638 3889 1709 deceptos

583 1714 753 1769 meris
782 1712 930 1767 salus
961 1719 1143 1766 nostra
1171 1726 1185 1775 ;
1219 1719 1299 1775 tu,
1344 1708 1599 1774 Domine,
1632 1718 1851 1763 aeterna:
1880 1710 2006 1763 vita:
2035 1708 2183 1777 baju-

2295 1730 2544 1784 homines
2581 1729 2753 1784 laetari
2792 1729 3119 1799 compellis?
3149 1746 3312 1799 quam
3351 1730 3459 1785 illis
3498 1746 3699 1801 spem,
3742 1749 3885 1801 quam

585 1803 666 1859 las
694 1803 935 1873 signum,
972 1810 1027 1856 tu
1058 1799 1369 1856 venerando
1392 1800 1649 1854 instinctu
1670 1799 1772 1854 hoc
1801 1799 1958 1853 nobis
1982 1798 2193 1855 denun-

584 1898 685 1951 tias
720 1912 816 1966 per
847 1894 1164 1965 prophetas.
1211 1893 1304 1947 Ait
1332 1892 1478 1948 enim
1510 1892 1696 1947 Esaias
1726 1910 1738 1944 :
1774 1890 1906 1946 Ecce
1933 1900 2087 1945 natus
2117 1901 2191 1945 est

583 1989 729 2043 nobis
760 1988 927 2057 ﬁlius,
959 1989 1237 2056 imperium
1266 2003 1419 2055 super
1441 1988 1679 2040 humeros
1706 1990 1845 2059 ejus,
1878 1997 1925 2040 et
1955 1998 2191 2041 vocatum

581 2094 655 2137 est
685 2097 869 2136 nomen
910 2082 1022 2152 ejus
1078 2096 1281 2153 magna:
1320 2081 1647 2152 cOgitationis
1697 2082 1908 2134 nuntius
1954 2092 1975 2118 ε
2016 2078 2189 2149 (Esai.

581 2190 659 2243 ιι,
694 2173 794 2246 6).
827 2174 957 2229 Itec
1000 2183 1127 2230 sunt
1169 2172 1358 2229 Crucis
1404 2188 1630 2239 cornua,
1680 2173 1875 2241 quibus
1912 2172 2092 2227 omnia
2136 2182 2191 2227 et

578 2266 935 2324 sublevantur
964 2270 1167 2336 pariter
1184 2278 1239 2323 et
1259 2267 1631 2321 continentur.
1655 2265 1749 2321 His
1773 2266 2034 2321 cornibus
2050 2266 2192 2320 bene

584 2357 869 2413 hominum
910 2358 1099 2413 nititur
1138 2359 1271 2414 vita.
1304 2358 1377 2414 Ut
1426 2358 1686 2413 Amalech
1717 2359 2046 2424 vinceretur,
2093 2374 2191 2413 ex-

584 2452 757 2507 tensis
810 2451 1061 2506 manibus
1109 2450 1324 2520 Moyses
1384 2450 1501 2505 haec
1554 2452 1799 2506 imitatus
1847 2462 1931 2506 est
1985 2466 2189 2505 cornua

584 2542 785 2615 (Exod.
809 2558 938 2608 xvtt,
965 2542 1054 2613 12)
1081 2558 1097 2607 ;
1121 2552 1179 2596 ιιι
1200 2542 1418 2597 facilius
1440 2542 1778 2612 impetraret,
1801 2543 1943 2613 quod
1969 2558 2191 2612 magno-

583 2653 716 2709 pere
748 2635 1083 2707 postulabat,
1111 2650 1328 2691 crucem
1361 2633 1467 2690 sibi
1507 2634 1631 2690 fecit
1658 2651 1728 2691 ex
1754 2636 1927 2705 virga.
1963 2637 2045 2691 Ad
2073 2636 2192 2693 haec

580 2746 785 2789 cornua
830 2730 1029 2786 festina
1054 2728 1339 2783 celeritate
1379 2738 1669 2798 properate
1698 2726 1750 2793 ά,
1792 2728 1859 2781 ad
1903 2727 2019 2783 bmc
2064 2744 2187 2784 cor-

583 2840 689 2881 nua
720 2820 918 2877 humili
953 2821 1306 2876 veneratione
1344 2819 1642 2890 confugite.
1694 2820 1787 2874 llis
1833 2835 1930 2875 vos
1966 2820 2191 2891 alligant

583 2915 873 2978 cornibus,
909 2912 1147 2983 justitia,
1194 2911 1442 2981 tequitas,
1475 2911 1755 2981 pudicitia,
1790 2912 2185 2980 misericordia,

580 3008 866 3079 patientia,
897 3005 1069 3061 fides:
1104 3013 1162 3059 ut
1199 3002 1509 3059 veneranda
1549 3002 1900 3073 prteferentes
1931 3003 2185 3075 insignia,

2296 1822 2526 1875 salutem
2575 1821 2788 1877 funesta
2835 1821 3190 1892 persuasione
3239 1822 3557 1892 promittis?
3590 1824 3728 1893 quid
3781 1825 3888 1878 illos

2294 1917 2425 1973 falsa
2456 1916 2847 1987 pollicitatione
2874 1915 3133 1971 sollicitas
3158 1916 3181 1969 ἲ
3216 1915 3312 1971 Dei
3344 1916 3421 1971 tui
3452 1930 3604 1971 mors
3634 1926 3767 1971 nota
3795 1928 3885 1979 est,

2297 2011 2409 2064 vita
2441 2024 2547 2063 non
2588 2018 2889 2078 comparet,
2925 2023 3024 2063 nec
3059 2008 3127 2063 de
3155 2009 3563 2064 resurrectione
3602 2010 3735 2078 ejus
3767 2009 3888 2062 diri.

2294 2116 2425 2155 num
2452 2100 2744 2170 aliquando
2766 2099 3045 2169 respondit
3067 2100 3344 2154 oraculum
3373 2098 3417 2165 ί,
3443 2113 3546 2154 nec
3577 2099 3888 2155 hominibus

2293 2209 2355 2250 se
2387 2204 2507 2264 post
2541 2204 2794 2259 mortem,
2843 2202 2900 2247 ut
2928 2194 3030 2248 sibi
3055 2193 3403 2259 crederetur,
3438 2193 3717 2259 ostendit,
3760 2194 3885 2247 nulla

2294 2289 2458 2357 hujus
2499 2288 2680 2357 operis
2710 2287 3036 2342 documenta
3069 2287 3339 2357 promisit,
3372 2303 3473 2343 nec
3499 2302 3562 2343 se
3591 2286 3705 2341 hoc
3734 2286 3892 2341 factu-
3964 2296 3965 2357 ξ

2292 2396 2414 2435 rum
2443 2396 2566 2436 esse
2592 2379 3023 2449 praecedentibus
3048 2378 3368 2434 monstravit
3392 2380 3668 2448 exemplis
3701 2388 3754 2431 ε.
3787 2377 3891 2431 ldo-

2295 2472 2404 2527 lum
2444 2471 2683 2542 sepelis,
2731 2470 2930 2525 idolum
2965 2470 3206 2541 plangis,
3244 2470 3449 2525 idolum
3492 2471 3562 2525 de
3610 2470 3891 2539 sepultura

2295 2565 2526 2637 profers,
2553 2575 2607 2619 et
2626 2565 2811 2629 miser,
2840 2579 2965 2619 cum
2996 2566 3111 2618 hare
3132 2564 3349 2630 feceris,
3377 2564 3604 2634 gaudes.
3628 2563 3716 2617 Tu
3740 2563 3890 2618 deum

2296 2668 2443 2712 tuum
2478 2657 2698 2720 liberas,
2732 2666 2789 2710 tu
2814 2656 3051 2725 jacentia
3085 2655 3281 2724 lapidis
3308 2654 3552 2709 membra
3583 2655 3889 2723 componis,

2294 2760 2352 2806 tu
2392 2750 2711 2805 insensibile
2751 2748 2978 2818 corrigis
3022 2763 3231 2803 saxum.
3279 2747 3398 2802 Tibi
3446 2746 3643 2801 habeat
3695 2747 3890 2816 gratias

2292 2843 2427 2898 deus
2456 2854 2578 2897 tuus
2602 2885 2619 2909 ,
2668 2852 2720 2897 te
2749 2842 2975 2912 paribus
3005 2850 3319 2897 remuneret
3347 2840 3534 2906 donis,
3565 2850 3622 2895 et
3639 2841 3737 2894 sui
3772 2840 3891 2895 velit

2289 2951 2416 2993 esse
2461 2936 2811 3006 participem;
2845 2936 2925 2989 sic
2956 2934 3207 2989 moriaris
3237 2944 3295 2987 ut
3331 2935 3585 2997 moritur,
3621 2932 3707 2988 sic
3752 2932 3891 2986 vivas

2294 3037 2353 3083 ut
2381 3028 2535 3082 vivit.
2582 3028 2714 3081 Nam
2760 3025 2905 3097 quod
2947 3034 3221 3096 unguento
3265 3035 3646 3097 perunguntur
3689 3025 3887 3089 fauces,

576 3100 882 3157 consecrati
915 3097 1081 3153 fontis
1114 3096 1411 3193 majestate
1434 3095 1769 3167 gaudentes,
1802 3108 1857 3152 et
1887 3097 2186 3169 sepultura:
2213 3090 2260 3152 C
2293 3125 2415 3193 quis
2433 3138 2541 3177 non
2572 3090 2956 3177 facinus'ismd
2985 3090 3243 3191 déspecu
3266 3090 3513 3176 'vanim'm
3535 3125 3888 3177 contemnat?

578 3192 783 3251 Christi
813 3191 1106 3263 participes
1132 3189 1255 3244 sitis
1280 3199 1337 3244 et
1362 3188 1508 3244 vitat.

1146 3301 1378 3359 CAPUT
1421 3302 1615 3358 XXIII.

586 3397 643 3455 5.
688 3398 756 3452 In
778 3394 987 3464 Isiacis,
1017 3397 1079 3449 de
1104 3396 1331 3450 redivivo
1359 3396 1569 3451 Osiride
1601 3413 1616 3453 :
1654 3406 1920 3475 Θαρρεῖτε,
1948 3416 2179 3471 μυσταιε

654 3546 680 3574 ⁸
719 3535 813 3591 Sic
837 3533 1081 3603 intelligo
1106 3550 1119 3585 :
1144 3530 1211 3585 Et
1236 3549 1263 3585 e
1290 3532 1515 3606 duorum
1539 3549 1651 3599 qua:
1672 3550 1762 3606 per
1784 3536 1920 3606 latus
1948 3536 2175 3588 vadunt:

583 3606 839 3661 nimirum
887 3613 1245 3657 antennarum
1278 3604 1488 3667 crucis,
1520 3619 1552 3657 e
1576 3603 1772 3673 quibus
1802 3603 2052 3659 Christus
2085 3622 2178 3673 pe-

581 3676 805 3747 pendit;
837 3675 1135 3747 compagine
1158 3674 1345 3747 ‘oriens
1389 3675 1638 3747 tangitur,
1661 3674 1900 3727 occidens
1944 3676 2177 3728 subleva-

580 3744 666 3801 tur
698 3763 715 3801 :
744 3744 1010 3801 orientem
1040 3744 1299 3799 nimirum
1329 3750 1387 3797 et
1429 3744 1769 3797 occidentem
1812 3748 2131 3813 spectabant
2159 3762 2173 3810 ;

581 3828 637 3873 ut
683 3818 757 3871 sic
804 3826 941 3871 totus
983 3817 1150 3879 orbis,
1194 3815 1457 3884 tripartito
1501 3813 1778 3867 stabilitate
1821 3832 1834 3867 :
1878 3816 2077 3883 stipitis
2122 3829 2179 3871 et

579 3890 810 3946 duarum
841 3896 1232 3950 antennarum;
1266 3886 1502 3952 ﬁrmatus
1530 3884 1725 3952 conﬁxi
1759 3887 1930 3953 operis
1954 3903 1971 3939 :
1996 3889 2174 3943 erucis

579 3962 633 4016 in
664 3968 863 4015 terram
893 3958 1121 4021 defixze;
1152 3956 1560 4010 immortalitatis
1588 3956 1779 4009 radicis
1807 3958 2175 4026 fundamenta:

577 4046 709 4087 crux
739 4030 943 4086 dicitur
971 4028 1123 4083 radix
1152 4028 1569 4081 innnortalitatis
1594 4042 1613 4091 ;
1643 4035 1949 4081 teneantur:
1974 4030 2177 4083 rectius

576 4117 726 4167 vero,
763 4110 985 4164 teneant,
1022 4099 1073 4154 id
1099 4099 1241 4168 quod
1288 4112 1485 4152 sensus
1516 4099 1791 4167 postulare
1830 4098 2066 4153 videtur.

649 4172 677 4211 δ
718 4173 1044 4240 Plerumque
1070 4168 1316 4225 concinit
1339 4185 1461 4222 cum
1489 4168 1652 4239 Cypr.
1684 4169 1911 4223 Testim.
1944 4185 2001 4224 ιι.

651 4255 673 4283 ε
718 4242 893 4298 Locus
916 4241 1232 4296 memoriter
1260 4248 1318 4294 et
1353 4240 1695 4294 breviuscule
1725 4241 1944 4305 citatus,
1972 4241 2026 4294 in
2059 4242 2176 4295 ulti-

576 4314 682 4370 mis
708 4315 891 4368 verbis
918 4327 1118 4383 magna:
1168 4312 1492 4383 cogitationis
1524 4312 1737 4383 nuntius
1765 4328 1782 4373 ;
1824 4312 2099 4380 conspirat
2124 4328 2174 4366 c.

579 4385 855 4456 Cypriane
891 4383 929 4437 ι.
965 4382 1017 4437 I.’
1036 4382 1242 4437 Vocem
1287 4382 1613 4450 cogitationis
1656 4382 1709 4435 lti
1752 4383 1858 4437 duo
1901 4384 2003 4436 soli
2052 4391 2180 4437 sunt

578 4454 676 4526 qui
702 4454 960 4526 habeant.

652 4522 677 4561 δ
719 4524 915 4580 Nescio
959 4523 1107 4579 unde
1139 4523 1241 4577 hoc
1277 4522 1547 4577 Firmicus
1587 4524 1852 4577 hauserit.
1907 4522 1981 4594 De
2026 4524 2178 4594 virga

620 4595 798 4651 uidem
824 4594 990 4649 Mosis
1026 4594 1351 4649 miraculosa
1384 4596 1549 4648 multa
1581 4594 1889 4648 fabulantur
1918 4593 2177 4649 Thalmtt-

619 4670 756 4723 istae.
784 4667 932 4721 Hanc
960 4666 1104 4721 Deus
1125 4665 1385 4722 Sabbathi
1406 4679 1633 4733 vespere
1655 4680 1871 4720 creasse
1891 4672 1949 4720 et
1970 4664 2180 4721 Adamo

575 4739 875 4796 credidisse
902 4737 1136 4793 traditur
1162 4778 1178 4799 ,
1224 4750 1255 4788 a
1284 4751 1393 4805 quo
1422 4736 1486 4789 ad
1520 4738 1831 4789 llenochum
1859 4777 1874 4801 ,
1907 4736 2076 4789 Noatn
2124 4748 2182 4792 et

572 4809 872 4879 Josephum
904 4808 1207 4865 transierit.
1238 4806 1371 4861 Post
1396 4806 1553 4879 hujus
1577 4818 1805 4879 mortem
1833 4806 1888 4860 in
1919 4807 2176 4876 palatium

578 4877 875 4936 Pharaonis
899 4880 1135 4934 delatam
1168 4879 1310 4933 clam
1343 4878 1633 4932 abstulisse
1668 4877 1983 4932 Jethrunem
2025 4888 2079 4932 et
2126 4880 2177 4933 in

579 4950 741 5005 horto
778 4964 876 5003 suo
925 4952 1197 5018 plantasse
1225 4948 1390 5012 ;Mosi
1444 4959 1648 5011 autem,
1694 4964 1815 5002 cum
1855 4964 2049 5003 nomen
2085 4949 2179 5004 Dei

574 5023 944 5082 man-avt.
973 5020 1054 5074 illi
1076 5020 1399 5091 inscriptum
1425 5020 1605 5091 legere
1637 5021 1918 5091 potuisset,
1943 5018 2179 5088 denique

576 5094 832 5146 cessisse.
867 5092 979 5145 lloc
1006 5090 1265 5144 narratur
1290 5092 1342 5143 in
1388 5090 1526 5144 libro
1554 5090 1818 5144 Midrasch
1848 5090 2176 5159 Vajoschah.

576 5161 714 5217 Cum
743 5160 1008 5231 Firmicus
1030 5160 1100 5214 de
1126 5160 1275 5231 virga
1306 5160 1462 5214 unice
1490 5162 1756 5230 loquatur,
1783 5161 2006 5230 cogitari
2037 5162 2177 5215 haud

578 5242 757 5304 potest
802 5230 871 5286 de
918 5232 1310 5304 ligno_,_inqu0
1347 5244 1577 5304 serpens
1624 5246 1809 5304 aeneus
1858 5234 1912 5285 in
1960 5236 2179 5304 deserto

571 5301 871 5373 Suspensus
893 5301 1030 5368 erat,
1053 5301 1277 5373 Numer.
1302 5317 1411 5373 χιι,
1444 5303 1499 5373 8_.
1529 5302 1584 5367 9,
1610 5304 1694 5357 cui
1719 5303 1787 5357 ab
1808 5306 2031 5373 antiquo
2053 5302 2179 5357 inde

576 5369 845 5443 tempore,
895 5384 952 5428 ut
1008 5384 1134 5443 typo
1183 5370 1387 5443 Christi
1439 5369 1619 5441 (Joan.
1674 5388 1775 5435 ιιι.,
1833 5369 1956 5440 llr),
2002 5373 2179 5443 crucis

571 5441 751 5506 forma
777 5444 958 5502 afficta
995 5441 1100 5501 est.
1133 5442 1218 5500 Cf.
1266 5442 1564 5513 Ursprung,
1611 5443 1789 5497 Natur
1830 5443 1938 5496 und
1983 5441 2179 5514 Fortp—

2296 3216 2468 3272 llabet
2490 3230 2620 3285 ergo
2641 3214 2891 3269 diabolus
2915 3213 3161 3269 Christos
3182 3228 3312 3267 suos
3340 3210 3392 3279 ιι,
3418 3222 3474 3269 et
3493 3215 3620 3284 quia
3645 3214 3769 3283 ipse
3789 3214 3887 3267 An-

2295 3308 2577 3363 tichristus
2604 3315 2711 3371 est,
2742 3304 2809 3361 ad
2840 3305 3113 3359 infamiam
3146 3306 3380 3359 nominis
3412 3306 3495 3359 sui
3535 3307 3774 3360 miseros
3800 3305 3884 3359 bo-

2293 3401 2467 3454 mines
2505 3397 2768 3453 scelerata
2800 3394 3066 3451 societate
3095 3395 3362 3466 perducit.
3410 3394 3763 3467 Unguentum
3795 3398 3880 3450 hoc

2281 3535 2527 3604 ﬂanzung
2548 3534 2688 3587 einer
2711 3532 2934 3602 Iteiligen
2961 3531 3358 3604 Wissenschaft,
3380 3533 3582 3604 Scltrift
3604 3534 3715 3587 und
3730 3534 3879 3604 Spro-

2280 3603 2372 3659 che
2396 3617 2547 3658 unter
2594 3606 2693 3657 den
2724 3606 3104 3675 Stammvatern
3145 3607 3235 3658 des
3266 3603 3877 3675 Menschengeschlecltts,

2282 3678 2407 3729 oder
2435 3675 2729 3746 Erltlarttng
2760 3674 2978 3729 dunkler
3027 3673 3225 3728 Fubeln
3262 3676 3370 3746 und
3407 3673 3751 3731 Traditioneu
3792 3694 3877 3731 ron

2282 3748 2470 3810 Adam,
2498 3745 2625 3801 δειιι
2653 3744 2713 3798 ιιξ
2742 3763 2784 3799 s.
2817 3762 2879 3799 ω.
2916 3746 3139 3816 (Bresl.,
3169 3744 3353 3815 1786).
3384 3763 3442 3817 ρ.
3476 3748 3601 3802 iss.

2356 3828 2379 3853 ε’
2423 3818 2705 3871 Sceuicam
2737 3818 2876 3889 hanc
2910 3821 3470 3889 reprmsentationetn,
3500 3835 3604 3889 qua
3640 3828 3873 3873 mortuus

2283 3888 2586 3961 lugebatur,
2613 3887 3053 3961 carminibusque
3083 3888 3195 3959 (per
3225 3905 3467 3961 numeros
3503 3887 3716 3961 digestis
3746 3892 3872 3957 ﬂeti-

2284 3956 2401 4029 bus)
2437 3962 2487 4014 in
2522 3960 2761 4013 tenebris
2800 3956 3189 4028 plangebatur,
3228 3960 3407 4015 donec
3442 3956 3689 4015 accensis
3724 3956 3873 4013 lumi-

2290 4030 2449 4083 nibus
2493 4029 2651 4083 fletus
2692 4032 2745 4083 itt
2787 4030 2975 4098 gaudia
3022 4037 3347 4095 mutaretur,
3386 4032 3439 4084 itt
3480 4033 3731 4087 omnibus
3768 4034 3870 4085 fere

2289 4101 2561 4171 Mysteriis
2591 4102 2738 4171 varia
2772 4101 2942 4171 forma
2974 4101 3300 4169 reperimus.
3332 4101 3601 4157 Mortuum
3643 4105 3785 4157 enim
3820 4115 3871 4157 et

2286 4169 2536 4227 invitam
2580 4170 2834 4225 reducem
2869 4169 3142 4227 Osiridem
3172 4181 3333 4239 atque
3362 4172 3695 4237 Adonidem;
3727 4189 3867 4226 mor-

2288 4253 2460 4307 tuum,
2490 4242 2671 4296 nescio
2694 4256 2759 4295 an
2784 4243 2836 4295 in
2860 4243 3022 4295 vitam
3047 4253 3382 4308 reVUcatum,
3405 4243 3690 4307 Cabirum;
3715 4246 3869 4299 antis—

2286 4330 2399 4368 sam
2430 4323 2592 4381 atque
2617 4314 2797 4367 denuo
2826 4314 3097 4366 inventam
3128 4314 3507 4383 Proserpinam
3542 4318 3592 4369 in
3627 4318 3690 4368 iis
3723 4318 3865 4383 luge-

2282 4386 2444 4448 bant,
2489 4385 2707 4455 lretique
2758 4385 3086 4455 salutabant.
3126 4384 3313 4455 Neque
3362 4385 3587 4439 dubium
3635 4386 3758 4455 quin
3811 4385 3864 4439 in

2283 4454 2580 4510 Mithriacis
2629 4455 2837 4509 similes
2892 4453 3026 4508 ritus
3071 4453 3337 4509 celebrati
3388 4456 3610 4510 fuerint.
3656 4453 3748 4509 Dei
3794 4458 3865 4508 tui

2281 4543 2417 4579 mors
2464 4537 2585 4577 nota
2629 4535 2736 4589 est,
2780 4525 2833 4579 itt
2878 4526 3233 4593 sequentibus
3266 4526 3428 4583 habet
3466 4526 3746 4582 Firuticus.
3787 4529 3862 4579 Ad

2282 4596 2386 4651 hoc
2418 4596 2599 4668 igitur,
2626 4596 2768 4668 quod
2802 4594 3021 4668 Firmiei
3051 4606 3210 4653 {etate
3241 4598 3583 4652 notissimum
3608 4606 3723 4653 erat
3745 4597 3863 4663 Epi-

2282 4665 2575 4738 phonéma,
2602 4665 2777 4736 cujus,
2802 4665 2949 4738 quod
2970 4668 3160 4732 sciam,
3188 4668 3337 4722 solus
3365 4670 3693 4725 mentionem
3720 4668 3861 4733 facit,

2282 4736 2622 4815 referendum
2656 4746 2783 4807 puto
2816 4736 2972 4815 illud,
2996 4747 3242 4815 Qappsirs
3266 4778 3283 4804 ,
3313 4742 3511 4815 μύσται
3645 4742 3755 4794 θεοῦ
3778 4760 3860 4815 σεῖ-

2284 4811 2584 4881 σωσμένον,
2620 4824 2726 4881 quo
2757 4824 2819 4862 ex
2848 4808 2934 4862 dei
2965 4808 3133 4881 sui,'i;
3161 4808 3371 4880 magnis
3402 4812 3649 4880 periculis
3675 4811 3860 4880 erepti,

2280 4880 2459 4934 salute
2489 4880 2589 4932 sibi
2620 4880 2851 4933 invicem
2879 4895 3096 4949 quoque
3124 4880 3370 4936 laborum
3402 4896 3860 4951 mrumnarumque

2283 4953 2444 5004 linetn
2479 4960 2833 5020 augurantur.

2358 5021 2376 5059 ί
2422 5020 2490 5076 Ut
2517 5022 2586 5075 de
2616 5021 3023 5077 resurrectione
3051 5020 3275 5078 Christi.

2355 5103 2378 5162 β
2420 5090 2575 5145 Filiae.
2604 5092 2760 5159 Jairi,
2786 5092 3004 5162 juvenis
3032 5092 3306 5160 Nainitici,
3338 5094 3550 5151 Lazari.

2354 5161 2383 5199 ιι
2422 5164 2477 5217 In
2509 5164 2684 5218 fronte
2711 5161 2874 5218 etiam
2899 5165 3237 5233 angebantur
3257 5181 3537 5222 sacrorum
3564 5164 3854 5221 Mithriaco—

2282 5250 2401 5309 {um
2435 5243 2647 5309 mystte.
2680 5234 2903 5309 Mithras
2931 5237 3097 5309 signat
3125 5238 3178 5289 in
3210 5238 3381 5305 fronte
3410 5246 3599 5309 mystas
3625 5253 3755 5309 suos,
3784 5234 3855 5288 ait

2282 5305 2515 5360 Tertull.
2564 5305 2632 5358 de
2691 5306 2989 5375 prmscript.
3048 5306 3373 5363 Haereticor.
3427 5305 3482 5365 cI
3534 5310 3620 5364 40.
3669 5306 3852 5374 Zoegre

2280 5376 2551 5430 Abhandl.
2580 5391 2635 5445 p.
2671 5376 2796 5443 178,
2836 5377 3067 5433 Christus
3109 5395 3260 5447 suos,
3305 5380 3500 5436 allusio
3538 5380 3603 5436 ad
3644 5386 3850 5447 etymon

2281 5447 2527 5504 Graecum
2561 5449 2751 5525 χρίειν.
